{"ticker": "TWOU", "price": {"title": "2U Historical Annual Stock Price Data", "value": 46.23, "historical": {"2020": {"Average Stock Price": "31.9932", "Year Open": "23.5300", "Year High": "48.5350", "Year Low": "12.5100", "Year Close": "40.0100", "Annual % Change": "66.78%"}, "2019": {"Average Stock Price": "38.8639", "Year Open": "49.6400", "Year High": "74.5300", "Year Low": "12.8000", "Year Close": "23.9900", "Annual % Change": "-51.75%"}, "2018": {"Average Stock Price": "76.6910", "Year Open": "63.1300", "Year High": "98.0800", "Year Low": "45.7300", "Year Close": "49.7200", "Annual % Change": "-22.93%"}, "2017": {"Average Stock Price": "48.0417", "Year Open": "29.6200", "Year High": "68.9100", "Year Low": "29.6200", "Year Close": "64.5100", "Annual % Change": "113.96%"}, "2016": {"Average Stock Price": "29.3541", "Year Open": "27.0400", "Year High": "38.7800", "Year Low": "15.4600", "Year Close": "30.1500", "Annual % Change": "7.76%"}, "2015": {"Average Stock Price": "26.5930", "Year Open": "19.4800", "Year High": "39.4500", "Year Low": "17.1100", "Year Close": "27.9800", "Annual % Change": "42.32%"}, "2014": {"Average Stock Price": "15.8907", "Year Open": "13.9800", "Year High": "20.0400", "Year Low": "10.7700", "Year Close": "19.6600", "Annual % Change": "0.00%"}}}, "market cap": {"value": "$3.33B"}, "income statement": {"Revenue": {"2019-12-31": "574.67100", "2018-12-31": "411.76900", "2017-12-31": "286.75200", "2016-12-31": "205.86400", "2015-12-31": "150.19400", "2014-12-31": "110.23900", "2013-12-31": "83.12700", "2012-12-31": "55.87900", "2011-12-31": "29.73300"}, "Cost Of Goods Sold": {"2019-12-31": "98.89000", "2018-12-31": "67.20300", "2017-12-31": "50.76700", "2016-12-31": "40.98200", "2015-12-31": "32.04700", "2014-12-31": "26.85800", "2013-12-31": "22.71800", "2012-12-31": "14.92600", "2011-12-31": "12.30000"}, "Gross Profit": {"2019-12-31": "475.78100", "2018-12-31": "344.56600", "2017-12-31": "235.98500", "2016-12-31": "164.88200", "2015-12-31": "118.14700", "2014-12-31": "83.38100", "2013-12-31": "60.40900", "2012-12-31": "40.95300", "2011-12-31": "17.43300"}, "Research And Development Expenses": {"2019-12-31": "115.47300", "2018-12-31": "63.81200", "2017-12-31": "45.92600", "2016-12-31": "33.28300", "2015-12-31": "27.21100", "2014-12-31": "22.62100", "2013-12-31": "19.47200", "2012-12-31": "8.29900", "2011-12-31": "5.11700"}, "SG&A Expenses": {"2019-12-31": "473.41500", "2018-12-31": "304.00400", "2017-12-31": "213.58800", "2016-12-31": "152.63100", "2015-12-31": "117.03400", "2014-12-31": "88.63800", "2013-12-31": "68.94300", "2012-12-31": "55.73200", "2011-12-31": "37.22000"}, "Other Operating Income Or Expenses": {"2019-12-31": "-133.64900", "2018-12-31": "-23.29000", "2017-12-31": "-6.60900", "2016-12-31": "0.00000", "2015-12-31": "0.00000", "2014-12-31": "", "2013-12-31": "", "2012-12-31": "", "2011-12-31": ""}, "Operating Expenses": {"2019-12-31": "821.42690", "2018-12-31": "458.30900", "2017-12-31": "316.89000", "2016-12-31": "226.89600", "2015-12-31": "176.29200", "2014-12-31": "138.11700", "2013-12-31": "111.13300", "2012-12-31": "78.95700", "2011-12-31": "54.63700"}, "Operating Income": {"2019-12-31": "-246.75590", "2018-12-31": "-46.54000", "2017-12-31": "-30.13800", "2016-12-31": "-21.03200", "2015-12-31": "-26.09800", "2014-12-31": "-27.87800", "2013-12-31": "-28.00600", "2012-12-31": "-23.07800", "2011-12-31": "-24.90400"}, "Total Non-Operating Income/Expense": {"2019-12-31": "-8.32600", "2018-12-31": "3.34300", "2017-12-31": "-0.58200", "2016-12-31": "0.34800", "2015-12-31": "-0.63500", "2014-12-31": "-1.12100", "2013-12-31": "0.05300", "2012-12-31": "-0.03500", "2011-12-31": "0.02600"}, "Pre-Tax Income": {"2019-12-31": "-255.08200", "2018-12-31": "-43.19700", "2017-12-31": "-30.72000", "2016-12-31": "-20.68400", "2015-12-31": "-26.73300", "2014-12-31": "-28.99900", "2013-12-31": "-27.95300", "2012-12-31": "-23.11300", "2011-12-31": "-24.87800"}, "Income Taxes": {"2019-12-31": "-19.86000", "2018-12-31": "-4.86700", "2017-12-31": "-1.29700", "2016-12-31": "", "2015-12-31": "0.00000", "2014-12-31": "0.00000", "2013-12-31": "", "2012-12-31": "", "2011-12-31": "0.00000"}, "Income After Taxes": {"2019-12-31": "-235.22200", "2018-12-31": "-38.33000", "2017-12-31": "-29.42300", "2016-12-31": "-20.68400", "2015-12-31": "-26.73300", "2014-12-31": "-28.99900", "2013-12-31": "-27.95300", "2012-12-31": "-23.11300", "2011-12-31": "-24.87800"}, "Other Income": {"2019-12-31": "", "2018-12-31": "", "2017-12-31": "", "2016-12-31": "", "2015-12-31": "", "2014-12-31": "", "2013-12-31": "", "2012-12-31": "", "2011-12-31": ""}, "Income From Continuous Operations": {"2019-12-31": "-235.22200", "2018-12-31": "-38.33000", "2017-12-31": "-29.42300", "2016-12-31": "-20.68400", "2015-12-31": "-26.73300", "2014-12-31": "-28.99900", "2013-12-31": "-27.95300", "2012-12-31": "-23.11300", "2011-12-31": "-24.87800"}, "Income From Discontinued Operations": {"2019-12-31": "", "2018-12-31": "", "2017-12-31": "", "2016-12-31": "", "2015-12-31": "", "2014-12-31": "", "2013-12-31": "", "2012-12-31": "", "2011-12-31": ""}, "Net Income": {"2019-12-31": "-235.22200", "2018-12-31": "-38.33000", "2017-12-31": "-29.42300", "2016-12-31": "-20.68400", "2015-12-31": "-26.73300", "2014-12-31": "-29.08800", "2013-12-31": "-28.30000", "2012-12-31": "-23.45200", "2011-12-31": "-25.19200"}, "EBITDA": {"2019-12-31": "-176.91290", "2018-12-31": "-13.75500", "2017-12-31": "-10.51400", "2016-12-31": "-11.28200", "2015-12-31": "-18.87800", "2014-12-31": "-22.30600", "2013-12-31": "-23.67100", "2012-12-31": "-20.13500", "2011-12-31": "-23.35300"}, "EBIT": {"2019-12-31": "-246.75590", "2018-12-31": "-46.54000", "2017-12-31": "-30.13800", "2016-12-31": "-21.03200", "2015-12-31": "-26.09800", "2014-12-31": "-27.87800", "2013-12-31": "-28.00600", "2012-12-31": "-23.07800", "2011-12-31": "-24.90400"}, "Basic Shares Outstanding": {"2019-12-31": "61.39400", "2018-12-31": "55.83340", "2017-12-31": "49.06300", "2016-12-31": "46.61000", "2015-12-31": "42.42000", "2014-12-31": "32.07500", "2013-12-31": "7.43200", "2012-12-31": "7.03710", "2011-12-31": "6.68010"}, "Shares Outstanding": {"2019-12-31": "61.39400", "2018-12-31": "55.83340", "2017-12-31": "49.06300", "2016-12-31": "46.61000", "2015-12-31": "42.42000", "2014-12-31": "32.07500", "2013-12-31": "7.43200", "2012-12-31": "7.03710", "2011-12-31": "6.68010"}, "Basic EPS": {"2019-12-31": "-3.83000", "2018-12-31": "-0.69000", "2017-12-31": "-0.60000", "2016-12-31": "-0.44000", "2015-12-31": "-0.63000", "2014-12-31": "-0.91000", "2013-12-31": "-3.81000", "2012-12-31": "-3.33000", "2011-12-31": "-3.77000"}, "EPS - Earnings Per Share": {"2019-12-31": "-3.83000", "2018-12-31": "-0.69000", "2017-12-31": "-0.60000", "2016-12-31": "-0.44000", "2015-12-31": "-0.63000", "2014-12-31": "-0.91000", "2013-12-31": "-3.81000", "2012-12-31": "-3.33000", "2011-12-31": "-3.77000"}}, "income statement, quarterly": {"Revenue": {"2020-09-30": "201.07300", "2020-06-30": "182.68700", "2020-03-31": "175.47900", "2019-12-31": "163.17800", "2019-09-30": "153.79800", "2019-06-30": "135.46100", "2019-03-31": "122.23400", "2018-12-31": "115.09500", "2018-09-30": "106.96300", "2018-06-30": "97.42300", "2018-03-31": "92.28800", "2017-12-31": "86.67800", "2017-09-30": "70.25000", "2017-06-30": "64.99500", "2017-03-31": "64.82900", "2016-12-31": "57.35000", "2016-09-30": "51.96000", "2016-06-30": "49.11000", "2016-03-31": "47.44400", "2015-12-31": "43.25200", "2015-09-30": "37.09200", "2015-06-30": "35.23800", "2015-03-31": "34.61200", "2014-12-31": "30.75600", "2014-09-30": "28.40700", "2014-06-30": "24.74400", "2014-03-31": "26.33200", "2013-12-31": "24.80300", "2013-09-30": "20.49900", "2013-06-30": "18.69100", "2013-03-31": "19.13400", "2012-12-31": "", "2011-12-31": ""}, "Cost Of Goods Sold": {"2020-09-30": "32.53600", "2020-06-30": "30.29400", "2020-03-31": "30.53300", "2019-12-31": "27.37200", "2019-09-30": "27.35100", "2019-06-30": "23.99300", "2019-03-31": "20.17400", "2018-12-31": "18.08700", "2018-09-30": "16.58600", "2018-06-30": "17.29700", "2018-03-31": "15.23300", "2017-12-31": "13.44500", "2017-09-30": "12.93900", "2017-06-30": "13.45800", "2017-03-31": "10.92500", "2016-12-31": "10.85900", "2016-09-30": "10.35100", "2016-06-30": "10.26000", "2016-03-31": "9.51200", "2015-12-31": "8.74900", "2015-09-30": "7.84500", "2015-06-30": "7.90300", "2015-03-31": "7.55000", "2014-12-31": "7.01200", "2014-09-30": "6.59800", "2014-06-30": "7.00000", "2014-03-31": "6.24800", "2013-12-31": "6.21000", "2013-09-30": "5.84200", "2013-06-30": "5.65600", "2013-03-31": "5.01800", "2012-12-31": "", "2011-12-31": ""}, "Gross Profit": {"2020-09-30": "168.53700", "2020-06-30": "152.39300", "2020-03-31": "144.94600", "2019-12-31": "135.80600", "2019-09-30": "126.44700", "2019-06-30": "111.46800", "2019-03-31": "102.06000", "2018-12-31": "97.00800", "2018-09-30": "90.37700", "2018-06-30": "80.12600", "2018-03-31": "77.05500", "2017-12-31": "73.23300", "2017-09-30": "57.31100", "2017-06-30": "51.53700", "2017-03-31": "53.90400", "2016-12-31": "46.49100", "2016-09-30": "41.60900", "2016-06-30": "38.85000", "2016-03-31": "37.93200", "2015-12-31": "34.50300", "2015-09-30": "29.24700", "2015-06-30": "27.33500", "2015-03-31": "27.06200", "2014-12-31": "23.74400", "2014-09-30": "21.80900", "2014-06-30": "17.74400", "2014-03-31": "20.08400", "2013-12-31": "18.59300", "2013-09-30": "14.65700", "2013-06-30": "13.03500", "2013-03-31": "14.11600", "2012-12-31": "", "2011-12-31": ""}, "Research And Development Expenses": {"2020-09-30": "40.22300", "2020-06-30": "37.30700", "2020-03-31": "35.51000", "2019-12-31": "35.50400", "2019-09-30": "34.13200", "2019-06-30": "26.04300", "2019-03-31": "19.79400", "2018-12-31": "18.37600", "2018-09-30": "16.36100", "2018-06-30": "15.23500", "2018-03-31": "13.84000", "2017-12-31": "12.84600", "2017-09-30": "12.73500", "2017-06-30": "11.14000", "2017-03-31": "9.20500", "2016-12-31": "8.49600", "2016-09-30": "8.67000", "2016-06-30": "8.84200", "2016-03-31": "7.27500", "2015-12-31": "7.52900", "2015-09-30": "7.08200", "2015-06-30": "6.46600", "2015-03-31": "6.13400", "2014-12-31": "5.40300", "2014-09-30": "5.72600", "2014-06-30": "5.81800", "2014-03-31": "5.67400", "2013-12-31": "6.54000", "2013-09-30": "5.11300", "2013-06-30": "4.59600", "2013-03-31": "3.23500", "2012-12-31": "", "2011-12-31": ""}, "SG&A Expenses": {"2020-09-30": "144.06800", "2020-06-30": "137.89500", "2020-03-31": "142.86800", "2019-12-31": "119.71300", "2019-09-30": "135.56100", "2019-06-30": "118.15700", "2019-03-31": "99.98400", "2018-12-31": "68.69900", "2018-09-30": "79.52200", "2018-06-30": "80.85600", "2018-03-31": "74.92700", "2017-12-31": "55.54400", "2017-09-30": "58.53800", "2017-06-30": "51.17200", "2017-03-31": "48.33400", "2016-12-31": "40.36700", "2016-09-30": "39.73400", "2016-06-30": "38.42700", "2016-03-31": "34.10300", "2015-12-31": "30.29500", "2015-09-30": "30.04400", "2015-06-30": "30.39700", "2015-03-31": "26.29800", "2014-12-31": "22.26900", "2014-09-30": "23.27400", "2014-06-30": "22.41800", "2014-03-31": "20.67700", "2013-12-31": "17.28000", "2013-09-30": "19.68100", "2013-06-30": "17.34900", "2013-03-31": "14.64100", "2012-12-31": "", "2011-12-31": ""}, "Other Operating Income Or Expenses": {"2020-09-30": "-30.15300", "2020-06-30": "-26.25600", "2020-03-31": "-20.47800", "2019-12-31": "-21.92500", "2019-09-30": "-91.71500", "2019-06-30": "-13.30800", "2019-03-31": "-6.70100", "2018-12-31": "-6.62500", "2018-09-30": "-6.35100", "2018-06-30": "-6.00700", "2018-03-31": "-4.30700", "2017-12-31": "-4.81700", "2017-09-30": "-1.79200", "2017-06-30": "", "2017-03-31": "", "2016-12-31": "", "2016-09-30": "", "2016-06-30": "", "2016-03-31": "", "2015-12-31": "", "2015-09-30": "", "2015-06-30": "", "2015-03-31": "", "2014-12-31": "", "2014-09-30": "", "2014-06-30": "", "2014-03-31": "", "2013-12-31": "", "2013-09-30": "", "2013-06-30": "", "2013-03-31": "", "2012-12-31": "", "2011-12-31": ""}, "Operating Expenses": {"2020-09-30": "246.98000", "2020-06-30": "231.75200", "2020-03-31": "229.38900", "2019-12-31": "204.51400", "2019-09-30": "288.75900", "2019-06-30": "181.50100", "2019-03-31": "146.65300", "2018-12-31": "111.78700", "2018-09-30": "118.82000", "2018-06-30": "119.39500", "2018-03-31": "108.30700", "2017-12-31": "86.65200", "2017-09-30": "86.00400", "2017-06-30": "75.77000", "2017-03-31": "68.46400", "2016-12-31": "59.72200", "2016-09-30": "58.75500", "2016-06-30": "57.52900", "2016-03-31": "50.89000", "2015-12-31": "46.57300", "2015-09-30": "44.97100", "2015-06-30": "44.76600", "2015-03-31": "39.98200", "2014-12-31": "34.68400", "2014-09-30": "35.59800", "2014-06-30": "35.23600", "2014-03-31": "32.59900", "2013-12-31": "30.03000", "2013-09-30": "30.63600", "2013-06-30": "27.60100", "2013-03-31": "22.89400", "2012-12-31": "", "2011-12-31": ""}, "Operating Income": {"2020-09-30": "-45.90700", "2020-06-30": "-49.06500", "2020-03-31": "-53.91000", "2019-12-31": "-41.33600", "2019-09-30": "-134.96100", "2019-06-30": "-46.04000", "2019-03-31": "-24.41900", "2018-12-31": "3.30800", "2018-09-30": "-11.85700", "2018-06-30": "-21.97200", "2018-03-31": "-16.01900", "2017-12-31": "0.02600", "2017-09-30": "-15.75400", "2017-06-30": "-10.77500", "2017-03-31": "-3.63500", "2016-12-31": "-2.37200", "2016-09-30": "-6.79500", "2016-06-30": "-8.41900", "2016-03-31": "-3.44600", "2015-12-31": "-3.32100", "2015-09-30": "-7.87900", "2015-06-30": "-9.52800", "2015-03-31": "-5.37000", "2014-12-31": "-3.92800", "2014-09-30": "-7.19100", "2014-06-30": "-10.49200", "2014-03-31": "-6.26700", "2013-12-31": "-5.22700", "2013-09-30": "-10.13700", "2013-06-30": "-8.91000", "2013-03-31": "-3.76000", "2012-12-31": "", "2011-12-31": ""}, "Total Non-Operating Income/Expense": {"2020-09-30": "-6.80900", "2020-06-30": "-17.46500", "2020-03-31": "-7.25100", "2019-12-31": "-4.19000", "2019-09-30": "-5.43700", "2019-06-30": "-0.62300", "2019-03-31": "1.92400", "2018-12-31": "1.86400", "2018-09-30": "1.49900", "2018-06-30": "0.06000", "2018-03-31": "-0.08000", "2017-12-31": "0.16000", "2017-09-30": "0.04100", "2017-06-30": "-0.97900", "2017-03-31": "0.19600", "2016-12-31": "0.16300", "2016-09-30": "0.03700", "2016-06-30": "0.08200", "2016-03-31": "0.06600", "2015-12-31": "-0.07900", "2015-09-30": "-0.35600", "2015-06-30": "-0.10200", "2015-03-31": "-0.09800", "2014-12-31": "-0.08900", "2014-09-30": "-0.14600", "2014-06-30": "-0.10300", "2014-03-31": "-0.78300", "2013-12-31": "0.00700", "2013-09-30": "0.00400", "2013-06-30": "0.01500", "2013-03-31": "0.01400", "2012-12-31": "", "2011-12-31": ""}, "Pre-Tax Income": {"2020-09-30": "-52.71600", "2020-06-30": "-66.53000", "2020-03-31": "-61.16100", "2019-12-31": "-45.52600", "2019-09-30": "-140.39800", "2019-06-30": "-46.66300", "2019-03-31": "-22.49500", "2018-12-31": "5.17200", "2018-09-30": "-10.35800", "2018-06-30": "-21.91200", "2018-03-31": "-16.09900", "2017-12-31": "0.18600", "2017-09-30": "-15.71300", "2017-06-30": "-11.75400", "2017-03-31": "-3.43900", "2016-12-31": "-2.20900", "2016-09-30": "-6.75800", "2016-06-30": "-8.33700", "2016-03-31": "-3.38000", "2015-12-31": "-3.40000", "2015-09-30": "-8.23500", "2015-06-30": "-9.63000", "2015-03-31": "-5.46800", "2014-12-31": "-4.01700", "2014-09-30": "-7.33700", "2014-06-30": "-10.59500", "2014-03-31": "-7.05000", "2013-12-31": "-5.19000", "2013-09-30": "-10.13300", "2013-06-30": "-8.89500", "2013-03-31": "-3.74600", "2012-12-31": "", "2011-12-31": ""}, "Income Taxes": {"2020-09-30": "-0.16200", "2020-06-30": "-0.36300", "2020-03-31": "-1.05500", "2019-12-31": "-0.94200", "2019-09-30": "0.71400", "2019-06-30": "-18.69100", "2019-03-31": "-0.94100", "2018-12-31": "0.34000", "2018-09-30": "-0.41400", "2018-06-30": "-3.56500", "2018-03-31": "-1.22800", "2017-12-31": "-0.32300", "2017-09-30": "-0.97400", "2017-06-30": "", "2017-03-31": "", "2016-12-31": "", "2016-09-30": "", "2016-06-30": "", "2016-03-31": "0.00000", "2015-12-31": "", "2015-09-30": "0.00000", "2015-06-30": "0.00000", "2015-03-31": "0.00000", "2014-12-31": "", "2014-09-30": "0.00000", "2014-06-30": "", "2014-03-31": "0.00000", "2013-12-31": "0.00000", "2013-09-30": "0.00000", "2013-06-30": "0.00000", "2013-03-31": "0.00000", "2012-12-31": "", "2011-12-31": ""}, "Income After Taxes": {"2020-09-30": "-52.55400", "2020-06-30": "-66.16700", "2020-03-31": "-60.10600", "2019-12-31": "-44.58400", "2019-09-30": "-141.11200", "2019-06-30": "-27.97200", "2019-03-31": "-21.55400", "2018-12-31": "4.83200", "2018-09-30": "-9.94400", "2018-06-30": "-18.34700", "2018-03-31": "-14.87100", "2017-12-31": "0.50900", "2017-09-30": "-14.73900", "2017-06-30": "-11.75400", "2017-03-31": "-3.43900", "2016-12-31": "-2.20900", "2016-09-30": "-6.75800", "2016-06-30": "-8.33700", "2016-03-31": "-3.38000", "2015-12-31": "-3.40000", "2015-09-30": "-8.23500", "2015-06-30": "-9.63000", "2015-03-31": "-5.46800", "2014-12-31": "-4.01700", "2014-09-30": "-7.33700", "2014-06-30": "-10.59500", "2014-03-31": "-7.05000", "2013-12-31": "-5.19000", "2013-09-30": "-10.13300", "2013-06-30": "-8.89500", "2013-03-31": "-3.74600", "2012-12-31": "", "2011-12-31": ""}, "Other Income": {"2020-09-30": "", "2020-06-30": "", "2020-03-31": "", "2019-12-31": "", "2019-09-30": "", "2019-06-30": "", "2019-03-31": "", "2018-12-31": "", "2018-09-30": "", "2018-06-30": "", "2018-03-31": "", "2017-12-31": "", "2017-09-30": "", "2017-06-30": "", "2017-03-31": "", "2016-12-31": "", "2016-09-30": "", "2016-06-30": "", "2016-03-31": "", "2015-12-31": "", "2015-09-30": "", "2015-06-30": "", "2015-03-31": "", "2014-12-31": "", "2014-09-30": "", "2014-06-30": "", "2014-03-31": "", "2013-12-31": "0.00000", "2013-09-30": "", "2013-06-30": "", "2013-03-31": "", "2012-12-31": "", "2011-12-31": ""}, "Income From Continuous Operations": {"2020-09-30": "-52.55400", "2020-06-30": "-66.16700", "2020-03-31": "-60.10600", "2019-12-31": "-44.58400", "2019-09-30": "-141.11200", "2019-06-30": "-27.97200", "2019-03-31": "-21.55400", "2018-12-31": "4.83200", "2018-09-30": "-9.94400", "2018-06-30": "-18.34700", "2018-03-31": "-14.87100", "2017-12-31": "0.50900", "2017-09-30": "-14.73900", "2017-06-30": "-11.75400", "2017-03-31": "-3.43900", "2016-12-31": "-2.20900", "2016-09-30": "-6.75800", "2016-06-30": "-8.33700", "2016-03-31": "-3.38000", "2015-12-31": "-3.40000", "2015-09-30": "-8.23500", "2015-06-30": "-9.63000", "2015-03-31": "-5.46800", "2014-12-31": "-4.01700", "2014-09-30": "-7.33700", "2014-06-30": "-10.59500", "2014-03-31": "-7.05000", "2013-12-31": "-5.17900", "2013-09-30": "-10.13300", "2013-06-30": "-8.89500", "2013-03-31": "-3.74600", "2012-12-31": "", "2011-12-31": ""}, "Income From Discontinued Operations": {"2020-09-30": "", "2020-06-30": "", "2020-03-31": "", "2019-12-31": "", "2019-09-30": "", "2019-06-30": "", "2019-03-31": "", "2018-12-31": "", "2018-09-30": "", "2018-06-30": "", "2018-03-31": "", "2017-12-31": "", "2017-09-30": "", "2017-06-30": "", "2017-03-31": "", "2016-12-31": "", "2016-09-30": "", "2016-06-30": "", "2016-03-31": "", "2015-12-31": "", "2015-09-30": "", "2015-06-30": "", "2015-03-31": "", "2014-12-31": "", "2014-09-30": "", "2014-06-30": "", "2014-03-31": "", "2013-12-31": "0.00000", "2013-09-30": "", "2013-06-30": "", "2013-03-31": "", "2012-12-31": "", "2011-12-31": ""}, "Net Income": {"2020-09-30": "-52.55400", "2020-06-30": "-66.16700", "2020-03-31": "-60.10600", "2019-12-31": "-44.58400", "2019-09-30": "-141.11200", "2019-06-30": "-27.97200", "2019-03-31": "-21.55400", "2018-12-31": "4.83200", "2018-09-30": "-9.94400", "2018-06-30": "-18.34700", "2018-03-31": "-14.87100", "2017-12-31": "0.50900", "2017-09-30": "-14.73900", "2017-06-30": "-11.75400", "2017-03-31": "-3.43900", "2016-12-31": "-2.20900", "2016-09-30": "-6.75800", "2016-06-30": "-8.33700", "2016-03-31": "-3.38000", "2015-12-31": "-3.40000", "2015-09-30": "-8.23500", "2015-06-30": "-9.63000", "2015-03-31": "-5.46800", "2014-12-31": "-4.01700", "2014-09-30": "-7.33700", "2014-06-30": "-10.59700", "2014-03-31": "-7.13700", "2013-12-31": "-5.17900", "2013-09-30": "-10.22000", "2013-06-30": "-8.98200", "2013-03-31": "-3.83300", "2012-12-31": "", "2011-12-31": ""}, "EBITDA": {"2020-09-30": "-21.97100", "2020-06-30": "-25.08000", "2020-03-31": "-30.42500", "2019-12-31": "-18.13200", "2019-09-30": "-112.67300", "2019-06-30": "-31.38700", "2019-03-31": "-14.72100", "2018-12-31": "12.71100", "2018-09-30": "-3.25800", "2018-06-30": "-14.56400", "2018-03-31": "-8.64400", "2017-12-31": "6.33200", "2017-09-30": "-9.86700", "2017-06-30": "-6.99200", "2017-03-31": "0.01300", "2016-12-31": "0.31800", "2016-09-30": "-4.26100", "2016-06-30": "-6.04200", "2016-03-31": "-1.29700", "2015-12-31": "-1.38900", "2015-09-30": "-5.98100", "2015-06-30": "-7.85100", "2015-03-31": "-3.65700", "2014-12-31": "-2.59600", "2014-09-30": "-5.59700", "2014-06-30": "-9.12900", "2014-03-31": "-4.98400", "2013-12-31": "-3.97900", "2013-09-30": "-8.99700", "2013-06-30": "-7.89400", "2013-03-31": "-2.83400", "2012-12-31": "", "2011-12-31": ""}, "EBIT": {"2020-09-30": "-45.90700", "2020-06-30": "-49.06500", "2020-03-31": "-53.91000", "2019-12-31": "-41.33590", "2019-09-30": "-134.96100", "2019-06-30": "-46.04000", "2019-03-31": "-24.41900", "2018-12-31": "3.30800", "2018-09-30": "-11.85700", "2018-06-30": "-21.97200", "2018-03-31": "-16.01900", "2017-12-31": "0.02600", "2017-09-30": "-15.75400", "2017-06-30": "-10.77500", "2017-03-31": "-3.63500", "2016-12-31": "-2.37200", "2016-09-30": "-6.79500", "2016-06-30": "-8.41900", "2016-03-31": "-3.44600", "2015-12-31": "-3.32100", "2015-09-30": "-7.87900", "2015-06-30": "-9.52800", "2015-03-31": "-5.37000", "2014-12-31": "-3.92800", "2014-09-30": "-7.19100", "2014-06-30": "-10.49200", "2014-03-31": "-6.26700", "2013-12-31": "-5.22700", "2013-09-30": "-10.13700", "2013-06-30": "-8.91000", "2013-03-31": "-3.76000", "2012-12-31": "", "2011-12-31": ""}, "Basic Shares Outstanding": {"2020-09-30": "68.58000", "2020-06-30": "64.07500", "2020-03-31": "63.62600", "2019-12-31": "61.39400", "2019-09-30": "63.35900", "2019-06-30": "60.51700", "2019-03-31": "58.13900", "2018-12-31": "55.83340", "2018-09-30": "57.66300", "2018-06-30": "54.98100", "2018-03-31": "52.68700", "2017-12-31": "49.06300", "2017-09-30": "48.96200", "2017-06-30": "47.66800", "2017-03-31": "47.23700", "2016-12-31": "46.61000", "2016-09-30": "46.90200", "2016-06-30": "46.49400", "2016-03-31": "45.95300", "2015-12-31": "42.42000", "2015-09-30": "41.64600", "2015-06-30": "41.36200", "2015-03-31": "40.97900", "2014-12-31": "32.07500", "2014-09-30": "40.27000", "2014-06-30": "39.30500", "2014-03-31": "7.69900", "2013-12-31": "7.52900", "2013-09-30": "7.41600", "2013-06-30": "7.39810", "2013-03-31": "7.38610", "2012-12-31": "", "2011-12-31": ""}, "Shares Outstanding": {"2020-09-30": "68.58000", "2020-06-30": "64.07500", "2020-03-31": "63.62600", "2019-12-31": "61.39400", "2019-09-30": "63.35900", "2019-06-30": "60.51700", "2019-03-31": "58.13900", "2018-12-31": "55.83340", "2018-09-30": "57.66300", "2018-06-30": "54.98100", "2018-03-31": "52.68700", "2017-12-31": "49.06300", "2017-09-30": "48.96200", "2017-06-30": "47.66800", "2017-03-31": "47.23700", "2016-12-31": "46.61000", "2016-09-30": "46.90200", "2016-06-30": "46.49400", "2016-03-31": "45.95300", "2015-12-31": "42.42000", "2015-09-30": "41.64600", "2015-06-30": "41.36200", "2015-03-31": "40.97900", "2014-12-31": "32.07500", "2014-09-30": "40.27000", "2014-06-30": "39.30500", "2014-03-31": "7.69900", "2013-12-31": "7.52900", "2013-09-30": "7.41600", "2013-06-30": "7.39810", "2013-03-31": "7.38610", "2012-12-31": "", "2011-12-31": ""}, "Basic EPS": {"2020-09-30": "-0.77000", "2020-06-30": "-1.03000", "2020-03-31": "-0.94000", "2019-12-31": "-0.77000", "2019-09-30": "-2.23000", "2019-06-30": "-0.46000", "2019-03-31": "-0.37000", "2018-12-31": "0.09000", "2018-09-30": "-0.17000", "2018-06-30": "-0.33000", "2018-03-31": "-0.28000", "2017-12-31": "0.02000", "2017-09-30": "-0.30000", "2017-06-30": "-0.25000", "2017-03-31": "-0.07000", "2016-12-31": "-0.05000", "2016-09-30": "-0.14000", "2016-06-30": "-0.18000", "2016-03-31": "-0.07000", "2015-12-31": "-0.07000", "2015-09-30": "-0.20000", "2015-06-30": "-0.23000", "2015-03-31": "-0.13000", "2014-12-31": "0.47000", "2014-09-30": "-0.18000", "2014-06-30": "-0.27000", "2014-03-31": "-0.93000", "2013-12-31": "-0.70000", "2013-09-30": "-1.38000", "2013-06-30": "-1.21000", "2013-03-31": "-0.52000", "2012-12-31": "", "2011-12-31": ""}, "EPS - Earnings Per Share": {"2020-09-30": "-0.77000", "2020-06-30": "-1.03000", "2020-03-31": "-0.94000", "2019-12-31": "-0.77000", "2019-09-30": "-2.23000", "2019-06-30": "-0.46000", "2019-03-31": "-0.37000", "2018-12-31": "0.09000", "2018-09-30": "-0.17000", "2018-06-30": "-0.33000", "2018-03-31": "-0.28000", "2017-12-31": "0.02000", "2017-09-30": "-0.30000", "2017-06-30": "-0.25000", "2017-03-31": "-0.07000", "2016-12-31": "-0.05000", "2016-09-30": "-0.14000", "2016-06-30": "-0.18000", "2016-03-31": "-0.07000", "2015-12-31": "-0.07000", "2015-09-30": "-0.20000", "2015-06-30": "-0.23000", "2015-03-31": "-0.13000", "2014-12-31": "0.47000", "2014-09-30": "-0.18000", "2014-06-30": "-0.27000", "2014-03-31": "-0.93000", "2013-12-31": "-0.70000", "2013-09-30": "-1.38000", "2013-06-30": "-1.21000", "2013-03-31": "-0.52000", "2012-12-31": "0.00000", "2011-12-31": "0.00000"}}, "balance sheet": {"Cash On Hand": {"2019-12-31": "189.86900", "2018-12-31": "474.77200", "2017-12-31": "223.37000", "2016-12-31": "168.73000", "2015-12-31": "183.72900", "2014-12-31": "86.92900", "2013-12-31": "7.01200", "2012-12-31": "25.19000", "2011-12-31": ""}, "Receivables": {"2019-12-31": "33.65500", "2018-12-31": "32.63600", "2017-12-31": "14.17400", "2016-12-31": "7.86000", "2015-12-31": "0.97500", "2014-12-31": "0.35000", "2013-12-31": "1.83500", "2012-12-31": "0.24800", "2011-12-31": ""}, "Inventory": {"2019-12-31": "", "2018-12-31": "", "2017-12-31": "", "2016-12-31": "", "2015-12-31": "", "2014-12-31": "", "2013-12-31": "", "2012-12-31": "", "2011-12-31": ""}, "Pre-Paid Expenses": {"2019-12-31": "37.42400", "2018-12-31": "14.27200", "2017-12-31": "10.50900", "2016-12-31": "8.10800", "2015-12-31": "6.69500", "2014-12-31": "2.70900", "2013-12-31": "1.76300", "2012-12-31": "0.82300", "2011-12-31": ""}, "Other Current Assets": {"2019-12-31": "", "2018-12-31": "", "2017-12-31": "", "2016-12-31": "", "2015-12-31": "1.50800", "2014-12-31": "", "2013-12-31": "0.58100", "2012-12-31": "0.49800", "2011-12-31": ""}, "Total Current Assets": {"2019-12-31": "260.94800", "2018-12-31": "521.68000", "2017-12-31": "248.05300", "2016-12-31": "184.69800", "2015-12-31": "192.90700", "2014-12-31": "89.98800", "2013-12-31": "11.19100", "2012-12-31": "26.75900", "2011-12-31": ""}, "Property, Plant, And Equipment": {"2019-12-31": "57.64300", "2018-12-31": "52.29900", "2017-12-31": "49.05500", "2016-12-31": "15.59600", "2015-12-31": "3.62100", "2014-12-31": "6.75500", "2013-12-31": "5.23100", "2012-12-31": "4.87100", "2011-12-31": ""}, "Long-Term Investments": {"2019-12-31": "", "2018-12-31": "", "2017-12-31": "", "2016-12-31": "", "2015-12-31": "", "2014-12-31": "", "2013-12-31": "", "2012-12-31": "", "2011-12-31": ""}, "Goodwill And Intangible Assets": {"2019-12-31": "751.42500", "2018-12-31": "198.45700", "2017-12-31": "162.74900", "2016-12-31": "34.13100", "2015-12-31": "", "2014-12-31": "", "2013-12-31": "", "2012-12-31": "", "2011-12-31": "0.00000"}, "Other Long-Term Assets": {"2019-12-31": "73.41300", "2018-12-31": "34.91800", "2017-12-31": "22.20500", "2016-12-31": "9.89500", "2015-12-31": "11.88500", "2014-12-31": "3.14100", "2013-12-31": "3.32600", "2012-12-31": "1.37400", "2011-12-31": ""}, "Total Long-Term Assets": {"2019-12-31": "925.88210", "2018-12-31": "285.67400", "2017-12-31": "234.00900", "2016-12-31": "59.62200", "2015-12-31": "38.13400", "2014-12-31": "23.05100", "2013-12-31": "17.46100", "2012-12-31": "13.11800", "2011-12-31": ""}, "Total Assets": {"2019-12-31": "1186.83000", "2018-12-31": "807.35400", "2017-12-31": "482.06200", "2016-12-31": "244.32000", "2015-12-31": "231.04100", "2014-12-31": "113.03900", "2013-12-31": "28.65200", "2012-12-31": "39.87700", "2011-12-31": "0.00000"}, "Total Current Liabilities": {"2019-12-31": "155.95400", "2018-12-31": "68.48000", "2017-12-31": "58.00000", "2016-12-31": "41.06900", "2015-12-31": "32.59700", "2014-12-31": "23.76800", "2013-12-31": "20.21100", "2012-12-31": "10.96500", "2011-12-31": ""}, "Long Term Debt": {"2019-12-31": "246.62000", "2018-12-31": "3.50000", "2017-12-31": "22.64300", "2016-12-31": "7.62000", "2015-12-31": "", "2014-12-31": "", "2013-12-31": "", "2012-12-31": "", "2011-12-31": ""}, "Other Non-Current Liabilities": {"2019-12-31": "0.89900", "2018-12-31": "23.41600", "2017-12-31": "3.50000", "2016-12-31": "0.39400", "2015-12-31": "2.65500", "2014-12-31": "1.26000", "2013-12-31": "2.41800", "2012-12-31": "2.50200", "2011-12-31": ""}, "Total Long Term Liabilities": {"2019-12-31": "319.62600", "2018-12-31": "33.86500", "2017-12-31": "36.23000", "2016-12-31": "8.01400", "2015-12-31": "2.65500", "2014-12-31": "1.26000", "2013-12-31": "2.41800", "2012-12-31": "2.50200", "2011-12-31": ""}, "Total Liabilities": {"2019-12-31": "475.58000", "2018-12-31": "102.34500", "2017-12-31": "94.23000", "2016-12-31": "49.08300", "2015-12-31": "35.25200", "2014-12-31": "25.02800", "2013-12-31": "22.62900", "2012-12-31": "13.46700", "2011-12-31": "0.00000"}, "Common Stock Net": {"2019-12-31": "0.06300", "2018-12-31": "0.05800", "2017-12-31": "0.05300", "2016-12-31": "0.04700", "2015-12-31": "0.04600", "2014-12-31": "0.04100", "2013-12-31": "0.00800", "2012-12-31": "0.00700", "2011-12-31": "0.00000"}, "Retained Earnings (Accumulated Deficit)": {"2019-12-31": "-479.38800", "2018-12-31": "-244.16600", "2017-12-31": "-205.83600", "2016-12-31": "-176.26500", "2015-12-31": "-155.58100", "2014-12-31": "-128.84800", "2013-12-31": "-99.84900", "2012-12-31": "-71.78600", "2011-12-31": ""}, "Comprehensive Income": {"2019-12-31": "-6.80400", "2018-12-31": "-8.51400", "2017-12-31": "5.32600", "2016-12-31": "0.00000", "2015-12-31": "", "2014-12-31": "", "2013-12-31": "", "2012-12-31": "", "2011-12-31": ""}, "Other Share Holders Equity": {"2019-12-31": "", "2018-12-31": "", "2017-12-31": "", "2016-12-31": "", "2015-12-31": "", "2014-12-31": "", "2013-12-31": "", "2012-12-31": "", "2011-12-31": "0.00000"}, "Share Holder Equity": {"2019-12-31": "711.25000", "2018-12-31": "705.00900", "2017-12-31": "387.83200", "2016-12-31": "195.23700", "2015-12-31": "195.78900", "2014-12-31": "88.01100", "2013-12-31": "6.02300", "2012-12-31": "26.41000", "2011-12-31": "0.00000"}, "Total Liabilities And Share Holders Equity": {"2019-12-31": "1186.83000", "2018-12-31": "807.35400", "2017-12-31": "482.06200", "2016-12-31": "244.32000", "2015-12-31": "231.04100", "2014-12-31": "113.03900", "2013-12-31": "28.65200", "2012-12-31": "39.87700", "2011-12-31": "0.00000"}}, "balance sheet, quarterly": {"Cash On Hand": {"2020-09-30": "499.56400", "2020-06-30": "213.03100", "2020-03-31": "157.48600", "2019-12-31": "189.86900", "2019-09-30": "170.83000", "2019-06-30": "233.48400", "2019-03-31": "423.60600", "2018-12-31": "474.77200", "2018-09-30": "467.22600", "2018-06-30": "488.83400", "2018-03-31": "182.11000", "2017-12-31": "223.37000", "2017-09-30": "202.43400", "2017-06-30": "138.42200", "2017-03-31": "142.88900", "2016-12-31": "168.73000", "2016-09-30": "156.92700", "2016-06-30": "188.25100", "2016-03-31": "186.71000", "2015-12-31": "183.72900", "2015-09-30": "175.32400", "2015-06-30": "88.22400", "2015-03-31": "83.07700", "2014-12-31": "86.92900", "2014-09-30": "80.55800", "2014-06-30": "104.76200", "2014-03-31": "5.69900", "2013-12-31": "7.01200", "2013-09-30": "", "2013-06-30": "", "2013-03-31": "", "2012-12-31": "25.19000", "2011-12-31": ""}, "Receivables": {"2020-09-30": "95.75600", "2020-06-30": "71.58000", "2020-03-31": "75.41100", "2019-12-31": "33.65500", "2019-09-30": "84.79700", "2019-06-30": "71.57800", "2019-03-31": "70.26200", "2018-12-31": "32.63600", "2018-09-30": "49.65100", "2018-06-30": "50.03100", "2018-03-31": "40.29000", "2017-12-31": "14.17400", "2017-09-30": "42.33200", "2017-06-30": "23.42600", "2017-03-31": "28.67200", "2016-12-31": "7.86000", "2016-09-30": "20.97400", "2016-06-30": "5.24200", "2016-03-31": "1.26200", "2015-12-31": "0.97500", "2015-09-30": "12.68800", "2015-06-30": "4.39300", "2015-03-31": "4.30500", "2014-12-31": "0.35000", "2014-09-30": "10.03800", "2014-06-30": "0.65500", "2014-03-31": "0.63200", "2013-12-31": "1.83500", "2013-09-30": "", "2013-06-30": "", "2013-03-31": "", "2012-12-31": "0.24000", "2011-12-31": ""}, "Inventory": {"2020-09-30": "", "2020-06-30": "", "2020-03-31": "", "2019-12-31": "", "2019-09-30": "", "2019-06-30": "", "2019-03-31": "", "2018-12-31": "", "2018-09-30": "", "2018-06-30": "", "2018-03-31": "", "2017-12-31": "", "2017-09-30": "", "2017-06-30": "", "2017-03-31": "", "2016-12-31": "", "2016-09-30": "", "2016-06-30": "", "2016-03-31": "", "2015-12-31": "", "2015-09-30": "", "2015-06-30": "", "2015-03-31": "", "2014-12-31": "", "2014-09-30": "", "2014-06-30": "", "2014-03-31": "", "2013-12-31": "", "2013-09-30": "", "2013-06-30": "", "2013-03-31": "", "2012-12-31": "", "2011-12-31": ""}, "Pre-Paid Expenses": {"2020-09-30": "40.27000", "2020-06-30": "40.37800", "2020-03-31": "42.10300", "2019-12-31": "37.42400", "2019-09-30": "39.23900", "2019-06-30": "43.13600", "2019-03-31": "28.26000", "2018-12-31": "14.27200", "2018-09-30": "14.87800", "2018-06-30": "15.08700", "2018-03-31": "15.07500", "2017-12-31": "10.50900", "2017-09-30": "12.95000", "2017-06-30": "8.39800", "2017-03-31": "8.85500", "2016-12-31": "8.10800", "2016-09-30": "7.08500", "2016-06-30": "7.16300", "2016-03-31": "8.09700", "2015-12-31": "6.69500", "2015-09-30": "5.19100", "2015-06-30": "3.21500", "2015-03-31": "5.21200", "2014-12-31": "2.70900", "2014-09-30": "3.24600", "2014-06-30": "2.77300", "2014-03-31": "2.87100", "2013-12-31": "1.76300", "2013-09-30": "", "2013-06-30": "", "2013-03-31": "", "2012-12-31": "", "2011-12-31": ""}, "Other Current Assets": {"2020-09-30": "", "2020-06-30": "", "2020-03-31": "", "2019-12-31": "", "2019-09-30": "", "2019-06-30": "", "2019-03-31": "", "2018-12-31": "", "2018-09-30": "", "2018-06-30": "", "2018-03-31": "", "2017-12-31": "", "2017-09-30": "", "2017-06-30": "0.21300", "2017-03-31": "0.29600", "2016-12-31": "", "2016-09-30": "0.93800", "2016-06-30": "1.12500", "2016-03-31": "1.20400", "2015-12-31": "1.50800", "2015-09-30": "1.16300", "2015-06-30": "0.81700", "2015-03-31": "0.65800", "2014-12-31": "", "2014-09-30": "", "2014-06-30": "", "2014-03-31": "0.32400", "2013-12-31": "0.58100", "2013-09-30": "", "2013-06-30": "", "2013-03-31": "", "2012-12-31": "1.32000", "2011-12-31": ""}, "Total Current Assets": {"2020-09-30": "635.59000", "2020-06-30": "324.98900", "2020-03-31": "275.00000", "2019-12-31": "260.94800", "2019-09-30": "294.86600", "2019-06-30": "348.19800", "2019-03-31": "522.12800", "2018-12-31": "521.68000", "2018-09-30": "531.75500", "2018-06-30": "553.95200", "2018-03-31": "237.47500", "2017-12-31": "248.05300", "2017-09-30": "257.71600", "2017-06-30": "170.45900", "2017-03-31": "180.71200", "2016-12-31": "184.69800", "2016-09-30": "185.92400", "2016-06-30": "201.78100", "2016-03-31": "197.27300", "2015-12-31": "192.90700", "2015-09-30": "194.36600", "2015-06-30": "96.64900", "2015-03-31": "93.25200", "2014-12-31": "89.98800", "2014-09-30": "93.84200", "2014-06-30": "108.19000", "2014-03-31": "9.52600", "2013-12-31": "11.19100", "2013-09-30": "", "2013-06-30": "", "2013-03-31": "", "2012-12-31": "26.75000", "2011-12-31": ""}, "Property, Plant, And Equipment": {"2020-09-30": "53.60300", "2020-06-30": "55.06600", "2020-03-31": "56.01500", "2019-12-31": "57.64300", "2019-09-30": "56.10500", "2019-06-30": "57.46400", "2019-03-31": "54.09800", "2018-12-31": "52.29900", "2018-09-30": "51.52700", "2018-06-30": "50.26400", "2018-03-31": "50.66900", "2017-12-31": "49.05500", "2017-09-30": "45.02500", "2017-06-30": "34.39000", "2017-03-31": "29.65900", "2016-12-31": "15.59600", "2016-09-30": "7.81800", "2016-06-30": "3.99400", "2016-03-31": "3.60400", "2015-12-31": "3.62100", "2015-09-30": "7.79100", "2015-06-30": "7.35300", "2015-03-31": "6.93600", "2014-12-31": "6.75500", "2014-09-30": "5.84100", "2014-06-30": "5.74100", "2014-03-31": "5.66200", "2013-12-31": "5.23100", "2013-09-30": "", "2013-06-30": "", "2013-03-31": "", "2012-12-31": "7.39000", "2011-12-31": ""}, "Long-Term Investments": {"2020-09-30": "", "2020-06-30": "", "2020-03-31": "", "2019-12-31": "", "2019-09-30": "", "2019-06-30": "", "2019-03-31": "", "2018-12-31": "", "2018-09-30": "", "2018-06-30": "", "2018-03-31": "", "2017-12-31": "", "2017-09-30": "", "2017-06-30": "", "2017-03-31": "", "2016-12-31": "", "2016-09-30": "", "2016-06-30": "", "2016-03-31": "", "2015-12-31": "", "2015-09-30": "", "2015-06-30": "", "2015-03-31": "", "2014-12-31": "", "2014-09-30": "", "2014-06-30": "", "2014-03-31": "", "2013-12-31": "", "2013-09-30": "", "2013-06-30": "", "2013-03-31": "", "2012-12-31": "", "2011-12-31": ""}, "Goodwill And Intangible Assets": {"2020-09-30": "724.26500", "2020-06-30": "726.89900", "2020-03-31": "729.70900", "2019-12-31": "751.42500", "2019-09-30": "750.40000", "2019-06-30": "828.01600", "2019-03-31": "206.45500", "2018-12-31": "198.45700", "2018-09-30": "193.64700", "2018-06-30": "190.93500", "2018-03-31": "189.99200", "2017-12-31": "162.74900", "2017-09-30": "152.39500", "2017-06-30": "", "2017-03-31": "", "2016-12-31": "34.13100", "2016-09-30": "", "2016-06-30": "", "2016-03-31": "", "2015-12-31": "", "2015-09-30": "", "2015-06-30": "", "2015-03-31": "", "2014-12-31": "", "2014-09-30": "", "2014-06-30": "", "2014-03-31": "", "2013-12-31": "", "2013-09-30": "0.00000", "2013-06-30": "0.00000", "2013-03-31": "0.00000", "2012-12-31": "0.00000", "2011-12-31": "0.00000"}, "Other Long-Term Assets": {"2020-09-30": "85.86700", "2020-06-30": "75.79300", "2020-03-31": "72.56200", "2019-12-31": "73.41300", "2019-09-30": "71.80800", "2019-06-30": "61.60600", "2019-03-31": "48.65900", "2018-12-31": "34.91800", "2018-09-30": "34.56200", "2018-06-30": "30.31300", "2018-03-31": "25.97200", "2017-12-31": "22.20500", "2017-09-30": "21.21400", "2017-06-30": "19.72200", "2017-03-31": "16.04600", "2016-12-31": "9.89500", "2016-09-30": "11.40300", "2016-06-30": "13.24100", "2016-03-31": "11.32700", "2015-12-31": "11.88500", "2015-09-30": "9.64600", "2015-06-30": "3.72800", "2015-03-31": "2.66000", "2014-12-31": "3.14100", "2014-09-30": "2.60400", "2014-06-30": "2.89500", "2014-03-31": "5.21100", "2013-12-31": "3.32600", "2013-09-30": "", "2013-06-30": "", "2013-03-31": "", "2012-12-31": "1.63000", "2011-12-31": ""}, "Total Long-Term Assets": {"2020-09-30": "917.18800", "2020-06-30": "907.57090", "2020-03-31": "906.96100", "2019-12-31": "925.88210", "2019-09-30": "918.70400", "2019-06-30": "983.54900", "2019-03-31": "342.28200", "2018-12-31": "285.67400", "2018-09-30": "279.73600", "2018-06-30": "271.51200", "2018-03-31": "266.63300", "2017-12-31": "234.00900", "2017-09-30": "218.63400", "2017-06-30": "91.51400", "2017-03-31": "79.96800", "2016-12-31": "59.62200", "2016-09-30": "48.64900", "2016-06-30": "44.05500", "2016-03-31": "39.44500", "2015-12-31": "38.13400", "2015-09-30": "34.19700", "2015-06-30": "26.45400", "2015-03-31": "23.79700", "2014-12-31": "23.05100", "2014-09-30": "20.27000", "2014-06-30": "19.67000", "2014-03-31": "20.55300", "2013-12-31": "17.46100", "2013-09-30": "", "2013-06-30": "", "2013-03-31": "", "2012-12-31": "9.02000", "2011-12-31": ""}, "Total Assets": {"2020-09-30": "1552.77800", "2020-06-30": "1232.56000", "2020-03-31": "1181.96100", "2019-12-31": "1186.83000", "2019-09-30": "1213.57000", "2019-06-30": "1331.74700", "2019-03-31": "864.41000", "2018-12-31": "807.35400", "2018-09-30": "811.49100", "2018-06-30": "825.46400", "2018-03-31": "504.10800", "2017-12-31": "482.06200", "2017-09-30": "476.35000", "2017-06-30": "261.97300", "2017-03-31": "260.68000", "2016-12-31": "244.32000", "2016-09-30": "234.57300", "2016-06-30": "245.83600", "2016-03-31": "236.71800", "2015-12-31": "231.04100", "2015-09-30": "228.56300", "2015-06-30": "123.10300", "2015-03-31": "117.04900", "2014-12-31": "113.03900", "2014-09-30": "114.11200", "2014-06-30": "127.86000", "2014-03-31": "30.07900", "2013-12-31": "28.65200", "2013-09-30": "0.00000", "2013-06-30": "0.00000", "2013-03-31": "0.00000", "2012-12-31": "39.87000", "2011-12-31": "0.00000"}, "Total Current Liabilities": {"2020-09-30": "246.95600", "2020-06-30": "212.97100", "2020-03-31": "203.45900", "2019-12-31": "155.95400", "2019-09-30": "164.96300", "2019-06-30": "159.14600", "2019-03-31": "102.23300", "2018-12-31": "68.48000", "2018-09-30": "84.31100", "2018-06-30": "96.96900", "2018-03-31": "82.10700", "2017-12-31": "58.00000", "2017-09-30": "73.95000", "2017-06-30": "51.92000", "2017-03-31": "50.83900", "2016-12-31": "41.06900", "2016-09-30": "38.03000", "2016-06-30": "50.07800", "2016-03-31": "37.51600", "2015-12-31": "32.59700", "2015-09-30": "32.64600", "2015-06-30": "41.23000", "2015-03-31": "30.45100", "2014-12-31": "23.76800", "2014-09-30": "23.89500", "2014-06-30": "31.83400", "2014-03-31": "26.45900", "2013-12-31": "20.21100", "2013-09-30": "", "2013-06-30": "", "2013-03-31": "", "2012-12-31": "10.96000", "2011-12-31": ""}, "Long Term Debt": {"2020-09-30": "268.22400", "2020-06-30": "263.12900", "2020-03-31": "244.57400", "2019-12-31": "246.62000", "2019-09-30": "245.85600", "2019-06-30": "245.45100", "2019-03-31": "", "2018-12-31": "3.50000", "2018-09-30": "24.55000", "2018-06-30": "24.61300", "2018-03-31": "23.48500", "2017-12-31": "22.64300", "2017-09-30": "17.62600", "2017-06-30": "15.20200", "2017-03-31": "13.79200", "2016-12-31": "7.62000", "2016-09-30": "", "2016-06-30": "", "2016-03-31": "", "2015-12-31": "", "2015-09-30": "", "2015-06-30": "", "2015-03-31": "", "2014-12-31": "", "2014-09-30": "", "2014-06-30": "", "2014-03-31": "", "2013-12-31": "", "2013-09-30": "", "2013-06-30": "", "2013-03-31": "", "2012-12-31": "", "2011-12-31": ""}, "Other Non-Current Liabilities": {"2020-09-30": "8.27000", "2020-06-30": "1.07300", "2020-03-31": "0.98600", "2019-12-31": "0.89900", "2019-09-30": "0.81200", "2019-06-30": "0.73700", "2019-03-31": "4.13700", "2018-12-31": "23.41600", "2018-09-30": "3.50000", "2018-06-30": "3.50000", "2018-03-31": "3.57000", "2017-12-31": "3.50000", "2017-09-30": "5.66000", "2017-06-30": "3.80000", "2017-03-31": "0.30500", "2016-12-31": "0.39400", "2016-09-30": "3.85800", "2016-06-30": "2.54300", "2016-03-31": "2.57900", "2015-12-31": "2.65500", "2015-09-30": "1.00100", "2015-06-30": "1.25400", "2015-03-31": "1.21700", "2014-12-31": "1.26000", "2014-09-30": "1.29000", "2014-06-30": "2.20800", "2014-03-31": "3.13500", "2013-12-31": "2.41800", "2013-09-30": "", "2013-06-30": "", "2013-03-31": "", "2012-12-31": "95.20000", "2011-12-31": ""}, "Total Long Term Liabilities": {"2020-09-30": "354.24900", "2020-06-30": "340.21800", "2020-03-31": "322.21900", "2019-12-31": "319.62600", "2019-09-30": "315.54900", "2019-06-30": "311.55200", "2019-03-31": "67.58200", "2018-12-31": "33.86500", "2018-09-30": "35.05100", "2018-06-30": "35.04800", "2018-03-31": "36.16800", "2017-12-31": "36.23000", "2017-09-30": "32.88800", "2017-06-30": "19.00200", "2017-03-31": "14.09700", "2016-12-31": "8.01400", "2016-09-30": "3.85800", "2016-06-30": "2.54300", "2016-03-31": "2.57900", "2015-12-31": "2.65500", "2015-09-30": "1.00100", "2015-06-30": "1.25400", "2015-03-31": "1.21700", "2014-12-31": "1.26000", "2014-09-30": "1.29000", "2014-06-30": "2.20800", "2014-03-31": "3.13500", "2013-12-31": "2.41800", "2013-09-30": "", "2013-06-30": "", "2013-03-31": "", "2012-12-31": "95.20000", "2011-12-31": ""}, "Total Liabilities": {"2020-09-30": "601.20500", "2020-06-30": "553.18900", "2020-03-31": "525.67800", "2019-12-31": "475.58000", "2019-09-30": "480.51200", "2019-06-30": "470.69800", "2019-03-31": "169.81500", "2018-12-31": "102.34500", "2018-09-30": "119.36200", "2018-06-30": "132.01700", "2018-03-31": "118.27500", "2017-12-31": "94.23000", "2017-09-30": "106.83800", "2017-06-30": "70.92200", "2017-03-31": "64.93600", "2016-12-31": "49.08300", "2016-09-30": "41.88800", "2016-06-30": "52.62100", "2016-03-31": "40.09500", "2015-12-31": "35.25200", "2015-09-30": "33.64700", "2015-06-30": "42.48400", "2015-03-31": "31.66800", "2014-12-31": "25.02800", "2014-09-30": "25.18500", "2014-06-30": "34.04200", "2014-03-31": "29.59400", "2013-12-31": "22.62900", "2013-09-30": "0.00000", "2013-06-30": "0.00000", "2013-03-31": "0.00000", "2012-12-31": "13.46000", "2011-12-31": "0.00000"}, "Common Stock Net": {"2020-09-30": "0.07100", "2020-06-30": "0.06400", "2020-03-31": "0.06400", "2019-12-31": "0.06300", "2019-09-30": "0.06300", "2019-06-30": "0.06300", "2019-03-31": "0.05800", "2018-12-31": "0.05800", "2018-09-30": "0.05800", "2018-06-30": "0.05700", "2018-03-31": "0.05300", "2017-12-31": "0.05300", "2017-09-30": "0.05200", "2017-06-30": "0.04800", "2017-03-31": "0.04700", "2016-12-31": "0.04700", "2016-09-30": "0.04700", "2016-06-30": "0.04700", "2016-03-31": "0.04600", "2015-12-31": "0.04600", "2015-09-30": "0.04600", "2015-06-30": "0.04200", "2015-03-31": "0.04100", "2014-12-31": "0.04100", "2014-09-30": "0.04000", "2014-06-30": "0.04000", "2014-03-31": "0.00800", "2013-12-31": "0.00800", "2013-09-30": "0.00000", "2013-06-30": "0.00000", "2013-03-31": "0.00000", "2012-12-31": "0.00700", "2011-12-31": "0.00000"}, "Retained Earnings (Accumulated Deficit)": {"2020-09-30": "-658.21500", "2020-06-30": "-605.66100", "2020-03-31": "-539.49400", "2019-12-31": "-479.38800", "2019-09-30": "-434.80400", "2019-06-30": "-293.69200", "2019-03-31": "-265.72000", "2018-12-31": "-244.16600", "2018-09-30": "-248.99800", "2018-06-30": "-239.05400", "2018-03-31": "-220.70700", "2017-12-31": "-205.83600", "2017-09-30": "-206.34500", "2017-06-30": "-191.60600", "2017-03-31": "-179.85200", "2016-12-31": "-176.26500", "2016-09-30": "-174.05600", "2016-06-30": "-167.29800", "2016-03-31": "-158.96100", "2015-12-31": "-155.58100", "2015-09-30": "-152.18100", "2015-06-30": "-143.94600", "2015-03-31": "-134.31600", "2014-12-31": "-128.84800", "2014-09-30": "-124.83100", "2014-06-30": "-117.49400", "2014-03-31": "-106.89900", "2013-12-31": "-99.84900", "2013-09-30": "", "2013-06-30": "", "2013-03-31": "", "2012-12-31": "-71.78000", "2011-12-31": ""}, "Comprehensive Income": {"2020-09-30": "-19.84800", "2020-06-30": "-21.51500", "2020-03-31": "-22.91900", "2019-12-31": "-6.80400", "2019-09-30": "-12.49900", "2019-06-30": "-6.64300", "2019-03-31": "-8.88600", "2018-12-31": "-8.51400", "2018-09-30": "-7.00100", "2018-06-30": "-4.22000", "2018-03-31": "9.95800", "2017-12-31": "5.32600", "2017-09-30": "-3.61700", "2017-06-30": "", "2017-03-31": "", "2016-12-31": "", "2016-09-30": "", "2016-06-30": "", "2016-03-31": "", "2015-12-31": "", "2015-09-30": "", "2015-06-30": "", "2015-03-31": "", "2014-12-31": "", "2014-09-30": "", "2014-06-30": "", "2014-03-31": "", "2013-12-31": "", "2013-09-30": "", "2013-06-30": "", "2013-03-31": "", "2012-12-31": "", "2011-12-31": ""}, "Other Share Holders Equity": {"2020-09-30": "", "2020-06-30": "", "2020-03-31": "", "2019-12-31": "", "2019-09-30": "", "2019-06-30": "", "2019-03-31": "", "2018-12-31": "", "2018-09-30": "", "2018-06-30": "", "2018-03-31": "", "2017-12-31": "", "2017-09-30": "", "2017-06-30": "", "2017-03-31": "", "2016-12-31": "", "2016-09-30": "", "2016-06-30": "", "2016-03-31": "", "2015-12-31": "", "2015-09-30": "", "2015-06-30": "", "2015-03-31": "", "2014-12-31": "", "2014-09-30": "", "2014-06-30": "", "2014-03-31": "", "2013-12-31": "", "2013-09-30": "0.00000", "2013-06-30": "0.00000", "2013-03-31": "0.00000", "2012-12-31": "0.00000", "2011-12-31": "0.00000"}, "Share Holder Equity": {"2020-09-30": "951.57300", "2020-06-30": "679.37100", "2020-03-31": "656.28300", "2019-12-31": "711.25000", "2019-09-30": "733.05800", "2019-06-30": "861.04900", "2019-03-31": "694.59500", "2018-12-31": "705.00900", "2018-09-30": "692.12900", "2018-06-30": "693.44700", "2018-03-31": "385.83300", "2017-12-31": "387.83200", "2017-09-30": "369.51200", "2017-06-30": "191.05100", "2017-03-31": "195.74400", "2016-12-31": "195.23700", "2016-09-30": "192.68500", "2016-06-30": "193.21500", "2016-03-31": "196.62300", "2015-12-31": "195.78900", "2015-09-30": "194.91600", "2015-06-30": "80.61900", "2015-03-31": "85.38100", "2014-12-31": "88.01100", "2014-09-30": "88.92700", "2014-06-30": "93.81800", "2014-03-31": "0.48500", "2013-12-31": "6.02300", "2013-09-30": "0.00000", "2013-06-30": "0.00000", "2013-03-31": "0.00000", "2012-12-31": "26.41000", "2011-12-31": "0.00000"}, "Total Liabilities And Share Holders Equity": {"2020-09-30": "1552.77800", "2020-06-30": "1232.56000", "2020-03-31": "1181.96100", "2019-12-31": "1186.83000", "2019-09-30": "1213.57000", "2019-06-30": "1331.74700", "2019-03-31": "864.41000", "2018-12-31": "807.35400", "2018-09-30": "811.49100", "2018-06-30": "825.46400", "2018-03-31": "504.10800", "2017-12-31": "482.06200", "2017-09-30": "476.35000", "2017-06-30": "261.97300", "2017-03-31": "260.68000", "2016-12-31": "244.32000", "2016-09-30": "234.57300", "2016-06-30": "245.83600", "2016-03-31": "236.71800", "2015-12-31": "231.04100", "2015-09-30": "228.56300", "2015-06-30": "123.10300", "2015-03-31": "117.04900", "2014-12-31": "113.03900", "2014-09-30": "114.11200", "2014-06-30": "127.86000", "2014-03-31": "30.07900", "2013-12-31": "28.65200", "2013-09-30": "0.00000", "2013-06-30": "0.00000", "2013-03-31": "0.00000", "2012-12-31": "39.87000", "2011-12-31": "0.00000"}}, "cash flow statement": {"Net Income/Loss": {"2019-12-31": "-235.22200", "2018-12-31": "-38.33000", "2017-12-31": "-29.42300", "2016-12-31": "-20.68400", "2015-12-31": "-26.73300", "2014-12-31": "-28.99900", "2013-12-31": "-27.95300", "2012-12-31": "-23.11300", "2011-12-31": "-24.87800"}, "Total Depreciation And Amortization - Cash Flow": {"2019-12-31": "69.84300", "2018-12-31": "32.78500", "2017-12-31": "19.62400", "2016-12-31": "9.75000", "2015-12-31": "7.22000", "2014-12-31": "5.57200", "2013-12-31": "4.33500", "2012-12-31": "2.94300", "2011-12-31": "1.55100"}, "Other Non-Cash Items": {"2019-12-31": "135.03300", "2018-12-31": "31.41000", "2017-12-31": "21.93000", "2016-12-31": "15.82300", "2015-12-31": "13.38300", "2014-12-31": "7.52700", "2013-12-31": "3.23700", "2012-12-31": "1.37300", "2011-12-31": "0.85800"}, "Total Non-Cash Items": {"2019-12-31": "204.87600", "2018-12-31": "64.19500", "2017-12-31": "41.55400", "2016-12-31": "25.57300", "2015-12-31": "20.60300", "2014-12-31": "13.09900", "2013-12-31": "7.57200", "2012-12-31": "4.31600", "2011-12-31": "2.40900"}, "Change In Accounts Receivable": {"2019-12-31": "11.94900", "2018-12-31": "-18.49700", "2017-12-31": "-5.63400", "2016-12-31": "-6.88500", "2015-12-31": "-0.62500", "2014-12-31": "1.48500", "2013-12-31": "-1.58700", "2012-12-31": "1.14200", "2011-12-31": "-1.31200"}, "Change In Inventories": {"2019-12-31": "", "2018-12-31": "", "2017-12-31": "", "2016-12-31": "", "2015-12-31": "", "2014-12-31": "", "2013-12-31": "", "2012-12-31": "", "2011-12-31": ""}, "Change In Accounts Payable": {"2019-12-31": "", "2018-12-31": "", "2017-12-31": "", "2016-12-31": "", "2015-12-31": "2.36600", "2014-12-31": "-2.56500", "2013-12-31": "1.89400", "2012-12-31": "1.32800", "2011-12-31": "-0.10100"}, "Change In Assets/Liabilities": {"2019-12-31": "-47.10100", "2018-12-31": "-20.97000", "2017-12-31": "-5.26600", "2016-12-31": "6.57900", "2015-12-31": "-5.12800", "2014-12-31": "1.62200", "2013-12-31": "2.63000", "2012-12-31": "-4.90500", "2011-12-31": "1.91000"}, "Total Change In Assets/Liabilities": {"2019-12-31": "-23.61000", "2018-12-31": "-30.69700", "2017-12-31": "-4.89200", "2016-12-31": "0.32100", "2015-12-31": "-3.38700", "2014-12-31": "3.52000", "2013-12-31": "4.69900", "2012-12-31": "-1.38800", "2011-12-31": "3.85700"}, "Cash Flow From Operating Activities": {"2019-12-31": "-51.97400", "2018-12-31": "-3.12000", "2017-12-31": "8.10600", "2016-12-31": "5.21000", "2015-12-31": "-9.26700", "2014-12-31": "-11.68500", "2013-12-31": "-15.68200", "2012-12-31": "-20.18500", "2011-12-31": "-18.61200"}, "Net Change In Property, Plant, And Equipment": {"2019-12-31": "-13.42100", "2018-12-31": "-11.99600", "2017-12-31": "-27.31600", "2016-12-31": "-7.64800", "2015-12-31": "-1.25600", "2014-12-31": "-10.95300", "2013-12-31": "-7.58000", "2012-12-31": "-4.85300", "2011-12-31": "-6.16800"}, "Net Change In Intangible Assets": {"2019-12-31": "-64.92300", "2018-12-31": "-65.19000", "2017-12-31": "-23.82300", "2016-12-31": "-16.72800", "2015-12-31": "-12.35800", "2014-12-31": "", "2013-12-31": "", "2012-12-31": "", "2011-12-31": ""}, "Net Acquisitions/Divestitures": {"2019-12-31": "-388.00400", "2018-12-31": "", "2017-12-31": "-97.10200", "2016-12-31": "", "2015-12-31": "", "2014-12-31": "", "2013-12-31": "", "2012-12-31": "", "2011-12-31": ""}, "Net Change In Short-term Investments": {"2019-12-31": "", "2018-12-31": "", "2017-12-31": "", "2016-12-31": "", "2015-12-31": "", "2014-12-31": "", "2013-12-31": "", "2012-12-31": "", "2011-12-31": ""}, "Net Change In Long-Term Investments": {"2019-12-31": "15.00000", "2018-12-31": "-25.00000", "2017-12-31": "", "2016-12-31": "", "2015-12-31": "", "2014-12-31": "", "2013-12-31": "", "2012-12-31": "", "2011-12-31": ""}, "Net Change In Investments - Total": {"2019-12-31": "15.00000", "2018-12-31": "-25.00000", "2017-12-31": "", "2016-12-31": "", "2015-12-31": "", "2014-12-31": "", "2013-12-31": "", "2012-12-31": "", "2011-12-31": ""}, "Investing Activities - Other": {"2019-12-31": "-0.05000", "2018-12-31": "-0.27500", "2017-12-31": "-1.13300", "2016-12-31": "-0.14200", "2015-12-31": "-2.33100", "2014-12-31": "-0.02900", "2013-12-31": "-0.05600", "2012-12-31": "-0.36200", "2011-12-31": "-0.09000"}, "Cash Flow From Investing Activities": {"2019-12-31": "-451.39800", "2018-12-31": "-102.46100", "2017-12-31": "-149.37400", "2016-12-31": "-24.51800", "2015-12-31": "-15.94500", "2014-12-31": "-10.98200", "2013-12-31": "-7.63600", "2012-12-31": "-5.21500", "2011-12-31": "-6.25800"}, "Net Long-Term Debt": {"2019-12-31": "244.72400", "2018-12-31": "", "2017-12-31": "1.98300", "2016-12-31": "", "2015-12-31": "", "2014-12-31": "", "2013-12-31": "", "2012-12-31": "", "2011-12-31": "0.75000"}, "Net Current Debt": {"2019-12-31": "", "2018-12-31": "", "2017-12-31": "", "2016-12-31": "", "2015-12-31": "", "2014-12-31": "", "2013-12-31": "", "2012-12-31": "", "2011-12-31": ""}, "Debt Issuance/Retirement Net - Total": {"2019-12-31": "244.72400", "2018-12-31": "", "2017-12-31": "1.98300", "2016-12-31": "", "2015-12-31": "", "2014-12-31": "", "2013-12-31": "", "2012-12-31": "", "2011-12-31": "0.75000"}, "Net Common Equity Issued/Repurchased": {"2019-12-31": "3.11900", "2018-12-31": "338.26700", "2017-12-31": "196.07800", "2016-12-31": "4.85900", "2015-12-31": "122.44800", "2014-12-31": "102.58400", "2013-12-31": "0.32500", "2012-12-31": "0.61100", "2011-12-31": ""}, "Net Total Equity Issued/Repurchased": {"2019-12-31": "3.11900", "2018-12-31": "338.26700", "2017-12-31": "196.07800", "2016-12-31": "4.85900", "2015-12-31": "122.44800", "2014-12-31": "102.58400", "2013-12-31": "5.31900", "2012-12-31": "26.63200", "2011-12-31": "31.51000"}, "Total Common And Preferred Stock Dividends Paid": {"2019-12-31": "", "2018-12-31": "", "2017-12-31": "", "2016-12-31": "", "2015-12-31": "", "2014-12-31": "", "2013-12-31": "", "2012-12-31": "", "2011-12-31": ""}, "Financial Activities - Other": {"2019-12-31": "-3.32500", "2018-12-31": "-5.23000", "2017-12-31": "-1.30900", "2016-12-31": "-0.55000", "2015-12-31": "-0.43600", "2014-12-31": "", "2013-12-31": "-0.17900", "2012-12-31": "", "2011-12-31": ""}, "Cash Flow From Financial Activities": {"2019-12-31": "244.51800", "2018-12-31": "333.03700", "2017-12-31": "196.75200", "2016-12-31": "4.30900", "2015-12-31": "122.01200", "2014-12-31": "102.58400", "2013-12-31": "5.14000", "2012-12-31": "26.63200", "2011-12-31": "32.26000"}, "Net Cash Flow": {"2019-12-31": "-259.90300", "2018-12-31": "226.40200", "2017-12-31": "54.64000", "2016-12-31": "-14.99900", "2015-12-31": "96.80000", "2014-12-31": "79.91700", "2013-12-31": "-18.17800", "2012-12-31": "1.23200", "2011-12-31": "7.39000"}, "Stock-Based Compensation": {"2019-12-31": "51.50400", "2018-12-31": "31.41000", "2017-12-31": "21.93000", "2016-12-31": "15.82300", "2015-12-31": "12.49900", "2014-12-31": "7.52700", "2013-12-31": "2.42600", "2012-12-31": "1.39500", "2011-12-31": "0.83900"}, "Common Stock Dividends Paid": {"2019-12-31": "", "2018-12-31": "", "2017-12-31": "", "2016-12-31": "", "2015-12-31": "", "2014-12-31": "", "2013-12-31": "", "2012-12-31": "", "2011-12-31": ""}}, "cash flow statement, quarterly": {"Net Income/Loss": {"2020-09-30": -52.554, "2020-06-30": -66.167, "2020-03-31": "-60.10600", "2019-12-31": -44.584, "2019-09-30": -141.112, "2019-06-30": -27.972, "2019-03-31": "-21.55400", "2018-12-31": 4.832, "2018-09-30": -9.944, "2018-06-30": -18.347, "2018-03-31": "-14.87100", "2017-12-31": 0.509, "2017-09-30": -14.739, "2017-06-30": -11.754, "2017-03-31": "-3.43900", "2016-12-31": -2.209, "2016-09-30": -6.758, "2016-06-30": -8.337, "2016-03-31": "-3.38000", "2015-12-31": -3.4, "2015-09-30": -8.235, "2015-06-30": -9.63, "2015-03-31": "-5.46800", "2014-12-31": -4.017, "2014-09-30": -7.337, "2014-06-30": -10.595, "2014-03-31": "-7.05000", "2013-12-31": -5.176, "2013-09-30": -10.133, "2013-06-30": -8.895, "2013-03-31": "-3.74600", "2012-12-31": 1.76, "2011-12-31": -24.87}, "Total Depreciation And Amortization - Cash Flow": {"2020-09-30": 23.936, "2020-06-30": 23.985, "2020-03-31": "23.48500", "2019-12-31": 23.204, "2019-09-30": 22.288, "2019-06-30": 14.653, "2019-03-31": "9.69800", "2018-12-31": 9.403, "2018-09-30": 8.599, "2018-06-30": 7.408, "2018-03-31": "7.37500", "2017-12-31": 6.306, "2017-09-30": 5.887, "2017-06-30": 3.783, "2017-03-31": "3.64800", "2016-12-31": 2.69, "2016-09-30": 2.534, "2016-06-30": 2.377, "2016-03-31": "2.14900", "2015-12-31": 1.932, "2015-09-30": 1.898, "2015-06-30": 1.677, "2015-03-31": "1.71300", "2014-12-31": 1.332, "2014-09-30": 1.594, "2014-06-30": 1.363, "2014-03-31": "1.28300", "2013-12-31": 1.248, "2013-09-30": 1.14, "2013-06-30": 1.016, "2013-03-31": "0.92600", "2012-12-31": 1.39, "2011-12-31": 1.55}, "Other Non-Cash Items": {"2020-09-30": 34.805, "2020-06-30": 42.754, "2020-03-31": "25.11900", "2019-12-31": 17.493, "2019-09-30": 91.212, "2019-06-30": 14.11, "2019-03-31": "12.21800", "2018-12-31": 7.346, "2018-09-30": 7.933, "2018-06-30": 9.009, "2018-03-31": "7.12200", "2017-12-31": 6.393, "2017-09-30": 6.147, "2017-06-30": 5.495, "2017-03-31": "3.89500", "2016-12-31": 4.23, "2016-09-30": 4.073, "2016-06-30": 3.976, "2016-03-31": "3.54400", "2015-12-31": 4.166, "2015-09-30": 3.302, "2015-06-30": 3.867, "2015-03-31": "2.04800", "2014-12-31": 1.346, "2014-09-30": 2.247, "2014-06-30": 2.049, "2014-03-31": "1.88500", "2013-12-31": 1.548, "2013-09-30": 0.634, "2013-06-30": 0.627, "2013-03-31": "0.42800", "2012-12-31": 0, "2011-12-31": 0}, "Total Non-Cash Items": {"2020-09-30": 58.741, "2020-06-30": 66.739, "2020-03-31": "48.60400", "2019-12-31": 40.697, "2019-09-30": 113.5, "2019-06-30": 28.763, "2019-03-31": "21.91600", "2018-12-31": 16.749, "2018-09-30": 16.532, "2018-06-30": 16.417, "2018-03-31": "14.49700", "2017-12-31": 12.699, "2017-09-30": 12.034, "2017-06-30": 9.278, "2017-03-31": "7.54300", "2016-12-31": 6.92, "2016-09-30": 6.607, "2016-06-30": 6.353, "2016-03-31": "5.69300", "2015-12-31": 6.098, "2015-09-30": 5.2, "2015-06-30": 5.544, "2015-03-31": "3.76100", "2014-12-31": 2.678, "2014-09-30": 3.841, "2014-06-30": 3.412, "2014-03-31": "3.16800", "2013-12-31": -0.441, "2013-09-30": 1.774, "2013-06-30": 1.643, "2013-03-31": "1.35400", "2012-12-31": 1.39, "2011-12-31": 1.55}, "Change In Accounts Receivable": {"2020-09-30": -25.574, "2020-06-30": 3.223, "2020-03-31": "-42.74400", "2019-12-31": 51.692, "2019-09-30": -14.195, "2019-06-30": 11.974, "2019-03-31": "-37.52200", "2018-12-31": 17.046, "2018-09-30": 0.389, "2018-06-30": -9.823, "2018-03-31": "-26.10900", "2017-12-31": 28.281, "2017-09-30": -18.349, "2017-06-30": 5.246, "2017-03-31": "-20.81200", "2016-12-31": 13.114, "2016-09-30": -15.732, "2016-06-30": -3.98, "2016-03-31": "-0.28700", "2015-12-31": 11.713, "2015-09-30": -8.295, "2015-06-30": -0.088, "2015-03-31": "-3.95500", "2014-12-31": 9.688, "2014-09-30": -9.383, "2014-06-30": -0.023, "2014-03-31": "1.20300", "2013-12-31": 15.37, "2013-09-30": -16.033, "2013-06-30": -0.52, "2013-03-31": "-0.40400", "2012-12-31": 0, "2011-12-31": 0}, "Change In Inventories": {"2020-09-30": 0, "2020-06-30": 0, "2020-03-31": "", "2019-12-31": 0, "2019-09-30": 0, "2019-06-30": 0, "2019-03-31": "", "2018-12-31": 0, "2018-09-30": 0, "2018-06-30": 0, "2018-03-31": "", "2017-12-31": 0, "2017-09-30": 0, "2017-06-30": 0, "2017-03-31": "", "2016-12-31": 0, "2016-09-30": 0, "2016-06-30": 0, "2016-03-31": "", "2015-12-31": 0, "2015-09-30": 0, "2015-06-30": 0, "2015-03-31": "", "2014-12-31": 0, "2014-09-30": 0, "2014-06-30": 0, "2014-03-31": "", "2013-12-31": 0, "2013-09-30": 0, "2013-06-30": 0, "2013-03-31": "", "2012-12-31": 0, "2011-12-31": 0}, "Change In Accounts Payable": {"2020-09-30": 0, "2020-06-30": 0, "2020-03-31": "", "2019-12-31": 0, "2019-09-30": 0, "2019-06-30": 0, "2019-03-31": "", "2018-12-31": 0, "2018-09-30": 0, "2018-06-30": 0, "2018-03-31": "", "2017-12-31": 0, "2017-09-30": 0, "2017-06-30": 0, "2017-03-31": "", "2016-12-31": 0, "2016-09-30": -1.044, "2016-06-30": -0.762, "2016-03-31": "1.80600", "2015-12-31": 0.329, "2015-09-30": 1.253, "2015-06-30": -4.001, "2015-03-31": "4.78500", "2014-12-31": -2.325, "2014-09-30": 0.533, "2014-06-30": -5.017, "2014-03-31": "4.24400", "2013-12-31": 1.65, "2013-09-30": 0.279, "2013-06-30": -0.469, "2013-03-31": "0.43400", "2012-12-31": 0, "2011-12-31": 0}, "Change In Assets/Liabilities": {"2020-09-30": -0.031, "2020-06-30": 7.311, "2020-03-31": "15.19600", "2019-12-31": -13.983, "2019-09-30": 8.909, "2019-06-30": -35.518, "2019-03-31": "-6.50900", "2018-12-31": -12.712, "2018-09-30": -16.862, "2018-06-30": 1.921, "2018-03-31": "6.68300", "2017-12-31": -7.107, "2017-09-30": 2.206, "2017-06-30": 3.437, "2017-03-31": "-3.80200", "2016-12-31": 3.99, "2016-09-30": -7.036, "2016-06-30": 9.478, "2016-03-31": "0.14700", "2015-12-31": 0.966, "2015-09-30": -13.08, "2015-06-30": 9.683, "2015-03-31": "-2.69700", "2014-12-31": 2.365, "2014-09-30": -11.122, "2014-06-30": 6.45, "2014-03-31": "3.92900", "2013-12-31": -9.949, "2013-09-30": 5.509, "2013-06-30": 5.523, "2013-03-31": "1.54700", "2012-12-31": 0, "2011-12-31": 0}, "Total Change In Assets/Liabilities": {"2020-09-30": -7.193, "2020-06-30": 3.717, "2020-03-31": "-1.12500", "2019-12-31": 36.648, "2019-09-30": -10.764, "2019-06-30": -16.231, "2019-03-31": "-33.26300", "2018-12-31": 1.123, "2018-09-30": -12.701, "2018-06-30": -0.266, "2018-03-31": "-18.85300", "2017-12-31": 21.081, "2017-09-30": -15.177, "2017-06-30": 4.907, "2017-03-31": "-15.70300", "2016-12-31": 14.921, "2016-09-30": -25.778, "2016-06-30": 7.213, "2016-03-31": "3.96500", "2015-12-31": 10.652, "2015-09-30": -25.874, "2015-06-30": 11.415, "2015-03-31": "0.42000", "2014-12-31": 9.082, "2014-09-30": -18.269, "2014-06-30": 6.351, "2014-03-31": "6.35600", "2013-12-31": 3.768, "2013-09-30": -7.566, "2013-06-30": 5.237, "2013-03-31": "3.29100", "2012-12-31": -5.23, "2011-12-31": 3.85}, "Cash Flow From Operating Activities": {"2020-09-30": -0.214, "2020-06-30": 3.219, "2020-03-31": "-9.86300", "2019-12-31": 33.687, "2019-09-30": -37.712, "2019-06-30": -15.421, "2019-03-31": "-32.52800", "2018-12-31": 22.923, "2018-09-30": -5.841, "2018-06-30": -1.37, "2018-03-31": "-18.83200", "2017-12-31": 34.185, "2017-09-30": -17.942, "2017-06-30": 3.462, "2017-03-31": "-11.59900", "2016-12-31": 19.632, "2016-09-30": -25.929, "2016-06-30": 5.229, "2016-03-31": "6.27800", "2015-12-31": 13.35, "2015-09-30": -28.659, "2015-06-30": 7.329, "2015-03-31": "-1.28700", "2014-12-31": 8.438, "2014-09-30": -21.765, "2014-06-30": -0.832, "2014-03-31": "2.47400", "2013-12-31": 1.361, "2013-09-30": -15.925, "2013-06-30": -2.015, "2013-03-31": "0.89900", "2012-12-31": -1.57, "2011-12-31": -18.61}, "Net Change In Property, Plant, And Equipment": {"2020-09-30": -1.262, "2020-06-30": -1.818, "2020-03-31": "-2.43600", "2019-12-31": -2.115, "2019-09-30": -3.171, "2019-06-30": -4.971, "2019-03-31": "-3.16400", "2018-12-31": -3.969, "2018-09-30": -2.903, "2018-06-30": -3.268, "2018-03-31": "-1.85600", "2017-12-31": -6.392, "2017-09-30": -5.475, "2017-06-30": -6.065, "2017-03-31": "-9.38400", "2016-12-31": -3.983, "2016-09-30": 4.801, "2016-06-30": -4.567, "2016-03-31": "-3.89900", "2015-12-31": 8.831, "2015-09-30": -3.549, "2015-06-30": -3.183, "2015-03-31": "-3.35500", "2014-12-31": -3.119, "2014-09-30": -2.638, "2014-06-30": -2.575, "2014-03-31": "-2.62100", "2013-12-31": -1.903, "2013-09-30": -1.964, "2013-06-30": -2.152, "2013-03-31": "-1.56100", "2012-12-31": 1.31, "2011-12-31": -6.16}, "Net Change In Intangible Assets": {"2020-09-30": -14.253, "2020-06-30": -16.689, "2020-03-31": "-15.80800", "2019-12-31": -13.973, "2019-09-30": -18.52, "2019-06-30": -18.86, "2019-03-31": "-13.57000", "2018-12-31": -13.477, "2018-09-30": -11.674, "2018-06-30": -18.234, "2018-03-31": "-21.80500", "2017-12-31": -7.44, "2017-09-30": -5.575, "2017-06-30": -5.899, "2017-03-31": "-4.90900", "2016-12-31": -4.235, "2016-09-30": -12.493, "2016-06-30": 0, "2016-03-31": "", "2015-12-31": -12.358, "2015-09-30": 0, "2015-06-30": 0, "2015-03-31": "", "2014-12-31": 0, "2014-09-30": 0, "2014-06-30": 0, "2014-03-31": "", "2013-12-31": 0, "2013-09-30": 0, "2013-06-30": 0, "2013-03-31": "", "2012-12-31": 0, "2011-12-31": 0}, "Net Acquisitions/Divestitures": {"2020-09-30": 0, "2020-06-30": 0.009, "2020-03-31": "-0.95800", "2019-12-31": 0, "2019-09-30": -0.189, "2019-06-30": -387.815, "2019-03-31": "", "2018-12-31": 0, "2018-09-30": 0, "2018-06-30": 0, "2018-03-31": "", "2017-12-31": 0, "2017-09-30": -97.102, "2017-06-30": 0, "2017-03-31": "", "2016-12-31": 0, "2016-09-30": 0, "2016-06-30": 0, "2016-03-31": "", "2015-12-31": 0, "2015-09-30": 0, "2015-06-30": 0, "2015-03-31": "", "2014-12-31": 0, "2014-09-30": 0, "2014-06-30": 0, "2014-03-31": "", "2013-12-31": 0, "2013-09-30": 0, "2013-06-30": 0, "2013-03-31": "", "2012-12-31": 0, "2011-12-31": 0}, "Net Change In Short-term Investments": {"2020-09-30": 0, "2020-06-30": 0, "2020-03-31": "", "2019-12-31": 10, "2019-09-30": -5, "2019-06-30": -2.5, "2019-03-31": "-2.50000", "2018-12-31": 25, "2018-09-30": -25, "2018-06-30": 0, "2018-03-31": "", "2017-12-31": 0, "2017-09-30": 0, "2017-06-30": 0, "2017-03-31": "", "2016-12-31": 0, "2016-09-30": 0, "2016-06-30": 0, "2016-03-31": "", "2015-12-31": 0, "2015-09-30": 0, "2015-06-30": 0, "2015-03-31": "", "2014-12-31": 0, "2014-09-30": 0, "2014-06-30": 0, "2014-03-31": "", "2013-12-31": 0, "2013-09-30": 0, "2013-06-30": 0, "2013-03-31": "", "2012-12-31": 0, "2011-12-31": 0}, "Net Change In Long-Term Investments": {"2020-09-30": 0, "2020-06-30": 0, "2020-03-31": "", "2019-12-31": -10, "2019-09-30": 0, "2019-06-30": 0, "2019-03-31": "25.00000", "2018-12-31": -25, "2018-09-30": 0, "2018-06-30": 0, "2018-03-31": "", "2017-12-31": 0, "2017-09-30": 0, "2017-06-30": 0, "2017-03-31": "", "2016-12-31": 0, "2016-09-30": 0, "2016-06-30": 0, "2016-03-31": "", "2015-12-31": 0, "2015-09-30": 0, "2015-06-30": 0, "2015-03-31": "", "2014-12-31": 0, "2014-09-30": 0, "2014-06-30": 0, "2014-03-31": "", "2013-12-31": 0, "2013-09-30": 0, "2013-06-30": 0, "2013-03-31": "", "2012-12-31": 0, "2011-12-31": 0}, "Net Change In Investments - Total": {"2020-09-30": 0, "2020-06-30": 0, "2020-03-31": "", "2019-12-31": 0, "2019-09-30": -5, "2019-06-30": -2.5, "2019-03-31": "22.50000", "2018-12-31": 0, "2018-09-30": -25, "2018-06-30": 0, "2018-03-31": "", "2017-12-31": 0, "2017-09-30": 0, "2017-06-30": 0, "2017-03-31": "", "2016-12-31": 0, "2016-09-30": 0, "2016-06-30": 0, "2016-03-31": "", "2015-12-31": 0, "2015-09-30": 0, "2015-06-30": 0, "2015-03-31": "", "2014-12-31": 0, "2014-09-30": 0, "2014-06-30": 0, "2014-03-31": "", "2013-12-31": 0, "2013-09-30": 0, "2013-06-30": 0, "2013-03-31": "", "2012-12-31": 0, "2011-12-31": 0}, "Investing Activities - Other": {"2020-09-30": 0.65, "2020-06-30": 0.175, "2020-03-31": "0.10000", "2019-12-31": -0.3, "2019-09-30": 0.15, "2019-06-30": -0.1, "2019-03-31": "0.20000", "2018-12-31": 0, "2018-09-30": -0.175, "2018-06-30": -0.1, "2018-03-31": "", "2017-12-31": -1.133, "2017-09-30": 0, "2017-06-30": 0, "2017-03-31": "", "2016-12-31": -0.142, "2016-09-30": 0.142, "2016-06-30": -0.074, "2016-03-31": "-0.06800", "2015-12-31": -2.081, "2015-09-30": -0.25, "2015-06-30": 0, "2015-03-31": "", "2014-12-31": -0.008, "2014-09-30": 0, "2014-06-30": -0.004, "2014-03-31": "-0.01700", "2013-12-31": -0.05, "2013-09-30": 0, "2013-06-30": 0, "2013-03-31": "", "2012-12-31": -0.27, "2011-12-31": -0.09}, "Cash Flow From Investing Activities": {"2020-09-30": -14.865, "2020-06-30": -18.323, "2020-03-31": "-19.10200", "2019-12-31": -16.388, "2019-09-30": -26.73, "2019-06-30": -414.246, "2019-03-31": "5.96600", "2018-12-31": -17.446, "2018-09-30": -39.752, "2018-06-30": -21.602, "2018-03-31": "-23.66100", "2017-12-31": -14.965, "2017-09-30": -108.152, "2017-06-30": -11.964, "2017-03-31": "-14.29300", "2016-12-31": -8.36, "2016-09-30": -7.55, "2016-06-30": -4.641, "2016-03-31": "-3.96700", "2015-12-31": -5.608, "2015-09-30": -3.799, "2015-06-30": -3.183, "2015-03-31": "-3.35500", "2014-12-31": -3.127, "2014-09-30": -2.638, "2014-06-30": -2.579, "2014-03-31": "-2.63800", "2013-12-31": -1.953, "2013-09-30": -1.964, "2013-06-30": -2.152, "2013-03-31": "-1.56100", "2012-12-31": 1.04, "2011-12-31": -6.25}, "Net Long-Term Debt": {"2020-09-30": -0.097, "2020-06-30": 68.589, "2020-03-31": "-0.35800", "2019-12-31": 0.998, "2019-09-30": 0, "2019-06-30": 243.726, "2019-03-31": "", "2018-12-31": 0, "2018-09-30": 0, "2018-06-30": 0, "2018-03-31": "", "2017-12-31": -0.533, "2017-09-30": -0.984, "2017-06-30": 3.5, "2017-03-31": "", "2016-12-31": 0, "2016-09-30": 0, "2016-06-30": 0, "2016-03-31": "", "2015-12-31": 0, "2015-09-30": 0, "2015-06-30": 0, "2015-03-31": "", "2014-12-31": 0, "2014-09-30": 0, "2014-06-30": 0, "2014-03-31": "", "2013-12-31": 0, "2013-09-30": 0, "2013-06-30": 0, "2013-03-31": "", "2012-12-31": 0, "2011-12-31": 0}, "Net Current Debt": {"2020-09-30": 0, "2020-06-30": 0, "2020-03-31": "", "2019-12-31": 0, "2019-09-30": 0, "2019-06-30": 0, "2019-03-31": "", "2018-12-31": 0, "2018-09-30": 0, "2018-06-30": 0, "2018-03-31": "", "2017-12-31": 0, "2017-09-30": 0, "2017-06-30": 0, "2017-03-31": "", "2016-12-31": 0, "2016-09-30": 0, "2016-06-30": 0, "2016-03-31": "", "2015-12-31": 0, "2015-09-30": 0, "2015-06-30": 0, "2015-03-31": "", "2014-12-31": 0, "2014-09-30": 0, "2014-06-30": 0, "2014-03-31": "", "2013-12-31": 0, "2013-09-30": 0, "2013-06-30": 0, "2013-03-31": "", "2012-12-31": 0, "2011-12-31": 0}, "Debt Issuance/Retirement Net - Total": {"2020-09-30": -0.097, "2020-06-30": 68.589, "2020-03-31": "-0.35800", "2019-12-31": 0.998, "2019-09-30": 0, "2019-06-30": 243.726, "2019-03-31": "", "2018-12-31": 0, "2018-09-30": 0, "2018-06-30": 0, "2018-03-31": "", "2017-12-31": -0.533, "2017-09-30": -0.984, "2017-06-30": 3.5, "2017-03-31": "", "2016-12-31": 0, "2016-09-30": 0, "2016-06-30": 0, "2016-03-31": "", "2015-12-31": 0, "2015-09-30": 0, "2015-06-30": 0, "2015-03-31": "", "2014-12-31": 0, "2014-09-30": 0, "2014-06-30": 0, "2014-03-31": "", "2013-12-31": 0, "2013-09-30": 0, "2013-06-30": 0, "2013-03-31": "", "2012-12-31": -0.75, "2011-12-31": 0.75}, "Net Common Equity Issued/Repurchased": {"2020-09-30": 301.094, "2020-06-30": 1.441, "2020-03-31": "0.38400", "2019-12-31": 0.177, "2019-09-30": 0.562, "2019-06-30": 0.452, "2019-03-31": "1.92800", "2018-12-31": -0.905, "2018-09-30": 3.517, "2018-06-30": 333.535, "2018-03-31": "2.12000", "2017-12-31": 2.043, "2017-09-30": 191.127, "2017-06-30": 2.39, "2017-03-31": "0.51800", "2016-12-31": 0.535, "2016-09-30": 2.168, "2016-06-30": 1.135, "2016-03-31": "1.02100", "2015-12-31": 0.663, "2015-09-30": 119.558, "2015-06-30": 1.001, "2015-03-31": "1.22600", "2014-12-31": 1.06, "2014-09-30": 0.199, "2014-06-30": 101.063, "2014-03-31": "0.26200", "2013-12-31": 0.391, "2013-09-30": 0.014, "2013-06-30": -0.08, "2013-03-31": "", "2012-12-31": 0, "2011-12-31": 0}, "Net Total Equity Issued/Repurchased": {"2020-09-30": 301.094, "2020-06-30": 1.441, "2020-03-31": "0.38400", "2019-12-31": 0.177, "2019-09-30": 0.562, "2019-06-30": 0.452, "2019-03-31": "1.92800", "2018-12-31": -0.905, "2018-09-30": 3.517, "2018-06-30": 333.535, "2018-03-31": "2.12000", "2017-12-31": 2.043, "2017-09-30": 191.127, "2017-06-30": 2.39, "2017-03-31": "0.51800", "2016-12-31": 0.535, "2016-09-30": 2.168, "2016-06-30": 1.135, "2016-03-31": "1.02100", "2015-12-31": 0.663, "2015-09-30": 119.558, "2015-06-30": 1.001, "2015-03-31": "1.22600", "2014-12-31": 1.06, "2014-09-30": 0.199, "2014-06-30": 101.063, "2014-03-31": "0.26200", "2013-12-31": 0.212, "2013-09-30": 0.014, "2013-06-30": -0.08, "2013-03-31": "4.99400", "2012-12-31": -4.88, "2011-12-31": 31.51}, "Total Common And Preferred Stock Dividends Paid": {"2020-09-30": 0, "2020-06-30": 0, "2020-03-31": "", "2019-12-31": 0, "2019-09-30": 0, "2019-06-30": 0, "2019-03-31": "", "2018-12-31": 0, "2018-09-30": 0, "2018-06-30": 0, "2018-03-31": "", "2017-12-31": 0, "2017-09-30": 0, "2017-06-30": 0, "2017-03-31": "", "2016-12-31": 0, "2016-09-30": 0, "2016-06-30": 0, "2016-03-31": "", "2015-12-31": 0, "2015-09-30": 0, "2015-06-30": 0, "2015-03-31": "", "2014-12-31": 0, "2014-09-30": 0, "2014-06-30": 0, "2014-03-31": "", "2013-12-31": 0, "2013-09-30": 0, "2013-06-30": 0, "2013-03-31": "", "2012-12-31": 0, "2011-12-31": 0}, "Financial Activities - Other": {"2020-09-30": -0.006, "2020-06-30": 0.388, "2020-03-31": "-2.50000", "2019-12-31": 0.589, "2019-09-30": 1.88, "2019-06-30": -4.511, "2019-03-31": "-1.28300", "2018-12-31": 3.12, "2018-09-30": -4.943, "2018-06-30": -2.405, "2018-03-31": "-1.00200", "2017-12-31": 0.001, "2017-09-30": -0.019, "2017-06-30": -0.824, "2017-03-31": "-0.46700", "2016-12-31": -0.004, "2016-09-30": -0.013, "2016-06-30": -0.182, "2016-03-31": "-0.35100", "2015-12-31": 0, "2015-09-30": 0, "2015-06-30": 0, "2015-03-31": "-0.43600", "2014-12-31": 0, "2014-09-30": 0, "2014-06-30": 1.411, "2014-03-31": "-1.41100", "2013-12-31": 0, "2013-09-30": 0, "2013-06-30": 0, "2013-03-31": "", "2012-12-31": 0, "2011-12-31": 0}, "Cash Flow From Financial Activities": {"2020-09-30": 300.991, "2020-06-30": 70.418, "2020-03-31": "-2.47400", "2019-12-31": 1.764, "2019-09-30": 2.442, "2019-06-30": 239.667, "2019-03-31": "0.64500", "2018-12-31": 2.215, "2018-09-30": -1.426, "2018-06-30": 331.13, "2018-03-31": "1.11800", "2017-12-31": 1.511, "2017-09-30": 190.124, "2017-06-30": 5.066, "2017-03-31": "0.05100", "2016-12-31": 0.531, "2016-09-30": 2.155, "2016-06-30": 0.953, "2016-03-31": "0.67000", "2015-12-31": 0.663, "2015-09-30": 119.558, "2015-06-30": 1.001, "2015-03-31": "0.79000", "2014-12-31": 1.06, "2014-09-30": 0.199, "2014-06-30": 102.474, "2014-03-31": "-1.14900", "2013-12-31": 0.212, "2013-09-30": 0.014, "2013-06-30": -0.08, "2013-03-31": "4.99400", "2012-12-31": -5.63, "2011-12-31": 32.26}, "Net Cash Flow": {"2020-09-30": 286.533, "2020-06-30": 55.545, "2020-03-31": "-32.38300", "2019-12-31": 19.039, "2019-09-30": -62.654, "2019-06-30": -190.122, "2019-03-31": "-26.16600", "2018-12-31": 7.546, "2018-09-30": -46.608, "2018-06-30": 306.724, "2018-03-31": "-41.26000", "2017-12-31": 20.936, "2017-09-30": 64.012, "2017-06-30": -4.467, "2017-03-31": "-25.84100", "2016-12-31": 11.803, "2016-09-30": -31.324, "2016-06-30": 1.541, "2016-03-31": "2.98100", "2015-12-31": 8.405, "2015-09-30": 87.1, "2015-06-30": 5.147, "2015-03-31": "-3.85200", "2014-12-31": 6.371, "2014-09-30": -24.204, "2014-06-30": 99.063, "2014-03-31": "-1.31300", "2013-12-31": -0.38, "2013-09-30": -17.875, "2013-06-30": -4.247, "2013-03-31": "4.33200", "2012-12-31": -6.16, "2011-12-31": 7.39}, "Stock-Based Compensation": {"2020-09-30": 22.001, "2020-06-30": 21.091, "2020-03-31": "20.87000", "2019-12-31": 15.418, "2019-09-30": 16.535, "2019-06-30": 9.967, "2019-03-31": "9.58400", "2018-12-31": 7.346, "2018-09-30": 7.933, "2018-06-30": 9.009, "2018-03-31": "7.12200", "2017-12-31": 6.393, "2017-09-30": 6.147, "2017-06-30": 5.495, "2017-03-31": "3.89500", "2016-12-31": 4.23, "2016-09-30": 4.073, "2016-06-30": 3.976, "2016-03-31": "3.54400", "2015-12-31": 3.282, "2015-09-30": 3.302, "2015-06-30": 3.867, "2015-03-31": "2.04800", "2014-12-31": 2.041, "2014-09-30": 2.247, "2014-06-30": 2.044, "2014-03-31": "1.19500", "2013-12-31": 0.719, "2013-09-30": 0.639, "2013-06-30": 0.632, "2013-03-31": "0.43600", "2012-12-31": 0, "2011-12-31": 0}, "Common Stock Dividends Paid": {"2020-09-30": 0, "2020-06-30": 0, "2020-03-31": "", "2019-12-31": 0, "2019-09-30": 0, "2019-06-30": 0, "2019-03-31": "", "2018-12-31": 0, "2018-09-30": 0, "2018-06-30": 0, "2018-03-31": "", "2017-12-31": 0, "2017-09-30": 0, "2017-06-30": 0, "2017-03-31": "", "2016-12-31": 0, "2016-09-30": 0, "2016-06-30": 0, "2016-03-31": "", "2015-12-31": 0, "2015-09-30": 0, "2015-06-30": 0, "2015-03-31": "", "2014-12-31": 0, "2014-09-30": 0, "2014-06-30": 0, "2014-03-31": "", "2013-12-31": 0, "2013-09-30": 0, "2013-06-30": 0, "2013-03-31": "", "2012-12-31": 0, "2011-12-31": 0}}, "financial ratios": {"Current Ratio": {"2019-12-31": "1.67320", "2018-12-31": "7.61800", "2017-12-31": "4.27680", "2016-12-31": "4.49730", "2015-12-31": "5.91790", "2014-12-31": "3.78610", "2013-12-31": "0.55370", "2012-12-31": "2.44040", "2011-12-31": ""}, "Long-term Debt / Capital": {"2019-12-31": "0.25750", "2018-12-31": "0.00490", "2017-12-31": "0.05520", "2016-12-31": "0.03760", "2015-12-31": "", "2014-12-31": "", "2013-12-31": "", "2012-12-31": "", "2011-12-31": ""}, "Debt/Equity Ratio": {"2019-12-31": "0.34670", "2018-12-31": "0.00500", "2017-12-31": "0.05840", "2016-12-31": "0.03900", "2015-12-31": "", "2014-12-31": "", "2013-12-31": "", "2012-12-31": "", "2011-12-31": ""}, "Gross Margin": {"2019-12-31": "82.79190", "2018-12-31": "83.67940", "2017-12-31": "82.29590", "2016-12-31": "80.09270", "2015-12-31": "78.66290", "2014-12-31": "75.63660", "2013-12-31": "72.67070", "2012-12-31": "73.28870", "2011-12-31": "58.63180"}, "Operating Margin": {"2019-12-31": "-42.93860", "2018-12-31": "-11.30250", "2017-12-31": "-10.51010", "2016-12-31": "-10.21650", "2015-12-31": "-17.37620", "2014-12-31": "-25.28870", "2013-12-31": "-33.69060", "2012-12-31": "-41.30000", "2011-12-31": "-83.75880"}, "EBIT Margin": {"2019-12-31": "-42.93860", "2018-12-31": "-11.30250", "2017-12-31": "-10.51010", "2016-12-31": "-10.21650", "2015-12-31": "-17.37620", "2014-12-31": "-25.28870", "2013-12-31": "-33.69060", "2012-12-31": "-41.30000", "2011-12-31": "-83.75880"}, "EBITDA Margin": {"2019-12-31": "-30.78510", "2018-12-31": "-3.34050", "2017-12-31": "-3.66660", "2016-12-31": "-5.48030", "2015-12-31": "-12.56910", "2014-12-31": "-20.23420", "2013-12-31": "-28.47570", "2012-12-31": "-36.03320", "2011-12-31": "-78.54240"}, "Pre-Tax Profit Margin": {"2019-12-31": "-44.38750", "2018-12-31": "-10.49060", "2017-12-31": "-10.71310", "2016-12-31": "-10.04740", "2015-12-31": "-17.79900", "2014-12-31": "-26.30560", "2013-12-31": "-33.62690", "2012-12-31": "-41.36260", "2011-12-31": "-83.67130"}, "Net Profit Margin": {"2019-12-31": "-40.93160", "2018-12-31": "-9.30860", "2017-12-31": "-10.26080", "2016-12-31": "-10.04740", "2015-12-31": "-17.79900", "2014-12-31": "-26.38630", "2013-12-31": "-34.04430", "2012-12-31": "-41.96930", "2011-12-31": "-84.72740"}, "Asset Turnover": {"2019-12-31": "0.48420", "2018-12-31": "0.51000", "2017-12-31": "0.59480", "2016-12-31": "0.84260", "2015-12-31": "0.65010", "2014-12-31": "0.97520", "2013-12-31": "2.90130", "2012-12-31": "1.40130", "2011-12-31": ""}, "Inventory Turnover Ratio": {"2019-12-31": "", "2018-12-31": "", "2017-12-31": "", "2016-12-31": "", "2015-12-31": "", "2014-12-31": "", "2013-12-31": "", "2012-12-31": "", "2011-12-31": ""}, "Receiveable Turnover": {"2019-12-31": "17.07540", "2018-12-31": "12.61700", "2017-12-31": "20.23090", "2016-12-31": "26.19140", "2015-12-31": "154.04510", "2014-12-31": "314.96860", "2013-12-31": "45.30080", "2012-12-31": "225.31860", "2011-12-31": ""}, "Days Sales In Receivables": {"2019-12-31": "21.37580", "2018-12-31": "28.92920", "2017-12-31": "18.04180", "2016-12-31": "13.93590", "2015-12-31": "2.36940", "2014-12-31": "1.15880", "2013-12-31": "8.05730", "2012-12-31": "1.61990", "2011-12-31": ""}, "ROE - Return On Equity": {"2019-12-31": "-33.07160", "2018-12-31": "-5.43680", "2017-12-31": "-7.58650", "2016-12-31": "-10.59430", "2015-12-31": "-13.65400", "2014-12-31": "-32.94930", "2013-12-31": "30.37580", "2012-12-31": "34.86330", "2011-12-31": ""}, "Return On Tangible Equity": {"2019-12-31": "585.49270", "2018-12-31": "-7.56680", "2017-12-31": "-13.07210", "2016-12-31": "-12.83880", "2015-12-31": "-13.65400", "2014-12-31": "-32.94930", "2013-12-31": "-464.10420", "2012-12-31": "-87.51610", "2011-12-31": ""}, "ROA - Return On Assets": {"2019-12-31": "-19.81940", "2018-12-31": "-4.74760", "2017-12-31": "-6.10360", "2016-12-31": "-8.46590", "2015-12-31": "-11.57070", "2014-12-31": "-25.65400", "2013-12-31": "-97.56040", "2012-12-31": "-57.96070", "2011-12-31": ""}, "ROI - Return On Investment": {"2019-12-31": "-24.55680", "2018-12-31": "-5.41000", "2017-12-31": "-7.16800", "2016-12-31": "-10.19640", "2015-12-31": "-13.65400", "2014-12-31": "-32.94930", "2013-12-31": "-464.10430", "2012-12-31": "-87.51610", "2011-12-31": ""}, "Book Value Per Share": {"2019-12-31": "11.18860", "2018-12-31": "12.16200", "2017-12-31": "7.38640", "2016-12-31": "4.14060", "2015-12-31": "4.27710", "2014-12-31": "2.16060", "2013-12-31": "0.78950", "2012-12-31": "3.57570", "2011-12-31": ""}, "Operating Cash Flow Per Share": {"2019-12-31": -0.7907, "2018-12-31": -0.2211, "2017-12-31": 0.0534, "2016-12-31": 0.3303, "2015-12-31": 0.1458, "2014-12-31": 1.7458, "2013-12-31": 0.7583, "2012-12-31": -0.0822, "2011-12-31": -2.7862}, "Free Cash Flow Per Share": {"2019-12-31": -0.7945, "2018-12-31": 0.1208, "2017-12-31": -0.3392, "2016-12-31": 0.1958, "2015-12-31": 0.4577, "2014-12-31": 2.4242, "2013-12-31": 0.428, "2012-12-31": 0.1515, "2011-12-31": -3.7095}}, "financial ratios, quarterly": {"Current Ratio": {"2020-09-30": "2.57370", "2020-06-30": "1.52600", "2020-03-31": "1.35160", "2019-12-31": "1.67320", "2019-09-30": "1.78750", "2019-06-30": "2.18790", "2019-03-31": "5.10720", "2018-12-31": "7.61800", "2018-09-30": "6.30710", "2018-06-30": "5.71270", "2018-03-31": "2.89230", "2017-12-31": "4.27680", "2017-09-30": "3.48500", "2017-06-30": "3.28310", "2017-03-31": "3.55460", "2016-12-31": "4.49730", "2016-09-30": "4.88890", "2016-06-30": "4.02930", "2016-03-31": "5.25840", "2015-12-31": "5.91790", "2015-09-30": "5.95370", "2015-06-30": "2.34410", "2015-03-31": "3.06240", "2014-12-31": "3.78610", "2014-09-30": "3.92730", "2014-06-30": "3.39860", "2014-03-31": "0.36000", "2013-12-31": "0.55370", "2013-09-30": "", "2013-06-30": "", "2013-03-31": "", "2012-12-31": "", "2011-12-31": ""}, "Long-term Debt / Capital": {"2020-09-30": "0.21990", "2020-06-30": "0.27920", "2020-03-31": "0.27150", "2019-12-31": "0.25750", "2019-09-30": "0.25120", "2019-06-30": "0.22180", "2019-03-31": "", "2018-12-31": "0.00490", "2018-09-30": "0.03430", "2018-06-30": "0.03430", "2018-03-31": "0.05740", "2017-12-31": "0.05520", "2017-09-30": "0.04550", "2017-06-30": "0.07370", "2017-03-31": "0.06580", "2016-12-31": "0.03760", "2016-09-30": "", "2016-06-30": "", "2016-03-31": "", "2015-12-31": "", "2015-09-30": "", "2015-06-30": "", "2015-03-31": "", "2014-12-31": "", "2014-09-30": "", "2014-06-30": "", "2014-03-31": "", "2013-12-31": "", "2013-09-30": "", "2013-06-30": "", "2013-03-31": "", "2012-12-31": "", "2011-12-31": ""}, "Debt/Equity Ratio": {"2020-09-30": "0.28190", "2020-06-30": "0.38730", "2020-03-31": "0.37270", "2019-12-31": "0.34670", "2019-09-30": "0.33540", "2019-06-30": "0.28510", "2019-03-31": "", "2018-12-31": "0.00500", "2018-09-30": "0.03550", "2018-06-30": "0.03550", "2018-03-31": "0.06090", "2017-12-31": "0.05840", "2017-09-30": "0.04770", "2017-06-30": "0.07960", "2017-03-31": "0.07050", "2016-12-31": "0.03900", "2016-09-30": "", "2016-06-30": "", "2016-03-31": "", "2015-12-31": "", "2015-09-30": "", "2015-06-30": "", "2015-03-31": "", "2014-12-31": "", "2014-09-30": "", "2014-06-30": "", "2014-03-31": "", "2013-12-31": "", "2013-09-30": "", "2013-06-30": "", "2013-03-31": "", "2012-12-31": "", "2011-12-31": ""}, "Gross Margin": {"2020-09-30": "83.81880", "2020-06-30": "83.41750", "2020-03-31": "82.60020", "2019-12-31": "83.22570", "2019-09-30": "82.21630", "2019-06-30": "82.28790", "2019-03-31": "83.49560", "2018-12-31": "84.28520", "2018-09-30": "84.49370", "2018-06-30": "82.24550", "2018-03-31": "83.49410", "2017-12-31": "84.48860", "2017-09-30": "81.58150", "2017-06-30": "79.29380", "2017-03-31": "83.14800", "2016-12-31": "81.06540", "2016-09-30": "80.07890", "2016-06-30": "79.10810", "2016-03-31": "79.95110", "2015-12-31": "79.77200", "2015-09-30": "78.84990", "2015-06-30": "77.57250", "2015-03-31": "78.18680", "2014-12-31": "77.20120", "2014-09-30": "76.77330", "2014-06-30": "71.71030", "2014-03-31": "76.27220", "2013-12-31": "8.42640", "2013-09-30": "71.50110", "2013-06-30": "69.73940", "2013-03-31": "73.77440", "2012-12-31": "", "2011-12-31": ""}, "Operating Margin": {"2020-09-30": "-22.83100", "2020-06-30": "-26.85740", "2020-03-31": "-30.72160", "2019-12-31": "-25.33180", "2019-09-30": "-87.75210", "2019-06-30": "-33.98760", "2019-03-31": "-19.97730", "2018-12-31": "2.87420", "2018-09-30": "-11.08510", "2018-06-30": "-22.55320", "2018-03-31": "-17.35760", "2017-12-31": "0.03000", "2017-09-30": "-22.42560", "2017-06-30": "-16.57820", "2017-03-31": "-5.60710", "2016-12-31": "-4.13600", "2016-09-30": "-13.07740", "2016-06-30": "-17.14320", "2016-03-31": "-7.26330", "2015-12-31": "-7.67830", "2015-09-30": "-21.24180", "2015-06-30": "-27.03900", "2015-03-31": "-15.51490", "2014-12-31": "-12.77150", "2014-09-30": "-25.31420", "2014-06-30": "-42.40220", "2014-03-31": "-23.79990", "2013-12-31": "-21.07410", "2013-09-30": "-49.45120", "2013-06-30": "-47.67000", "2013-03-31": "-19.65090", "2012-12-31": "", "2011-12-31": ""}, "EBIT Margin": {"2020-09-30": "-22.83100", "2020-06-30": "-26.85740", "2020-03-31": "-30.72160", "2019-12-31": "-25.33180", "2019-09-30": "-87.75210", "2019-06-30": "-33.98760", "2019-03-31": "-19.97730", "2018-12-31": "2.87420", "2018-09-30": "-11.08510", "2018-06-30": "-22.55320", "2018-03-31": "-17.35760", "2017-12-31": "0.03000", "2017-09-30": "-22.42560", "2017-06-30": "-16.57820", "2017-03-31": "-5.60710", "2016-12-31": "-4.13600", "2016-09-30": "-13.07740", "2016-06-30": "-17.14320", "2016-03-31": "-7.26330", "2015-12-31": "-7.67830", "2015-09-30": "-21.24180", "2015-06-30": "-27.03900", "2015-03-31": "-15.51490", "2014-12-31": "-12.77150", "2014-09-30": "-25.31420", "2014-06-30": "-42.40220", "2014-03-31": "-23.79990", "2013-12-31": "-21.07410", "2013-09-30": "-49.45120", "2013-06-30": "-47.67000", "2013-03-31": "-19.65090", "2012-12-31": "", "2011-12-31": ""}, "EBITDA Margin": {"2020-09-30": "", "2020-06-30": "", "2020-03-31": "", "2019-12-31": "", "2019-09-30": "", "2019-06-30": "", "2019-03-31": "", "2018-12-31": "", "2018-09-30": "", "2018-06-30": "", "2018-03-31": "", "2017-12-31": "", "2017-09-30": "", "2017-06-30": "", "2017-03-31": "", "2016-12-31": "", "2016-09-30": "", "2016-06-30": "", "2016-03-31": "", "2015-12-31": "", "2015-09-30": "", "2015-06-30": "", "2015-03-31": "", "2014-12-31": "", "2014-09-30": "", "2014-06-30": "", "2014-03-31": "", "2013-12-31": "", "2013-09-30": "", "2013-06-30": "", "2013-03-31": "", "2012-12-31": "", "2011-12-31": ""}, "Pre-Tax Profit Margin": {"2020-09-30": "-26.21730", "2020-06-30": "-36.41750", "2020-03-31": "-34.85370", "2019-12-31": "-27.89960", "2019-09-30": "-91.28730", "2019-06-30": "-34.44760", "2019-03-31": "-18.40320", "2018-12-31": "4.49370", "2018-09-30": "-9.68370", "2018-06-30": "-22.49160", "2018-03-31": "-17.44430", "2017-12-31": "0.21460", "2017-09-30": "-22.36730", "2017-06-30": "-18.08450", "2017-03-31": "-5.30470", "2016-12-31": "-3.85180", "2016-09-30": "-13.00620", "2016-06-30": "-16.97620", "2016-03-31": "-7.12420", "2015-12-31": "-7.86090", "2015-09-30": "-22.20160", "2015-06-30": "-27.32850", "2015-03-31": "-15.79800", "2014-12-31": "-13.06090", "2014-09-30": "-25.82810", "2014-06-30": "-42.81850", "2014-03-31": "-26.77350", "2013-12-31": "-20.92490", "2013-09-30": "-49.43170", "2013-06-30": "-47.58980", "2013-03-31": "-19.57770", "2012-12-31": "", "2011-12-31": ""}, "Net Profit Margin": {"2020-09-30": "-26.13680", "2020-06-30": "-36.21880", "2020-03-31": "-34.25250", "2019-12-31": "-27.32230", "2019-09-30": "-91.75150", "2019-06-30": "-20.64950", "2019-03-31": "-17.63340", "2018-12-31": "4.19830", "2018-09-30": "-9.29670", "2018-06-30": "-18.83230", "2018-03-31": "-16.11370", "2017-12-31": "0.58720", "2017-09-30": "-20.98080", "2017-06-30": "-18.08450", "2017-03-31": "-5.30470", "2016-12-31": "-3.85180", "2016-09-30": "-13.00620", "2016-06-30": "-16.97620", "2016-03-31": "-7.12420", "2015-12-31": "-7.86090", "2015-09-30": "-22.20160", "2015-06-30": "-27.32850", "2015-03-31": "-15.79800", "2014-12-31": "-13.06090", "2014-09-30": "-25.82810", "2014-06-30": "-42.82660", "2014-03-31": "-27.10390", "2013-12-31": "-20.88050", "2013-09-30": "-49.85610", "2013-06-30": "-48.05520", "2013-03-31": "-20.03240", "2012-12-31": "", "2011-12-31": ""}, "Asset Turnover": {"2020-09-30": "0.12950", "2020-06-30": "0.14820", "2020-03-31": "0.14850", "2019-12-31": "0.13750", "2019-09-30": "0.12670", "2019-06-30": "0.10170", "2019-03-31": "0.14140", "2018-12-31": "0.14260", "2018-09-30": "0.13180", "2018-06-30": "0.11800", "2018-03-31": "0.18310", "2017-12-31": "0.17980", "2017-09-30": "0.14750", "2017-06-30": "0.24810", "2017-03-31": "0.24870", "2016-12-31": "0.23470", "2016-09-30": "0.22150", "2016-06-30": "0.19980", "2016-03-31": "0.20040", "2015-12-31": "0.18720", "2015-09-30": "0.16230", "2015-06-30": "0.28620", "2015-03-31": "0.29570", "2014-12-31": "0.27210", "2014-09-30": "0.24890", "2014-06-30": "0.19350", "2014-03-31": "0.87540", "2013-12-31": "0.86570", "2013-09-30": "", "2013-06-30": "", "2013-03-31": "", "2012-12-31": "", "2011-12-31": ""}, "Inventory Turnover Ratio": {"2020-09-30": "", "2020-06-30": "", "2020-03-31": "", "2019-12-31": "", "2019-09-30": "", "2019-06-30": "", "2019-03-31": "", "2018-12-31": "", "2018-09-30": "", "2018-06-30": "", "2018-03-31": "", "2017-12-31": "", "2017-09-30": "", "2017-06-30": "", "2017-03-31": "", "2016-12-31": "", "2016-09-30": "", "2016-06-30": "", "2016-03-31": "", "2015-12-31": "", "2015-09-30": "", "2015-06-30": "", "2015-03-31": "", "2014-12-31": "", "2014-09-30": "", "2014-06-30": "", "2014-03-31": "", "2013-12-31": "", "2013-09-30": "", "2013-06-30": "", "2013-03-31": "", "2012-12-31": "", "2011-12-31": ""}, "Receiveable Turnover": {"2020-09-30": "2.09980", "2020-06-30": "2.55220", "2020-03-31": "2.32700", "2019-12-31": "4.84860", "2019-09-30": "1.81370", "2019-06-30": "1.89250", "2019-03-31": "1.73970", "2018-12-31": "3.52660", "2018-09-30": "2.15430", "2018-06-30": "1.94730", "2018-03-31": "2.29060", "2017-12-31": "6.11530", "2017-09-30": "1.65950", "2017-06-30": "2.77450", "2017-03-31": "2.26110", "2016-12-31": "7.29640", "2016-09-30": "2.47740", "2016-06-30": "9.36860", "2016-03-31": "37.59430", "2015-12-31": "44.36100", "2015-09-30": "2.92340", "2015-06-30": "8.02140", "2015-03-31": "8.04000", "2014-12-31": "87.87430", "2014-09-30": "2.82990", "2014-06-30": "37.77710", "2014-03-31": "41.66460", "2013-12-31": "13.51660", "2013-09-30": "", "2013-06-30": "", "2013-03-31": "", "2012-12-31": "", "2011-12-31": ""}, "Days Sales In Receivables": {"2020-09-30": "42.86030", "2020-06-30": "35.26360", "2020-03-31": "38.67690", "2019-12-31": "18.56220", "2019-09-30": "49.62180", "2019-06-30": "47.55630", "2019-03-31": "51.73340", "2018-12-31": "25.52010", "2018-09-30": "41.77700", "2018-06-30": "46.21900", "2018-03-31": "39.29110", "2017-12-31": "14.71720", "2017-09-30": "54.23320", "2017-06-30": "32.43850", "2017-03-31": "39.80440", "2016-12-31": "12.33480", "2016-09-30": "36.32910", "2016-06-30": "9.60660", "2016-03-31": "2.39400", "2015-12-31": "2.02880", "2015-09-30": "30.78620", "2015-06-30": "11.22000", "2015-03-31": "11.19410", "2014-12-31": "1.02420", "2014-09-30": "31.80270", "2014-06-30": "2.38240", "2014-03-31": "2.16010", "2013-12-31": "6.65850", "2013-09-30": "", "2013-06-30": "", "2013-03-31": "", "2012-12-31": "", "2011-12-31": ""}, "ROE - Return On Equity": {"2020-09-30": "-5.52290", "2020-06-30": "-9.73950", "2020-03-31": "-9.15860", "2019-12-31": "-6.26840", "2019-09-30": "-19.24980", "2019-06-30": "-3.24860", "2019-03-31": "-3.10310", "2018-12-31": "0.68540", "2018-09-30": "-1.43670", "2018-06-30": "-2.64580", "2018-03-31": "-3.85430", "2017-12-31": "0.13120", "2017-09-30": "-3.98880", "2017-06-30": "-6.15230", "2017-03-31": "-1.75690", "2016-12-31": "-1.13140", "2016-09-30": "-3.50730", "2016-06-30": "-4.31490", "2016-03-31": "-1.71900", "2015-12-31": "-1.73660", "2015-09-30": "-4.22490", "2015-06-30": "-11.94510", "2015-03-31": "-6.40420", "2014-12-31": "-4.56420", "2014-09-30": "-8.25060", "2014-06-30": "-11.29310", "2014-03-31": "7.21970", "2013-12-31": "5.62790", "2013-09-30": "", "2013-06-30": "", "2013-03-31": "", "2012-12-31": "", "2011-12-31": ""}, "Return On Tangible Equity": {"2020-09-30": "-23.12020", "2020-06-30": "139.21700", "2020-03-31": "81.85940", "2019-12-31": "110.97430", "2019-09-30": "813.69900", "2019-06-30": "-84.67910", "2019-03-31": "-4.41550", "2018-12-31": "0.95390", "2018-09-30": "-1.99490", "2018-06-30": "-3.65110", "2018-03-31": "-7.59340", "2017-12-31": "0.22610", "2017-09-30": "-6.78850", "2017-06-30": "-6.15230", "2017-03-31": "-1.75690", "2016-12-31": "-1.37110", "2016-09-30": "-3.50730", "2016-06-30": "-4.31490", "2016-03-31": "-1.71900", "2015-12-31": "-1.73660", "2015-09-30": "-4.22490", "2015-06-30": "-11.94510", "2015-03-31": "-6.40420", "2014-12-31": "-4.56420", "2014-09-30": "-8.25060", "2014-06-30": "-11.29310", "2014-03-31": "-1453.60600", "2013-12-31": "-85.98700", "2013-09-30": "", "2013-06-30": "", "2013-03-31": "", "2012-12-31": "", "2011-12-31": ""}, "ROA - Return On Assets": {"2020-09-30": "-3.38450", "2020-06-30": "-5.36830", "2020-03-31": "-5.08530", "2019-12-31": "-3.75660", "2019-09-30": "-11.62780", "2019-06-30": "-2.10040", "2019-03-31": "-2.49350", "2018-12-31": "0.59850", "2018-09-30": "-1.22540", "2018-06-30": "-2.22260", "2018-03-31": "-2.95000", "2017-12-31": "0.10560", "2017-09-30": "-3.09420", "2017-06-30": "-4.48670", "2017-03-31": "-1.31920", "2016-12-31": "-0.90410", "2016-09-30": "-2.88100", "2016-06-30": "-3.39130", "2016-03-31": "-1.42790", "2015-12-31": "-1.47160", "2015-09-30": "-3.60290", "2015-06-30": "-7.82270", "2015-03-31": "-4.67150", "2014-12-31": "-3.55360", "2014-09-30": "-6.42960", "2014-06-30": "-8.28640", "2014-03-31": "-23.43830", "2013-12-31": "-18.07550", "2013-09-30": "", "2013-06-30": "", "2013-03-31": "", "2012-12-31": "", "2011-12-31": ""}, "ROI - Return On Investment": {"2020-09-30": "-4.30840", "2020-06-30": "-7.02040", "2020-03-31": "-6.67210", "2019-12-31": "-4.65450", "2019-09-30": "-14.41520", "2019-06-30": "-2.52800", "2019-03-31": "-3.10310", "2018-12-31": "0.68200", "2018-09-30": "-1.38750", "2018-06-30": "-2.55510", "2018-03-31": "-3.63310", "2017-12-31": "0.12400", "2017-09-30": "-3.80720", "2017-06-30": "-5.69880", "2017-03-31": "-1.64120", "2016-12-31": "-1.08890", "2016-09-30": "-3.50730", "2016-06-30": "-4.31490", "2016-03-31": "-1.71900", "2015-12-31": "-1.73660", "2015-09-30": "-4.22490", "2015-06-30": "-11.94510", "2015-03-31": "-6.40420", "2014-12-31": "-4.56420", "2014-09-30": "-8.25060", "2014-06-30": "-11.29310", "2014-03-31": "-1453.60800", "2013-12-31": "-85.98710", "2013-09-30": "", "2013-06-30": "", "2013-03-31": "", "2012-12-31": "", "2011-12-31": ""}, "Book Value Per Share": {"2020-09-30": "13.34700", "2020-06-30": "10.56550", "2020-03-31": "10.30220", "2019-12-31": "11.18860", "2019-09-30": "11.56440", "2019-06-30": "13.61750", "2019-03-31": "11.93690", "2018-12-31": "12.16200", "2018-09-30": "11.95280", "2018-06-30": "12.09870", "2018-03-31": "7.30110", "2017-12-31": "7.38640", "2017-09-30": "7.08750", "2017-06-30": "3.99200", "2017-03-31": "4.13420", "2016-12-31": "4.14060", "2016-09-30": "4.09540", "2016-06-30": "4.14340", "2016-03-31": "4.25010", "2015-12-31": "4.27710", "2015-09-30": "4.28150", "2015-06-30": "1.94250", "2015-03-31": "2.07180", "2014-12-31": "2.16060", "2014-09-30": "2.20410", "2014-06-30": "2.33040", "2014-03-31": "0.06240", "2013-12-31": "0.78950", "2013-09-30": "", "2013-06-30": "", "2013-03-31": "", "2012-12-31": "", "2011-12-31": ""}, "Operating Cash Flow Per Share": {"2020-09-30": 0.0037, "2020-06-30": 0.0513, "2020-03-31": "-0.15500", "2019-12-31": 0.5054, "2019-09-30": -0.5597, "2019-06-30": -0.2328, "2019-03-31": "-0.55950", "2018-12-31": 0.3957, "2018-09-30": -0.0842, "2018-06-30": -0.01, "2018-03-31": "-0.35740", "2017-12-31": 0.6978, "2017-09-30": -0.3619, "2017-06-30": 0.0748, "2017-03-31": "-0.24550", "2016-12-31": 0.4193, "2016-09-30": -0.555, "2016-06-30": 0.1109, "2016-03-31": "0.13660", "2015-12-31": 0.3246, "2015-09-30": -0.6892, "2015-06-30": 0.1775, "2015-03-31": "-0.03140", "2014-12-31": 0.1354, "2014-09-30": -0.5415, "2014-06-30": -0.2795, "2014-03-31": "0.32130", "2013-12-31": 0.2153, "2013-09-30": -2.147, "2013-06-30": -0.2726, "2013-03-31": "0.12170", "2012-12-31": 0, "2011-12-31": 0}, "Free Cash Flow Per Share": {"2020-09-30": -0.0103, "2020-06-30": 0.0232, "2020-03-31": "-0.19330", "2019-12-31": 0.4652, "2019-09-30": -0.6037, "2019-06-30": -0.3128, "2019-03-31": "-0.61390", "2018-12-31": 0.3201, "2018-09-30": -0.1302, "2018-06-30": -0.0679, "2018-03-31": "-0.39270", "2017-12-31": 0.5685, "2017-09-30": -0.4652, "2017-06-30": -0.0506, "2017-03-31": "-0.44420", "2016-12-31": 0.3333, "2016-09-30": -0.451, "2016-06-30": 0.0136, "2016-03-31": "0.05180", "2015-12-31": 0.5372, "2015-09-30": -0.7733, "2015-06-30": 0.1013, "2015-03-31": "-0.11330", "2014-12-31": -0.0116, "2014-09-30": -0.6038, "2014-06-30": -0.0713, "2014-03-31": "-0.01910", "2013-12-31": -0.026, "2013-09-30": -2.4107, "2013-06-30": -0.5631, "2013-03-31": "-0.08960", "2012-12-31": 0, "2011-12-31": 0}}, "revenue": {"2U Annual Revenue (Millions of US $)": {"2019": "$575", "2018": "$412", "2017": "$287", "2016": "$206", "2015": "$150", "2014": "$110", "2013": "$83", "2012": "$56", "2011": "$30"}, "2U Quarterly Revenue (Millions of US $)": {"2020-09-30": "$201", "2020-06-30": "$183", "2020-03-31": "$175", "2019-12-31": "$163", "2019-09-30": "$154", "2019-06-30": "$135", "2019-03-31": "$122", "2018-12-31": "$115", "2018-09-30": "$107", "2018-06-30": "$97", "2018-03-31": "$92", "2017-12-31": "$87", "2017-09-30": "$70", "2017-06-30": "$65", "2017-03-31": "$65", "2016-12-31": "$57", "2016-09-30": "$52", "2016-06-30": "$49", "2016-03-31": "$47", "2015-12-31": "$43", "2015-09-30": "$37", "2015-06-30": "$35", "2015-03-31": "$35", "2014-12-31": "$31", "2014-09-30": "$28", "2014-06-30": "$25", "2014-03-31": "$26", "2013-12-31": "$25", "2013-09-30": "$20", "2013-06-30": "$19", "2013-03-31": "$19", "2012-12-31": "", "2011-12-31": ""}}, "gross-profit": {"2U Annual Gross Profit (Millions of US $)": {"2019": "$476", "2018": "$345", "2017": "$236", "2016": "$165", "2015": "$118", "2014": "$83", "2013": "$60", "2012": "$41", "2011": "$17"}, "2U Quarterly Gross Profit (Millions of US $)": {"2020-09-30": "$169", "2020-06-30": "$152", "2020-03-31": "$145", "2019-12-31": "$136", "2019-09-30": "$126", "2019-06-30": "$111", "2019-03-31": "$102", "2018-12-31": "$97", "2018-09-30": "$90", "2018-06-30": "$80", "2018-03-31": "$77", "2017-12-31": "$73", "2017-09-30": "$57", "2017-06-30": "$52", "2017-03-31": "$54", "2016-12-31": "$46", "2016-09-30": "$42", "2016-06-30": "$39", "2016-03-31": "$38", "2015-12-31": "$35", "2015-09-30": "$29", "2015-06-30": "$27", "2015-03-31": "$27", "2014-12-31": "$24", "2014-09-30": "$22", "2014-06-30": "$18", "2014-03-31": "$20", "2013-12-31": "$19", "2013-09-30": "$15", "2013-06-30": "$13", "2013-03-31": "$14", "2012-12-31": "", "2011-12-31": ""}}, "operating-income": {"2U Annual Operating Income (Millions of US $)": {"2019": "$-247", "2018": "$-47", "2017": "$-30", "2016": "$-21", "2015": "$-26", "2014": "$-28", "2013": "$-28", "2012": "$-23", "2011": "$-25"}, "2U Quarterly Operating Income (Millions of US $)": {"2020-09-30": "$-46", "2020-06-30": "$-49", "2020-03-31": "$-54", "2019-12-31": "$-41", "2019-09-30": "$-135", "2019-06-30": "$-46", "2019-03-31": "$-24", "2018-12-31": "$3", "2018-09-30": "$-12", "2018-06-30": "$-22", "2018-03-31": "$-16", "2017-12-31": "$0", "2017-09-30": "$-16", "2017-06-30": "$-11", "2017-03-31": "$-4", "2016-12-31": "$-2", "2016-09-30": "$-7", "2016-06-30": "$-8", "2016-03-31": "$-3", "2015-12-31": "$-3", "2015-09-30": "$-8", "2015-06-30": "$-10", "2015-03-31": "$-5", "2014-12-31": "$-4", "2014-09-30": "$-7", "2014-06-30": "$-10", "2014-03-31": "$-6", "2013-12-31": "$-5", "2013-09-30": "$-10", "2013-06-30": "$-9", "2013-03-31": "$-4", "2012-12-31": "", "2011-12-31": ""}}, "ebitda": {"2U Annual EBITDA (Millions of US $)": {"2019": "$-177", "2018": "$-14", "2017": "$-11", "2016": "$-11", "2015": "$-19", "2014": "$-22", "2013": "$-24", "2012": "$-20", "2011": "$-23"}, "2U Quarterly EBITDA (Millions of US $)": {"2020-09-30": "$-22", "2020-06-30": "$-25", "2020-03-31": "$-30", "2019-12-31": "$-18", "2019-09-30": "$-113", "2019-06-30": "$-31", "2019-03-31": "$-15", "2018-12-31": "$13", "2018-09-30": "$-3", "2018-06-30": "$-15", "2018-03-31": "$-9", "2017-12-31": "$6", "2017-09-30": "$-10", "2017-06-30": "$-7", "2017-03-31": "$0", "2016-12-31": "$0", "2016-09-30": "$-4", "2016-06-30": "$-6", "2016-03-31": "$-1", "2015-12-31": "$-1", "2015-09-30": "$-6", "2015-06-30": "$-8", "2015-03-31": "$-4", "2014-12-31": "$-3", "2014-09-30": "$-6", "2014-06-30": "$-9", "2014-03-31": "$-5", "2013-12-31": "$-4", "2013-09-30": "$-9", "2013-06-30": "$-8", "2013-03-31": "$-3", "2012-12-31": "", "2011-12-31": ""}}, "net-income": {"2U Annual Net Income (Millions of US $)": {"2019": "$-235", "2018": "$-38", "2017": "$-29", "2016": "$-21", "2015": "$-27", "2014": "$-29", "2013": "$-28", "2012": "$-23", "2011": "$-25"}, "2U Quarterly Net Income (Millions of US $)": {"2020-09-30": "$-53", "2020-06-30": "$-66", "2020-03-31": "$-60", "2019-12-31": "$-45", "2019-09-30": "$-141", "2019-06-30": "$-28", "2019-03-31": "$-22", "2018-12-31": "$5", "2018-09-30": "$-10", "2018-06-30": "$-18", "2018-03-31": "$-15", "2017-12-31": "$1", "2017-09-30": "$-15", "2017-06-30": "$-12", "2017-03-31": "$-3", "2016-12-31": "$-2", "2016-09-30": "$-7", "2016-06-30": "$-8", "2016-03-31": "$-3", "2015-12-31": "$-3", "2015-09-30": "$-8", "2015-06-30": "$-10", "2015-03-31": "$-5", "2014-12-31": "$-4", "2014-09-30": "$-7", "2014-06-30": "$-11", "2014-03-31": "$-7", "2013-12-31": "$-5", "2013-09-30": "$-10", "2013-06-30": "$-9", "2013-03-31": "$-4", "2012-12-31": "", "2011-12-31": ""}}, "eps-earnings-per-share-diluted": {"2U Annual EPS": {"2019": "$-3.83", "2018": "$-0.69", "2017": "$-0.60", "2016": "$-0.44", "2015": "$-0.63", "2014": "$-0.91", "2013": "$-3.81", "2012": "$-3.33", "2011": "$-3.77"}, "2U Quarterly EPS": {"2020-09-30": "$-0.77", "2020-06-30": "$-1.03", "2020-03-31": "$-0.94", "2019-12-31": "$-0.77", "2019-09-30": "$-2.23", "2019-06-30": "$-0.46", "2019-03-31": "$-0.37", "2018-12-31": "$0.09", "2018-09-30": "$-0.17", "2018-06-30": "$-0.33", "2018-03-31": "$-0.28", "2017-12-31": "$0.02", "2017-09-30": "$-0.30", "2017-06-30": "$-0.25", "2017-03-31": "$-0.07", "2016-12-31": "$-0.05", "2016-09-30": "$-0.14", "2016-06-30": "$-0.18", "2016-03-31": "$-0.07", "2015-12-31": "$-0.07", "2015-09-30": "$-0.20", "2015-06-30": "$-0.23", "2015-03-31": "$-0.13", "2014-12-31": "$0.47", "2014-09-30": "$-0.18", "2014-06-30": "$-0.27", "2014-03-31": "$-0.93", "2013-12-31": "$-0.70", "2013-09-30": "$-1.38", "2013-06-30": "$-1.21", "2013-03-31": "$-0.52", "2012-12-31": "$0.00", "2011-12-31": "$0.00"}}, "shares-outstanding": {"2U Annual Shares Outstanding (Millions of Shares)": {"2019": "61", "2018": "56", "2017": "49", "2016": "47", "2015": "42", "2014": "32", "2013": "7", "2012": "7", "2011": "7"}, "2U Quarterly Shares Outstanding (Millions of Shares)": {"2020-09-30": "69", "2020-06-30": "64", "2020-03-31": "64", "2019-12-31": "61", "2019-09-30": "63", "2019-06-30": "61", "2019-03-31": "58", "2018-12-31": "56", "2018-09-30": "58", "2018-06-30": "55", "2018-03-31": "53", "2017-12-31": "49", "2017-09-30": "49", "2017-06-30": "48", "2017-03-31": "47", "2016-12-31": "47", "2016-09-30": "47", "2016-06-30": "46", "2016-03-31": "46", "2015-12-31": "42", "2015-09-30": "42", "2015-06-30": "41", "2015-03-31": "41", "2014-12-31": "32", "2014-09-30": "40", "2014-06-30": "39", "2014-03-31": "8", "2013-12-31": "8", "2013-09-30": "7", "2013-06-30": "7", "2013-03-31": "7", "2012-12-31": "", "2011-12-31": ""}}, "total-assets": {"2U Annual Total Assets (Millions of US $)": {"2019": "$1,187", "2018": "$807", "2017": "$482", "2016": "$244", "2015": "$231", "2014": "$113", "2013": "$29", "2012": "$40", "2011": "$0"}, "2U Quarterly Total Assets (Millions of US $)": {"2020-09-30": "$1,553", "2020-06-30": "$1,233", "2020-03-31": "$1,182", "2019-12-31": "$1,187", "2019-09-30": "$1,214", "2019-06-30": "$1,332", "2019-03-31": "$864", "2018-12-31": "$807", "2018-09-30": "$811", "2018-06-30": "$825", "2018-03-31": "$504", "2017-12-31": "$482", "2017-09-30": "$476", "2017-06-30": "$262", "2017-03-31": "$261", "2016-12-31": "$244", "2016-09-30": "$235", "2016-06-30": "$246", "2016-03-31": "$237", "2015-12-31": "$231", "2015-09-30": "$229", "2015-06-30": "$123", "2015-03-31": "$117", "2014-12-31": "$113", "2014-09-30": "$114", "2014-06-30": "$128", "2014-03-31": "$30", "2013-12-31": "$29", "2013-09-30": "$0", "2013-06-30": "$0", "2013-03-31": "$0", "2012-12-31": "$40", "2011-12-31": "$0"}}, "cash-on-hand": {"2U Annual Cash on Hand (Millions of US $)": {"2019": "$190", "2018": "$475", "2017": "$223", "2016": "$169", "2015": "$184", "2014": "$87", "2013": "$7", "2012": "$25", "2011": "$"}, "2U Quarterly Cash on Hand (Millions of US $)": {"2020-09-30": "$500", "2020-06-30": "$213", "2020-03-31": "$157", "2019-12-31": "$190", "2019-09-30": "$171", "2019-06-30": "$233", "2019-03-31": "$424", "2018-12-31": "$475", "2018-09-30": "$467", "2018-06-30": "$489", "2018-03-31": "$182", "2017-12-31": "$223", "2017-09-30": "$202", "2017-06-30": "$138", "2017-03-31": "$143", "2016-12-31": "$169", "2016-09-30": "$157", "2016-06-30": "$188", "2016-03-31": "$187", "2015-12-31": "$184", "2015-09-30": "$175", "2015-06-30": "$88", "2015-03-31": "$83", "2014-12-31": "$87", "2014-09-30": "$81", "2014-06-30": "$105", "2014-03-31": "$6", "2013-12-31": "$7", "2013-09-30": "", "2013-06-30": "", "2013-03-31": "", "2012-12-31": "$25", "2011-12-31": ""}}, "long-term-debt": {"2U Annual Long Term Debt (Millions of US $)": {"2019": "$247", "2018": "$4", "2017": "$23", "2016": "$8", "2015": "$", "2014": "$", "2013": "$", "2012": "$", "2011": "$"}, "2U Quarterly Long Term Debt (Millions of US $)": {"2020-09-30": "$268", "2020-06-30": "$263", "2020-03-31": "$245", "2019-12-31": "$247", "2019-09-30": "$246", "2019-06-30": "$245", "2019-03-31": "", "2018-12-31": "$4", "2018-09-30": "$25", "2018-06-30": "$25", "2018-03-31": "$23", "2017-12-31": "$23", "2017-09-30": "$18", "2017-06-30": "$15", "2017-03-31": "$14", "2016-12-31": "$8", "2016-09-30": "", "2016-06-30": "", "2016-03-31": "", "2015-12-31": "", "2015-09-30": "", "2015-06-30": "", "2015-03-31": "", "2014-12-31": "", "2014-09-30": "", "2014-06-30": "", "2014-03-31": "", "2013-12-31": "", "2013-09-30": "", "2013-06-30": "", "2013-03-31": "", "2012-12-31": "", "2011-12-31": ""}}, "total-liabilities": {"2U Annual Total Liabilities (Millions of US $)": {"2019": "$476", "2018": "$102", "2017": "$94", "2016": "$49", "2015": "$35", "2014": "$25", "2013": "$23", "2012": "$13", "2011": "$0"}, "2U Quarterly Total Liabilities (Millions of US $)": {"2020-09-30": "$601", "2020-06-30": "$553", "2020-03-31": "$526", "2019-12-31": "$476", "2019-09-30": "$481", "2019-06-30": "$471", "2019-03-31": "$170", "2018-12-31": "$102", "2018-09-30": "$119", "2018-06-30": "$132", "2018-03-31": "$118", "2017-12-31": "$94", "2017-09-30": "$107", "2017-06-30": "$71", "2017-03-31": "$65", "2016-12-31": "$49", "2016-09-30": "$42", "2016-06-30": "$53", "2016-03-31": "$40", "2015-12-31": "$35", "2015-09-30": "$34", "2015-06-30": "$42", "2015-03-31": "$32", "2014-12-31": "$25", "2014-09-30": "$25", "2014-06-30": "$34", "2014-03-31": "$30", "2013-12-31": "$23", "2013-09-30": "$0", "2013-06-30": "$0", "2013-03-31": "$0", "2012-12-31": "$13", "2011-12-31": "$0"}}, "total-share-holder-equity": {"2U Annual Share Holder Equity (Millions of US $)": {"2019": "$711", "2018": "$705", "2017": "$388", "2016": "$195", "2015": "$196", "2014": "$88", "2013": "$6", "2012": "$26", "2011": "$0"}, "2U Quarterly Share Holder Equity (Millions of US $)": {"2020-09-30": "$952", "2020-06-30": "$679", "2020-03-31": "$656", "2019-12-31": "$711", "2019-09-30": "$733", "2019-06-30": "$861", "2019-03-31": "$695", "2018-12-31": "$705", "2018-09-30": "$692", "2018-06-30": "$693", "2018-03-31": "$386", "2017-12-31": "$388", "2017-09-30": "$370", "2017-06-30": "$191", "2017-03-31": "$196", "2016-12-31": "$195", "2016-09-30": "$193", "2016-06-30": "$193", "2016-03-31": "$197", "2015-12-31": "$196", "2015-09-30": "$195", "2015-06-30": "$81", "2015-03-31": "$85", "2014-12-31": "$88", "2014-09-30": "$89", "2014-06-30": "$94", "2014-03-31": "$0", "2013-12-31": "$6", "2013-09-30": "$0", "2013-06-30": "$0", "2013-03-31": "$0", "2012-12-31": "$26", "2011-12-31": "$0"}}, "profit-margins": {"current": "-30.92%"}, "gross margin": {"2020-09-30": "83.38%", "2020-06-30": "82.81%", "2020-03-31": "82.62%", "2019-12-31": "82.75%", "2019-09-30": "82.89%", "2019-06-30": "83.51%", "2019-03-31": "83.67%", "2018-12-31": "83.70%", "2018-09-30": "83.55%", "2018-06-30": "82.95%", "2018-03-31": "82.48%", "2017-12-31": "82.23%", "2017-09-30": "81.32%", "2017-06-30": "81.17%", "2017-03-31": "81.17%", "2016-12-31": "80.49%", "2016-09-30": "80.63%", "2016-06-30": "80.11%", "2016-03-31": "79.63%", "2015-12-31": "78.67%", "2015-09-30": "77.54%", "2015-06-30": "77.52%", "2015-03-31": "76.47%", "2014-12-31": "76.36%", "2014-09-30": "75.96%", "2014-06-30": "75.00%", "2014-03-31": "74.44%", "2013-12-31": "73.49%"}, "operating margin": {"2020-09-30": "-26.32%", "2020-06-30": "-41.33%", "2020-03-31": "-44.02%", "2019-12-31": "-42.86%", "2019-09-30": "-38.40%", "2019-06-30": "-16.49%", "2019-03-31": "-12.47%", "2018-12-31": "-11.44%", "2018-09-30": "-13.05%", "2018-06-30": "-15.61%", "2018-03-31": "-13.69%", "2017-12-31": "-10.80%", "2017-09-30": "-12.84%", "2017-06-30": "-10.04%", "2017-03-31": "-9.42%", "2016-12-31": "-9.76%", "2016-09-30": "-10.99%", "2016-06-30": "-12.50%", "2016-03-31": "-14.81%", "2015-12-31": "-17.33%", "2015-09-30": "-19.57%", "2015-06-30": "-20.16%", "2015-03-31": "-21.85%", "2014-12-31": "-24.55%", "2014-09-30": "-26.92%", "2014-06-30": "-32.29%", "2014-03-31": "-33.33%", "2013-12-31": "-33.73%"}, "ebitda margin": {"2020-09-30": "-13.16%", "2020-06-30": "-27.56%", "2020-03-31": "-30.62%", "2019-12-31": "-30.84%", "2019-09-30": "-27.76%", "2019-06-30": "-7.52%", "2019-03-31": "-4.54%", "2018-12-31": "-3.41%", "2018-09-30": "-5.48%", "2018-06-30": "-8.09%", "2018-03-31": "-6.37%", "2017-12-31": "-3.83%", "2017-09-30": "-6.61%", "2017-06-30": "-4.60%", "2017-03-31": "-4.48%", "2016-12-31": "-5.37%", "2016-09-30": "-6.28%", "2016-06-30": "-7.95%", "2016-03-31": "-9.88%", "2015-12-31": "-12.67%", "2015-09-30": "-15.22%", "2015-06-30": "-16.28%", "2015-03-31": "-18.49%", "2014-12-31": "-20.91%", "2014-09-30": "-23.08%", "2014-06-30": "-28.13%", "2014-03-31": "-28.89%", "2013-12-31": "-28.92%"}, "pre tax profit margin": {"2020-09-30": "-31.44%", "2020-06-30": "-46.52%", "2020-03-31": "-46.89%", "2019-12-31": "-44.43%", "2019-09-30": "-38.78%", "2019-06-30": "-15.45%", "2019-03-31": "-11.11%", "2018-12-31": "-10.46%", "2018-09-30": "-12.53%", "2018-06-30": "-15.61%", "2018-03-31": "-14.01%", "2017-12-31": "-10.80%", "2017-09-30": "-12.84%", "2017-06-30": "-10.04%", "2017-03-31": "-8.97%", "2016-12-31": "-9.76%", "2016-09-30": "-10.99%", "2016-06-30": "-12.50%", "2016-03-31": "-14.81%", "2015-12-31": "-17.33%", "2015-09-30": "-19.57%", "2015-06-30": "-20.16%", "2015-03-31": "-22.69%", "2014-12-31": "-26.36%", "2014-09-30": "-28.85%", "2014-06-30": "-34.38%", "2014-03-31": "-34.44%", "2013-12-31": "-33.73%"}, "net profit margin": {"2020-09-30": "-31.02%", "2020-06-30": "-46.22%", "2020-03-31": "-43.70%", "2019-12-31": "-41.11%", "2019-09-30": "-35.36%", "2019-06-30": "-11.48%", "2019-03-31": "-10.20%", "2018-12-31": "-9.25%", "2018-09-30": "-10.97%", "2018-06-30": "-13.58%", "2018-03-31": "-13.06%", "2017-12-31": "-10.10%", "2017-09-30": "-12.45%", "2017-06-30": "-10.04%", "2017-03-31": "-8.97%", "2016-12-31": "-9.76%", "2016-09-30": "-10.99%", "2016-06-30": "-12.50%", "2016-03-31": "-14.81%", "2015-12-31": "-17.33%", "2015-09-30": "-19.57%", "2015-06-30": "-20.16%", "2015-03-31": "-22.69%", "2014-12-31": "-26.36%", "2014-09-30": "-28.85%", "2014-06-30": "-34.38%", "2014-03-31": "-34.44%", "2013-12-31": "-33.73%"}, "pe ratio": {"current": "0.00", "2021-02-05": "0.00", "2020-09-30": "0.00", "2020-06-30": "0.00", "2020-03-31": "0.00", "2019-12-31": "0.00", "2019-09-30": "0.00", "2019-06-30": "0.00", "2019-03-31": "0.00", "2018-12-31": "0.00", "2018-09-30": "0.00", "2018-06-30": "0.00", "2018-03-31": "0.00", "2017-12-31": "0.00", "2017-09-30": "0.00", "2017-06-30": "0.00", "2017-03-31": "0.00", "2016-12-31": "0.00", "2016-09-30": "0.00", "2016-06-30": "0.00", "2016-03-31": "0.00", "2015-12-31": "0.00", "2015-09-30": "0.00", "2015-06-30": "0.00", "2015-03-31": "0.00", "2014-12-31": "0.00"}, "price sales": {"2021-02-05": "4.13", "2020-09-30": "3.02", "2020-06-30": "3.55", "2020-03-31": "2.10", "2019-12-31": "2.55", "2019-09-30": "1.84", "2019-06-30": "4.56", "2019-03-31": "9.09", "2018-12-31": "6.68", "2018-09-30": "10.52", "2018-06-30": "12.43", "2018-03-31": "13.30", "2017-12-31": "10.87", "2017-09-30": "10.38", "2017-06-30": "9.25", "2017-03-31": "8.32", "2016-12-31": "6.81", "2016-09-30": "9.08", "2016-06-30": "7.35", "2016-03-31": "5.96", "2015-12-31": "7.76", "2015-09-30": "10.12", "2015-06-30": "9.58", "2015-03-31": "8.15", "2014-12-31": "3.44"}, "price book": {"current": "3.50", "2021-02-05": "3.46", "2020-09-30": "2.54", "2020-06-30": "3.59", "2020-03-31": "2.06", "2019-12-31": "2.14", "2019-09-30": "1.41", "2019-06-30": "2.76", "2019-03-31": "5.94", "2018-12-31": "4.09", "2018-09-30": "6.29", "2018-06-30": "6.91", "2018-03-31": "11.51", "2017-12-31": "8.73", "2017-09-30": "7.91", "2017-06-30": "11.75", "2017-03-31": "9.59", "2016-12-31": "7.28", "2016-09-30": "9.35", "2016-06-30": "7.10", "2016-03-31": "5.32", "2015-12-31": "6.54", "2015-09-30": "8.38", "2015-06-30": "16.57", "2015-03-31": "12.35", "2014-12-31": "9.10", "2014-09-30": "7.07", "2014-06-30": "7.21", "2014-03-31": "218.75"}, "price fcf": {"2021-02-05": "", "2020-09-30": "$0.28", "2020-06-30": "$-0.31", "2020-03-31": "$-0.64", "2019-12-31": "$-1.07", "2019-09-30": "$-1.21", "2019-06-30": "$-0.74", "2019-03-31": "$-0.49", "2018-12-31": "$-0.27", "2018-09-30": "$-0.02", "2018-06-30": "$-0.36", "2018-03-31": "$-0.34", "2017-12-31": "$-0.39", "2017-09-30": "$-0.63", "2017-06-30": "$-0.61", "2017-03-31": "$-0.55", "2016-12-31": "$-0.05", "2016-09-30": "$0.15", "2016-06-30": "$-0.17", "2016-03-31": "$-0.08", "2015-12-31": "$-0.25", "2015-09-30": "$-0.80", "2015-06-30": "$-0.63", "2015-03-31": "$-0.80", "2014-12-31": "$-0.71"}, "net worth": {"value": "$3.33B"}, "current ratio": {"2020-09-30": "2.57", "2020-06-30": "1.53", "2020-03-31": "1.35", "2019-12-31": "1.67", "2019-09-30": "1.79", "2019-06-30": "2.19", "2019-03-31": "5.11", "2018-12-31": "7.62", "2018-09-30": "6.31", "2018-06-30": "5.71", "2018-03-31": "2.89", "2017-12-31": "4.28", "2017-09-30": "3.49", "2017-06-30": "3.28", "2017-03-31": "3.56", "2016-12-31": "4.50", "2016-09-30": "4.89", "2016-06-30": "4.03", "2016-03-31": "5.26", "2015-12-31": "5.92", "2015-09-30": "5.95", "2015-06-30": "2.34", "2015-03-31": "3.06", "2014-12-31": "3.79", "2014-09-30": "3.93", "2014-06-30": "3.40", "2014-03-31": "0.36", "2013-12-31": "0.55", "2013-09-30": "0.00", "2013-06-30": "0.00", "2013-03-31": "0.00", "2012-12-31": "2.44", "2011-12-31": "0.00"}, "quick ratio": {"2020-09-30": "0.00", "2020-06-30": "0.00", "2020-03-31": "0.00", "2019-12-31": "0.00", "2019-09-30": "0.00", "2019-06-30": "0.00", "2019-03-31": "0.00", "2018-12-31": "0.00", "2018-09-30": "0.00", "2018-06-30": "0.00", "2018-03-31": "0.00", "2017-12-31": "0.00", "2017-09-30": "0.00", "2017-06-30": "0.00", "2017-03-31": "0.00", "2016-12-31": "0.00", "2016-09-30": "0.00", "2016-06-30": "0.00", "2016-03-31": "0.00", "2015-12-31": "0.00", "2015-09-30": "0.00", "2015-06-30": "0.00", "2015-03-31": "0.00", "2014-12-31": "0.00", "2014-09-30": "0.00", "2014-06-30": "0.00", "2014-03-31": "0.00", "2013-12-31": "0.00", "2013-09-30": "0.00", "2013-06-30": "0.00", "2013-03-31": "0.00", "2012-12-31": "0.00", "2011-12-31": "0.00"}, "debt equity ratio": {"current": "0.28", "2020-09-30": "0.63", "2020-06-30": "0.81", "2020-03-31": "0.80", "2019-12-31": "0.67", "2019-09-30": "0.66", "2019-06-30": "0.55", "2019-03-31": "0.24", "2018-12-31": "0.15", "2018-09-30": "0.17", "2018-06-30": "0.19", "2018-03-31": "0.31", "2017-12-31": "0.24", "2017-09-30": "0.29", "2017-06-30": "0.37", "2017-03-31": "0.33", "2016-12-31": "0.25", "2016-09-30": "0.22", "2016-06-30": "0.27", "2016-03-31": "0.20", "2015-12-31": "0.18", "2015-09-30": "0.17", "2015-06-30": "0.53", "2015-03-31": "0.37", "2014-12-31": "0.28", "2014-09-30": "0.28", "2014-06-30": "0.36", "2014-03-31": "61.02", "2013-12-31": "3.76", "2013-09-30": "0.00", "2013-06-30": "0.00", "2013-03-31": "0.00", "2012-12-31": "0.51", "2011-12-31": "0.00"}, "return on equity": {"2020-09-30": "-29.89%", "2020-06-30": "-44.91%", "2020-03-31": "-37.01%", "2019-12-31": "-31.47%", "2019-09-30": "-24.85%", "2019-06-30": "-7.45%", "2019-03-31": "-6.46%", "2018-12-31": "-6.14%", "2018-09-30": "-7.78%", "2018-06-30": "-10.23%", "2018-03-31": "-12.28%", "2017-12-31": "-10.13%", "2017-09-30": "-13.45%", "2017-06-30": "-12.39%", "2017-03-31": "-10.30%", "2016-12-31": "-10.28%", "2016-09-30": "-10.78%", "2016-06-30": "-11.27%", "2016-03-31": "-14.35%", "2015-12-31": "-18.67%", "2015-09-30": "-24.05%", "2015-06-30": "-30.32%", "2015-03-31": "-30.34%", "2014-12-31": "-42.80%", "2014-09-30": "-63.49%", "2014-06-30": "-132.00%", "2014-03-31": "-2066.67%", "2013-12-31": "-1866.67%"}, "return on assets": {"2020-09-30": "-17.38%", "2020-06-30": "-25.91%", "2020-03-31": "-22.30%", "2019-12-31": "-20.54%", "2019-09-30": "-17.64%", "2019-06-30": "-5.77%", "2019-03-31": "-5.44%", "2018-12-31": "-5.16%", "2018-09-30": "-6.41%", "2018-06-30": "-8.22%", "2018-03-31": "-9.51%", "2017-12-31": "-7.83%", "2017-09-30": "-10.30%", "2017-06-30": "-9.58%", "2017-03-31": "-8.11%", "2016-12-31": "-8.32%", "2016-09-30": "-8.85%", "2016-06-30": "-9.33%", "2016-03-31": "-11.71%", "2015-12-31": "-14.86%", "2015-09-30": "-18.56%", "2015-06-30": "-22.27%", "2015-03-31": "-22.88%", "2014-12-31": "-30.13%", "2014-09-30": "-39.87%", "2014-06-30": "-70.59%", "2014-03-31": "-210.17%", "2013-12-31": "-386.21%"}, "return on investments": {"2020-09-30": "-18.90%", "2020-06-30": "-29.52%", "2020-03-31": "-27.98%", "2019-12-31": "-32.33%", "2019-09-30": "-28.91%", "2019-06-30": "-12.48%", "2019-03-31": "-10.26%", "2018-12-31": "-7.36%", "2018-09-30": "-8.87%", "2018-06-30": "-11.23%", "2018-03-31": "-12.18%", "2017-12-31": "-10.22%", "2017-09-30": "-13.12%", "2017-06-30": "-15.51%", "2017-03-31": "-20.34%", "2016-12-31": "-39.41%", "2016-09-30": "inf%", "2016-06-30": "inf%", "2016-03-31": "inf%", "2015-12-31": "inf%", "2015-09-30": "inf%", "2015-06-30": "inf%", "2015-03-31": "inf%", "2014-12-31": "inf%", "2014-09-30": "inf%", "2014-06-30": "inf%", "2014-03-31": "inf%", "2013-12-31": "inf%"}, "return on tangible equity": {"2020-09-30": "-1357.58%", "2020-06-30": "701.12%", "2020-03-31": "1129.90%", "2019-12-31": "-203.45%", "2019-09-30": "-73.59%", "2019-06-30": "-14.42%", "2019-03-31": "-9.02%", "2018-12-31": "-8.92%", "2018-09-30": "-11.81%", "2018-06-30": "-16.48%", "2018-03-31": "-19.78%", "2017-12-31": "-13.99%", "2017-09-30": "-16.73%", "2017-06-30": "-12.96%", "2017-03-31": "-10.77%", "2016-12-31": "-10.75%", "2016-09-30": "-10.78%", "2016-06-30": "-11.27%", "2016-03-31": "-14.35%", "2015-12-31": "-18.67%", "2015-09-30": "-24.05%", "2015-06-30": "-30.32%", "2015-03-31": "-30.34%", "2014-12-31": "-42.80%", "2014-09-30": "-63.49%", "2014-06-30": "-132.00%", "2014-03-31": "-2066.67%", "2013-12-31": "-1866.67%"}, "dividend yield history": {"last payout": "$0.00", "last yield": "0.00%"}}