{"ticker": "AAP", "price": {"title": "Advance Auto Parts Historical Annual Stock Price Data", "value": 154.46, "historical": {"2020": {"Average Stock Price": "140.5062", "Year Open": "159.4100", "Year High": "162.8500", "Year Low": "75.0300", "Year Close": "157.5100", "Annual % Change": "-1.65%"}, "2019": {"Average Stock Price": "158.5413", "Year Open": "157.9200", "Year High": "181.4300", "Year Low": "134.8900", "Year Close": "160.1600", "Annual % Change": "1.71%"}, "2018": {"Average Stock Price": "139.2476", "Year Open": "106.0900", "Year High": "184.7200", "Year Low": "103.7600", "Year Close": "157.4600", "Annual % Change": "57.95%"}, "2017": {"Average Stock Price": "122.5748", "Year Open": "170.6000", "Year High": "174.7900", "Year Low": "79.3800", "Year Close": "99.6900", "Annual % Change": "-41.05%"}, "2016": {"Average Stock Price": "155.4881", "Year Open": "152.2400", "Year High": "176.7800", "Year Low": "136.1900", "Year Close": "169.1200", "Annual % Change": "12.36%"}, "2015": {"Average Stock Price": "163.6473", "Year Open": "158.5600", "Year High": "200.3800", "Year Low": "143.0000", "Year Close": "150.5100", "Annual % Change": "-5.51%"}, "2014": {"Average Stock Price": "130.9410", "Year Open": "109.7400", "Year High": "161.2200", "Year Low": "109.7400", "Year Close": "159.2800", "Annual % Change": "43.91%"}, "2013": {"Average Stock Price": "85.2102", "Year Open": "72.4900", "Year High": "110.6800", "Year Low": "71.7600", "Year Close": "110.6800", "Annual % Change": "52.98%"}, "2012": {"Average Stock Price": "76.0741", "Year Open": "69.1000", "Year High": "92.3700", "Year Low": "65.5900", "Year Close": "72.3500", "Annual % Change": "3.91%"}, "2011": {"Average Stock Price": "62.6733", "Year Open": "65.5000", "Year High": "72.1600", "Year Low": "50.0400", "Year Close": "69.6300", "Annual % Change": "5.26%"}, "2010": {"Average Stock Price": "52.1312", "Year Open": "40.3800", "Year High": "68.5400", "Year Low": "39.1600", "Year Close": "66.1500", "Annual % Change": "63.41%"}, "2009": {"Average Stock Price": "40.1029", "Year Open": "34.1400", "Year High": "47.0600", "Year Low": "30.1300", "Year Close": "40.4800", "Annual % Change": "20.30%"}, "2008": {"Average Stock Price": "35.5442", "Year Open": "37.5900", "Year High": "44.6100", "Year Low": "24.1700", "Year Close": "33.6500", "Annual % Change": "-11.42%"}, "2007": {"Average Stock Price": "37.3539", "Year Open": "35.5800", "Year High": "42.2600", "Year Low": "30.3100", "Year Close": "37.9900", "Annual % Change": "6.83%"}, "2006": {"Average Stock Price": "36.8637", "Year Open": "43.5200", "Year High": "44.6100", "Year Low": "28.7000", "Year Close": "35.5600", "Annual % Change": "-18.18%"}, "2005": {"Average Stock Price": "38.0688", "Year Open": "29.0333", "Year High": "47.2933", "Year Low": "28.1667", "Year Close": "43.4600", "Annual % Change": "49.24%"}, "2004": {"Average Stock Price": "26.6439", "Year Open": "27.1400", "Year High": "30.6067", "Year Low": "22.1000", "Year Close": "29.1200", "Annual % Change": "7.32%"}, "2003": {"Average Stock Price": "20.4820", "Year Open": "16.6133", "Year High": "27.6767", "Year Low": "12.5267", "Year Close": "27.1333", "Annual % Change": "66.46%"}, "2002": {"Average Stock Price": "16.9008", "Year Open": "15.9267", "Year High": "20.6200", "Year Low": "13.6333", "Year Close": "16.3000", "Annual % Change": "-1.71%"}, "2001": {"Average Stock Price": "14.4888", "Year Open": "13.9000", "Year High": "16.5833", "Year Low": "13.2333", "Year Close": "16.5833", "Annual % Change": "0.00%"}}}, "market cap": {"value": "$10.9B"}, "income statement": {"Revenue": {"2019-12-31": "9709.00300", "2018-12-31": "9580.55400", "2017-12-31": "9373.78400", "2016-12-31": "9567.67900", "2015-12-31": "9737.01800", "2014-12-31": "9843.86100", "2013-12-31": "6493.81400", "2012-12-31": "6205.00300", "2011-12-31": "6170.46200", "2010-12-31": "5925.20300", "2009-12-31": "5412.62300", "2008-12-31": "5142.25500", "2007-12-31": "4844.40400", "2006-12-31": "4616.50300", "2005-12-31": "4264.97100"}, "Cost Of Goods Sold": {"2019-12-31": "5454.25700", "2018-12-31": "5361.14100", "2017-12-31": "5288.73500", "2016-12-31": "5311.76400", "2015-12-31": "5314.24600", "2014-12-31": "5390.24800", "2013-12-31": "3241.66800", "2012-12-31": "3106.96700", "2011-12-31": "3101.17200", "2010-12-31": "2963.88800", "2009-12-31": "2768.39700", "2008-12-31": "2743.13100", "2007-12-31": "2585.66500", "2006-12-31": "2415.33900", "2005-12-31": "2250.49300"}, "Gross Profit": {"2019-12-31": "4254.74600", "2018-12-31": "4219.41300", "2017-12-31": "4085.04900", "2016-12-31": "4255.91500", "2015-12-31": "4422.77100", "2014-12-31": "4453.61300", "2013-12-31": "3252.14600", "2012-12-31": "3098.03600", "2011-12-31": "3069.29000", "2010-12-31": "2961.31500", "2009-12-31": "2644.22600", "2008-12-31": "2399.12400", "2007-12-31": "2258.73900", "2006-12-31": "2201.16400", "2005-12-31": "2014.47800"}, "Research And Development Expenses": {"2019-12-31": "", "2018-12-31": "", "2017-12-31": "", "2016-12-31": "", "2015-12-31": "", "2014-12-31": "", "2013-12-31": "", "2012-12-31": "", "2011-12-31": "", "2010-12-31": "", "2009-12-31": "", "2008-12-31": "", "2007-12-31": "", "2006-12-31": "", "2005-12-31": ""}, "SG&A Expenses": {"2019-12-31": "3577.56600", "2018-12-31": "3615.13800", "2017-12-31": "3514.83700", "2016-12-31": "3468.31700", "2015-12-31": "3596.99200", "2014-12-31": "3601.90300", "2013-12-31": "2591.82800", "2012-12-31": "2440.72100", "2011-12-31": "2404.64800", "2010-12-31": "2376.38200", "2009-12-31": "2189.84100", "2008-12-31": "1984.19700", "2007-12-31": "1842.31000", "2006-12-31": "1797.81400", "2005-12-31": "1605.98600"}, "Other Operating Income Or Expenses": {"2019-12-31": "", "2018-12-31": "", "2017-12-31": "", "2016-12-31": "", "2015-12-31": "", "2014-12-31": "", "2013-12-31": "", "2012-12-31": "", "2011-12-31": "", "2010-12-31": "", "2009-12-31": "", "2008-12-31": "", "2007-12-31": "", "2006-12-31": "", "2005-12-31": ""}, "Operating Expenses": {"2019-12-31": "9031.82200", "2018-12-31": "8976.27900", "2017-12-31": "8803.57200", "2016-12-31": "8780.08100", "2015-12-31": "8911.23800", "2014-12-31": "8992.15100", "2013-12-31": "5833.49600", "2012-12-31": "5547.68800", "2011-12-31": "5505.82000", "2010-12-31": "5340.27000", "2009-12-31": "4958.23800", "2008-12-31": "4727.32800", "2007-12-31": "4427.97500", "2006-12-31": "4213.15300", "2005-12-31": "3856.47900"}, "Operating Income": {"2019-12-31": "677.18070", "2018-12-31": "604.27440", "2017-12-31": "570.21190", "2016-12-31": "787.59770", "2015-12-31": "825.77930", "2014-12-31": "851.71000", "2013-12-31": "660.31790", "2012-12-31": "657.31490", "2011-12-31": "664.64160", "2010-12-31": "584.93310", "2009-12-31": "454.38480", "2008-12-31": "414.92680", "2007-12-31": "416.42870", "2006-12-31": "403.34960", "2005-12-31": "408.49220"}, "Total Non-Operating Income/Expense": {"2019-12-31": "-39.43400", "2018-12-31": "-49.01100", "2017-12-31": "-49.95300", "2016-12-31": "-48.76300", "2015-12-31": "-72.89200", "2014-12-31": "-70.31600", "2013-12-31": "-33.92000", "2012-12-31": "-33.24100", "2011-12-31": "-31.40600", "2010-12-31": "-27.87800", "2009-12-31": "-22.73000", "2008-12-31": "-34.23500", "2007-12-31": "-33.79500", "2006-12-31": "-33.43500", "2005-12-31": "-29.56900"}, "Pre-Tax Income": {"2019-12-31": "637.74600", "2018-12-31": "555.26400", "2017-12-31": "520.25900", "2016-12-31": "738.83500", "2015-12-31": "752.88800", "2014-12-31": "781.39400", "2013-12-31": "626.39800", "2012-12-31": "624.07400", "2011-12-31": "633.23600", "2010-12-31": "557.05500", "2009-12-31": "431.65500", "2008-12-31": "380.69200", "2007-12-31": "382.63400", "2006-12-31": "369.91500", "2005-12-31": "378.92300"}, "Income Taxes": {"2019-12-31": "150.85000", "2018-12-31": "131.41700", "2017-12-31": "44.75400", "2016-12-31": "279.21300", "2015-12-31": "279.49000", "2014-12-31": "287.56900", "2013-12-31": "234.64000", "2012-12-31": "236.40400", "2011-12-31": "238.55400", "2010-12-31": "211.00200", "2009-12-31": "161.28200", "2008-12-31": "142.65400", "2007-12-31": "144.31700", "2006-12-31": "138.59700", "2005-12-31": "144.19800"}, "Income After Taxes": {"2019-12-31": "486.89600", "2018-12-31": "423.84700", "2017-12-31": "475.50500", "2016-12-31": "459.62200", "2015-12-31": "473.39800", "2014-12-31": "493.82500", "2013-12-31": "391.75800", "2012-12-31": "387.67000", "2011-12-31": "394.68200", "2010-12-31": "346.05300", "2009-12-31": "270.37300", "2008-12-31": "238.03800", "2007-12-31": "238.31700", "2006-12-31": "231.31800", "2005-12-31": "234.72500"}, "Other Income": {"2019-12-31": "", "2018-12-31": "", "2017-12-31": "", "2016-12-31": "", "2015-12-31": "", "2014-12-31": "", "2013-12-31": "", "2012-12-31": "", "2011-12-31": "", "2010-12-31": "", "2009-12-31": "", "2008-12-31": "", "2007-12-31": "", "2006-12-31": "", "2005-12-31": ""}, "Income From Continuous Operations": {"2019-12-31": "486.89600", "2018-12-31": "423.84700", "2017-12-31": "475.50500", "2016-12-31": "459.62200", "2015-12-31": "473.39800", "2014-12-31": "493.82500", "2013-12-31": "391.75800", "2012-12-31": "387.67000", "2011-12-31": "394.68200", "2010-12-31": "346.05300", "2009-12-31": "270.37300", "2008-12-31": "238.03800", "2007-12-31": "238.31700", "2006-12-31": "231.31800", "2005-12-31": "234.72500"}, "Income From Discontinued Operations": {"2019-12-31": "", "2018-12-31": "", "2017-12-31": "", "2016-12-31": "", "2015-12-31": "", "2014-12-31": "", "2013-12-31": "", "2012-12-31": "", "2011-12-31": "", "2010-12-31": "", "2009-12-31": "", "2008-12-31": "", "2007-12-31": "", "2006-12-31": "", "2005-12-31": ""}, "Net Income": {"2019-12-31": "486.89600", "2018-12-31": "423.84700", "2017-12-31": "475.50500", "2016-12-31": "459.62200", "2015-12-31": "473.39800", "2014-12-31": "492.27000", "2013-12-31": "390.86300", "2012-12-31": "386.80000", "2011-12-31": "393.62700", "2010-12-31": "344.50100", "2009-12-31": "268.99100", "2008-12-31": "237.16300", "2007-12-31": "238.09200", "2006-12-31": "231.31800", "2005-12-31": "234.72500"}, "EBITDA": {"2019-12-31": "915.55160", "2018-12-31": "842.45840", "2017-12-31": "819.47190", "2016-12-31": "1045.98500", "2015-12-31": "1095.25500", "2014-12-31": "1136.40300", "2013-12-31": "868.11290", "2012-12-31": "846.85890", "2011-12-31": "840.59060", "2010-12-31": "749.37010", "2009-12-31": "605.30180", "2008-12-31": "561.50680", "2007-12-31": "563.92870", "2006-12-31": "543.30660", "2005-12-31": "529.05020"}, "EBIT": {"2019-12-31": "677.18070", "2018-12-31": "604.27440", "2017-12-31": "570.21190", "2016-12-31": "787.59770", "2015-12-31": "825.77930", "2014-12-31": "851.71000", "2013-12-31": "660.31790", "2012-12-31": "657.31490", "2011-12-31": "664.64160", "2010-12-31": "584.93310", "2009-12-31": "454.38480", "2008-12-31": "414.92680", "2007-12-31": "416.42870", "2006-12-31": "403.34960", "2005-12-31": "408.49220"}, "Basic Shares Outstanding": {"2019-12-31": "70.86900", "2018-12-31": "73.72800", "2017-12-31": "73.84600", "2016-12-31": "73.56200", "2015-12-31": "73.19000", "2014-12-31": "72.93200", "2013-12-31": "72.93000", "2012-12-31": "73.09100", "2011-12-31": "75.62000", "2010-12-31": "86.08200", "2009-12-31": "94.45900", "2008-12-31": "94.65500", "2007-12-31": "103.82600", "2006-12-31": "106.12900", "2005-12-31": "108.31800"}, "Shares Outstanding": {"2019-12-31": "71.16500", "2018-12-31": "73.99100", "2017-12-31": "74.11000", "2016-12-31": "73.85600", "2015-12-31": "73.73300", "2014-12-31": "73.41400", "2013-12-31": "73.41400", "2012-12-31": "74.06200", "2011-12-31": "77.07100", "2010-12-31": "87.15500", "2009-12-31": "95.11300", "2008-12-31": "95.20500", "2007-12-31": "104.63700", "2006-12-31": "107.12400", "2005-12-31": "109.98700"}, "Basic EPS": {"2019-12-31": "6.87000", "2018-12-31": "5.75000", "2017-12-31": "6.44000", "2016-12-31": "6.22000", "2015-12-31": "6.45000", "2014-12-31": "6.75000", "2013-12-31": "5.36000", "2012-12-31": "5.29000", "2011-12-31": "5.21000", "2010-12-31": "4.00000", "2009-12-31": "2.85000", "2008-12-31": "2.51000", "2007-12-31": "2.29000", "2006-12-31": "2.18000", "2005-12-31": "2.17000"}, "EPS - Earnings Per Share": {"2019-12-31": "6.84000", "2018-12-31": "5.73000", "2017-12-31": "6.42000", "2016-12-31": "6.20000", "2015-12-31": "6.40000", "2014-12-31": "6.71000", "2013-12-31": "5.32000", "2012-12-31": "5.22000", "2011-12-31": "5.11000", "2010-12-31": "3.95000", "2009-12-31": "2.83000", "2008-12-31": "2.49000", "2007-12-31": "2.28000", "2006-12-31": "2.16000", "2005-12-31": "2.13000"}}, "income statement, quarterly": {"Revenue": {"2020-09-30": "2541.92800", "2020-06-30": "2501.38000", "2020-03-31": "2697.88200", "2019-12-31": "2112.61500", "2019-09-30": "2312.10600", "2019-06-30": "2332.24600", "2019-03-31": "2952.03600", "2018-12-31": "2105.07200", "2018-09-30": "2274.98200", "2018-06-30": "2326.65200", "2018-03-31": "2873.84800", "2017-12-31": "2036.98600", "2017-09-30": "2182.23300", "2017-06-30": "2263.72700", "2017-03-31": "2890.83800", "2016-12-31": "2082.89100", "2016-09-30": "2248.85500", "2016-06-30": "2256.15500", "2016-03-31": "2979.77800", "2015-12-31": "2033.54400", "2015-09-30": "2295.20300", "2015-06-30": "2370.03700", "2015-03-31": "3038.23300", "2014-12-31": "2237.20900", "2014-09-30": "2289.45600", "2014-06-30": "2347.69700", "2014-03-31": "2969.49900", "2013-12-31": "1408.81300", "2013-09-30": "1520.14400", "2013-06-30": "1549.55300", "2013-03-31": "2015.30400", "2012-12-31": "1329.20100", "2012-09-30": "1457.52700", "2012-06-30": "1460.98300", "2012-03-31": "1957.29200", "2011-12-31": "1327.57200", "2011-09-30": "1464.98800", "2011-06-30": "1479.83900", "2011-03-31": "1898.06300", "2010-12-31": "1270.13000", "2010-09-30": "1406.51100", "2010-06-30": "1417.95600", "2010-03-31": "1830.60600", "2009-12-31": "1143.56700", "2009-09-30": "1262.57600", "2009-06-30": "1322.84400", "2009-03-31": "1683.63600", "2008-12-31": "1192.38800", "2008-09-30": "1187.95200", "2008-06-30": "1235.78300", "2008-03-31": "1526.13200", "2007-12-31": "1048.38200", "2007-09-30": "1158.04300", "2007-06-30": "1169.85900", "2007-03-31": "1468.12000", "2006-12-31": "1016.15000", "2006-09-30": "1099.48600", "2006-06-30": "1107.85700", "2006-03-31": "1393.01000", "2005-12-31": "963.72510", "2005-09-30": "1019.73600", "2005-06-30": "1023.14600", "2005-03-31": "1258.36400"}, "Cost Of Goods Sold": {"2020-09-30": "1413.45700", "2020-06-30": "1404.66600", "2020-03-31": "1525.14900", "2019-12-31": "1183.84500", "2019-09-30": "1300.18000", "2019-06-30": "1322.80800", "2019-03-31": "1647.42400", "2018-12-31": "1176.42900", "2018-09-30": "1268.05500", "2018-06-30": "1315.09300", "2018-03-31": "1601.56400", "2017-12-31": "1163.41700", "2017-09-30": "1234.52500", "2017-06-30": "1270.63900", "2017-03-31": "1620.15400", "2016-12-31": "1175.32700", "2016-09-30": "1260.65000", "2016-06-30": "1245.89800", "2016-03-31": "1629.88900", "2015-12-31": "1124.37300", "2015-09-30": "1262.81600", "2015-06-30": "1282.74800", "2015-03-31": "1644.30900", "2014-12-31": "1233.26800", "2014-09-30": "1255.01400", "2014-06-30": "1285.58900", "2014-03-31": "1616.37700", "2013-12-31": "707.03580", "2013-09-30": "757.20400", "2013-06-30": "770.33000", "2013-03-31": "1007.09800", "2012-12-31": "666.04600", "2012-09-30": "732.17700", "2012-06-30": "732.12500", "2012-03-31": "976.61900", "2011-12-31": "676.83400", "2011-09-30": "740.48500", "2011-06-30": "743.99100", "2011-03-31": "939.86200", "2010-12-31": "642.64490", "2010-09-30": "698.72600", "2010-06-30": "702.68800", "2010-03-31": "919.82900", "2009-12-31": "595.43800", "2009-09-30": "641.11700", "2009-06-30": "670.19400", "2009-03-31": "861.64800", "2008-12-31": "666.57500", "2008-09-30": "625.77700", "2008-06-30": "649.50100", "2008-03-31": "801.27800", "2007-12-31": "617.02010", "2007-09-30": "602.93000", "2007-06-30": "606.99800", "2007-03-31": "758.71700", "2006-12-31": "537.71910", "2006-09-30": "569.28000", "2006-06-30": "580.49800", "2006-03-31": "727.84200", "2005-12-31": "513.64290", "2005-09-30": "538.32100", "2005-06-30": "541.09600", "2005-03-31": "657.43300"}, "Gross Profit": {"2020-09-30": "1128.47100", "2020-06-30": "1096.71400", "2020-03-31": "1172.73300", "2019-12-31": "928.77040", "2019-09-30": "1011.92600", "2019-06-30": "1009.43800", "2019-03-31": "1304.61200", "2018-12-31": "928.64310", "2018-09-30": "1006.92700", "2018-06-30": "1011.55900", "2018-03-31": "1272.28400", "2017-12-31": "873.56960", "2017-09-30": "947.70790", "2017-06-30": "993.08800", "2017-03-31": "1270.68400", "2016-12-31": "907.56360", "2016-09-30": "988.20500", "2016-06-30": "1010.25700", "2016-03-31": "1349.88900", "2015-12-31": "909.17130", "2015-09-30": "1032.38700", "2015-06-30": "1087.28900", "2015-03-31": "1393.92400", "2014-12-31": "1003.94100", "2014-09-30": "1034.44200", "2014-06-30": "1062.10800", "2014-03-31": "1353.12200", "2013-12-31": "701.77720", "2013-09-30": "762.94010", "2013-06-30": "779.22300", "2013-03-31": "1008.20600", "2012-12-31": "663.15520", "2012-09-30": "725.35000", "2012-06-30": "728.85800", "2012-03-31": "980.67300", "2011-12-31": "650.73770", "2011-09-30": "724.50310", "2011-06-30": "735.84800", "2011-03-31": "958.20100", "2010-12-31": "627.48550", "2010-09-30": "707.78500", "2010-06-30": "715.26810", "2010-03-31": "910.77700", "2009-12-31": "548.12880", "2009-09-30": "621.45900", "2009-06-30": "652.65000", "2009-03-31": "821.98800", "2008-12-31": "525.81280", "2008-09-30": "562.17500", "2008-06-30": "586.28200", "2008-03-31": "724.85390", "2007-12-31": "431.36190", "2007-09-30": "555.11300", "2007-06-30": "562.86100", "2007-03-31": "709.40300", "2006-12-31": "478.43110", "2006-09-30": "530.20590", "2006-06-30": "527.35910", "2006-03-31": "665.16800", "2005-12-31": "450.08220", "2005-09-30": "481.41500", "2005-06-30": "482.05000", "2005-03-31": "600.93100"}, "Research And Development Expenses": {"2020-09-30": "", "2020-06-30": "", "2020-03-31": "", "2019-12-31": "", "2019-09-30": "", "2019-06-30": "", "2019-03-31": "", "2018-12-31": "", "2018-09-30": "", "2018-06-30": "", "2018-03-31": "", "2017-12-31": "", "2017-09-30": "", "2017-06-30": "", "2017-03-31": "", "2016-12-31": "", "2016-09-30": "", "2016-06-30": "", "2016-03-31": "", "2015-12-31": "", "2015-09-30": "", "2015-06-30": "", "2015-03-31": "", "2014-12-31": "", "2014-09-30": "", "2014-06-30": "", "2014-03-31": "", "2013-12-31": "", "2013-09-30": "", "2013-06-30": "", "2013-03-31": "", "2012-12-31": "", "2012-09-30": "", "2012-06-30": "", "2012-03-31": "", "2011-12-31": "", "2011-09-30": "", "2011-06-30": "", "2011-03-31": "", "2010-12-31": "", "2010-09-30": "", "2010-06-30": "", "2010-03-31": "", "2009-12-31": "", "2009-09-30": "", "2009-06-30": "", "2009-03-31": "", "2008-12-31": "", "2008-09-30": "", "2008-06-30": "", "2008-03-31": "", "2007-12-31": "", "2007-09-30": "", "2007-06-30": "", "2007-03-31": "", "2006-12-31": "", "2006-09-30": "", "2006-06-30": "", "2006-03-31": "", "2005-12-31": "", "2005-09-30": "", "2005-06-30": "", "2005-03-31": ""}, "SG&A Expenses": {"2020-09-30": "871.66000", "2020-06-30": "833.86900", "2020-03-31": "1094.30800", "2019-12-31": "802.62980", "2019-09-30": "839.59800", "2019-06-30": "838.66600", "2019-03-31": "1096.67200", "2018-12-31": "844.39090", "2018-09-30": "852.68600", "2018-06-30": "844.01800", "2018-03-31": "1074.04300", "2017-12-31": "786.41700", "2017-09-30": "791.13900", "2017-06-30": "846.37700", "2017-03-31": "1090.90400", "2016-12-31": "801.41690", "2016-09-30": "794.43700", "2016-06-30": "793.57300", "2016-03-31": "1078.89000", "2015-12-31": "808.49390", "2015-09-30": "826.86200", "2015-06-30": "830.24000", "2015-03-31": "1131.39600", "2014-12-31": "857.86410", "2014-09-30": "825.28400", "2014-06-30": "821.43500", "2014-03-31": "1097.32000", "2013-12-31": "610.93280", "2013-09-30": "592.21600", "2013-06-30": "584.54100", "2013-03-31": "804.13800", "2012-12-31": "549.95890", "2012-09-30": "574.99000", "2012-06-30": "559.66300", "2012-03-31": "756.10900", "2011-12-31": "538.81990", "2011-09-30": "546.68300", "2011-06-30": "546.92100", "2011-03-31": "772.22400", "2010-12-31": "543.54810", "2010-09-30": "560.56300", "2010-06-30": "543.66600", "2010-03-31": "728.60500", "2009-12-31": "490.95610", "2009-09-30": "516.60400", "2009-06-30": "517.87500", "2009-03-31": "664.40600", "2008-12-31": "479.02000", "2008-09-30": "466.27800", "2008-06-30": "458.32300", "2008-03-31": "580.57600", "2007-12-31": "367.81500", "2007-09-30": "454.73400", "2007-06-30": "445.05100", "2007-03-31": "574.71000", "2006-12-31": "414.34590", "2006-09-30": "427.68500", "2006-06-30": "416.91300", "2006-03-31": "538.87000", "2005-12-31": "379.73990", "2005-09-30": "375.99900", "2005-06-30": "369.53000", "2005-03-31": "480.71700"}, "Other Operating Income Or Expenses": {"2020-09-30": "", "2020-06-30": "", "2020-03-31": "", "2019-12-31": "", "2019-09-30": "", "2019-06-30": "", "2019-03-31": "", "2018-12-31": "", "2018-09-30": "", "2018-06-30": "", "2018-03-31": "", "2017-12-31": "", "2017-09-30": "", "2017-06-30": "", "2017-03-31": "", "2016-12-31": "", "2016-09-30": "", "2016-06-30": "", "2016-03-31": "", "2015-12-31": "", "2015-09-30": "", "2015-06-30": "", "2015-03-31": "", "2014-12-31": "", "2014-09-30": "", "2014-06-30": "", "2014-03-31": "", "2013-12-31": "", "2013-09-30": "", "2013-06-30": "", "2013-03-31": "", "2012-12-31": "", "2012-09-30": "", "2012-06-30": "", "2012-03-31": "", "2011-12-31": "", "2011-09-30": "", "2011-06-30": "", "2011-03-31": "", "2010-12-31": "", "2010-09-30": "", "2010-06-30": "", "2010-03-31": "", "2009-12-31": "", "2009-09-30": "", "2009-06-30": "", "2009-03-31": "", "2008-12-31": "", "2008-09-30": "", "2008-06-30": "", "2008-03-31": "", "2007-12-31": "", "2007-09-30": "", "2007-06-30": "", "2007-03-31": "", "2006-12-31": "", "2006-09-30": "", "2006-06-30": "", "2006-03-31": "", "2005-12-31": "", "2005-09-30": "", "2005-06-30": "", "2005-03-31": ""}, "Operating Expenses": {"2020-09-30": "2285.11700", "2020-06-30": "2238.53500", "2020-03-31": "2619.45700", "2019-12-31": "1986.47400", "2019-09-30": "2139.77800", "2019-06-30": "2161.47400", "2019-03-31": "2744.09600", "2018-12-31": "2020.82000", "2018-09-30": "2120.74100", "2018-06-30": "2159.11100", "2018-03-31": "2675.60700", "2017-12-31": "1949.83400", "2017-09-30": "2025.66400", "2017-06-30": "2117.01600", "2017-03-31": "2711.05800", "2016-12-31": "1976.74400", "2016-09-30": "2055.08700", "2016-06-30": "2039.47100", "2016-03-31": "2708.77900", "2015-12-31": "1932.86700", "2015-09-30": "2089.67800", "2015-06-30": "2112.98800", "2015-03-31": "2775.70500", "2014-12-31": "2091.13300", "2014-09-30": "2080.29800", "2014-06-30": "2107.02400", "2014-03-31": "2713.69700", "2013-12-31": "1317.96900", "2013-09-30": "1349.42000", "2013-06-30": "1354.87100", "2013-03-31": "1811.23600", "2012-12-31": "1216.00500", "2012-09-30": "1307.16700", "2012-06-30": "1291.78800", "2012-03-31": "1732.72800", "2011-12-31": "1215.65400", "2011-09-30": "1287.16800", "2011-06-30": "1290.91200", "2011-03-31": "1712.08600", "2010-12-31": "1186.19300", "2010-09-30": "1259.28900", "2010-06-30": "1246.35400", "2010-03-31": "1648.43400", "2009-12-31": "1086.39400", "2009-09-30": "1157.72100", "2009-06-30": "1188.06900", "2009-03-31": "1526.05400", "2008-12-31": "1145.59500", "2008-09-30": "1092.05500", "2008-06-30": "1107.82400", "2008-03-31": "1381.85400", "2007-12-31": "984.83520", "2007-09-30": "1057.66400", "2007-06-30": "1052.04900", "2007-03-31": "1333.42700", "2006-12-31": "952.06540", "2006-09-30": "996.96500", "2006-06-30": "997.41100", "2006-03-31": "1266.71200", "2005-12-31": "893.38320", "2005-09-30": "914.31990", "2005-06-30": "910.62600", "2005-03-31": "1138.15000"}, "Operating Income": {"2020-09-30": "256.81100", "2020-06-30": "262.84470", "2020-03-31": "78.42510", "2019-12-31": "126.14110", "2019-09-30": "172.32790", "2019-06-30": "170.77200", "2019-03-31": "207.93990", "2018-12-31": "84.25220", "2018-09-30": "154.24100", "2018-06-30": "167.54100", "2018-03-31": "198.24100", "2017-12-31": "87.15230", "2017-09-30": "156.56880", "2017-06-30": "146.71090", "2017-03-31": "179.77980", "2016-12-31": "106.14650", "2016-09-30": "193.76810", "2016-06-30": "216.68410", "2016-03-31": "270.99900", "2015-12-31": "100.67720", "2015-09-30": "205.52490", "2015-06-30": "257.04910", "2015-03-31": "262.52780", "2014-12-31": "146.07620", "2014-09-30": "209.15800", "2014-06-30": "240.67310", "2014-03-31": "255.80220", "2013-12-31": "90.84400", "2013-09-30": "170.72410", "2013-06-30": "194.68190", "2013-03-31": "204.06790", "2012-12-31": "113.19630", "2012-09-30": "150.36000", "2012-06-30": "169.19490", "2012-03-31": "224.56400", "2011-12-31": "111.91750", "2011-09-30": "177.82010", "2011-06-30": "188.92690", "2011-03-31": "185.97710", "2010-12-31": "83.93740", "2010-09-30": "147.22190", "2010-06-30": "171.60210", "2010-03-31": "182.17200", "2009-12-31": "57.17260", "2009-09-30": "104.85510", "2009-06-30": "134.77500", "2009-03-31": "157.58200", "2008-12-31": "46.79260", "2008-09-30": "95.89710", "2008-06-30": "127.95900", "2008-03-31": "144.27800", "2007-12-31": "63.54680", "2007-09-30": "100.37890", "2007-06-30": "117.81010", "2007-03-31": "134.69300", "2006-12-31": "64.08470", "2006-09-30": "102.52090", "2006-06-30": "110.44600", "2006-03-31": "126.29810", "2005-12-31": "70.34190", "2005-09-30": "105.41610", "2005-06-30": "112.52000", "2005-03-31": "120.21400"}, "Total Non-Operating Income/Expense": {"2020-09-30": "-59.27300", "2020-06-30": "-10.30500", "2020-03-31": "-18.23200", "2019-12-31": "-6.10200", "2019-09-30": "-11.58800", "2019-06-30": "-4.56200", "2019-03-31": "-17.18200", "2018-12-31": "-14.39600", "2018-09-30": "-7.32100", "2018-06-30": "-10.07000", "2018-03-31": "-17.22400", "2017-12-31": "-13.01500", "2017-09-30": "-12.56900", "2017-06-30": "-10.75200", "2017-03-31": "-13.61700", "2016-12-31": "-9.23600", "2016-09-30": "-15.93000", "2016-06-30": "-7.77700", "2016-03-31": "-15.82000", "2015-12-31": "-16.85300", "2015-09-30": "-13.10800", "2015-06-30": "-19.24600", "2015-03-31": "-23.68500", "2014-12-31": "-15.11900", "2014-09-30": "-15.50500", "2014-06-30": "-16.65300", "2014-03-31": "-23.03900", "2013-12-31": "-8.97700", "2013-09-30": "-7.58200", "2013-06-30": "-7.65900", "2013-03-31": "-9.70200", "2012-12-31": "-8.15100", "2012-09-30": "-7.73600", "2012-06-30": "-8.00200", "2012-03-31": "-9.35200", "2011-12-31": "-4.75900", "2011-09-30": "-8.76400", "2011-06-30": "-8.21900", "2011-03-31": "-9.66400", "2010-12-31": "-6.27300", "2010-09-30": "-7.29500", "2010-06-30": "-8.87800", "2010-03-31": "-5.43200", "2009-12-31": "-4.93300", "2009-09-30": "-4.85200", "2009-06-30": "-5.23000", "2009-03-31": "-7.71500", "2008-12-31": "-7.70100", "2008-09-30": "-6.89500", "2008-06-30": "-7.34200", "2008-03-31": "-12.29700", "2007-12-31": "-8.36400", "2007-09-30": "-7.61500", "2007-06-30": "-6.88400", "2007-03-31": "-10.93200", "2006-12-31": "-7.02700", "2006-09-30": "-8.09200", "2006-06-30": "-8.77300", "2006-03-31": "-9.54300", "2005-12-31": "-7.18500", "2005-09-30": "-7.26300", "2005-06-30": "-6.53000", "2005-03-31": "-8.59100"}, "Pre-Tax Income": {"2020-09-30": "197.53800", "2020-06-30": "252.54000", "2020-03-31": "60.19300", "2019-12-31": "120.03800", "2019-09-30": "160.74000", "2019-06-30": "166.21000", "2019-03-31": "190.75800", "2018-12-31": "69.85600", "2018-09-30": "146.92000", "2018-06-30": "157.47100", "2018-03-31": "181.01700", "2017-12-31": "74.13700", "2017-09-30": "144.00000", "2017-06-30": "135.95900", "2017-03-31": "166.16300", "2016-12-31": "96.91100", "2016-09-30": "177.83800", "2016-06-30": "208.90700", "2016-03-31": "255.17900", "2015-12-31": "83.82500", "2015-09-30": "192.41700", "2015-06-30": "237.80300", "2015-03-31": "238.84300", "2014-12-31": "130.95790", "2014-09-30": "193.65300", "2014-06-30": "224.02000", "2014-03-31": "232.76300", "2013-12-31": "81.86700", "2013-09-30": "163.14200", "2013-06-30": "187.02300", "2013-03-31": "194.36600", "2012-12-31": "105.04500", "2012-09-30": "142.62400", "2012-06-30": "161.19300", "2012-03-31": "215.21200", "2011-12-31": "107.15900", "2011-09-30": "169.05600", "2011-06-30": "180.70800", "2011-03-31": "176.31300", "2010-12-31": "77.66400", "2010-09-30": "139.92700", "2010-06-30": "162.72400", "2010-03-31": "176.74000", "2009-12-31": "52.24000", "2009-09-30": "100.00300", "2009-06-30": "129.54500", "2009-03-31": "149.86700", "2008-12-31": "39.09200", "2008-09-30": "89.00200", "2008-06-30": "120.61700", "2008-03-31": "131.98100", "2007-12-31": "55.18300", "2007-09-30": "92.76400", "2007-06-30": "110.92600", "2007-03-31": "123.76100", "2006-12-31": "57.05800", "2006-09-30": "94.42900", "2006-06-30": "101.67300", "2006-03-31": "116.75500", "2005-12-31": "63.15700", "2005-09-30": "98.15300", "2005-06-30": "105.99000", "2005-03-31": "111.62300"}, "Income Taxes": {"2020-09-30": "50.06200", "2020-06-30": "62.58000", "2020-03-31": "16.60500", "2019-12-31": "24.13100", "2019-09-30": "37.07100", "2019-06-30": "41.39000", "2019-03-31": "48.25800", "2018-12-31": "16.41500", "2018-09-30": "31.07700", "2018-06-30": "39.63500", "2018-03-31": "44.29000", "2017-12-31": "-110.36300", "2017-09-30": "48.00400", "2017-06-30": "48.91000", "2017-03-31": "58.20300", "2016-12-31": "34.54600", "2016-09-30": "63.99400", "2016-06-30": "84.30700", "2016-03-31": "96.36600", "2015-12-31": "29.00600", "2015-09-30": "71.94800", "2015-06-30": "87.80500", "2015-03-31": "90.73100", "2014-12-31": "46.52400", "2014-09-30": "71.47600", "2014-06-30": "84.53200", "2014-03-31": "85.03700", "2013-12-31": "32.60000", "2013-09-30": "59.31200", "2013-06-30": "70.15200", "2013-03-31": "72.57600", "2012-12-31": "39.99000", "2012-09-30": "53.12100", "2012-06-30": "61.58700", "2012-03-31": "81.70600", "2011-12-31": "40.72000", "2011-09-30": "63.50300", "2011-06-30": "67.60100", "2011-03-31": "66.73000", "2010-12-31": "29.55100", "2010-09-30": "52.32900", "2010-06-30": "61.81300", "2010-03-31": "67.30900", "2009-12-31": "17.76100", "2009-09-30": "38.02400", "2009-06-30": "49.21500", "2009-03-31": "56.28200", "2008-12-31": "14.68100", "2008-09-30": "32.84700", "2008-06-30": "45.23100", "2008-03-31": "49.89500", "2007-12-31": "20.43100", "2007-09-30": "33.72400", "2007-06-30": "42.50200", "2007-03-31": "47.66000", "2006-12-31": "21.70400", "2006-09-30": "35.48200", "2006-06-30": "38.73700", "2006-03-31": "42.67400", "2005-12-31": "23.80100", "2005-09-30": "37.36000", "2005-06-30": "40.06100", "2005-03-31": "42.97600"}, "Income After Taxes": {"2020-09-30": "147.47600", "2020-06-30": "189.96000", "2020-03-31": "43.58800", "2019-12-31": "95.90700", "2019-09-30": "123.66900", "2019-06-30": "124.82000", "2019-03-31": "142.50000", "2018-12-31": "53.44100", "2018-09-30": "115.84300", "2018-06-30": "117.83600", "2018-03-31": "136.72700", "2017-12-31": "184.50000", "2017-09-30": "95.99600", "2017-06-30": "87.04900", "2017-03-31": "107.96000", "2016-12-31": "62.36500", "2016-09-30": "113.84400", "2016-06-30": "124.60000", "2016-03-31": "158.81300", "2015-12-31": "54.81900", "2015-09-30": "120.46900", "2015-06-30": "149.99800", "2015-03-31": "148.11200", "2014-12-31": "84.43400", "2014-09-30": "122.17700", "2014-06-30": "139.48800", "2014-03-31": "147.72600", "2013-12-31": "49.26700", "2013-09-30": "103.83000", "2013-06-30": "116.87100", "2013-03-31": "121.79000", "2012-12-31": "65.05500", "2012-09-30": "89.50300", "2012-06-30": "99.60600", "2012-03-31": "133.50600", "2011-12-31": "66.43900", "2011-09-30": "105.55300", "2011-06-30": "113.10700", "2011-03-31": "109.58300", "2010-12-31": "48.11300", "2010-09-30": "87.59800", "2010-06-30": "100.91100", "2010-03-31": "109.43100", "2009-12-31": "34.47900", "2009-09-30": "61.97900", "2009-06-30": "80.33000", "2009-03-31": "93.58500", "2008-12-31": "24.41100", "2008-09-30": "56.15500", "2008-06-30": "75.38600", "2008-03-31": "82.08600", "2007-12-31": "34.75200", "2007-09-30": "59.04000", "2007-06-30": "68.42400", "2007-03-31": "76.10100", "2006-12-31": "35.35400", "2006-09-30": "58.94700", "2006-06-30": "62.93600", "2006-03-31": "74.08100", "2005-12-31": "39.35600", "2005-09-30": "60.79300", "2005-06-30": "65.92900", "2005-03-31": "68.64700"}, "Other Income": {"2020-09-30": "", "2020-06-30": "", "2020-03-31": "", "2019-12-31": "", "2019-09-30": "", "2019-06-30": "", "2019-03-31": "", "2018-12-31": "", "2018-09-30": "", "2018-06-30": "", "2018-03-31": "", "2017-12-31": "", "2017-09-30": "", "2017-06-30": "", "2017-03-31": "", "2016-12-31": "", "2016-09-30": "", "2016-06-30": "", "2016-03-31": "", "2015-12-31": "", "2015-09-30": "", "2015-06-30": "", "2015-03-31": "", "2014-12-31": "", "2014-09-30": "", "2014-06-30": "", "2014-03-31": "", "2013-12-31": "", "2013-09-30": "", "2013-06-30": "", "2013-03-31": "", "2012-12-31": "", "2012-09-30": "", "2012-06-30": "", "2012-03-31": "", "2011-12-31": "", "2011-09-30": "", "2011-06-30": "", "2011-03-31": "", "2010-12-31": "", "2010-09-30": "", "2010-06-30": "", "2010-03-31": "", "2009-12-31": "", "2009-09-30": "", "2009-06-30": "", "2009-03-31": "", "2008-12-31": "", "2008-09-30": "", "2008-06-30": "", "2008-03-31": "", "2007-12-31": "", "2007-09-30": "", "2007-06-30": "", "2007-03-31": "", "2006-12-31": "", "2006-09-30": "", "2006-06-30": "", "2006-03-31": "", "2005-12-31": "", "2005-09-30": "", "2005-06-30": "", "2005-03-31": ""}, "Income From Continuous Operations": {"2020-09-30": "147.47600", "2020-06-30": "189.96000", "2020-03-31": "43.58800", "2019-12-31": "95.90700", "2019-09-30": "123.66900", "2019-06-30": "124.82000", "2019-03-31": "142.50000", "2018-12-31": "53.44100", "2018-09-30": "115.84300", "2018-06-30": "117.83600", "2018-03-31": "136.72700", "2017-12-31": "184.50000", "2017-09-30": "95.99600", "2017-06-30": "87.04900", "2017-03-31": "107.96000", "2016-12-31": "62.36500", "2016-09-30": "113.84400", "2016-06-30": "124.60000", "2016-03-31": "158.81300", "2015-12-31": "54.81900", "2015-09-30": "120.46900", "2015-06-30": "149.99800", "2015-03-31": "148.11200", "2014-12-31": "84.43400", "2014-09-30": "122.17700", "2014-06-30": "139.48800", "2014-03-31": "147.72600", "2013-12-31": "49.26700", "2013-09-30": "103.83000", "2013-06-30": "116.87100", "2013-03-31": "121.79000", "2012-12-31": "65.05500", "2012-09-30": "89.50300", "2012-06-30": "99.60600", "2012-03-31": "133.50600", "2011-12-31": "66.43900", "2011-09-30": "105.55300", "2011-06-30": "113.10700", "2011-03-31": "109.58300", "2010-12-31": "48.11300", "2010-09-30": "87.59800", "2010-06-30": "100.91100", "2010-03-31": "109.43100", "2009-12-31": "34.47900", "2009-09-30": "61.97900", "2009-06-30": "80.33000", "2009-03-31": "93.58500", "2008-12-31": "24.41100", "2008-09-30": "56.15500", "2008-06-30": "75.38600", "2008-03-31": "82.08600", "2007-12-31": "34.75200", "2007-09-30": "59.04000", "2007-06-30": "68.42400", "2007-03-31": "76.10100", "2006-12-31": "35.35400", "2006-09-30": "58.94700", "2006-06-30": "62.93600", "2006-03-31": "74.08100", "2005-12-31": "39.35600", "2005-09-30": "60.79300", "2005-06-30": "65.92900", "2005-03-31": "68.64700"}, "Income From Discontinued Operations": {"2020-09-30": "", "2020-06-30": "", "2020-03-31": "", "2019-12-31": "", "2019-09-30": "", "2019-06-30": "", "2019-03-31": "", "2018-12-31": "", "2018-09-30": "", "2018-06-30": "", "2018-03-31": "", "2017-12-31": "", "2017-09-30": "", "2017-06-30": "", "2017-03-31": "", "2016-12-31": "", "2016-09-30": "", "2016-06-30": "", "2016-03-31": "", "2015-12-31": "", "2015-09-30": "", "2015-06-30": "", "2015-03-31": "", "2014-12-31": "", "2014-09-30": "", "2014-06-30": "", "2014-03-31": "", "2013-12-31": "", "2013-09-30": "", "2013-06-30": "", "2013-03-31": "", "2012-12-31": "", "2012-09-30": "", "2012-06-30": "", "2012-03-31": "", "2011-12-31": "", "2011-09-30": "", "2011-06-30": "", "2011-03-31": "", "2010-12-31": "", "2010-09-30": "", "2010-06-30": "", "2010-03-31": "", "2009-12-31": "", "2009-09-30": "", "2009-06-30": "", "2009-03-31": "", "2008-12-31": "", "2008-09-30": "", "2008-06-30": "", "2008-03-31": "", "2007-12-31": "", "2007-09-30": "", "2007-06-30": "", "2007-03-31": "", "2006-12-31": "", "2006-09-30": "", "2006-06-30": "", "2006-03-31": "", "2005-12-31": "", "2005-09-30": "", "2005-06-30": "", "2005-03-31": ""}, "Net Income": {"2020-09-30": "147.47600", "2020-06-30": "189.96000", "2020-03-31": "43.58800", "2019-12-31": "95.90700", "2019-09-30": "123.66900", "2019-06-30": "124.82000", "2019-03-31": "142.50000", "2018-12-31": "53.44100", "2018-09-30": "115.84300", "2018-06-30": "117.83600", "2018-03-31": "136.72700", "2017-12-31": "184.50000", "2017-09-30": "95.99600", "2017-06-30": "87.04900", "2017-03-31": "107.96000", "2016-12-31": "62.36500", "2016-09-30": "113.84400", "2016-06-30": "124.60000", "2016-03-31": "158.81300", "2015-12-31": "55.35300", "2015-09-30": "120.46900", "2015-06-30": "149.99800", "2015-03-31": "147.57800", "2014-12-31": "84.16600", "2014-09-30": "121.78500", "2014-06-30": "139.03300", "2014-03-31": "147.28600", "2013-12-31": "49.16300", "2013-09-30": "103.59800", "2013-06-30": "116.59600", "2013-03-31": "121.50600", "2012-12-31": "64.50600", "2012-09-30": "89.50300", "2012-06-30": "99.60600", "2012-03-31": "133.18500", "2011-12-31": "66.29400", "2011-09-30": "105.27700", "2011-06-30": "112.81500", "2011-03-31": "109.24100", "2010-12-31": "47.92500", "2010-09-30": "87.21200", "2010-06-30": "100.46500", "2010-03-31": "108.89900", "2009-12-31": "34.31100", "2009-09-30": "61.67000", "2009-06-30": "79.92300", "2009-03-31": "93.08700", "2008-12-31": "24.28600", "2008-09-30": "55.94000", "2008-06-30": "75.08700", "2008-03-31": "81.85000", "2007-12-31": "34.52700", "2007-09-30": "59.04000", "2007-06-30": "68.42400", "2007-03-31": "76.10100", "2006-12-31": "35.35400", "2006-09-30": "58.94700", "2006-06-30": "62.93600", "2006-03-31": "74.08100", "2005-12-31": "39.35600", "2005-09-30": "60.79300", "2005-06-30": "65.92900", "2005-03-31": "68.64700"}, "EBITDA": {"2020-09-30": "314.50100", "2020-06-30": "319.48670", "2020-03-31": "157.00410", "2019-12-31": "184.94710", "2019-09-30": "228.63590", "2019-06-30": "224.14400", "2019-03-31": "277.82500", "2018-12-31": "138.85220", "2018-09-30": "209.58100", "2018-06-30": "224.09300", "2018-03-31": "269.93300", "2017-12-31": "143.65930", "2017-09-30": "214.12190", "2017-06-30": "204.48090", "2017-03-31": "257.20980", "2016-12-31": "165.27150", "2016-09-30": "253.76510", "2016-06-30": "276.62910", "2016-03-31": "350.31900", "2015-12-31": "162.65730", "2015-09-30": "267.16090", "2015-06-30": "319.66210", "2015-03-31": "345.77480", "2014-12-31": "212.15420", "2014-09-30": "275.06990", "2014-06-30": "305.17110", "2014-03-31": "344.00730", "2013-12-31": "138.58000", "2013-09-30": "218.71110", "2013-06-30": "242.72690", "2013-03-31": "268.09490", "2012-12-31": "158.97330", "2012-09-30": "195.60000", "2012-06-30": "211.92290", "2012-03-31": "280.36300", "2011-12-31": "153.38650", "2011-09-30": "219.32710", "2011-06-30": "229.36090", "2011-03-31": "238.51610", "2010-12-31": "122.93340", "2010-09-30": "185.72990", "2010-06-30": "208.85210", "2010-03-31": "231.85500", "2009-12-31": "93.23360", "2009-09-30": "140.14310", "2009-06-30": "169.07700", "2009-03-31": "202.84800", "2008-12-31": "79.79860", "2008-09-30": "130.58810", "2008-06-30": "162.11100", "2008-03-31": "189.00900", "2007-12-31": "97.46980", "2007-09-30": "134.39990", "2007-06-30": "151.87110", "2007-03-31": "180.18800", "2006-12-31": "99.40370", "2006-09-30": "135.96090", "2006-06-30": "141.61800", "2006-03-31": "166.32410", "2005-12-31": "99.72890", "2005-09-30": "133.77410", "2005-06-30": "140.13000", "2005-03-31": "155.41700"}, "EBIT": {"2020-09-30": "256.81100", "2020-06-30": "262.84470", "2020-03-31": "78.42510", "2019-12-31": "126.14090", "2019-09-30": "172.32790", "2019-06-30": "170.77200", "2019-03-31": "207.93990", "2018-12-31": "84.25150", "2018-09-30": "154.24100", "2018-06-30": "167.54100", "2018-03-31": "198.24100", "2017-12-31": "87.15230", "2017-09-30": "156.56880", "2017-06-30": "146.71090", "2017-03-31": "179.77980", "2016-12-31": "106.14650", "2016-09-30": "193.76810", "2016-06-30": "216.68410", "2016-03-31": "270.99900", "2015-12-31": "100.67750", "2015-09-30": "205.52490", "2015-06-30": "257.04910", "2015-03-31": "262.52780", "2014-12-31": "146.07670", "2014-09-30": "209.15800", "2014-06-30": "240.67310", "2014-03-31": "255.80220", "2013-12-31": "90.84400", "2013-09-30": "170.72410", "2013-06-30": "194.68190", "2013-03-31": "204.06790", "2012-12-31": "113.19600", "2012-09-30": "150.36000", "2012-06-30": "169.19490", "2012-03-31": "224.56400", "2011-12-31": "111.91760", "2011-09-30": "177.82010", "2011-06-30": "188.92690", "2011-03-31": "185.97710", "2010-12-31": "83.93710", "2010-09-30": "147.22190", "2010-06-30": "171.60210", "2010-03-31": "182.17200", "2009-12-31": "57.17260", "2009-09-30": "104.85510", "2009-06-30": "134.77500", "2009-03-31": "157.58200", "2008-12-31": "46.79270", "2008-09-30": "95.89710", "2008-06-30": "127.95900", "2008-03-31": "144.27800", "2007-12-31": "63.54680", "2007-09-30": "100.37890", "2007-06-30": "117.81010", "2007-03-31": "134.69300", "2006-12-31": "64.08450", "2006-09-30": "102.52090", "2006-06-30": "110.44600", "2006-03-31": "126.29810", "2005-12-31": "70.34210", "2005-09-30": "105.41610", "2005-06-30": "112.52000", "2005-03-31": "120.21400"}, "Basic Shares Outstanding": {"2020-09-30": "68.96500", "2020-06-30": "69.11800", "2020-03-31": "69.18100", "2019-12-31": "70.86900", "2019-09-30": "70.38100", "2019-06-30": "71.73800", "2019-03-31": "71.78700", "2018-12-31": "73.72800", "2018-09-30": "73.88800", "2018-06-30": "74.05400", "2018-03-31": "73.97900", "2017-12-31": "73.84600", "2017-09-30": "73.86600", "2017-06-30": "73.84800", "2017-03-31": "73.78200", "2016-12-31": "73.56200", "2016-09-30": "73.63800", "2016-06-30": "73.57600", "2016-03-31": "73.40100", "2015-12-31": "73.19000", "2015-09-30": "73.21500", "2015-06-30": "73.18300", "2015-03-31": "73.12200", "2014-12-31": "72.93200", "2014-09-30": "72.95500", "2014-06-30": "72.93000", "2014-03-31": "72.86900", "2013-12-31": "72.93000", "2013-09-30": "72.74700", "2013-06-30": "72.93000", "2013-03-31": "73.19400", "2012-12-31": "73.09100", "2012-09-30": "73.16600", "2012-06-30": "73.15000", "2012-03-31": "72.88800", "2011-12-31": "75.62000", "2011-09-30": "73.38100", "2011-06-30": "75.97900", "2011-03-31": "79.46800", "2010-12-31": "86.08200", "2010-09-30": "83.69500", "2010-06-30": "85.39400", "2010-03-31": "90.71200", "2009-12-31": "94.45900", "2009-09-30": "94.65600", "2009-06-30": "94.86800", "2009-03-31": "94.47300", "2008-12-31": "94.65500", "2008-09-30": "95.01900", "2008-06-30": "95.00800", "2008-03-31": "94.98700", "2007-12-31": "103.82600", "2007-09-30": "102.54600", "2007-06-30": "106.48600", "2007-03-31": "105.69400", "2006-12-31": "106.12900", "2006-09-30": "105.11200", "2006-06-30": "105.65000", "2006-03-31": "107.87900", "2005-12-31": "108.31800", "2005-09-30": "109.30600", "2005-06-30": "108.77700", "2005-03-31": "107.26100"}, "Shares Outstanding": {"2020-09-30": "69.26700", "2020-06-30": "69.29400", "2020-03-31": "69.39200", "2019-12-31": "71.16500", "2019-09-30": "70.66400", "2019-06-30": "72.00800", "2019-03-31": "72.10300", "2018-12-31": "73.99100", "2018-09-30": "74.19000", "2018-06-30": "74.24400", "2018-03-31": "74.20500", "2017-12-31": "74.11000", "2017-09-30": "74.10600", "2017-06-30": "74.09300", "2017-03-31": "74.09300", "2016-12-31": "73.85600", "2016-09-30": "73.86000", "2016-06-30": "73.83500", "2016-03-31": "73.84700", "2015-12-31": "73.73300", "2015-09-30": "73.76300", "2015-06-30": "73.68200", "2015-03-31": "73.65300", "2014-12-31": "73.41400", "2014-09-30": "73.42700", "2014-06-30": "73.39900", "2014-03-31": "73.35500", "2013-12-31": "73.41400", "2013-09-30": "73.12800", "2013-06-30": "73.34300", "2013-03-31": "73.80600", "2012-12-31": "74.06200", "2012-09-30": "73.99200", "2012-06-30": "74.08400", "2012-03-31": "74.22300", "2011-12-31": "77.07100", "2011-09-30": "74.73000", "2011-06-30": "77.42600", "2011-03-31": "81.01900", "2010-12-31": "87.15500", "2010-09-30": "84.80200", "2010-06-30": "86.41000", "2010-03-31": "91.47300", "2009-12-31": "95.11300", "2009-09-30": "95.47400", "2009-06-30": "95.74500", "2009-03-31": "94.88900", "2008-12-31": "95.20500", "2008-09-30": "95.75800", "2008-06-30": "95.66300", "2008-03-31": "95.60700", "2007-12-31": "104.63700", "2007-09-30": "103.18100", "2007-06-30": "107.47000", "2007-03-31": "106.64500", "2006-12-31": "107.12400", "2006-09-30": "106.05100", "2006-06-30": "106.79300", "2006-03-31": "109.25500", "2005-12-31": "109.98700", "2005-09-30": "110.94100", "2005-06-30": "110.34800", "2005-03-31": "109.15500"}, "Basic EPS": {"2020-09-30": "2.14000", "2020-06-30": "2.75000", "2020-03-31": "0.63000", "2019-12-31": "1.38000", "2019-09-30": "1.76000", "2019-06-30": "1.74000", "2019-03-31": "1.99000", "2018-12-31": "0.74000", "2018-09-30": "1.57000", "2018-06-30": "1.59000", "2018-03-31": "1.85000", "2017-12-31": "2.50000", "2017-09-30": "1.30000", "2017-06-30": "1.18000", "2017-03-31": "1.46000", "2016-12-31": "0.83000", "2016-09-30": "1.54000", "2016-06-30": "1.69000", "2016-03-31": "2.16000", "2015-12-31": "0.75000", "2015-09-30": "1.64000", "2015-06-30": "2.04000", "2015-03-31": "2.02000", "2014-12-31": "1.15000", "2014-09-30": "1.67000", "2014-06-30": "1.91000", "2014-03-31": "2.02000", "2013-12-31": "0.68000", "2013-09-30": "1.42000", "2013-06-30": "1.60000", "2013-03-31": "1.66000", "2012-12-31": "0.88000", "2012-09-30": "1.22000", "2012-06-30": "1.36000", "2012-03-31": "1.83000", "2011-12-31": "0.93000", "2011-09-30": "1.43000", "2011-06-30": "1.48000", "2011-03-31": "1.37000", "2010-12-31": "0.58000", "2010-09-30": "1.04000", "2010-06-30": "1.18000", "2010-03-31": "1.20000", "2009-12-31": "0.37000", "2009-09-30": "0.65000", "2009-06-30": "0.84000", "2009-03-31": "0.99000", "2008-12-31": "0.27000", "2008-09-30": "0.59000", "2008-06-30": "0.79000", "2008-03-31": "0.86000", "2007-12-31": "0.35000", "2007-09-30": "0.58000", "2007-06-30": "0.64000", "2007-03-31": "0.72000", "2006-12-31": "0.33000", "2006-09-30": "0.56000", "2006-06-30": "0.60000", "2006-03-31": "0.69000", "2005-12-31": "0.36000", "2005-09-30": "0.56000", "2005-06-30": "0.61000", "2005-03-31": "0.64000"}, "EPS - Earnings Per Share": {"2020-09-30": "2.13000", "2020-06-30": "2.74000", "2020-03-31": "0.63000", "2019-12-31": "1.38000", "2019-09-30": "1.75000", "2019-06-30": "1.73000", "2019-03-31": "1.98000", "2018-12-31": "0.74000", "2018-09-30": "1.56000", "2018-06-30": "1.59000", "2018-03-31": "1.84000", "2017-12-31": "2.49000", "2017-09-30": "1.30000", "2017-06-30": "1.17000", "2017-03-31": "1.46000", "2016-12-31": "0.85000", "2016-09-30": "1.53000", "2016-06-30": "1.68000", "2016-03-31": "2.14000", "2015-12-31": "0.74000", "2015-09-30": "1.63000", "2015-06-30": "2.03000", "2015-03-31": "2.00000", "2014-12-31": "1.15000", "2014-09-30": "1.66000", "2014-06-30": "1.89000", "2014-03-31": "2.01000", "2013-12-31": "0.66000", "2013-09-30": "1.42000", "2013-06-30": "1.59000", "2013-03-31": "1.65000", "2012-12-31": "0.88000", "2012-09-30": "1.21000", "2012-06-30": "1.34000", "2012-03-31": "1.79000", "2011-12-31": "0.89000", "2011-09-30": "1.41000", "2011-06-30": "1.46000", "2011-03-31": "1.35000", "2010-12-31": "0.57000", "2010-09-30": "1.03000", "2010-06-30": "1.16000", "2010-03-31": "1.19000", "2009-12-31": "0.37000", "2009-09-30": "0.65000", "2009-06-30": "0.83000", "2009-03-31": "0.98000", "2008-12-31": "0.27000", "2008-09-30": "0.58000", "2008-06-30": "0.78000", "2008-03-31": "0.86000", "2007-12-31": "0.36000", "2007-09-30": "0.57000", "2007-06-30": "0.64000", "2007-03-31": "0.71000", "2006-12-31": "0.33000", "2006-09-30": "0.56000", "2006-06-30": "0.59000", "2006-03-31": "0.68000", "2005-12-31": "0.35000", "2005-09-30": "0.55000", "2005-06-30": "0.60000", "2005-03-31": "0.63000"}}, "balance sheet": {"Cash On Hand": {"2019-12-31": "418.66500", "2018-12-31": "896.52700", "2017-12-31": "546.93700", "2016-12-31": "135.17800", "2015-12-31": "90.78200", "2014-12-31": "104.67100", "2013-12-31": "1112.47100", "2012-12-31": "598.11100", "2011-12-31": "57.90100", "2010-12-31": "59.20900", "2009-12-31": "100.01800", "2008-12-31": "37.35800", "2007-12-31": "14.65400", "2006-12-31": "11.12800", "2005-12-31": "40.78300"}, "Receivables": {"2019-12-31": "689.46900", "2018-12-31": "624.97200", "2017-12-31": "606.35700", "2016-12-31": "641.25200", "2015-12-31": "597.78800", "2014-12-31": "579.82500", "2013-12-31": "277.59500", "2012-12-31": "229.86600", "2011-12-31": "140.00700", "2010-12-31": "124.22700", "2009-12-31": "92.56000", "2008-12-31": "97.20300", "2007-12-31": "84.98300", "2006-12-31": "97.04600", "2005-12-31": "94.68900"}, "Inventory": {"2019-12-31": "4432.16800", "2018-12-31": "4362.54700", "2017-12-31": "4168.49200", "2016-12-31": "4325.86800", "2015-12-31": "4174.76800", "2014-12-31": "3936.95500", "2013-12-31": "2556.55700", "2012-12-31": "2308.60900", "2011-12-31": "2043.15800", "2010-12-31": "1863.87000", "2009-12-31": "1631.86700", "2008-12-31": "1623.08800", "2007-12-31": "1529.46900", "2006-12-31": "1463.34000", "2005-12-31": "1367.09900"}, "Pre-Paid Expenses": {"2019-12-31": "", "2018-12-31": "", "2017-12-31": "", "2016-12-31": "", "2015-12-31": "", "2014-12-31": "", "2013-12-31": "", "2012-12-31": "", "2011-12-31": "", "2010-12-31": "", "2009-12-31": "", "2008-12-31": "", "2007-12-31": "", "2006-12-31": "", "2005-12-31": ""}, "Other Current Assets": {"2019-12-31": "155.24100", "2018-12-31": "198.40800", "2017-12-31": "105.10600", "2016-12-31": "70.46600", "2015-12-31": "77.40800", "2014-12-31": "119.58900", "2013-12-31": "42.76100", "2012-12-31": "47.61400", "2011-12-31": "52.75400", "2010-12-31": "76.96500", "2009-12-31": "63.17300", "2008-12-31": "49.97700", "2007-12-31": "53.71900", "2006-12-31": "40.45900", "2005-12-31": "45.36900"}, "Total Current Assets": {"2019-12-31": "5695.54300", "2018-12-31": "6082.45400", "2017-12-31": "5426.89200", "2016-12-31": "5172.76400", "2015-12-31": "4940.74600", "2014-12-31": "4741.04000", "2013-12-31": "3989.38400", "2012-12-31": "3184.20000", "2011-12-31": "2293.82000", "2010-12-31": "2124.27100", "2009-12-31": "1887.61800", "2008-12-31": "1807.62600", "2007-12-31": "1682.82500", "2006-12-31": "1611.97300", "2005-12-31": "1547.94000"}, "Property, Plant, And Equipment": {"2019-12-31": "1433.21300", "2018-12-31": "1368.98500", "2017-12-31": "1394.13800", "2016-12-31": "1446.34000", "2015-12-31": "1434.57700", "2014-12-31": "1432.03000", "2013-12-31": "1283.97000", "2012-12-31": "1291.75900", "2011-12-31": "1223.09900", "2010-12-31": "1143.17000", "2009-12-31": "1100.33800", "2008-12-31": "1071.40500", "2007-12-31": "1047.94400", "2006-12-31": "994.97700", "2005-12-31": "898.85100"}, "Long-Term Investments": {"2019-12-31": "", "2018-12-31": "", "2017-12-31": "", "2016-12-31": "", "2015-12-31": "", "2014-12-31": "", "2013-12-31": "", "2012-12-31": "", "2011-12-31": "", "2010-12-31": "", "2009-12-31": "", "2008-12-31": "", "2007-12-31": "", "2006-12-31": "", "2005-12-31": ""}, "Goodwill And Intangible Assets": {"2019-12-31": "1701.99600", "2018-12-31": "1540.83000", "2017-12-31": "1591.96700", "2016-12-31": "1631.78000", "2015-12-31": "1676.60900", "2014-12-31": "1743.55100", "2013-12-31": "249.70700", "2012-12-31": "105.23400", "2011-12-31": "107.76900", "2010-12-31": "59.74700", "2009-12-31": "60.80600", "2008-12-31": "62.17000", "2007-12-31": "60.56200", "2006-12-31": "61.64400", "2005-12-31": "67.09400"}, "Other Long-Term Assets": {"2019-12-31": "52.44800", "2018-12-31": "48.37900", "2017-12-31": "69.30400", "2016-12-31": "64.14900", "2015-12-31": "75.76900", "2014-12-31": "45.73700", "2013-12-31": "41.71300", "2012-12-31": "32.62100", "2011-12-31": "31.06600", "2010-12-31": "27.02900", "2009-12-31": "24.20100", "2008-12-31": "22.86400", "2007-12-31": "14.23500", "2006-12-31": "14.08700", "2005-12-31": "28.26400"}, "Total Long-Term Assets": {"2019-12-31": "5552.98200", "2018-12-31": "2958.19400", "2017-12-31": "3055.40900", "2016-12-31": "3142.26900", "2015-12-31": "3186.95500", "2014-12-31": "3221.31800", "2013-12-31": "1575.39000", "2012-12-31": "1429.61400", "2011-12-31": "1361.93400", "2010-12-31": "1229.94600", "2009-12-31": "1185.34500", "2008-12-31": "1156.43900", "2007-12-31": "1122.74100", "2006-12-31": "1070.70800", "2005-12-31": "994.20900"}, "Total Assets": {"2019-12-31": "11248.53000", "2018-12-31": "9040.64800", "2017-12-31": "8482.30100", "2016-12-31": "8315.03300", "2015-12-31": "8127.70100", "2014-12-31": "7962.35800", "2013-12-31": "5564.77400", "2012-12-31": "4613.81400", "2011-12-31": "3655.75400", "2010-12-31": "3354.21700", "2009-12-31": "3072.96300", "2008-12-31": "2964.06500", "2007-12-31": "2805.56600", "2006-12-31": "2682.68100", "2005-12-31": "2542.14900"}, "Total Current Liabilities": {"2019-12-31": "4477.70200", "2018-12-31": "3885.95000", "2017-12-31": "3480.09700", "2016-12-31": "3676.04600", "2015-12-31": "3797.47700", "2014-12-31": "3654.41600", "2013-12-31": "2764.78500", "2012-12-31": "2559.63800", "2011-12-31": "2187.87500", "2010-12-31": "1848.04900", "2009-12-31": "1466.02700", "2008-12-31": "1364.99400", "2007-12-31": "1225.92800", "2006-12-31": "1113.42000", "2005-12-31": "1141.46400"}, "Long Term Debt": {"2019-12-31": "747.31990", "2018-12-31": "1045.72000", "2017-12-31": "1044.32700", "2016-12-31": "1042.94900", "2015-12-31": "1206.29700", "2014-12-31": "1636.31100", "2013-12-31": "1052.66800", "2012-12-31": "604.46100", "2011-12-31": "415.13600", "2010-12-31": "300.85100", "2009-12-31": "202.92700", "2008-12-31": "455.16100", "2007-12-31": "505.06200", "2006-12-31": "477.17300", "2005-12-31": "406.04000"}, "Other Non-Current Liabilities": {"2019-12-31": "123.25000", "2018-12-31": "239.81200", "2017-12-31": "239.06100", "2016-12-31": "225.56400", "2015-12-31": "229.35400", "2014-12-31": "222.36800", "2013-12-31": "231.11600", "2012-12-31": "239.02100", "2011-12-31": "204.82900", "2010-12-31": "165.94300", "2009-12-31": "121.64400", "2008-12-31": "68.74400", "2007-12-31": "50.78100", "2006-12-31": "61.23400", "2005-12-31": "74.87400"}, "Total Long Term Liabilities": {"2019-12-31": "3221.74200", "2018-12-31": "1603.88500", "2017-12-31": "1587.00800", "2016-12-31": "1722.79500", "2015-12-31": "1869.57600", "2014-12-31": "2305.03000", "2013-12-31": "1283.78400", "2012-12-31": "843.48200", "2011-12-31": "619.96500", "2010-12-31": "466.79400", "2009-12-31": "324.57100", "2008-12-31": "523.90500", "2007-12-31": "555.84300", "2006-12-31": "538.40700", "2005-12-31": "480.91400"}, "Total Liabilities": {"2019-12-31": "7699.44400", "2018-12-31": "5489.83500", "2017-12-31": "5067.10500", "2016-12-31": "5398.84100", "2015-12-31": "5667.05300", "2014-12-31": "5959.44600", "2013-12-31": "4048.56900", "2012-12-31": "3403.12000", "2011-12-31": "2807.84000", "2010-12-31": "2314.84300", "2009-12-31": "1790.59800", "2008-12-31": "1888.89900", "2007-12-31": "1781.77100", "2006-12-31": "1651.82700", "2005-12-31": "1622.37800"}, "Common Stock Net": {"2019-12-31": "0.00800", "2018-12-31": "0.00800", "2017-12-31": "0.00800", "2016-12-31": "0.00800", "2015-12-31": "0.00700", "2014-12-31": "0.00700", "2013-12-31": "0.00700", "2012-12-31": "0.00700", "2011-12-31": "0.01100", "2010-12-31": "0.01100", "2009-12-31": "0.01000", "2008-12-31": "0.01000", "2007-12-31": "0.01000", "2006-12-31": "0.01100", "2005-12-31": "0.01100"}, "Retained Earnings (Accumulated Deficit)": {"2019-12-31": "3772.84800", "2018-12-31": "3326.15500", "2017-12-31": "2920.09600", "2016-12-31": "2462.93500", "2015-12-31": "2021.07700", "2014-12-31": "1565.34100", "2013-12-31": "1089.11200", "2012-12-31": "714.90000", "2011-12-31": "1989.62900", "2010-12-31": "1612.92700", "2009-12-31": "1287.26800", "2008-12-31": "1039.62800", "2007-12-31": "824.47100", "2006-12-31": "613.21800", "2005-12-31": "407.37300"}, "Comprehensive Income": {"2019-12-31": "-34.56900", "2018-12-31": "-44.19300", "2017-12-31": "-24.95400", "2016-12-31": "-39.70100", "2015-12-31": "-44.05900", "2014-12-31": "-12.33700", "2013-12-31": "3.68300", "2012-12-31": "2.66700", "2011-12-31": "2.80400", "2010-12-31": "-1.59700", "2009-12-31": "-6.69900", "2008-12-31": "-9.34900", "2007-12-31": "-0.70100", "2006-12-31": "3.47200", "2005-12-31": "3.09000"}, "Other Share Holders Equity": {"2019-12-31": "", "2018-12-31": "", "2017-12-31": "", "2016-12-31": "", "2015-12-31": "", "2014-12-31": "", "2013-12-31": "", "2012-12-31": "", "2011-12-31": "", "2010-12-31": "", "2009-12-31": "", "2008-12-31": "", "2007-12-31": "", "2006-12-31": "", "2005-12-31": ""}, "Share Holder Equity": {"2019-12-31": "3549.08100", "2018-12-31": "3550.81300", "2017-12-31": "3415.19600", "2016-12-31": "2916.19200", "2015-12-31": "2460.64800", "2014-12-31": "2002.91200", "2013-12-31": "1516.20500", "2012-12-31": "1210.69400", "2011-12-31": "847.91400", "2010-12-31": "1039.37400", "2009-12-31": "1282.36500", "2008-12-31": "1075.16600", "2007-12-31": "1023.79500", "2006-12-31": "1030.85400", "2005-12-31": "919.77100"}, "Total Liabilities And Share Holders Equity": {"2019-12-31": "11248.53000", "2018-12-31": "9040.64800", "2017-12-31": "8482.30100", "2016-12-31": "8315.03300", "2015-12-31": "8127.70100", "2014-12-31": "7962.35800", "2013-12-31": "5564.77400", "2012-12-31": "4613.81400", "2011-12-31": "3655.75400", "2010-12-31": "3354.21700", "2009-12-31": "3072.96300", "2008-12-31": "2964.06500", "2007-12-31": "2805.56600", "2006-12-31": "2682.68100", "2005-12-31": "2542.14900"}}, "balance sheet, quarterly": {"Cash On Hand": {"2020-09-30": "1068.20500", "2020-06-30": "1141.50200", "2020-03-31": "1279.83800", "2019-12-31": "418.66500", "2019-09-30": "573.72600", "2019-06-30": "747.71900", "2019-03-31": "537.33000", "2018-12-31": "896.52700", "2018-09-30": "970.00600", "2018-06-30": "902.24900", "2018-03-31": "639.14300", "2017-12-31": "546.93700", "2017-09-30": "363.30200", "2017-06-30": "257.23000", "2017-03-31": "126.08700", "2016-12-31": "135.17800", "2016-09-30": "119.49400", "2016-06-30": "104.82700", "2016-03-31": "103.70800", "2015-12-31": "90.78200", "2015-09-30": "105.34600", "2015-06-30": "114.53600", "2015-03-31": "123.82100", "2014-12-31": "104.67100", "2014-09-30": "89.66400", "2014-06-30": "67.44600", "2014-03-31": "83.35800", "2013-12-31": "1112.47100", "2013-09-30": "567.30100", "2013-06-30": "520.96900", "2013-03-31": "407.72400", "2012-12-31": "598.11100", "2012-09-30": "479.38300", "2012-06-30": "448.59400", "2012-03-31": "364.08400", "2011-12-31": "57.90100", "2011-09-30": "65.92900", "2011-06-30": "68.82000", "2011-03-31": "53.66700", "2010-12-31": "59.20900", "2010-09-30": "194.50200", "2010-06-30": "160.81800", "2010-03-31": "133.28600", "2009-12-31": "100.01800", "2009-09-30": "216.21500", "2009-06-30": "126.39100", "2009-03-31": "50.90200", "2008-12-31": "37.35800", "2008-09-30": "21.30700", "2008-06-30": "19.45900", "2008-03-31": "19.12800", "2007-12-31": "14.65400", "2007-09-30": "14.83600", "2007-06-30": "82.64700", "2007-03-31": "16.98300", "2006-12-31": "11.12800", "2006-09-30": "13.98700", "2006-06-30": "13.12800", "2006-03-31": "55.35000", "2005-12-31": "40.78300", "2005-09-30": "112.70400", "2005-06-30": "175.88800", "2005-03-31": "131.68800"}, "Receivables": {"2020-09-30": "843.05400", "2020-06-30": "742.34600", "2020-03-31": "627.40500", "2019-12-31": "689.46900", "2019-09-30": "721.34200", "2019-06-30": "713.06100", "2019-03-31": "684.41900", "2018-12-31": "624.97200", "2018-09-30": "698.61700", "2018-06-30": "664.14900", "2018-03-31": "620.37800", "2017-12-31": "606.35700", "2017-09-30": "679.35900", "2017-06-30": "680.50300", "2017-03-31": "683.02400", "2016-12-31": "641.25200", "2016-09-30": "686.94700", "2016-06-30": "657.48300", "2016-03-31": "650.99300", "2015-12-31": "597.78800", "2015-09-30": "664.61400", "2015-06-30": "653.30900", "2015-03-31": "631.92600", "2014-12-31": "579.82500", "2014-09-30": "634.82800", "2014-06-30": "622.43200", "2014-03-31": "576.60600", "2013-12-31": "277.59500", "2013-09-30": "278.97700", "2013-06-30": "281.71400", "2013-03-31": "272.20800", "2012-12-31": "229.86600", "2012-09-30": "204.55500", "2012-06-30": "159.34900", "2012-03-31": "146.22800", "2011-12-31": "140.00700", "2011-09-30": "131.40900", "2011-06-30": "122.18800", "2011-03-31": "115.42400", "2010-12-31": "124.22700", "2010-09-30": "115.73100", "2010-06-30": "114.88500", "2010-03-31": "110.47100", "2009-12-31": "92.56000", "2009-09-30": "92.99300", "2009-06-30": "89.39300", "2009-03-31": "87.51900", "2008-12-31": "97.20300", "2008-09-30": "93.77800", "2008-06-30": "90.14600", "2008-03-31": "84.08300", "2007-12-31": "84.98300", "2007-09-30": "76.98200", "2007-06-30": "90.68900", "2007-03-31": "89.75400", "2006-12-31": "97.04600", "2006-09-30": "83.73300", "2006-06-30": "87.41400", "2006-03-31": "84.77900", "2005-12-31": "94.68900", "2005-09-30": "83.87700", "2005-06-30": "94.38000", "2005-03-31": "91.23300"}, "Inventory": {"2020-09-30": "4367.27200", "2020-06-30": "4358.48900", "2020-03-31": "4526.00300", "2019-12-31": "4432.16800", "2019-09-30": "4391.09300", "2019-06-30": "4374.93300", "2019-03-31": "4433.98100", "2018-12-31": "4362.54700", "2018-09-30": "4187.08200", "2018-06-30": "4159.75600", "2018-03-31": "4230.47300", "2017-12-31": "4168.49200", "2017-09-30": "4219.32100", "2017-06-30": "4293.36700", "2017-03-31": "4413.80300", "2016-12-31": "4325.86800", "2016-09-30": "4357.01300", "2016-06-30": "4421.27400", "2016-03-31": "4432.96800", "2015-12-31": "4174.76800", "2015-09-30": "4141.56200", "2015-06-30": "4119.59200", "2015-03-31": "4104.77700", "2014-12-31": "3936.95500", "2014-09-30": "3941.54900", "2014-06-30": "3935.15700", "2014-03-31": "3910.94800", "2013-12-31": "2556.55700", "2013-09-30": "2463.97800", "2013-06-30": "2407.04100", "2013-03-31": "2423.77200", "2012-12-31": "2308.60900", "2012-09-30": "2193.36900", "2012-06-30": "2096.34100", "2012-03-31": "2106.94400", "2011-12-31": "2043.15800", "2011-09-30": "2109.72100", "2011-06-30": "2091.91300", "2011-03-31": "2118.11900", "2010-12-31": "1863.87000", "2010-09-30": "1839.49800", "2010-06-30": "1816.99800", "2010-03-31": "1745.55500", "2009-12-31": "1631.86700", "2009-09-30": "1657.06700", "2009-06-30": "1635.75400", "2009-03-31": "1681.33600", "2008-12-31": "1623.08800", "2008-09-30": "1717.65600", "2008-06-30": "1686.44300", "2008-03-31": "1618.32000", "2007-12-31": "1529.46900", "2007-09-30": "1540.66600", "2007-06-30": "1560.50700", "2007-03-31": "1556.05200", "2006-12-31": "1463.34000", "2006-09-30": "1462.06700", "2006-06-30": "1433.12600", "2006-03-31": "1420.88900", "2005-12-31": "1367.09900", "2005-09-30": "1374.86600", "2005-06-30": "1327.33200", "2005-03-31": "1309.29700"}, "Pre-Paid Expenses": {"2020-09-30": "", "2020-06-30": "", "2020-03-31": "", "2019-12-31": "", "2019-09-30": "", "2019-06-30": "", "2019-03-31": "", "2018-12-31": "", "2018-09-30": "", "2018-06-30": "", "2018-03-31": "", "2017-12-31": "", "2017-09-30": "", "2017-06-30": "", "2017-03-31": "", "2016-12-31": "", "2016-09-30": "", "2016-06-30": "", "2016-03-31": "", "2015-12-31": "", "2015-09-30": "", "2015-06-30": "", "2015-03-31": "", "2014-12-31": "", "2014-09-30": "", "2014-06-30": "", "2014-03-31": "", "2013-12-31": "", "2013-09-30": "", "2013-06-30": "", "2013-03-31": "", "2012-12-31": "", "2012-09-30": "", "2012-06-30": "", "2012-03-31": "", "2011-12-31": "", "2011-09-30": "", "2011-06-30": "", "2011-03-31": "", "2010-12-31": "", "2010-09-30": "", "2010-06-30": "", "2010-03-31": "", "2009-12-31": "", "2009-09-30": "", "2009-06-30": "", "2009-03-31": "", "2008-12-31": "", "2008-09-30": "", "2008-06-30": "", "2008-03-31": "", "2007-12-31": "", "2007-09-30": "", "2007-06-30": "", "2007-03-31": "", "2006-12-31": "", "2006-09-30": "", "2006-06-30": "", "2006-03-31": "", "2005-12-31": "", "2005-09-30": "", "2005-06-30": "", "2005-03-31": ""}, "Other Current Assets": {"2020-09-30": "158.81900", "2020-06-30": "153.18800", "2020-03-31": "138.74900", "2019-12-31": "155.24100", "2019-09-30": "140.48700", "2019-06-30": "126.75800", "2019-03-31": "126.10800", "2018-12-31": "198.40800", "2018-09-30": "168.57800", "2018-06-30": "151.66200", "2018-03-31": "127.52200", "2017-12-31": "105.10600", "2017-09-30": "105.97000", "2017-06-30": "95.11500", "2017-03-31": "83.77900", "2016-12-31": "70.46600", "2016-09-30": "98.67200", "2016-06-30": "96.20000", "2016-03-31": "78.55800", "2015-12-31": "77.40800", "2015-09-30": "96.86300", "2015-06-30": "90.49100", "2015-03-31": "76.34100", "2014-12-31": "119.58900", "2014-09-30": "97.23200", "2014-06-30": "89.74100", "2014-03-31": "70.87200", "2013-12-31": "42.76100", "2013-09-30": "68.43500", "2013-06-30": "66.55500", "2013-03-31": "59.17000", "2012-12-31": "47.61400", "2012-09-30": "70.58200", "2012-06-30": "60.88300", "2012-03-31": "52.57800", "2011-12-31": "52.75400", "2011-09-30": "67.06300", "2011-06-30": "59.24500", "2011-03-31": "48.27800", "2010-12-31": "76.96500", "2010-09-30": "51.93100", "2010-06-30": "48.66900", "2010-03-31": "33.98400", "2009-12-31": "63.17300", "2009-09-30": "46.38100", "2009-06-30": "43.84800", "2009-03-31": "34.03700", "2008-12-31": "49.97700", "2008-09-30": "46.07800", "2008-06-30": "41.68500", "2008-03-31": "27.57000", "2007-12-31": "53.71900", "2007-09-30": "43.80500", "2007-06-30": "45.12800", "2007-03-31": "29.41800", "2006-12-31": "40.45900", "2006-09-30": "38.20700", "2006-06-30": "41.08800", "2006-03-31": "28.74200", "2005-12-31": "45.36900", "2005-09-30": "34.31200", "2005-06-30": "31.38000", "2005-03-31": "26.28400"}, "Total Current Assets": {"2020-09-30": "6437.35000", "2020-06-30": "6395.52500", "2020-03-31": "6571.99500", "2019-12-31": "5695.54300", "2019-09-30": "5826.64800", "2019-06-30": "5962.47100", "2019-03-31": "5781.83800", "2018-12-31": "6082.45400", "2018-09-30": "6024.28300", "2018-06-30": "5877.81600", "2018-03-31": "5617.51600", "2017-12-31": "5426.89200", "2017-09-30": "5367.95200", "2017-06-30": "5326.21500", "2017-03-31": "5306.69300", "2016-12-31": "5172.76400", "2016-09-30": "5262.12600", "2016-06-30": "5279.78400", "2016-03-31": "5266.22700", "2015-12-31": "4940.74600", "2015-09-30": "5008.38500", "2015-06-30": "4977.92800", "2015-03-31": "4936.86500", "2014-12-31": "4741.04000", "2014-09-30": "4763.27300", "2014-06-30": "4714.77600", "2014-03-31": "4641.78400", "2013-12-31": "3989.38400", "2013-09-30": "3378.69100", "2013-06-30": "3276.27900", "2013-03-31": "3162.87400", "2012-12-31": "3184.20000", "2012-09-30": "2947.88900", "2012-06-30": "2765.16700", "2012-03-31": "2669.83400", "2011-12-31": "2293.82000", "2011-09-30": "2374.12200", "2011-06-30": "2342.16600", "2011-03-31": "2335.48800", "2010-12-31": "2124.27100", "2010-09-30": "2201.66200", "2010-06-30": "2141.37000", "2010-03-31": "2023.29600", "2009-12-31": "1887.61800", "2009-09-30": "2012.65600", "2009-06-30": "1895.38600", "2009-03-31": "1853.79400", "2008-12-31": "1807.62600", "2008-09-30": "1878.81900", "2008-06-30": "1837.73300", "2008-03-31": "1749.10100", "2007-12-31": "1682.82500", "2007-09-30": "1676.28900", "2007-06-30": "1778.97100", "2007-03-31": "1692.20700", "2006-12-31": "1611.97300", "2006-09-30": "1597.99400", "2006-06-30": "1574.75600", "2006-03-31": "1589.76000", "2005-12-31": "1547.94000", "2005-09-30": "1605.75900", "2005-06-30": "1628.98000", "2005-03-31": "1558.50200"}, "Property, Plant, And Equipment": {"2020-09-30": "1444.88900", "2020-06-30": "1436.48500", "2020-03-31": "1444.47800", "2019-12-31": "1433.21300", "2019-09-30": "1389.08900", "2019-06-30": "1381.38800", "2019-03-31": "1363.12800", "2018-12-31": "1368.98500", "2018-09-30": "1335.76900", "2018-06-30": "1338.93100", "2018-03-31": "1358.39700", "2017-12-31": "1394.13800", "2017-09-30": "1418.48600", "2017-06-30": "1431.29400", "2017-03-31": "1439.62100", "2016-12-31": "1446.34000", "2016-09-30": "1442.17300", "2016-06-30": "1431.92200", "2016-03-31": "1432.69800", "2015-12-31": "1434.57700", "2015-09-30": "1396.09300", "2015-06-30": "1400.34200", "2015-03-31": "1397.95000", "2014-12-31": "1432.03000", "2014-09-30": "1424.56900", "2014-06-30": "1422.08300", "2014-03-31": "1425.11700", "2013-12-31": "1283.97000", "2013-09-30": "1278.65500", "2013-06-30": "1285.02900", "2013-03-31": "1284.80500", "2012-12-31": "1291.75900", "2012-09-30": "1270.43200", "2012-06-30": "1263.68000", "2012-03-31": "1233.68900", "2011-12-31": "1223.09900", "2011-09-30": "1191.45300", "2011-06-30": "1172.13200", "2011-03-31": "1151.92600", "2010-12-31": "1143.17000", "2010-09-30": "1104.38000", "2010-06-30": "1098.90100", "2010-03-31": "1095.93500", "2009-12-31": "1100.33800", "2009-09-30": "1070.21700", "2009-06-30": "1067.43200", "2009-03-31": "1061.68300", "2008-12-31": "1071.40500", "2008-09-30": "1053.78900", "2008-06-30": "1058.27300", "2008-03-31": "1047.66700", "2007-12-31": "1047.94400", "2007-09-30": "1016.71200", "2007-06-30": "1019.25200", "2007-03-31": "1016.04600", "2006-12-31": "994.97700", "2006-09-30": "983.60900", "2006-06-30": "954.62000", "2006-03-31": "932.45500", "2005-12-31": "898.85100", "2005-09-30": "869.11400", "2005-06-30": "843.03400", "2005-03-31": "810.34200"}, "Long-Term Investments": {"2020-09-30": "", "2020-06-30": "", "2020-03-31": "", "2019-12-31": "", "2019-09-30": "", "2019-06-30": "", "2019-03-31": "", "2018-12-31": "", "2018-09-30": "", "2018-06-30": "", "2018-03-31": "", "2017-12-31": "", "2017-09-30": "", "2017-06-30": "", "2017-03-31": "", "2016-12-31": "", "2016-09-30": "", "2016-06-30": "", "2016-03-31": "", "2015-12-31": "", "2015-09-30": "", "2015-06-30": "", "2015-03-31": "", "2014-12-31": "", "2014-09-30": "", "2014-06-30": "", "2014-03-31": "", "2013-12-31": "", "2013-09-30": "", "2013-06-30": "", "2013-03-31": "", "2012-12-31": "", "2012-09-30": "", "2012-06-30": "", "2012-03-31": "", "2011-12-31": "", "2011-09-30": "", "2011-06-30": "", "2011-03-31": "", "2010-12-31": "", "2010-09-30": "", "2010-06-30": "", "2010-03-31": "", "2009-12-31": "", "2009-09-30": "", "2009-06-30": "", "2009-03-31": "", "2008-12-31": "", "2008-09-30": "", "2008-06-30": "", "2008-03-31": "", "2007-12-31": "", "2007-09-30": "", "2007-06-30": "", "2007-03-31": "", "2006-12-31": "", "2006-09-30": "", "2006-06-30": "", "2006-03-31": "", "2005-12-31": "", "2005-09-30": "", "2005-06-30": "", "2005-03-31": ""}, "Goodwill And Intangible Assets": {"2020-09-30": "1677.71300", "2020-06-30": "1682.87800", "2020-03-31": "1687.14400", "2019-12-31": "1701.99600", "2019-09-30": "1505.88700", "2019-06-30": "1514.40100", "2019-03-31": "1518.94200", "2018-12-31": "1540.83000", "2018-09-30": "1555.46200", "2018-06-30": "1563.88700", "2018-03-31": "1576.80700", "2017-12-31": "1591.96700", "2017-09-30": "1602.92800", "2017-06-30": "1612.79500", "2017-03-31": "1617.66900", "2016-12-31": "1631.78000", "2016-09-30": "1643.75300", "2016-06-30": "1657.25700", "2016-03-31": "1670.16900", "2015-12-31": "1676.60900", "2015-09-30": "1695.29500", "2015-06-30": "1706.44400", "2015-03-31": "1723.04100", "2014-12-31": "1743.55100", "2014-09-30": "1761.05300", "2014-06-30": "1780.61400", "2014-03-31": "1801.12400", "2013-12-31": "249.70700", "2013-09-30": "253.79800", "2013-06-30": "255.94600", "2013-03-31": "259.78300", "2012-12-31": "105.23400", "2012-09-30": "105.03800", "2012-06-30": "105.85700", "2012-03-31": "106.67700", "2011-12-31": "107.76900", "2011-09-30": "80.50000", "2011-06-30": "59.22600", "2011-03-31": "59.44900", "2010-12-31": "59.74700", "2010-09-30": "59.97000", "2010-06-30": "60.22100", "2010-03-31": "60.47200", "2009-12-31": "60.80600", "2009-09-30": "61.05700", "2009-06-30": "61.52400", "2009-03-31": "61.79800", "2008-12-31": "62.17000", "2008-09-30": "62.49100", "2008-06-30": "62.78800", "2008-03-31": "61.97700", "2007-12-31": "60.56200", "2007-09-30": "60.81300", "2007-06-30": "61.06300", "2007-03-31": "61.31400", "2006-12-31": "61.64400", "2006-09-30": "61.68500", "2006-06-30": "67.20800", "2006-03-31": "67.20800", "2005-12-31": "67.09400", "2005-09-30": "54.34400", "2005-06-30": "", "2005-03-31": ""}, "Other Long-Term Assets": {"2020-09-30": "50.37400", "2020-06-30": "48.25000", "2020-03-31": "49.44410", "2019-12-31": "52.44800", "2019-09-30": "49.44600", "2019-06-30": "49.66700", "2019-03-31": "46.24100", "2018-12-31": "48.37900", "2018-09-30": "56.83900", "2018-06-30": "54.92200", "2018-03-31": "62.23300", "2017-12-31": "69.30400", "2017-09-30": "78.85800", "2017-06-30": "67.10900", "2017-03-31": "64.67400", "2016-12-31": "64.14900", "2016-09-30": "66.59300", "2016-06-30": "68.56600", "2016-03-31": "69.86900", "2015-12-31": "75.76900", "2015-09-30": "81.76300", "2015-06-30": "83.16100", "2015-03-31": "88.83900", "2014-12-31": "45.73700", "2014-09-30": "48.84200", "2014-06-30": "52.05200", "2014-03-31": "45.04900", "2013-12-31": "41.71300", "2013-09-30": "33.55500", "2013-06-30": "35.03400", "2013-03-31": "40.02300", "2012-12-31": "32.62100", "2012-09-30": "33.84700", "2012-06-30": "34.44200", "2012-03-31": "34.91200", "2011-12-31": "31.06600", "2011-09-30": "31.99300", "2011-06-30": "29.94400", "2011-03-31": "26.52000", "2010-12-31": "27.02900", "2010-09-30": "28.31300", "2010-06-30": "28.23500", "2010-03-31": "23.10500", "2009-12-31": "24.20100", "2009-09-30": "21.96800", "2009-06-30": "20.62900", "2009-03-31": "24.45300", "2008-12-31": "22.86400", "2008-09-30": "13.16000", "2008-06-30": "15.18600", "2008-03-31": "14.38200", "2007-12-31": "14.23500", "2007-09-30": "12.75200", "2007-06-30": "16.10300", "2007-03-31": "11.74700", "2006-12-31": "14.08700", "2006-09-30": "18.29700", "2006-06-30": "26.13600", "2006-03-31": "26.30500", "2005-12-31": "28.26400", "2005-09-30": "33.35700", "2005-06-30": "36.71700", "2005-03-31": "37.53900"}, "Total Long-Term Assets": {"2020-09-30": "5535.41300", "2020-06-30": "5535.14000", "2020-03-31": "5500.57700", "2019-12-31": "5552.98200", "2019-09-30": "5280.15400", "2019-06-30": "5305.47500", "2019-03-31": "5299.67300", "2018-12-31": "2958.19400", "2018-09-30": "2948.07000", "2018-06-30": "2957.74000", "2018-03-31": "2997.43700", "2017-12-31": "3055.40900", "2017-09-30": "3100.27200", "2017-06-30": "3111.19800", "2017-03-31": "3121.96400", "2016-12-31": "3142.26900", "2016-09-30": "3152.51900", "2016-06-30": "3157.74500", "2016-03-31": "3172.73600", "2015-12-31": "3186.95500", "2015-09-30": "3173.15100", "2015-06-30": "3189.94700", "2015-03-31": "3209.83000", "2014-12-31": "3221.31800", "2014-09-30": "3234.46400", "2014-06-30": "3254.74900", "2014-03-31": "3271.29000", "2013-12-31": "1575.39000", "2013-09-30": "1566.00800", "2013-06-30": "1576.00900", "2013-03-31": "1584.61100", "2012-12-31": "1429.61400", "2012-09-30": "1409.31700", "2012-06-30": "1403.97900", "2012-03-31": "1375.27800", "2011-12-31": "1361.93400", "2011-09-30": "1303.94600", "2011-06-30": "1261.30200", "2011-03-31": "1237.89500", "2010-12-31": "1229.94600", "2010-09-30": "1192.66300", "2010-06-30": "1187.35700", "2010-03-31": "1179.51200", "2009-12-31": "1185.34500", "2009-09-30": "1153.24200", "2009-06-30": "1149.58500", "2009-03-31": "1147.93400", "2008-12-31": "1156.43900", "2008-09-30": "1129.44000", "2008-06-30": "1136.24700", "2008-03-31": "1124.02600", "2007-12-31": "1122.74100", "2007-09-30": "1090.27700", "2007-06-30": "1096.41800", "2007-03-31": "1089.10700", "2006-12-31": "1070.70800", "2006-09-30": "1063.59100", "2006-06-30": "1047.96400", "2006-03-31": "1025.96800", "2005-12-31": "994.20900", "2005-09-30": "956.81500", "2005-06-30": "879.75100", "2005-03-31": "847.88100"}, "Total Assets": {"2020-09-30": "11972.76000", "2020-06-30": "11930.67000", "2020-03-31": "12072.57000", "2019-12-31": "11248.53000", "2019-09-30": "11106.80000", "2019-06-30": "11267.95000", "2019-03-31": "11081.51000", "2018-12-31": "9040.64800", "2018-09-30": "8972.35300", "2018-06-30": "8835.55600", "2018-03-31": "8614.95300", "2017-12-31": "8482.30100", "2017-09-30": "8468.22400", "2017-06-30": "8437.41300", "2017-03-31": "8428.65700", "2016-12-31": "8315.03300", "2016-09-30": "8414.64500", "2016-06-30": "8437.52900", "2016-03-31": "8438.96300", "2015-12-31": "8127.70100", "2015-09-30": "8181.53600", "2015-06-30": "8167.87500", "2015-03-31": "8146.69500", "2014-12-31": "7962.35800", "2014-09-30": "7997.73700", "2014-06-30": "7969.52500", "2014-03-31": "7913.07400", "2013-12-31": "5564.77400", "2013-09-30": "4944.69900", "2013-06-30": "4852.28800", "2013-03-31": "4747.48500", "2012-12-31": "4613.81400", "2012-09-30": "4357.20600", "2012-06-30": "4169.14600", "2012-03-31": "4045.11200", "2011-12-31": "3655.75400", "2011-09-30": "3678.06800", "2011-06-30": "3603.46800", "2011-03-31": "3573.38300", "2010-12-31": "3354.21700", "2010-09-30": "3394.32500", "2010-06-30": "3328.72700", "2010-03-31": "3202.80800", "2009-12-31": "3072.96300", "2009-09-30": "3165.89800", "2009-06-30": "3044.97100", "2009-03-31": "3001.72800", "2008-12-31": "2964.06500", "2008-09-30": "3008.25900", "2008-06-30": "2973.98000", "2008-03-31": "2873.12700", "2007-12-31": "2805.56600", "2007-09-30": "2766.56600", "2007-06-30": "2875.38900", "2007-03-31": "2781.31400", "2006-12-31": "2682.68100", "2006-09-30": "2661.58500", "2006-06-30": "2622.72000", "2006-03-31": "2615.72800", "2005-12-31": "2542.14900", "2005-09-30": "2562.57400", "2005-06-30": "2508.73100", "2005-03-31": "2406.38300"}, "Total Current Liabilities": {"2020-09-30": "4648.88800", "2020-06-30": "4437.55900", "2020-03-31": "4831.04900", "2019-12-31": "4477.70200", "2019-09-30": "4463.91300", "2019-06-30": "4372.40500", "2019-03-31": "4298.87700", "2018-12-31": "3885.95000", "2018-09-30": "3721.23200", "2018-06-30": "3598.21700", "2018-03-31": "3480.13900", "2017-12-31": "3480.09700", "2017-09-30": "3537.40900", "2017-06-30": "3598.32700", "2017-03-31": "3659.63100", "2016-12-31": "3676.04600", "2016-09-30": "3837.35100", "2016-06-30": "3841.23300", "2016-03-31": "3908.56300", "2015-12-31": "3797.47700", "2015-09-30": "3950.91400", "2015-06-30": "3879.75800", "2015-03-31": "3824.47800", "2014-12-31": "3654.41600", "2014-09-30": "3784.04200", "2014-06-30": "3774.17300", "2014-03-31": "3664.24700", "2013-12-31": "2764.78500", "2013-09-30": "2636.34400", "2013-06-30": "2639.66500", "2013-03-31": "2624.14100", "2012-12-31": "2559.63800", "2012-09-30": "2380.85400", "2012-06-30": "2292.04100", "2012-03-31": "2248.71400", "2011-12-31": "2187.87500", "2011-09-30": "2105.62800", "2011-06-30": "2086.03500", "2011-03-31": "2076.33000", "2010-12-31": "1848.04900", "2010-09-30": "1827.86400", "2010-06-30": "1846.21400", "2010-03-31": "1697.71500", "2009-12-31": "1466.02700", "2009-09-30": "1472.95800", "2009-06-30": "1421.42500", "2009-03-31": "1470.67700", "2008-12-31": "1364.99400", "2008-09-30": "1422.46200", "2008-06-30": "1430.47200", "2008-03-31": "1315.93200", "2007-12-31": "1225.92800", "2007-09-30": "1207.36000", "2007-06-30": "1249.61400", "2007-03-31": "1194.66800", "2006-12-31": "1113.42000", "2006-09-30": "1153.49900", "2006-06-30": "1229.20800", "2006-03-31": "1208.87800", "2005-12-31": "1141.46400", "2005-09-30": "1157.15900", "2005-06-30": "1140.46500", "2005-03-31": "1135.84200"}, "Long Term Debt": {"2020-09-30": "1031.87200", "2020-06-30": "1240.34000", "2020-03-31": "1241.09400", "2019-12-31": "747.32000", "2019-09-30": "747.13600", "2019-06-30": "746.95100", "2019-03-31": "746.76680", "2018-12-31": "1045.72000", "2018-09-30": "1045.39800", "2018-06-30": "1045.07700", "2018-03-31": "1044.75500", "2017-12-31": "1044.32700", "2017-09-30": "1044.00800", "2017-06-30": "1043.69000", "2017-03-31": "1073.37200", "2016-12-31": "1042.94900", "2016-09-30": "1042.63300", "2016-06-30": "1169.70200", "2016-03-31": "1229.88800", "2015-12-31": "1206.29700", "2015-09-30": "1293.10200", "2015-06-30": "1453.04400", "2015-03-31": "1609.68700", "2014-12-31": "1636.31100", "2014-09-30": "1730.15000", "2014-06-30": "1797.79500", "2014-03-31": "2001.74000", "2013-12-31": "1052.66800", "2013-09-30": "604.02700", "2013-06-30": "604.11700", "2013-03-31": "604.26500", "2012-12-31": "604.46100", "2012-09-30": "599.55000", "2012-06-30": "599.69600", "2012-03-31": "599.84100", "2011-12-31": "415.13600", "2011-09-30": "599.43800", "2011-06-30": "565.42000", "2011-03-31": "430.83200", "2010-12-31": "300.85100", "2010-09-30": "301.04300", "2010-06-30": "301.25400", "2010-03-31": "277.69500", "2009-12-31": "202.92700", "2009-09-30": "278.14900", "2009-06-30": "278.83500", "2009-03-31": "279.01000", "2008-12-31": "455.16100", "2008-09-30": "470.49400", "2008-06-30": "452.26600", "2008-03-31": "553.83600", "2007-12-31": "505.06200", "2007-09-30": "433.77400", "2007-06-30": "350.33200", "2007-03-31": "404.15000", "2006-12-31": "477.17300", "2006-09-30": "450.85900", "2006-06-30": "392.65100", "2006-03-31": "395.34300", "2005-12-31": "406.04000", "2005-09-30": "413.77500", "2005-06-30": "421.95000", "2005-03-31": "430.12500"}, "Other Non-Current Liabilities": {"2020-09-30": "171.71100", "2020-06-30": "146.76100", "2020-03-31": "133.97900", "2019-12-31": "123.25000", "2019-09-30": "124.78100", "2019-06-30": "131.03500", "2019-03-31": "124.06700", "2018-12-31": "239.81200", "2018-09-30": "225.92700", "2018-06-30": "220.22200", "2018-03-31": "232.75200", "2017-12-31": "239.06100", "2017-09-30": "226.82600", "2017-06-30": "228.33700", "2017-03-31": "225.85100", "2016-12-31": "225.56400", "2016-09-30": "223.59200", "2016-06-30": "231.57300", "2016-03-31": "229.07900", "2015-12-31": "229.35400", "2015-09-30": "524.44400", "2015-06-30": "545.94400", "2015-03-31": "565.94200", "2014-12-31": "222.36800", "2014-09-30": "558.04600", "2014-06-30": "583.03200", "2014-03-31": "580.45600", "2013-12-31": "231.11600", "2013-09-30": "236.48000", "2013-06-30": "239.52700", "2013-03-31": "248.63200", "2012-12-31": "239.02100", "2012-09-30": "229.32400", "2012-06-30": "218.30800", "2012-03-31": "217.90800", "2011-12-31": "204.82900", "2011-09-30": "195.37600", "2011-06-30": "187.73500", "2011-03-31": "182.33700", "2010-12-31": "165.94300", "2010-09-30": "123.38000", "2010-06-30": "114.80900", "2010-03-31": "118.01500", "2009-12-31": "121.64400", "2009-09-30": "122.23500", "2009-06-30": "81.62300", "2009-03-31": "72.23600", "2008-12-31": "68.74400", "2008-09-30": "57.79200", "2008-06-30": "52.64300", "2008-03-31": "52.69600", "2007-12-31": "50.78100", "2007-09-30": "60.04200", "2007-06-30": "63.41800", "2007-03-31": "64.53700", "2006-12-31": "61.23400", "2006-09-30": "66.77300", "2006-06-30": "67.76500", "2006-03-31": "72.00200", "2005-12-31": "74.87400", "2005-09-30": "78.58100", "2005-06-30": "75.89900", "2005-03-31": "80.92800"}, "Total Long Term Liabilities": {"2020-09-30": "3561.21100", "2020-06-30": "3766.58700", "2020-03-31": "3704.49400", "2019-12-31": "3221.74200", "2019-09-30": "3187.94700", "2019-06-30": "3224.23900", "2019-03-31": "3235.41100", "2018-12-31": "1603.88500", "2018-09-30": "1591.48500", "2018-06-30": "1579.39000", "2018-03-31": "1588.19300", "2017-12-31": "1587.00800", "2017-09-30": "1700.02800", "2017-06-30": "1710.80900", "2017-03-31": "1745.35100", "2016-12-31": "1722.79500", "2016-09-30": "1721.57300", "2016-06-30": "1847.39900", "2016-03-31": "1901.26100", "2015-12-31": "1869.57600", "2015-09-30": "1817.54600", "2015-06-30": "1998.98800", "2015-03-31": "2175.62900", "2014-12-31": "2305.03000", "2014-09-30": "2288.19600", "2014-06-30": "2380.82700", "2014-03-31": "2582.19600", "2013-12-31": "1283.78400", "2013-09-30": "840.50700", "2013-06-30": "843.64400", "2013-03-31": "852.89700", "2012-12-31": "843.48200", "2012-09-30": "828.87400", "2012-06-30": "818.00400", "2012-03-31": "817.74900", "2011-12-31": "619.96500", "2011-09-30": "794.81400", "2011-06-30": "753.15500", "2011-03-31": "613.16900", "2010-12-31": "466.79400", "2010-09-30": "424.42300", "2010-06-30": "416.06300", "2010-03-31": "395.71000", "2009-12-31": "324.57100", "2009-09-30": "400.38400", "2009-06-30": "360.45800", "2009-03-31": "351.24600", "2008-12-31": "523.90500", "2008-09-30": "528.28600", "2008-06-30": "504.90900", "2008-03-31": "606.53200", "2007-12-31": "555.84300", "2007-09-30": "493.81600", "2007-06-30": "413.75000", "2007-03-31": "468.68700", "2006-12-31": "538.40700", "2006-09-30": "517.63200", "2006-06-30": "460.41600", "2006-03-31": "467.34500", "2005-12-31": "480.91400", "2005-09-30": "492.35600", "2005-06-30": "497.84900", "2005-03-31": "511.05300"}, "Total Liabilities": {"2020-09-30": "8210.09900", "2020-06-30": "8204.14600", "2020-03-31": "8535.54100", "2019-12-31": "7699.44400", "2019-09-30": "7651.86000", "2019-06-30": "7596.64400", "2019-03-31": "7534.28800", "2018-12-31": "5489.83500", "2018-09-30": "5312.71700", "2018-06-30": "5177.60700", "2018-03-31": "5068.33200", "2017-12-31": "5067.10500", "2017-09-30": "5237.43700", "2017-06-30": "5309.13600", "2017-03-31": "5404.98200", "2016-12-31": "5398.84100", "2016-09-30": "5558.92400", "2016-06-30": "5688.63200", "2016-03-31": "5809.82400", "2015-12-31": "5667.05300", "2015-09-30": "5768.46000", "2015-06-30": "5878.74600", "2015-03-31": "6000.10700", "2014-12-31": "5959.44600", "2014-09-30": "6072.23800", "2014-06-30": "6155.00000", "2014-03-31": "6246.44300", "2013-12-31": "4048.56900", "2013-09-30": "3476.85100", "2013-06-30": "3483.30900", "2013-03-31": "3477.03800", "2012-12-31": "3403.12000", "2012-09-30": "3209.72800", "2012-06-30": "3110.04500", "2012-03-31": "3066.46300", "2011-12-31": "2807.84000", "2011-09-30": "2900.44200", "2011-06-30": "2839.19000", "2011-03-31": "2689.49900", "2010-12-31": "2314.84300", "2010-09-30": "2252.28700", "2010-06-30": "2262.27700", "2010-03-31": "2093.42500", "2009-12-31": "1790.59800", "2009-09-30": "1873.34200", "2009-06-30": "1781.88300", "2009-03-31": "1821.92300", "2008-12-31": "1888.89900", "2008-09-30": "1950.74800", "2008-06-30": "1935.38100", "2008-03-31": "1922.46400", "2007-12-31": "1781.77100", "2007-09-30": "1701.17600", "2007-06-30": "1663.36400", "2007-03-31": "1663.35500", "2006-12-31": "1651.82700", "2006-09-30": "1671.13100", "2006-06-30": "1689.62400", "2006-03-31": "1676.22300", "2005-12-31": "1622.37800", "2005-09-30": "1649.51500", "2005-06-30": "1638.31400", "2005-03-31": "1646.89500"}, "Common Stock Net": {"2020-09-30": "0.00800", "2020-06-30": "0.00800", "2020-03-31": "0.00800", "2019-12-31": "0.00800", "2019-09-30": "0.00800", "2019-06-30": "0.00800", "2019-03-31": "0.00800", "2018-12-31": "0.00800", "2018-09-30": "0.00800", "2018-06-30": "0.00800", "2018-03-31": "0.00800", "2017-12-31": "0.00800", "2017-09-30": "0.00800", "2017-06-30": "0.00800", "2017-03-31": "0.00800", "2016-12-31": "0.00800", "2016-09-30": "0.00800", "2016-06-30": "0.00800", "2016-03-31": "0.00800", "2015-12-31": "0.00700", "2015-09-30": "0.00700", "2015-06-30": "0.00700", "2015-03-31": "0.00700", "2014-12-31": "0.00700", "2014-09-30": "0.00700", "2014-06-30": "0.00700", "2014-03-31": "0.00700", "2013-12-31": "0.00700", "2013-09-30": "0.00700", "2013-06-30": "0.00700", "2013-03-31": "0.00700", "2012-12-31": "0.00700", "2012-09-30": "0.00700", "2012-06-30": "0.00700", "2012-03-31": "0.00700", "2011-12-31": "0.01100", "2011-09-30": "0.01100", "2011-06-30": "0.01100", "2011-03-31": "0.01100", "2010-12-31": "0.01100", "2010-09-30": "0.01100", "2010-06-30": "0.01100", "2010-03-31": "0.01000", "2009-12-31": "0.01000", "2009-09-30": "0.01000", "2009-06-30": "0.01000", "2009-03-31": "0.01000", "2008-12-31": "0.01000", "2008-09-30": "0.01000", "2008-06-30": "0.01000", "2008-03-31": "0.01000", "2007-12-31": "0.01000", "2007-09-30": "0.01000", "2007-06-30": "0.01100", "2007-03-31": "0.01100", "2006-12-31": "0.01100", "2006-09-30": "0.01100", "2006-06-30": "0.01100", "2006-03-31": "0.01100", "2005-12-31": "0.01100", "2005-09-30": "0.01100", "2005-06-30": "0.00800", "2005-03-31": "0.00800"}, "Retained Earnings (Accumulated Deficit)": {"2020-09-30": "4101.77600", "2020-06-30": "3971.50700", "2020-03-31": "3798.98300", "2019-12-31": "3772.84800", "2019-09-30": "3681.10000", "2019-06-30": "3561.62000", "2019-03-31": "3441.13800", "2018-12-31": "3326.15500", "2018-09-30": "3277.11800", "2018-06-30": "3165.69600", "2018-03-31": "3052.33600", "2017-12-31": "2920.09600", "2017-09-30": "2740.04600", "2017-06-30": "2648.51500", "2017-03-31": "2565.92700", "2016-12-31": "2462.93500", "2016-09-30": "2404.99800", "2016-06-30": "2295.59700", "2016-03-31": "2175.43700", "2015-12-31": "2021.07700", "2015-09-30": "1970.66200", "2015-06-30": "1854.60800", "2015-03-31": "1709.02400", "2014-12-31": "1565.34100", "2014-09-30": "1485.31000", "2014-06-30": "1367.51600", "2014-03-31": "1232.42500", "2013-12-31": "1089.11200", "2013-09-30": "1044.22400", "2013-06-30": "944.76400", "2013-03-31": "832.28600", "2012-12-31": "714.90000", "2012-09-30": "654.25100", "2012-06-30": "569.13800", "2012-03-31": "473.94400", "2011-12-31": "1989.62900", "2011-09-30": "1927.55900", "2011-06-30": "1826.39200", "2011-03-31": "1717.73900", "2010-12-31": "1612.92700", "2010-09-30": "1569.76800", "2010-06-30": "1487.18700", "2010-03-31": "1391.38300", "2009-12-31": "1287.26800", "2009-09-30": "1258.40700", "2009-06-30": "1202.08200", "2009-03-31": "1127.49200", "2008-12-31": "1039.62800", "2008-09-30": "1020.90000", "2008-06-30": "970.50300", "2008-03-31": "900.85500", "2007-12-31": "824.47100", "2007-09-30": "795.67600", "2007-06-30": "742.69500", "2007-03-31": "680.68200", "2006-12-31": "613.21800", "2006-09-30": "584.18400", "2006-06-30": "531.55100", "2006-03-31": "474.97500", "2005-12-31": "407.37300", "2005-09-30": "368.01700", "2005-06-30": "307.22400", "2005-03-31": "241.29500"}, "Comprehensive Income": {"2020-09-30": "-38.71400", "2020-06-30": "-43.93900", "2020-03-31": "-51.53500", "2019-12-31": "-34.56900", "2019-09-30": "-38.86200", "2019-06-30": "-33.48100", "2019-03-31": "-40.03800", "2018-12-31": "-44.19300", "2018-09-30": "-32.08300", "2018-06-30": "-35.91400", "2018-03-31": "-28.81200", "2017-12-31": "-24.95400", "2017-09-30": "-24.50300", "2017-06-30": "-26.66400", "2017-03-31": "-40.57400", "2016-12-31": "-39.70100", "2016-09-30": "-37.49600", "2016-06-30": "-32.42100", "2016-03-31": "-27.81600", "2015-12-31": "-44.05900", "2015-09-30": "-32.05300", "2015-06-30": "-32.73000", "2015-03-31": "-19.97800", "2014-12-31": "-12.33700", "2014-09-30": "-4.81800", "2014-06-30": "6.77400", "2014-03-31": "0.25900", "2013-12-31": "3.68300", "2013-09-30": "4.60800", "2013-06-30": "4.74900", "2013-03-31": "4.89100", "2012-12-31": "2.66700", "2012-09-30": "2.68300", "2012-06-30": "2.79600", "2012-03-31": "2.90900", "2011-12-31": "2.80400", "2011-09-30": "7.62100", "2011-06-30": "1.61400", "2011-03-31": "0.37900", "2010-12-31": "-1.59700", "2010-09-30": "-2.08000", "2010-06-30": "-4.46500", "2010-03-31": "-6.23000", "2009-12-31": "-6.69900", "2009-09-30": "-7.94600", "2009-06-30": "-8.03400", "2009-03-31": "-8.54400", "2008-12-31": "-9.34900", "2008-09-30": "-3.25100", "2008-06-30": "-1.43700", "2008-03-31": "-3.78300", "2007-12-31": "-0.70100", "2007-09-30": "2.30800", "2007-06-30": "5.43500", "2007-03-31": "2.84600", "2006-12-31": "3.47200", "2006-09-30": "0.66200", "2006-06-30": "5.00300", "2006-03-31": "4.53000", "2005-12-31": "3.09000", "2005-09-30": "2.27100", "2005-06-30": "0.64800", "2005-03-31": "0.45200"}, "Other Share Holders Equity": {"2020-09-30": "", "2020-06-30": "", "2020-03-31": "", "2019-12-31": "", "2019-09-30": "", "2019-06-30": "", "2019-03-31": "", "2018-12-31": "", "2018-09-30": "", "2018-06-30": "", "2018-03-31": "", "2017-12-31": "", "2017-09-30": "", "2017-06-30": "", "2017-03-31": "", "2016-12-31": "", "2016-09-30": "", "2016-06-30": "", "2016-03-31": "", "2015-12-31": "", "2015-09-30": "", "2015-06-30": "", "2015-03-31": "", "2014-12-31": "", "2014-09-30": "", "2014-06-30": "", "2014-03-31": "", "2013-12-31": "", "2013-09-30": "", "2013-06-30": "", "2013-03-31": "", "2012-12-31": "", "2012-09-30": "", "2012-06-30": "", "2012-03-31": "", "2011-12-31": "", "2011-09-30": "", "2011-06-30": "", "2011-03-31": "", "2010-12-31": "", "2010-09-30": "", "2010-06-30": "", "2010-03-31": "", "2009-12-31": "", "2009-09-30": "", "2009-06-30": "", "2009-03-31": "", "2008-12-31": "", "2008-09-30": "", "2008-06-30": "", "2008-03-31": "", "2007-12-31": "", "2007-09-30": "", "2007-06-30": "", "2007-03-31": "", "2006-12-31": "", "2006-09-30": "", "2006-06-30": "", "2006-03-31": "", "2005-12-31": "", "2005-09-30": "", "2005-06-30": "", "2005-03-31": ""}, "Share Holder Equity": {"2020-09-30": "3762.66400", "2020-06-30": "3726.51900", "2020-03-31": "3537.02900", "2019-12-31": "3549.08100", "2019-09-30": "3454.94200", "2019-06-30": "3671.30200", "2019-03-31": "3547.22300", "2018-12-31": "3550.81300", "2018-09-30": "3659.63600", "2018-06-30": "3657.94900", "2018-03-31": "3546.62100", "2017-12-31": "3415.19600", "2017-09-30": "3230.78700", "2017-06-30": "3128.27700", "2017-03-31": "3023.67500", "2016-12-31": "2916.19200", "2016-09-30": "2855.72100", "2016-06-30": "2748.89700", "2016-03-31": "2629.13900", "2015-12-31": "2460.64800", "2015-09-30": "2413.07600", "2015-06-30": "2289.12900", "2015-03-31": "2146.58800", "2014-12-31": "2002.91200", "2014-09-30": "1925.49900", "2014-06-30": "1814.52500", "2014-03-31": "1666.63100", "2013-12-31": "1516.20500", "2013-09-30": "1467.84800", "2013-06-30": "1368.97900", "2013-03-31": "1270.44700", "2012-12-31": "1210.69400", "2012-09-30": "1147.47800", "2012-06-30": "1059.10100", "2012-03-31": "978.64900", "2011-12-31": "847.91400", "2011-09-30": "777.62600", "2011-06-30": "764.27800", "2011-03-31": "883.88400", "2010-12-31": "1039.37400", "2010-09-30": "1142.03800", "2010-06-30": "1066.45000", "2010-03-31": "1109.38300", "2009-12-31": "1282.36500", "2009-09-30": "1292.55600", "2009-06-30": "1263.08800", "2009-03-31": "1179.80500", "2008-12-31": "1075.16600", "2008-09-30": "1057.51100", "2008-06-30": "1038.59900", "2008-03-31": "950.66300", "2007-12-31": "1023.79500", "2007-09-30": "1065.39000", "2007-06-30": "1212.02500", "2007-03-31": "1117.95900", "2006-12-31": "1030.85400", "2006-09-30": "990.45400", "2006-06-30": "933.09600", "2006-03-31": "939.50500", "2005-12-31": "919.77100", "2005-09-30": "913.05900", "2005-06-30": "870.41700", "2005-03-31": "759.48800"}, "Total Liabilities And Share Holders Equity": {"2020-09-30": "11972.76000", "2020-06-30": "11930.67000", "2020-03-31": "12072.57000", "2019-12-31": "11248.53000", "2019-09-30": "11106.80000", "2019-06-30": "11267.95000", "2019-03-31": "11081.51000", "2018-12-31": "9040.64800", "2018-09-30": "8972.35300", "2018-06-30": "8835.55600", "2018-03-31": "8614.95300", "2017-12-31": "8482.30100", "2017-09-30": "8468.22400", "2017-06-30": "8437.41300", "2017-03-31": "8428.65700", "2016-12-31": "8315.03300", "2016-09-30": "8414.64500", "2016-06-30": "8437.52900", "2016-03-31": "8438.96300", "2015-12-31": "8127.70100", "2015-09-30": "8181.53600", "2015-06-30": "8167.87500", "2015-03-31": "8146.69500", "2014-12-31": "7962.35800", "2014-09-30": "7997.73700", "2014-06-30": "7969.52500", "2014-03-31": "7913.07400", "2013-12-31": "5564.77400", "2013-09-30": "4944.69900", "2013-06-30": "4852.28800", "2013-03-31": "4747.48500", "2012-12-31": "4613.81400", "2012-09-30": "4357.20600", "2012-06-30": "4169.14600", "2012-03-31": "4045.11200", "2011-12-31": "3655.75400", "2011-09-30": "3678.06800", "2011-06-30": "3603.46800", "2011-03-31": "3573.38300", "2010-12-31": "3354.21700", "2010-09-30": "3394.32500", "2010-06-30": "3328.72700", "2010-03-31": "3202.80800", "2009-12-31": "3072.96300", "2009-09-30": "3165.89800", "2009-06-30": "3044.97100", "2009-03-31": "3001.72800", "2008-12-31": "2964.06500", "2008-09-30": "3008.25900", "2008-06-30": "2973.98000", "2008-03-31": "2873.12700", "2007-12-31": "2805.56600", "2007-09-30": "2766.56600", "2007-06-30": "2875.38900", "2007-03-31": "2781.31400", "2006-12-31": "2682.68100", "2006-09-30": "2661.58500", "2006-06-30": "2622.72000", "2006-03-31": "2615.72800", "2005-12-31": "2542.14900", "2005-09-30": "2562.57400", "2005-06-30": "2508.73100", "2005-03-31": "2406.38300"}}, "cash flow statement": {"Net Income/Loss": {"2019-12-31": "486.89600", "2018-12-31": "423.84700", "2017-12-31": "475.50500", "2016-12-31": "459.62200", "2015-12-31": "473.39800", "2014-12-31": "493.82500", "2013-12-31": "391.75800", "2012-12-31": "387.67000", "2011-12-31": "394.68200", "2010-12-31": "346.05300", "2009-12-31": "270.37300", "2008-12-31": "238.03800", "2007-12-31": "238.31700", "2006-12-31": "231.31800", "2005-12-31": "234.72500"}, "Total Depreciation And Amortization - Cash Flow": {"2019-12-31": "238.37100", "2018-12-31": "238.18400", "2017-12-31": "249.26000", "2016-12-31": "258.38700", "2015-12-31": "269.47600", "2014-12-31": "284.69300", "2013-12-31": "207.79500", "2012-12-31": "189.54400", "2011-12-31": "175.94900", "2010-12-31": "164.43700", "2009-12-31": "150.91700", "2008-12-31": "146.58000", "2007-12-31": "147.50000", "2006-12-31": "139.95700", "2005-12-31": "120.55800"}, "Other Non-Cash Items": {"2019-12-31": "67.25700", "2018-12-31": "59.67200", "2017-12-31": "-98.89000", "2016-12-31": "46.66400", "2015-12-31": "40.59200", "2014-12-31": "72.96700", "2013-12-31": "-3.76700", "2012-12-31": "23.31100", "2011-12-31": "68.15500", "2010-12-31": "62.08800", "2009-12-31": "92.06000", "2008-12-31": "45.67400", "2007-12-31": "-3.21400", "2006-12-31": "11.20800", "2005-12-31": "33.95600"}, "Total Non-Cash Items": {"2019-12-31": "305.62800", "2018-12-31": "297.85600", "2017-12-31": "150.37000", "2016-12-31": "305.05100", "2015-12-31": "310.06800", "2014-12-31": "357.66000", "2013-12-31": "204.02800", "2012-12-31": "212.85500", "2011-12-31": "244.10400", "2010-12-31": "226.52500", "2009-12-31": "242.97700", "2008-12-31": "192.25400", "2007-12-31": "144.28600", "2006-12-31": "151.16500", "2005-12-31": "154.51400"}, "Change In Accounts Receivable": {"2019-12-31": "-62.83700", "2018-12-31": "-21.47100", "2017-12-31": "36.04700", "2016-12-31": "-41.64200", "2015-12-31": "-21.47600", "2014-12-31": "-48.20900", "2013-12-31": "-32.42800", "2012-12-31": "-89.48200", "2011-12-31": "-15.37200", "2010-12-31": "-31.66700", "2009-12-31": "4.64300", "2008-12-31": "-11.94300", "2007-12-31": "5.95100", "2006-12-31": "-2.31800", "2005-12-31": "21.81900"}, "Change In Inventories": {"2019-12-31": "-63.13000", "2018-12-31": "-206.12500", "2017-12-31": "167.54800", "2016-12-31": "-144.60300", "2015-12-31": "-244.09600", "2014-12-31": "-227.65700", "2013-12-31": "-203.51300", "2012-12-31": "-260.29800", "2011-12-31": "-179.28800", "2010-12-31": "-232.00300", "2009-12-31": "-8.77900", "2008-12-31": "-130.65700", "2007-12-31": "-66.12900", "2006-12-31": "-92.23900", "2005-12-31": "-130.42600"}, "Change In Accounts Payable": {"2019-12-31": "245.78500", "2018-12-31": "285.49300", "2017-12-31": "-197.16800", "2016-12-31": "-119.32500", "2015-12-31": "119.16400", "2014-12-31": "216.41200", "2013-12-31": "113.49700", "2012-12-31": "376.63100", "2011-12-31": "360.67800", "2010-12-31": "325.83900", "2009-12-31": "174.94400", "2008-12-31": "102.36000", "2007-12-31": "37.38300", "2006-12-31": "22.33900", "2005-12-31": "35.61000"}, "Change In Assets/Liabilities": {"2019-12-31": "14.41800", "2018-12-31": "-64.70700", "2017-12-31": "-21.32500", "2016-12-31": "16.89800", "2015-12-31": "27.82300", "2014-12-31": "-56.80900", "2013-12-31": "6.88300", "2012-12-31": "16.96900", "2011-12-31": "38.84800", "2010-12-31": "-8.40900", "2009-12-31": "-5.60600", "2008-12-31": "3.52100", "2007-12-31": "-4.52200", "2006-12-31": "8.07500", "2005-12-31": "-27.41500"}, "Total Change In Assets/Liabilities": {"2019-12-31": "61.94800", "2018-12-31": "87.13000", "2017-12-31": "-28.19300", "2016-12-31": "-239.33100", "2015-12-31": "-83.48200", "2014-12-31": "-145.12500", "2013-12-31": "-52.21500", "2012-12-31": "84.75600", "2011-12-31": "188.96500", "2010-12-31": "92.47500", "2009-12-31": "185.98000", "2008-12-31": "48.08700", "2007-12-31": "27.93900", "2006-12-31": "-48.87900", "2005-12-31": "-67.60700"}, "Cash Flow From Operating Activities": {"2019-12-31": "866.90900", "2018-12-31": "811.02800", "2017-12-31": "600.80500", "2016-12-31": "523.30300", "2015-12-31": "702.64400", "2014-12-31": "708.99100", "2013-12-31": "545.25000", "2012-12-31": "685.28100", "2011-12-31": "828.84900", "2010-12-31": "666.15900", "2009-12-31": "699.69000", "2008-12-31": "478.73900", "2007-12-31": "410.54200", "2006-12-31": "333.60400", "2005-12-31": "321.63200"}, "Net Change In Property, Plant, And Equipment": {"2019-12-31": "-261.42000", "2018-12-31": "-191.82700", "2017-12-31": "-178.65900", "2016-12-31": "-257.34700", "2015-12-31": "-234.47700", "2014-12-31": "-227.45400", "2013-12-31": "-175.97000", "2012-12-31": "-264.60900", "2011-12-31": "-266.84100", "2010-12-31": "-199.35000", "2009-12-31": "-185.53900", "2008-12-31": "-178.19600", "2007-12-31": "-208.77900", "2006-12-31": "-246.14200", "2005-12-31": "-203.48000"}, "Net Change In Intangible Assets": {"2019-12-31": "-201.51900", "2018-12-31": "", "2017-12-31": "", "2016-12-31": "", "2015-12-31": "", "2014-12-31": "", "2013-12-31": "", "2012-12-31": "", "2011-12-31": "", "2010-12-31": "", "2009-12-31": "", "2008-12-31": "", "2007-12-31": "", "2006-12-31": "", "2005-12-31": ""}, "Net Acquisitions/Divestitures": {"2019-12-31": "", "2018-12-31": "", "2017-12-31": "", "2016-12-31": "", "2015-12-31": "", "2014-12-31": "-2060.78300", "2013-12-31": "-186.13700", "2012-12-31": "-8.36900", "2011-12-31": "-23.13300", "2010-12-31": "", "2009-12-31": "", "2008-12-31": "", "2007-12-31": "", "2006-12-31": "-12.50000", "2005-12-31": "-99.30000"}, "Net Change In Short-term Investments": {"2019-12-31": "", "2018-12-31": "", "2017-12-31": "", "2016-12-31": "", "2015-12-31": "", "2014-12-31": "", "2013-12-31": "", "2012-12-31": "", "2011-12-31": "", "2010-12-31": "", "2009-12-31": "", "2008-12-31": "", "2007-12-31": "", "2006-12-31": "", "2005-12-31": ""}, "Net Change In Long-Term Investments": {"2019-12-31": "", "2018-12-31": "", "2017-12-31": "", "2016-12-31": "", "2015-12-31": "", "2014-12-31": "", "2013-12-31": "", "2012-12-31": "", "2011-12-31": "", "2010-12-31": "", "2009-12-31": "", "2008-12-31": "", "2007-12-31": "", "2006-12-31": "", "2005-12-31": ""}, "Net Change In Investments - Total": {"2019-12-31": "", "2018-12-31": "", "2017-12-31": "", "2016-12-31": "", "2015-12-31": "", "2014-12-31": "", "2013-12-31": "", "2012-12-31": "", "2011-12-31": "", "2010-12-31": "", "2009-12-31": "", "2008-12-31": "", "2007-12-31": "", "2006-12-31": "", "2005-12-31": ""}, "Investing Activities - Other": {"2019-12-31": "", "2018-12-31": "", "2017-12-31": "0.02000", "2016-12-31": "-4.69700", "2015-12-31": "-18.88900", "2014-12-31": "", "2013-12-31": "", "2012-12-31": "", "2011-12-31": "", "2010-12-31": "", "2009-12-31": "", "2008-12-31": "-3.41300", "2007-12-31": "6.63600", "2006-12-31": "", "2005-12-31": ""}, "Cash Flow From Investing Activities": {"2019-12-31": "-462.93900", "2018-12-31": "-191.82700", "2017-12-31": "-178.63900", "2016-12-31": "-262.04400", "2015-12-31": "-253.36600", "2014-12-31": "-2288.23700", "2013-12-31": "-362.10700", "2012-12-31": "-272.97800", "2011-12-31": "-289.97400", "2010-12-31": "-199.35000", "2009-12-31": "-185.53900", "2008-12-31": "-181.60900", "2007-12-31": "-202.14300", "2006-12-31": "-258.64200", "2005-12-31": "-302.78000"}, "Net Long-Term Debt": {"2019-12-31": "-310.04700", "2018-12-31": "", "2017-12-31": "", "2016-12-31": "", "2015-12-31": "", "2014-12-31": "", "2013-12-31": "448.60500", "2012-12-31": "299.90400", "2011-12-31": "", "2010-12-31": "298.76100", "2009-12-31": "", "2008-12-31": "", "2007-12-31": "", "2006-12-31": "", "2005-12-31": ""}, "Net Current Debt": {"2019-12-31": "-59.33900", "2018-12-31": "32.01400", "2017-12-31": "14.00400", "2016-12-31": "-165.57300", "2015-12-31": "-426.32200", "2014-12-31": "599.61890", "2013-12-31": "-2.92600", "2012-12-31": "-122.45900", "2011-12-31": "121.62500", "2010-12-31": "0.02800", "2009-12-31": "-262.56000", "2008-12-31": "-59.57800", "2007-12-31": "24.22600", "2006-12-31": "456.25100", "2005-12-31": "-1.21400"}, "Debt Issuance/Retirement Net - Total": {"2019-12-31": "-369.38600", "2018-12-31": "32.01400", "2017-12-31": "14.00400", "2016-12-31": "-165.57300", "2015-12-31": "-426.32200", "2014-12-31": "599.61890", "2013-12-31": "445.67900", "2012-12-31": "177.44500", "2011-12-31": "121.62500", "2010-12-31": "298.78900", "2009-12-31": "-262.56000", "2008-12-31": "-59.57800", "2007-12-31": "24.22600", "2006-12-31": "456.25100", "2005-12-31": "-1.21400"}, "Net Common Equity Issued/Repurchased": {"2019-12-31": "-495.10100", "2018-12-31": "-278.15400", "2017-12-31": "-2.42200", "2016-12-31": "-13.86100", "2015-12-31": "-1.49100", "2014-12-31": "1.42400", "2013-12-31": "-77.18400", "2012-12-31": "-18.60000", "2011-12-31": "-610.09300", "2010-12-31": "-580.28200", "2009-12-31": "-64.66000", "2008-12-31": "-184.20900", "2007-12-31": "-240.36300", "2006-12-31": "-120.35700", "2005-12-31": "-69.31900"}, "Net Total Equity Issued/Repurchased": {"2019-12-31": "-495.10100", "2018-12-31": "-278.15400", "2017-12-31": "-2.42200", "2016-12-31": "-13.86100", "2015-12-31": "-1.49100", "2014-12-31": "1.42400", "2013-12-31": "-77.18400", "2012-12-31": "-18.60000", "2011-12-31": "-610.09300", "2010-12-31": "-580.28200", "2009-12-31": "-64.66000", "2008-12-31": "-184.20900", "2007-12-31": "-240.36300", "2006-12-31": "-120.35700", "2005-12-31": "-69.31900"}, "Total Common And Preferred Stock Dividends Paid": {"2019-12-31": "-17.18500", "2018-12-31": "-17.81900", "2017-12-31": "-17.85400", "2016-12-31": "-17.73800", "2015-12-31": "-17.64900", "2014-12-31": "-17.58000", "2013-12-31": "-17.57400", "2012-12-31": "-17.59600", "2011-12-31": "-18.55400", "2010-12-31": "-21.05100", "2009-12-31": "-22.80300", "2008-12-31": "-23.18100", "2007-12-31": "-25.15200", "2006-12-31": "-19.15300", "2005-12-31": ""}, "Financial Activities - Other": {"2019-12-31": "-0.48100", "2018-12-31": "0.04400", "2017-12-31": "-8.60000", "2016-12-31": "-19.94800", "2015-12-31": "-13.49200", "2014-12-31": "-7.55200", "2013-12-31": "-19.70400", "2012-12-31": "-13.34200", "2011-12-31": "-33.16100", "2010-12-31": "-205.07400", "2009-12-31": "-101.46800", "2008-12-31": "-7.45800", "2007-12-31": "36.41600", "2006-12-31": "-421.35800", "2005-12-31": "36.14300"}, "Cash Flow From Financial Activities": {"2019-12-31": "-882.15300", "2018-12-31": "-263.91500", "2017-12-31": "-14.87200", "2016-12-31": "-217.12000", "2015-12-31": "-458.95400", "2014-12-31": "575.91100", "2013-12-31": "331.21700", "2012-12-31": "127.90700", "2011-12-31": "-540.18300", "2010-12-31": "-507.61800", "2009-12-31": "-451.49100", "2008-12-31": "-274.42600", "2007-12-31": "-204.87300", "2006-12-31": "-104.61700", "2005-12-31": "-34.39000"}, "Net Cash Flow": {"2019-12-31": "-477.86200", "2018-12-31": "349.59000", "2017-12-31": "411.75900", "2016-12-31": "44.39600", "2015-12-31": "-13.88900", "2014-12-31": "-1007.80000", "2013-12-31": "514.36000", "2012-12-31": "540.21000", "2011-12-31": "-1.30800", "2010-12-31": "-40.80900", "2009-12-31": "62.66000", "2008-12-31": "22.70400", "2007-12-31": "3.52600", "2006-12-31": "-29.65500", "2005-12-31": "-15.53800"}, "Stock-Based Compensation": {"2019-12-31": "37.43800", "2018-12-31": "27.76000", "2017-12-31": "35.26700", "2016-12-31": "20.45200", "2015-12-31": "36.92900", "2014-12-31": "21.70500", "2013-12-31": "13.19100", "2012-12-31": "15.23600", "2011-12-31": "19.55300", "2010-12-31": "22.31100", "2009-12-31": "19.68200", "2008-12-31": "17.70700", "2007-12-31": "18.09600", "2006-12-31": "19.05200", "2005-12-31": "0.36300"}, "Common Stock Dividends Paid": {"2019-12-31": "-17.18500", "2018-12-31": "-17.81900", "2017-12-31": "-17.85400", "2016-12-31": "-17.73800", "2015-12-31": "-17.64900", "2014-12-31": "-17.58000", "2013-12-31": "-17.57400", "2012-12-31": "-17.59600", "2011-12-31": "-18.55400", "2010-12-31": "-21.05100", "2009-12-31": "-22.80300", "2008-12-31": "-23.18100", "2007-12-31": "-25.15200", "2006-12-31": "-19.15300", "2005-12-31": ""}}, "cash flow statement, quarterly": {"Net Income/Loss": {"2020-09-30": 147.476, "2020-06-30": 189.96, "2020-03-31": "43.58800", "2019-12-31": 95.907, "2019-09-30": 123.669, "2019-06-30": 124.82, "2019-03-31": "142.50000", "2018-12-31": 53.442, "2018-09-30": 115.843, "2018-06-30": 117.835, "2018-03-31": "136.72700", "2017-12-31": 184.5, "2017-09-30": 95.996, "2017-06-30": 87.049, "2017-03-31": "107.96000", "2016-12-31": 62.365, "2016-09-30": 113.844, "2016-06-30": 124.6, "2016-03-31": "158.81300", "2015-12-31": 54.819, "2015-09-30": 120.469, "2015-06-30": 149.998, "2015-03-31": "148.11200", "2014-12-31": 84.434, "2014-09-30": 122.177, "2014-06-30": 139.488, "2014-03-31": "147.72600", "2013-12-31": 49.267, "2013-09-30": 103.83, "2013-06-30": 116.871, "2013-03-31": "121.79000", "2012-12-31": 65.055, "2012-09-30": 89.503, "2012-06-30": 99.606, "2012-03-31": "133.50600", "2011-12-31": 66.439, "2011-09-30": 105.553, "2011-06-30": 113.107, "2011-03-31": "109.58300", "2010-12-31": 48.113, "2010-09-30": 87.598, "2010-06-30": 100.911, "2010-03-31": "109.43100", "2009-12-31": 34.479, "2009-09-30": 61.979, "2009-06-30": 80.33, "2009-03-31": "93.58500", "2008-12-31": 24.411, "2008-09-30": 56.155, "2008-06-30": 75.386, "2008-03-31": "82.08600", "2007-12-31": 34.752, "2007-09-30": 59.04, "2007-06-30": 68.424, "2007-03-31": "76.10100", "2006-12-31": 35.354, "2006-09-30": 58.947, "2006-06-30": 62.936, "2006-03-31": "74.08100", "2005-12-31": 39.356, "2005-09-30": 60.793, "2005-06-30": 65.929, "2005-03-31": "68.64700"}, "Total Depreciation And Amortization - Cash Flow": {"2020-09-30": 57.69, "2020-06-30": 56.642, "2020-03-31": "78.57900", "2019-12-31": 58.806, "2019-09-30": 56.308, "2019-06-30": 53.372, "2019-03-31": "69.88500", "2018-12-31": 54.6, "2018-09-30": 55.34, "2018-06-30": 56.552, "2018-03-31": "71.69200", "2017-12-31": 56.507, "2017-09-30": 57.553, "2017-06-30": 57.77, "2017-03-31": "77.43000", "2016-12-31": 59.125, "2016-09-30": 59.997, "2016-06-30": 59.945, "2016-03-31": "79.32000", "2015-12-31": 61.98, "2015-09-30": 61.636, "2015-06-30": 62.613, "2015-03-31": "83.24700", "2014-12-31": 66.078, "2014-09-30": 65.912, "2014-06-30": 64.498, "2014-03-31": "88.20500", "2013-12-31": 47.736, "2013-09-30": 47.987, "2013-06-30": 48.045, "2013-03-31": "64.02700", "2012-12-31": 45.777, "2012-09-30": 45.24, "2012-06-30": 42.728, "2012-03-31": "55.79900", "2011-12-31": 41.469, "2011-09-30": 41.507, "2011-06-30": 40.434, "2011-03-31": "52.53900", "2010-12-31": 38.996, "2010-09-30": 38.508, "2010-06-30": 37.25, "2010-03-31": "49.68300", "2009-12-31": 36.061, "2009-09-30": 35.288, "2009-06-30": 34.302, "2009-03-31": "45.26600", "2008-12-31": 33.006, "2008-09-30": 34.691, "2008-06-30": 34.152, "2008-03-31": "44.73100", "2007-12-31": 33.923, "2007-09-30": 34.021, "2007-06-30": 34.061, "2007-03-31": "45.49500", "2006-12-31": 35.319, "2006-09-30": 33.44, "2006-06-30": 31.172, "2006-03-31": "40.02600", "2005-12-31": 29.387, "2005-09-30": 28.358, "2005-06-30": 27.61, "2005-03-31": "35.20300"}, "Other Non-Cash Items": {"2020-09-30": 62.346, "2020-06-30": 16.224, "2020-03-31": "14.93600", "2019-12-31": 16.397, "2019-09-30": 14.489, "2019-06-30": 25.512, "2019-03-31": "10.85900", "2018-12-31": 17.111, "2018-09-30": 14.196, "2018-06-30": 10.175, "2018-03-31": "18.19000", "2017-12-31": -106.026, "2017-09-30": -1.157, "2017-06-30": 3.348, "2017-03-31": "4.94500", "2016-12-31": 9.268, "2016-09-30": 14.398, "2016-06-30": 7.696, "2016-03-31": "15.30200", "2015-12-31": 28.691, "2015-09-30": 2.632, "2015-06-30": 6.657, "2015-03-31": "2.61200", "2014-12-31": 24.935, "2014-09-30": 27.617, "2014-06-30": 11.79, "2014-03-31": "8.62500", "2013-12-31": 8.286, "2013-09-30": 3.394, "2013-06-30": -3.48, "2013-03-31": "-11.96700", "2012-12-31": 12.733, "2012-09-30": 18.225, "2012-06-30": 2.992, "2012-03-31": "-10.63900", "2011-12-31": 10.291, "2011-09-30": 24.511, "2011-06-30": 14.685, "2011-03-31": "18.66800", "2010-12-31": 20.004, "2010-09-30": 32.586, "2010-06-30": 4.008, "2010-03-31": "5.49000", "2009-12-31": 17.153, "2009-09-30": 49.982, "2009-06-30": 12.946, "2009-03-31": "11.97900", "2008-12-31": 41.456, "2008-09-30": 0.057, "2008-06-30": 2.201, "2008-03-31": "1.96000", "2007-12-31": 5.668, "2007-09-30": 0.719, "2007-06-30": -8.675, "2007-03-31": "-0.92600", "2006-12-31": 0.058, "2006-09-30": 11.657, "2006-06-30": -1.899, "2006-03-31": "1.39200", "2005-12-31": 4.651, "2005-09-30": 6.654, "2005-06-30": 20.857, "2005-03-31": "1.79400"}, "Total Non-Cash Items": {"2020-09-30": 120.036, "2020-06-30": 72.866, "2020-03-31": "93.51500", "2019-12-31": 75.203, "2019-09-30": 70.797, "2019-06-30": 78.884, "2019-03-31": "80.74400", "2018-12-31": 71.711, "2018-09-30": 69.536, "2018-06-30": 66.727, "2018-03-31": "89.88200", "2017-12-31": -49.519, "2017-09-30": 56.396, "2017-06-30": 61.118, "2017-03-31": "82.37500", "2016-12-31": 68.393, "2016-09-30": 74.395, "2016-06-30": 67.641, "2016-03-31": "94.62200", "2015-12-31": 90.671, "2015-09-30": 64.268, "2015-06-30": 69.27, "2015-03-31": "85.85900", "2014-12-31": 91.013, "2014-09-30": 93.529, "2014-06-30": 76.288, "2014-03-31": "96.83000", "2013-12-31": 56.022, "2013-09-30": 51.381, "2013-06-30": 44.565, "2013-03-31": "52.06000", "2012-12-31": 58.51, "2012-09-30": 63.465, "2012-06-30": 45.72, "2012-03-31": "45.16000", "2011-12-31": 51.76, "2011-09-30": 66.018, "2011-06-30": 55.119, "2011-03-31": "71.20700", "2010-12-31": 59, "2010-09-30": 71.094, "2010-06-30": 41.258, "2010-03-31": "55.17300", "2009-12-31": 53.214, "2009-09-30": 85.27, "2009-06-30": 47.248, "2009-03-31": "57.24500", "2008-12-31": 74.462, "2008-09-30": 34.748, "2008-06-30": 36.353, "2008-03-31": "46.69100", "2007-12-31": 39.591, "2007-09-30": 34.74, "2007-06-30": 25.386, "2007-03-31": "44.56900", "2006-12-31": 35.377, "2006-09-30": 45.097, "2006-06-30": 29.273, "2006-03-31": "41.41800", "2005-12-31": 34.038, "2005-09-30": 35.012, "2005-06-30": 48.467, "2005-03-31": "36.99700"}, "Change In Accounts Receivable": {"2020-09-30": -99.833, "2020-06-30": -114.358, "2020-03-31": "59.30300", "2019-12-31": 32.443, "2019-09-30": -9.339, "2019-06-30": -27.184, "2019-03-31": "-58.75700", "2018-12-31": 72.124, "2018-09-30": -33.6, "2018-06-30": -45.983, "2018-03-31": "-14.01200", "2017-12-31": 71.807, "2017-09-30": 1.252, "2017-06-30": 5.195, "2017-03-31": "-42.20700", "2016-12-31": 45.846, "2016-09-30": -30.247, "2016-06-30": -7.017, "2016-03-31": "-50.22400", "2015-12-31": 65.134, "2015-09-30": -10.486, "2015-06-30": -22.598, "2015-03-31": "-53.52600", "2014-12-31": 53.853, "2014-09-30": -14.697, "2014-06-30": -41.858, "2014-03-31": "-45.50700", "2013-12-31": -1.899, "2013-09-30": 2.737, "2013-06-30": -14.019, "2013-03-31": "-19.24700", "2012-12-31": -25.311, "2012-09-30": -44.829, "2012-06-30": -13.121, "2012-03-31": "-6.22100", "2011-12-31": -8.518, "2011-09-30": -8.911, "2011-06-30": -6.764, "2011-03-31": "8.82100", "2010-12-31": -8.496, "2010-09-30": -0.846, "2010-06-30": -4.414, "2010-03-31": "-17.91100", "2009-12-31": 0.433, "2009-09-30": -3.6, "2009-06-30": -1.874, "2009-03-31": "9.68400", "2008-12-31": -3.425, "2008-09-30": -3.632, "2008-06-30": -5.786, "2008-03-31": "0.90000", "2007-12-31": -8.366, "2007-09-30": 11.216, "2007-06-30": -0.94, "2007-03-31": "4.04100", "2006-12-31": -13.313, "2006-09-30": 3.6, "2006-06-30": -2.321, "2006-03-31": "9.71600", "2005-12-31": -8.67, "2005-09-30": 22.9, "2005-06-30": -3.147, "2005-03-31": "10.73600"}, "Change In Inventories": {"2020-09-30": -5.713, "2020-06-30": 172.793, "2020-03-31": "-104.89900", "2019-12-31": -38.145, "2019-09-30": -19.3, "2019-06-30": 63.057, "2019-03-31": "-68.74200", "2018-12-31": -183.263, "2018-09-30": -25.002, "2018-06-30": 66.509, "2018-03-31": "-64.36900", "2017-12-31": 50.591, "2017-09-30": 75.034, "2017-06-30": 131.307, "2017-03-31": "-89.38400", "2016-12-31": 31.075, "2016-09-30": 60.725, "2016-06-30": 10.055, "2016-03-31": "-246.45800", "2015-12-31": -41.195, "2015-09-30": -20.397, "2015-06-30": -10.639, "2015-03-31": "-171.86500", "2014-12-31": -0.1, "2014-09-30": -10.185, "2014-06-30": -21.31, "2014-03-31": "-196.06200", "2013-12-31": -92.579, "2013-09-30": -56.937, "2013-06-30": 16.731, "2013-03-31": "-70.72800", "2012-12-31": -111.539, "2012-09-30": -95.576, "2012-06-30": 10.603, "2012-03-31": "-63.78600", "2011-12-31": 66.563, "2011-09-30": -17.808, "2011-06-30": 26.206, "2011-03-31": "-254.24900", "2010-12-31": -24.372, "2010-09-30": -22.5, "2010-06-30": -71.443, "2010-03-31": "-113.68800", "2009-12-31": 25.2, "2009-09-30": -21.313, "2009-06-30": 45.582, "2009-03-31": "-58.24800", "2008-12-31": 57.084, "2008-09-30": -31.213, "2008-06-30": -67.677, "2008-03-31": "-88.85100", "2007-12-31": 11.197, "2007-09-30": 19.841, "2007-06-30": -4.455, "2007-03-31": "-92.71200", "2006-12-31": -1.273, "2006-09-30": -24.939, "2006-06-30": -12.237, "2006-03-31": "-53.79000", "2005-12-31": 7.767, "2005-09-30": -12.311, "2005-06-30": -18.035, "2005-03-31": "-107.84700"}, "Change In Accounts Payable": {"2020-09-30": 215.691, "2020-06-30": 3.599, "2020-03-31": "-112.45900", "2019-12-31": 17.963, "2019-09-30": 85.82, "2019-06-30": 39.061, "2019-03-31": "102.94100", "2018-12-31": 153.921, "2018-09-30": 112.489, "2018-06-30": 22.031, "2018-03-31": "-2.94800", "2017-12-31": -26.941, "2017-09-30": -16.477, "2017-06-30": -117.04, "2017-03-31": "-36.71000", "2016-12-31": -110.103, "2016-09-30": -20.833, "2016-06-30": -96.889, "2016-03-31": "108.50000", "2015-12-31": 27.574, "2015-09-30": 5.683, "2015-06-30": 40.229, "2015-03-31": "45.67800", "2014-12-31": 6.951, "2014-09-30": 40.109, "2014-06-30": 67.971, "2014-03-31": "101.38100", "2013-12-31": 122.999, "2013-09-30": 9.413, "2013-06-30": -54.278, "2013-03-31": "35.36300", "2012-12-31": 204.652, "2012-09-30": 87.061, "2012-06-30": 0.762, "2012-03-31": "84.15600", "2011-12-31": 67.069, "2011-09-30": 15.402, "2011-06-30": -4.027, "2011-03-31": "282.23400", "2010-12-31": 36.505, "2010-09-30": -10.636, "2010-06-30": 80.462, "2010-03-31": "219.50800", "2009-12-31": 6.582, "2009-09-30": 83.705, "2009-06-30": -34.212, "2009-03-31": "118.86900", "2008-12-31": -62.509, "2008-09-30": -31.107, "2008-06-30": 83.732, "2008-03-31": "112.24400", "2007-12-31": -19.125, "2007-09-30": -28.468, "2007-06-30": -32.058, "2007-03-31": "117.03400", "2006-12-31": -18.133, "2006-09-30": -19.007, "2006-06-30": -7.832, "2006-03-31": "67.31100", "2005-12-31": -31.645, "2005-09-30": 11.517, "2005-06-30": -32.94, "2005-03-31": "88.67800"}, "Change In Assets/Liabilities": {"2020-09-30": 16.231, "2020-06-30": -34.176, "2020-03-31": "33.25000", "2019-12-31": 6.499, "2019-09-30": -28.19, "2019-06-30": -21.15, "2019-03-31": "57.25900", "2018-12-31": -10.08, "2018-09-30": -12.802, "2018-06-30": -29.078, "2018-03-31": "-12.74700", "2017-12-31": 18.36, "2017-09-30": -24.187, "2017-06-30": -6.553, "2017-03-31": "-8.94500", "2016-12-31": 33.633, "2016-09-30": -11.434, "2016-06-30": -10.475, "2016-03-31": "5.17400", "2015-12-31": 42.936, "2015-09-30": -9.67, "2015-06-30": -13.084, "2015-03-31": "7.64100", "2014-12-31": -12.12, "2014-09-30": -6.72, "2014-06-30": -24.679, "2014-03-31": "-13.29000", "2013-12-31": 18.898, "2013-09-30": 1.544, "2013-06-30": -10.366, "2013-03-31": "-3.19300", "2012-12-31": 25.286, "2012-09-30": -8.278, "2012-06-30": -6.695, "2012-03-31": "6.65600", "2011-12-31": 4.873, "2011-09-30": 8.079, "2011-06-30": -7.782, "2011-03-31": "33.67800", "2010-12-31": -21.804, "2010-09-30": -3.946, "2010-06-30": -16.498, "2010-03-31": "33.83900", "2009-12-31": -25.953, "2009-09-30": 0.634, "2009-06-30": -1.578, "2009-03-31": "21.29100", "2008-12-31": -11.638, "2008-09-30": -3.283, "2008-06-30": -13.927, "2008-03-31": "32.36900", "2007-12-31": -8.833, "2007-09-30": -0.305, "2007-06-30": -11.735, "2007-03-31": "16.35100", "2006-12-31": 0.381, "2006-09-30": 3.164, "2006-06-30": -12.898, "2006-03-31": "17.42800", "2005-12-31": -15.554, "2005-09-30": -1.36, "2005-06-30": -5.9, "2005-03-31": "-4.60100"}, "Total Change In Assets/Liabilities": {"2020-09-30": 92.284, "2020-06-30": 174.91, "2020-03-31": "-126.62900", "2019-12-31": -23.856, "2019-09-30": 20.591, "2019-06-30": 95.263, "2019-03-31": "-30.05000", "2018-12-31": 3.863, "2018-09-30": 51.65, "2018-06-30": 104.928, "2018-03-31": "-73.31100", "2017-12-31": 63.958, "2017-09-30": -19.147, "2017-06-30": 83.949, "2017-03-31": "-156.95300", "2016-12-31": -35.105, "2016-09-30": 31.62, "2016-06-30": -72.863, "2016-03-31": "-162.98300", "2015-12-31": 36.451, "2015-09-30": 2.49, "2015-06-30": 10.155, "2015-03-31": "-132.57800", "2014-12-31": -9.381, "2014-09-30": 5.429, "2014-06-30": 23.044, "2014-03-31": "-164.21700", "2013-12-31": 41.041, "2013-09-30": -67.202, "2013-06-30": 12.511, "2013-03-31": "-38.56500", "2012-12-31": 58.148, "2012-09-30": -60.783, "2012-06-30": 30.64, "2012-03-31": "56.75100", "2011-12-31": 99.366, "2011-09-30": -30.44, "2011-06-30": 28.614, "2011-03-31": "91.42500", "2010-12-31": -37.616, "2010-09-30": -57.858, "2010-06-30": 14.853, "2010-03-31": "173.09600", "2009-12-31": -16.536, "2009-09-30": 47.314, "2009-06-30": 13.31, "2009-03-31": "141.89200", "2008-12-31": 3.662, "2008-09-30": -65.083, "2008-06-30": 24.684, "2008-03-31": "84.82400", "2007-12-31": -41.579, "2007-09-30": 4.014, "2007-06-30": -0.701, "2007-03-31": "66.20500", "2006-12-31": -34.13, "2006-09-30": -64.465, "2006-06-30": -1.079, "2006-03-31": "50.79500", "2005-12-31": -79.071, "2005-09-30": 42.15, "2005-06-30": -58.443, "2005-03-31": "27.75700"}, "Cash Flow From Operating Activities": {"2020-09-30": 361.008, "2020-06-30": 437.302, "2020-03-31": "10.90800", "2019-12-31": 158.363, "2019-09-30": 216.385, "2019-06-30": 287.619, "2019-03-31": "204.54200", "2018-12-31": 129.525, "2018-09-30": 237.535, "2018-06-30": 289.998, "2018-03-31": "153.97000", "2017-12-31": 199.8, "2017-09-30": 133.656, "2017-06-30": 232.268, "2017-03-31": "35.08100", "2016-12-31": 96.271, "2016-09-30": 218.592, "2016-06-30": 119.994, "2016-03-31": "88.44600", "2015-12-31": 182.556, "2015-09-30": 189.272, "2015-06-30": 228.605, "2015-03-31": "102.21100", "2014-12-31": 168.697, "2014-09-30": 219.733, "2014-06-30": 239.43, "2014-03-31": "81.13100", "2013-12-31": 146.783, "2013-09-30": 88.377, "2013-06-30": 174.805, "2013-03-31": "135.28500", "2012-12-31": 180.499, "2012-09-30": 93.399, "2012-06-30": 175.966, "2012-03-31": "235.41700", "2011-12-31": 217.867, "2011-09-30": 141.432, "2011-06-30": 197.1, "2011-03-31": "272.45000", "2010-12-31": 69.665, "2010-09-30": 100.994, "2010-06-30": 157.496, "2010-03-31": "338.00400", "2009-12-31": 71.24, "2009-09-30": 194.646, "2009-06-30": 141.082, "2009-03-31": "292.72200", "2008-12-31": 102.895, "2008-09-30": 25.82, "2008-06-30": 136.423, "2008-03-31": "213.60100", "2007-12-31": 32.764, "2007-09-30": 97.794, "2007-06-30": 93.109, "2007-03-31": "186.87500", "2006-12-31": 36.601, "2006-09-30": 39.579, "2006-06-30": 91.13, "2006-03-31": "166.29400", "2005-12-31": -5.677, "2005-09-30": 137.955, "2005-06-30": 55.953, "2005-03-31": "133.40100"}, "Net Change In Property, Plant, And Equipment": {"2020-09-30": -51.918, "2020-06-30": -56.898, "2020-03-31": "-82.90200", "2019-12-31": -100.91, "2019-09-30": -57.651, "2019-06-30": -42.1, "2019-03-31": "-60.75900", "2018-12-31": -88.145, "2018-09-30": -42.445, "2018-06-30": -27.293, "2018-03-31": "-33.94400", "2017-12-31": -23.819, "2017-09-30": -33.787, "2017-06-30": -56.721, "2017-03-31": "-64.33200", "2016-12-31": -54.617, "2016-09-30": -66.103, "2016-06-30": -48.716, "2016-03-31": "-87.91100", "2015-12-31": -73.423, "2015-09-30": -46.996, "2015-06-30": -57.315, "2015-03-31": "-56.74300", "2014-12-31": -66.622, "2014-09-30": -54.692, "2014-06-30": -45.644, "2014-03-31": "-60.49600", "2013-12-31": -45.801, "2013-09-30": -35.211, "2013-06-30": -40.974, "2013-03-31": "-53.98400", "2012-12-31": -63.747, "2012-09-30": -54.849, "2012-06-30": -63.738, "2012-03-31": "-82.27500", "2011-12-31": -60.45, "2011-09-30": -55.824, "2011-06-30": -62.705, "2011-03-31": "-87.86200", "2010-12-31": -52.389, "2010-09-30": -47.738, "2010-06-30": -38.641, "2010-03-31": "-60.58200", "2009-12-31": -55.482, "2009-09-30": -41.337, "2009-06-30": -38.58, "2009-03-31": "-50.14000", "2008-12-31": -47.593, "2008-09-30": -28.766, "2008-06-30": -47.091, "2008-03-31": "-54.74600", "2007-12-31": -64.02, "2007-09-30": -30.257, "2007-06-30": -38.801, "2007-03-31": "-75.70100", "2006-12-31": -54.084, "2006-09-30": -66.831, "2006-06-30": -52.384, "2006-03-31": "-72.84300", "2005-12-31": -49.907, "2005-09-30": -36.67, "2005-06-30": -58.82, "2005-03-31": "-58.08300"}, "Net Change In Intangible Assets": {"2020-09-30": 0, "2020-06-30": 0, "2020-03-31": "-0.23000", "2019-12-31": -201.519, "2019-09-30": 0, "2019-06-30": 0, "2019-03-31": "", "2018-12-31": 0, "2018-09-30": 0, "2018-06-30": 0, "2018-03-31": "", "2017-12-31": 0, "2017-09-30": 0, "2017-06-30": 0, "2017-03-31": "", "2016-12-31": 0, "2016-09-30": 0, "2016-06-30": 0, "2016-03-31": "", "2015-12-31": 0, "2015-09-30": 0, "2015-06-30": 0, "2015-03-31": "", "2014-12-31": 0, "2014-09-30": 0, "2014-06-30": 0, "2014-03-31": "", "2013-12-31": 0, "2013-09-30": 0, "2013-06-30": 0, "2013-03-31": "", "2012-12-31": 0, "2012-09-30": 0, "2012-06-30": 0, "2012-03-31": "", "2011-12-31": 0, "2011-09-30": 0, "2011-06-30": 0, "2011-03-31": "", "2010-12-31": 0, "2010-09-30": 0, "2010-06-30": 0, "2010-03-31": "", "2009-12-31": 0, "2009-09-30": 0, "2009-06-30": 0, "2009-03-31": "", "2008-12-31": 0, "2008-09-30": 0, "2008-06-30": 0, "2008-03-31": "", "2007-12-31": 0, "2007-09-30": 0, "2007-06-30": 0, "2007-03-31": "", "2006-12-31": 0, "2006-09-30": 0, "2006-06-30": 0, "2006-03-31": "", "2005-12-31": 0, "2005-09-30": 0, "2005-06-30": 0, "2005-03-31": ""}, "Net Acquisitions/Divestitures": {"2020-09-30": 0, "2020-06-30": 0, "2020-03-31": "", "2019-12-31": 0, "2019-09-30": 0, "2019-06-30": 0, "2019-03-31": "", "2018-12-31": 0, "2018-09-30": 0, "2018-06-30": 0, "2018-03-31": "", "2017-12-31": 0, "2017-09-30": 0, "2017-06-30": 0, "2017-03-31": "", "2016-12-31": 0, "2016-09-30": 0, "2016-06-30": 0, "2016-03-31": "", "2015-12-31": 18.893, "2015-09-30": -2.462, "2015-06-30": -15.998, "2015-03-31": "-0.43300", "2014-12-31": 0.033, "2014-09-30": -1.632, "2014-06-30": -2.247, "2014-03-31": "-2056.93700", "2013-12-31": 1.074, "2013-09-30": 0, "2013-06-30": -0.352, "2013-03-31": "-186.85900", "2012-12-31": -3.037, "2012-09-30": -5.332, "2012-06-30": 0, "2012-03-31": "", "2011-12-31": -4.963, "2011-09-30": -18.17, "2011-06-30": 0, "2011-03-31": "", "2010-12-31": 0, "2010-09-30": 0, "2010-06-30": 0, "2010-03-31": "", "2009-12-31": 0, "2009-09-30": 0, "2009-06-30": 0, "2009-03-31": "", "2008-12-31": 0, "2008-09-30": 0, "2008-06-30": 0, "2008-03-31": "", "2007-12-31": 0, "2007-09-30": 0, "2007-06-30": 0, "2007-03-31": "", "2006-12-31": 0, "2006-09-30": 0, "2006-06-30": -12.5, "2006-03-31": "", "2005-12-31": 0, "2005-09-30": -99.3, "2005-06-30": 0, "2005-03-31": ""}, "Net Change In Short-term Investments": {"2020-09-30": 0, "2020-06-30": 0, "2020-03-31": "", "2019-12-31": 0, "2019-09-30": 0, "2019-06-30": 0, "2019-03-31": "", "2018-12-31": 0, "2018-09-30": 0, "2018-06-30": 0, "2018-03-31": "", "2017-12-31": 0, "2017-09-30": 0, "2017-06-30": 0, "2017-03-31": "", "2016-12-31": 0, "2016-09-30": 0, "2016-06-30": 0, "2016-03-31": "", "2015-12-31": 0, "2015-09-30": 0, "2015-06-30": 0, "2015-03-31": "", "2014-12-31": 0, "2014-09-30": 0, "2014-06-30": 0, "2014-03-31": "", "2013-12-31": 0, "2013-09-30": 0, "2013-06-30": 0, "2013-03-31": "", "2012-12-31": 0, "2012-09-30": 0, "2012-06-30": 0, "2012-03-31": "", "2011-12-31": 0, "2011-09-30": 0, "2011-06-30": 0, "2011-03-31": "", "2010-12-31": 0, "2010-09-30": 0, "2010-06-30": 0, "2010-03-31": "", "2009-12-31": 0, "2009-09-30": 0, "2009-06-30": 0, "2009-03-31": "", "2008-12-31": 0, "2008-09-30": 0, "2008-06-30": 0, "2008-03-31": "", "2007-12-31": 0, "2007-09-30": 0, "2007-06-30": 0, "2007-03-31": "", "2006-12-31": 0, "2006-09-30": 0, "2006-06-30": 0, "2006-03-31": "", "2005-12-31": 0, "2005-09-30": 0, "2005-06-30": 0, "2005-03-31": ""}, "Net Change In Long-Term Investments": {"2020-09-30": 0, "2020-06-30": 0, "2020-03-31": "", "2019-12-31": 0, "2019-09-30": 0, "2019-06-30": 0, "2019-03-31": "", "2018-12-31": 0, "2018-09-30": 0, "2018-06-30": 0, "2018-03-31": "", "2017-12-31": 0, "2017-09-30": 0, "2017-06-30": 0, "2017-03-31": "", "2016-12-31": 0, "2016-09-30": 0, "2016-06-30": 0, "2016-03-31": "", "2015-12-31": 0, "2015-09-30": 0, "2015-06-30": 0, "2015-03-31": "", "2014-12-31": 0, "2014-09-30": 0, "2014-06-30": 0, "2014-03-31": "", "2013-12-31": 0, "2013-09-30": 0, "2013-06-30": 0, "2013-03-31": "", "2012-12-31": 0, "2012-09-30": 0, "2012-06-30": 0, "2012-03-31": "", "2011-12-31": 0, "2011-09-30": 0, "2011-06-30": 0, "2011-03-31": "", "2010-12-31": 0, "2010-09-30": 0, "2010-06-30": 0, "2010-03-31": "", "2009-12-31": 0, "2009-09-30": 0, "2009-06-30": 0, "2009-03-31": "", "2008-12-31": 0, "2008-09-30": 0, "2008-06-30": 0, "2008-03-31": "", "2007-12-31": 0, "2007-09-30": 0, "2007-06-30": 0, "2007-03-31": "", "2006-12-31": 0, "2006-09-30": 0, "2006-06-30": 0, "2006-03-31": "", "2005-12-31": 0, "2005-09-30": 0, "2005-06-30": 0, "2005-03-31": ""}, "Net Change In Investments - Total": {"2020-09-30": 0, "2020-06-30": 0, "2020-03-31": "", "2019-12-31": 0, "2019-09-30": 0, "2019-06-30": 0, "2019-03-31": "", "2018-12-31": 0, "2018-09-30": 0, "2018-06-30": 0, "2018-03-31": "", "2017-12-31": 0, "2017-09-30": 0, "2017-06-30": 0, "2017-03-31": "", "2016-12-31": 0, "2016-09-30": 0, "2016-06-30": 0, "2016-03-31": "", "2015-12-31": 0, "2015-09-30": 0, "2015-06-30": 0, "2015-03-31": "", "2014-12-31": 0, "2014-09-30": 0, "2014-06-30": 0, "2014-03-31": "", "2013-12-31": 0, "2013-09-30": 0, "2013-06-30": 0, "2013-03-31": "", "2012-12-31": 0, "2012-09-30": 0, "2012-06-30": 0, "2012-03-31": "", "2011-12-31": 0, "2011-09-30": 0, "2011-06-30": 0, "2011-03-31": "", "2010-12-31": 0, "2010-09-30": 0, "2010-06-30": 0, "2010-03-31": "", "2009-12-31": 0, "2009-09-30": 0, "2009-06-30": 0, "2009-03-31": "", "2008-12-31": 0, "2008-09-30": 0, "2008-06-30": 0, "2008-03-31": "", "2007-12-31": 0, "2007-09-30": 0, "2007-06-30": 0, "2007-03-31": "", "2006-12-31": 0, "2006-09-30": 0, "2006-06-30": 0, "2006-03-31": "", "2005-12-31": 0, "2005-09-30": 0, "2005-06-30": 0, "2005-03-31": ""}, "Investing Activities - Other": {"2020-09-30": 0, "2020-06-30": 0, "2020-03-31": "", "2019-12-31": 0, "2019-09-30": 0, "2019-06-30": 0, "2019-03-31": "", "2018-12-31": 0, "2018-09-30": 0, "2018-06-30": 0, "2018-03-31": "", "2017-12-31": 0, "2017-09-30": 0, "2017-06-30": -0.173, "2017-03-31": "0.19300", "2016-12-31": -2.025, "2016-09-30": -0.242, "2016-06-30": -2.43, "2016-03-31": "", "2015-12-31": -18.889, "2015-09-30": 0, "2015-06-30": 0, "2015-03-31": "", "2014-12-31": 0, "2014-09-30": 0, "2014-06-30": 0, "2014-03-31": "", "2013-12-31": 0, "2013-09-30": 0, "2013-06-30": 0, "2013-03-31": "", "2012-12-31": 0, "2012-09-30": 0, "2012-06-30": 0, "2012-03-31": "", "2011-12-31": 0, "2011-09-30": 0, "2011-06-30": 0, "2011-03-31": "", "2010-12-31": 0, "2010-09-30": 0, "2010-06-30": 0, "2010-03-31": "", "2009-12-31": 0, "2009-09-30": 0, "2009-06-30": 0, "2009-03-31": "", "2008-12-31": 0, "2008-09-30": 0, "2008-06-30": -1.663, "2008-03-31": "-1.75000", "2007-12-31": 0, "2007-09-30": 3.385, "2007-06-30": 0, "2007-03-31": "3.25100", "2006-12-31": 0, "2006-09-30": 0, "2006-06-30": 0, "2006-03-31": "", "2005-12-31": 0, "2005-09-30": 0, "2005-06-30": 0, "2005-03-31": ""}, "Cash Flow From Investing Activities": {"2020-09-30": -51.918, "2020-06-30": -56.898, "2020-03-31": "-83.13200", "2019-12-31": -302.429, "2019-09-30": -57.651, "2019-06-30": -42.1, "2019-03-31": "-60.75900", "2018-12-31": -88.145, "2018-09-30": -42.445, "2018-06-30": -27.293, "2018-03-31": "-33.94400", "2017-12-31": -23.819, "2017-09-30": -33.787, "2017-06-30": -56.894, "2017-03-31": "-64.13900", "2016-12-31": -56.642, "2016-09-30": -66.345, "2016-06-30": -51.146, "2016-03-31": "-87.91100", "2015-12-31": -73.419, "2015-09-30": -49.458, "2015-06-30": -73.313, "2015-03-31": "-57.17600", "2014-12-31": -66.589, "2014-09-30": -56.324, "2014-06-30": -47.891, "2014-03-31": "-2117.43300", "2013-12-31": -44.727, "2013-09-30": -35.211, "2013-06-30": -41.326, "2013-03-31": "-240.84300", "2012-12-31": -66.784, "2012-09-30": -60.181, "2012-06-30": -63.738, "2012-03-31": "-82.27500", "2011-12-31": -65.413, "2011-09-30": -73.994, "2011-06-30": -62.705, "2011-03-31": "-87.86200", "2010-12-31": -52.389, "2010-09-30": -47.738, "2010-06-30": -38.641, "2010-03-31": "-60.58200", "2009-12-31": -55.482, "2009-09-30": -41.337, "2009-06-30": -38.58, "2009-03-31": "-50.14000", "2008-12-31": -47.593, "2008-09-30": -28.766, "2008-06-30": -48.754, "2008-03-31": "-56.49600", "2007-12-31": -64.02, "2007-09-30": -26.872, "2007-06-30": -38.801, "2007-03-31": "-72.45000", "2006-12-31": -54.084, "2006-09-30": -66.831, "2006-06-30": -64.884, "2006-03-31": "-72.84300", "2005-12-31": -49.907, "2005-09-30": -135.97, "2005-06-30": -58.82, "2005-03-31": "-58.08300"}, "Net Long-Term Debt": {"2020-09-30": -253.716, "2020-06-30": 0, "2020-03-31": "498.24000", "2019-12-31": 0, "2019-09-30": 0, "2019-06-30": 0, "2019-03-31": "-310.04700", "2018-12-31": 0, "2018-09-30": 0, "2018-06-30": 0, "2018-03-31": "", "2017-12-31": 0, "2017-09-30": 0, "2017-06-30": 0, "2017-03-31": "", "2016-12-31": 0, "2016-09-30": 0, "2016-06-30": 0, "2016-03-31": "", "2015-12-31": 0, "2015-09-30": 0, "2015-06-30": 0, "2015-03-31": "", "2014-12-31": 0, "2014-09-30": 0, "2014-06-30": 0, "2014-03-31": "", "2013-12-31": 448.605, "2013-09-30": 0, "2013-06-30": 0, "2013-03-31": "", "2012-12-31": 0, "2012-09-30": 0, "2012-06-30": 0, "2012-03-31": "299.90400", "2011-12-31": 0, "2011-09-30": 0, "2011-06-30": 0, "2011-03-31": "", "2010-12-31": 0, "2010-09-30": 0, "2010-06-30": 298.761, "2010-03-31": "", "2009-12-31": 0, "2009-09-30": 0, "2009-06-30": 0, "2009-03-31": "", "2008-12-31": 0, "2008-09-30": 0, "2008-06-30": 0, "2008-03-31": "", "2007-12-31": 0, "2007-09-30": 0, "2007-06-30": 0, "2007-03-31": "", "2006-12-31": 0, "2006-09-30": 0, "2006-06-30": 0, "2006-03-31": "", "2005-12-31": 26.716, "2005-09-30": -34.919, "2005-06-30": 4.994, "2005-03-31": "3.20900"}, "Net Current Debt": {"2020-09-30": 0, "2020-06-30": -500, "2020-03-31": "500.00000", "2019-12-31": 0.012, "2019-09-30": 10.914, "2019-06-30": -19.687, "2019-03-31": "-50.57800", "2018-12-31": 43.987, "2018-09-30": -3.611, "2018-06-30": 3.739, "2018-03-31": "-12.10100", "2017-12-31": 9.328, "2017-09-30": 8.878, "2017-06-30": -42.692, "2017-03-31": "38.49000", "2016-12-31": -14.338, "2016-09-30": -130.391, "2016-06-30": -61.488, "2016-03-31": "40.64400", "2015-12-31": -106.3771, "2015-09-30": -146.4249, "2015-06-30": -158.448, "2015-03-31": "-15.07200", "2014-12-31": -86.047, "2014-09-30": -135.555, "2014-06-30": -191.9831, "2014-03-31": "1013.20400", "2013-12-31": 5.739, "2013-09-30": 0.059, "2013-06-30": -0.013, "2013-03-31": "-8.71100", "2012-12-31": 7.068, "2012-09-30": 1.654, "2012-06-30": -0.034, "2012-03-31": "-131.14700", "2011-12-31": -168.0199, "2011-09-30": 32.4648, "2011-06-30": 131.4511, "2011-03-31": "125.72900", "2010-12-31": 4.648, "2010-09-30": -7.719, "2010-06-30": -62.143, "2010-03-31": "65.24200", "2009-12-31": -64.983, "2009-09-30": -0.225, "2009-06-30": -8.024, "2009-03-31": "-189.32800", "2008-12-31": 4.92, "2008-09-30": 18.233, "2008-06-30": -103.439, "2008-03-31": "20.70800", "2007-12-31": 100.888, "2007-09-30": 68.573, "2007-06-30": -43.736, "2007-03-31": "-101.49900", "2006-12-31": 23.831, "2006-09-30": 452.643, "2006-06-30": 16.199, "2006-03-31": "-36.42200", "2005-12-31": 18.519, "2005-09-30": -9.26, "2005-06-30": -3.952, "2005-03-31": "-6.52100"}, "Debt Issuance/Retirement Net - Total": {"2020-09-30": -253.716, "2020-06-30": -500, "2020-03-31": "998.24000", "2019-12-31": 0.012, "2019-09-30": 10.914, "2019-06-30": -19.687, "2019-03-31": "-360.62500", "2018-12-31": 43.987, "2018-09-30": -3.611, "2018-06-30": 3.739, "2018-03-31": "-12.10100", "2017-12-31": 9.328, "2017-09-30": 8.878, "2017-06-30": -42.692, "2017-03-31": "38.49000", "2016-12-31": -14.338, "2016-09-30": -130.391, "2016-06-30": -61.488, "2016-03-31": "40.64400", "2015-12-31": -106.3771, "2015-09-30": -146.4249, "2015-06-30": -158.448, "2015-03-31": "-15.07200", "2014-12-31": -86.047, "2014-09-30": -135.555, "2014-06-30": -191.9831, "2014-03-31": "1013.20400", "2013-12-31": 454.344, "2013-09-30": 0.059, "2013-06-30": -0.013, "2013-03-31": "-8.71100", "2012-12-31": 7.068, "2012-09-30": 1.654, "2012-06-30": -0.034, "2012-03-31": "168.75700", "2011-12-31": -168.0199, "2011-09-30": 32.4648, "2011-06-30": 131.4511, "2011-03-31": "125.72900", "2010-12-31": 4.648, "2010-09-30": -7.719, "2010-06-30": 236.618, "2010-03-31": "65.24200", "2009-12-31": -64.983, "2009-09-30": -0.225, "2009-06-30": -8.024, "2009-03-31": "-189.32800", "2008-12-31": 4.92, "2008-09-30": 18.233, "2008-06-30": -103.439, "2008-03-31": "20.70800", "2007-12-31": 100.888, "2007-09-30": 68.573, "2007-06-30": -43.736, "2007-03-31": "-101.49900", "2006-12-31": 23.831, "2006-09-30": 452.643, "2006-06-30": 16.199, "2006-03-31": "-36.42200", "2005-12-31": 45.235, "2005-09-30": -44.179, "2005-06-30": 1.042, "2005-03-31": "-3.31200"}, "Net Common Equity Issued/Repurchased": {"2020-09-30": -110.434, "2020-06-30": -0.659, "2020-03-31": "-35.02600", "2019-12-31": -11.078, "2019-09-30": -339.033, "2019-06-30": -11.377, "2019-03-31": "-133.61300", "2018-12-31": -153.962, "2018-09-30": -120.232, "2018-06-30": 0.51, "2018-03-31": "-4.47000", "2017-12-31": -2.184, "2017-09-30": 0.784, "2017-06-30": 1.063, "2017-03-31": "-2.08500", "2016-12-31": -4.999, "2016-09-30": 1.095, "2016-06-30": 0.771, "2016-03-31": "-10.72800", "2015-12-31": -3.541, "2015-09-30": 1.272, "2015-06-30": 1.016, "2015-03-31": "-0.23800", "2014-12-31": -3.243, "2014-09-30": 1.216, "2014-06-30": 1.087, "2014-03-31": "2.36400", "2013-12-31": -2.156, "2013-09-30": -2.269, "2013-06-30": -15.275, "2013-03-31": "-57.48400", "2012-12-31": -0.589, "2012-09-30": 0.771, "2012-06-30": -18.153, "2012-03-31": "-0.62900", "2011-12-31": 6.644, "2011-09-30": -98.075, "2011-06-30": -243.37, "2011-03-31": "-275.29200", "2010-12-31": -135.362, "2010-09-30": -14.691, "2010-06-30": -145.513, "2010-03-31": "-284.71600", "2009-12-31": -47.071, "2009-09-30": -31.332, "2009-06-30": 2.258, "2009-03-31": "11.48500", "2008-12-31": 0.687, "2008-09-30": -40.633, "2008-06-30": 11.119, "2008-03-31": "-155.38200", "2007-12-31": -68.849, "2007-09-30": -200.687, "2007-06-30": 17.911, "2007-03-31": "11.26200", "2006-12-31": 3.103, "2006-09-30": 3.514, "2006-06-30": -82.223, "2006-03-31": "-44.75100", "2005-12-31": -36.922, "2005-09-30": -17.854, "2005-06-30": 20.631, "2005-03-31": "-35.17400"}, "Net Total Equity Issued/Repurchased": {"2020-09-30": -110.434, "2020-06-30": -0.659, "2020-03-31": "-35.02600", "2019-12-31": -11.078, "2019-09-30": -339.033, "2019-06-30": -11.377, "2019-03-31": "-133.61300", "2018-12-31": -153.962, "2018-09-30": -120.232, "2018-06-30": 0.51, "2018-03-31": "-4.47000", "2017-12-31": -2.184, "2017-09-30": 0.784, "2017-06-30": 1.063, "2017-03-31": "-2.08500", "2016-12-31": -4.999, "2016-09-30": 1.095, "2016-06-30": 0.771, "2016-03-31": "-10.72800", "2015-12-31": -3.541, "2015-09-30": 1.272, "2015-06-30": 1.016, "2015-03-31": "-0.23800", "2014-12-31": -3.243, "2014-09-30": 1.216, "2014-06-30": 1.087, "2014-03-31": "2.36400", "2013-12-31": -2.156, "2013-09-30": -2.269, "2013-06-30": -15.275, "2013-03-31": "-57.48400", "2012-12-31": -0.589, "2012-09-30": 0.771, "2012-06-30": -18.153, "2012-03-31": "-0.62900", "2011-12-31": 6.644, "2011-09-30": -98.075, "2011-06-30": -243.37, "2011-03-31": "-275.29200", "2010-12-31": -135.362, "2010-09-30": -14.691, "2010-06-30": -145.513, "2010-03-31": "-284.71600", "2009-12-31": -47.071, "2009-09-30": -31.332, "2009-06-30": 2.258, "2009-03-31": "11.48500", "2008-12-31": 0.687, "2008-09-30": -40.633, "2008-06-30": 11.119, "2008-03-31": "-155.38200", "2007-12-31": -68.849, "2007-09-30": -200.687, "2007-06-30": 17.911, "2007-03-31": "11.26200", "2006-12-31": 3.103, "2006-09-30": 3.514, "2006-06-30": -82.223, "2006-03-31": "-44.75100", "2005-12-31": -36.922, "2005-09-30": -17.854, "2005-06-30": 20.631, "2005-03-31": "-35.17400"}, "Total Common And Preferred Stock Dividends Paid": {"2020-09-30": -17.193, "2020-06-30": -17.424, "2020-03-31": "-21.59300", "2019-12-31": 0, "2019-09-30": -4.157, "2019-06-30": -4.305, "2019-03-31": "-8.72300", "2018-12-31": 0, "2018-09-30": -4.421, "2018-06-30": -4.468, "2018-03-31": "-8.93000", "2017-12-31": -0.026, "2017-09-30": -4.465, "2017-06-30": -4.461, "2017-03-31": "-8.90200", "2016-12-31": -0.004, "2016-09-30": -4.443, "2016-06-30": -4.441, "2016-03-31": "-8.85000", "2015-12-31": -0.007, "2015-09-30": -4.415, "2015-06-30": -4.414, "2015-03-31": "-8.81300", "2014-12-31": -0.019, "2014-09-30": -4.383, "2014-06-30": -4.397, "2014-03-31": "-8.78100", "2013-12-31": -0.011, "2013-09-30": -4.37, "2013-06-30": -4.393, "2013-03-31": "-8.80000", "2012-12-31": -0.01, "2012-09-30": -4.39, "2012-06-30": -4.412, "2012-03-31": "-8.78400", "2011-12-31": -0.013, "2011-09-30": -4.386, "2011-06-30": -4.454, "2011-03-31": "-9.70100", "2010-12-31": -0.024, "2010-09-30": -5.017, "2010-06-30": -5.107, "2010-03-31": "-10.90300", "2009-12-31": -0.031, "2009-09-30": -5.654, "2009-06-30": -5.74, "2009-03-31": "-11.37800", "2008-12-31": -0.026, "2008-09-30": -5.758, "2008-06-30": -5.738, "2008-03-31": "-11.65900", "2007-12-31": 0, "2007-09-30": -6.059, "2007-06-30": -6.411, "2007-03-31": "-12.68200", "2006-12-31": 0, "2006-09-30": -6.314, "2006-06-30": -6.36, "2006-03-31": "-6.47900", "2005-12-31": 0, "2005-09-30": 0, "2005-06-30": 0, "2005-03-31": ""}, "Financial Activities - Other": {"2020-09-30": -2.92, "2020-06-30": -1.052, "2020-03-31": "-4.76300", "2019-12-31": -0.223, "2019-09-30": -0.022, "2019-06-30": -0.021, "2019-03-31": "-0.21500", "2018-12-31": -0.28, "2018-09-30": -0.156, "2018-06-30": 1.736, "2018-03-31": "-1.25600", "2017-12-31": -0.091, "2017-09-30": -0.252, "2017-06-30": -0.626, "2017-03-31": "-7.63100", "2016-12-31": -3.861, "2016-09-30": -3.374, "2016-06-30": -1.454, "2016-03-31": "-11.25900", "2015-12-31": -11.776, "2015-09-30": -0.355, "2015-06-30": -0.177, "2015-03-31": "-1.18400", "2014-12-31": 2.328, "2014-09-30": -0.445, "2014-06-30": -10.25, "2014-03-31": "0.81500", "2013-12-31": -9.063, "2013-09-30": -0.254, "2013-06-30": -0.553, "2013-03-31": "-9.83400", "2012-12-31": -1.456, "2012-09-30": -0.464, "2012-06-30": -5.119, "2012-03-31": "-6.30300", "2011-12-31": 0.907, "2011-09-30": -0.333, "2011-06-30": -2.869, "2011-03-31": "-30.86600", "2010-12-31": -21.831, "2010-09-30": 7.855, "2010-06-30": -177.321, "2010-03-31": "-13.77700", "2009-12-31": -19.87, "2009-09-30": -26.274, "2009-06-30": -15.507, "2009-03-31": "-39.81700", "2008-12-31": -44.832, "2008-09-30": 32.952, "2008-06-30": 10.72, "2008-03-31": "-6.29800", "2007-12-31": -0.965, "2007-09-30": -0.56, "2007-06-30": 43.592, "2007-03-31": "-5.65100", "2006-12-31": -12.31, "2006-09-30": -421.732, "2006-06-30": 3.916, "2006-03-31": "8.76800", "2005-12-31": -24.65, "2005-09-30": -3.136, "2005-06-30": 25.394, "2005-03-31": "38.53500"}, "Cash Flow From Financial Activities": {"2020-09-30": -384.263, "2020-06-30": -519.135, "2020-03-31": "936.85800", "2019-12-31": -11.289, "2019-09-30": -332.298, "2019-06-30": -35.39, "2019-03-31": "-503.17600", "2018-12-31": -110.255, "2018-09-30": -128.42, "2018-06-30": 1.517, "2018-03-31": "-26.75700", "2017-12-31": 7.027, "2017-09-30": 4.945, "2017-06-30": -46.716, "2017-03-31": "19.87200", "2016-12-31": -23.202, "2016-09-30": -137.113, "2016-06-30": -66.612, "2016-03-31": "9.80700", "2015-12-31": -121.701, "2015-09-30": -149.923, "2015-06-30": -162.023, "2015-03-31": "-25.30700", "2014-12-31": -86.981, "2014-09-30": -139.167, "2014-06-30": -205.543, "2014-03-31": "1007.60200", "2013-12-31": 443.114, "2013-09-30": -6.834, "2013-06-30": -20.234, "2013-03-31": "-84.82900", "2012-12-31": 5.013, "2012-09-30": -2.429, "2012-06-30": -27.718, "2012-03-31": "153.04100", "2011-12-31": -160.482, "2011-09-30": -70.329, "2011-06-30": -119.242, "2011-03-31": "-190.13000", "2010-12-31": -152.569, "2010-09-30": -19.572, "2010-06-30": -91.323, "2010-03-31": "-244.15400", "2009-12-31": -131.955, "2009-09-30": -63.485, "2009-06-30": -27.013, "2009-03-31": "-229.03800", "2008-12-31": -39.251, "2008-09-30": 4.794, "2008-06-30": -87.338, "2008-03-31": "-152.63100", "2007-12-31": 31.074, "2007-09-30": -138.733, "2007-06-30": 11.356, "2007-03-31": "-108.57000", "2006-12-31": 14.624, "2006-09-30": 28.111, "2006-06-30": -68.468, "2006-03-31": "-78.88400", "2005-12-31": -16.337, "2005-09-30": -65.169, "2005-06-30": 47.067, "2005-03-31": "0.04900"}, "Net Cash Flow": {"2020-09-30": -73.297, "2020-06-30": -138.336, "2020-03-31": "861.17300", "2019-12-31": -155.061, "2019-09-30": -173.993, "2019-06-30": 210.389, "2019-03-31": "-359.19700", "2018-12-31": -73.479, "2018-09-30": 67.757, "2018-06-30": 263.106, "2018-03-31": "92.20600", "2017-12-31": 183.635, "2017-09-30": 106.072, "2017-06-30": 131.143, "2017-03-31": "-9.09100", "2016-12-31": 15.684, "2016-09-30": 14.667, "2016-06-30": 1.119, "2016-03-31": "12.92600", "2015-12-31": -14.564, "2015-09-30": -9.19, "2015-06-30": -9.285, "2015-03-31": "19.15000", "2014-12-31": 15.007, "2014-09-30": 22.218, "2014-06-30": -15.912, "2014-03-31": "-1029.11300", "2013-12-31": 545.17, "2013-09-30": 46.332, "2013-06-30": 113.245, "2013-03-31": "-190.38700", "2012-12-31": 118.728, "2012-09-30": 30.789, "2012-06-30": 84.51, "2012-03-31": "306.18300", "2011-12-31": -8.028, "2011-09-30": -2.891, "2011-06-30": 15.153, "2011-03-31": "-5.54200", "2010-12-31": -135.293, "2010-09-30": 33.684, "2010-06-30": 27.532, "2010-03-31": "33.26800", "2009-12-31": -116.197, "2009-09-30": 89.824, "2009-06-30": 75.489, "2009-03-31": "13.54400", "2008-12-31": 16.051, "2008-09-30": 1.848, "2008-06-30": 0.331, "2008-03-31": "4.47400", "2007-12-31": -0.182, "2007-09-30": -67.811, "2007-06-30": 65.664, "2007-03-31": "5.85500", "2006-12-31": -2.859, "2006-09-30": 0.859, "2006-06-30": -42.222, "2006-03-31": "14.56700", "2005-12-31": -71.921, "2005-09-30": -63.184, "2005-06-30": 44.2, "2005-03-31": "75.36700"}, "Stock-Based Compensation": {"2020-09-30": 11.089, "2020-06-30": 10.029, "2020-03-31": "13.80900", "2019-12-31": 9.4, "2019-09-30": 8.613, "2019-06-30": 8.441, "2019-03-31": "10.98400", "2018-12-31": 8.495, "2018-09-30": 6.852, "2018-06-30": 4.771, "2018-03-31": "7.64200", "2017-12-31": 7.111, "2017-09-30": 8.218, "2017-06-30": 7.564, "2017-03-31": "12.37400", "2016-12-31": 8.788, "2016-09-30": 2.522, "2016-06-30": 2.488, "2016-03-31": "6.65400", "2015-12-31": 10.988, "2015-09-30": 8.215, "2015-06-30": 8.781, "2015-03-31": "8.94500", "2014-12-31": 5.736, "2014-09-30": 3.606, "2014-06-30": 5.23, "2014-03-31": "7.13300", "2013-12-31": 6.681, "2013-09-30": 1.917, "2013-06-30": 1.929, "2013-03-31": "2.66400", "2012-12-31": 3.104, "2012-09-30": 2.852, "2012-06-30": 3.69, "2012-03-31": "5.59000", "2011-12-31": 5.321, "2011-09-30": 4.24, "2011-06-30": 4.032, "2011-03-31": "5.96000", "2010-12-31": 6.57, "2010-09-30": 4.398, "2010-06-30": 4.669, "2010-03-31": "6.67400", "2009-12-31": 6.236, "2009-09-30": 4.027, "2009-06-30": 5.248, "2009-03-31": "4.17100", "2008-12-31": 4.302, "2008-09-30": 3.398, "2008-06-30": 4.292, "2008-03-31": "5.71500", "2007-12-31": 3.778, "2007-09-30": 3.906, "2007-06-30": 5.014, "2007-03-31": "5.39800", "2006-12-31": 4.579, "2006-09-30": 4.581, "2006-06-30": 4.847, "2006-03-31": "5.04500", "2005-12-31": 0.126, "2005-09-30": 0, "2005-06-30": 0.237, "2005-03-31": ""}, "Common Stock Dividends Paid": {"2020-09-30": -17.193, "2020-06-30": -17.424, "2020-03-31": "-21.59300", "2019-12-31": 0, "2019-09-30": -4.157, "2019-06-30": -4.305, "2019-03-31": "-8.72300", "2018-12-31": 0, "2018-09-30": -4.421, "2018-06-30": -4.468, "2018-03-31": "-8.93000", "2017-12-31": -0.026, "2017-09-30": -4.465, "2017-06-30": -4.461, "2017-03-31": "-8.90200", "2016-12-31": -0.004, "2016-09-30": -4.443, "2016-06-30": -4.441, "2016-03-31": "-8.85000", "2015-12-31": -0.007, "2015-09-30": -4.415, "2015-06-30": -4.414, "2015-03-31": "-8.81300", "2014-12-31": -0.019, "2014-09-30": -4.383, "2014-06-30": -4.397, "2014-03-31": "-8.78100", "2013-12-31": -0.011, "2013-09-30": -4.37, "2013-06-30": -4.393, "2013-03-31": "-8.80000", "2012-12-31": -0.01, "2012-09-30": -4.39, "2012-06-30": -4.412, "2012-03-31": "-8.78400", "2011-12-31": -0.013, "2011-09-30": -4.386, "2011-06-30": -4.454, "2011-03-31": "-9.70100", "2010-12-31": -0.024, "2010-09-30": -5.017, "2010-06-30": -5.107, "2010-03-31": "-10.90300", "2009-12-31": -0.031, "2009-09-30": -5.654, "2009-06-30": -5.74, "2009-03-31": "-11.37800", "2008-12-31": -0.026, "2008-09-30": -5.758, "2008-06-30": -5.738, "2008-03-31": "-11.65900", "2007-12-31": 0, "2007-09-30": -6.059, "2007-06-30": -6.411, "2007-03-31": "-12.68200", "2006-12-31": 0, "2006-09-30": -6.314, "2006-06-30": -6.36, "2006-03-31": "-6.47900", "2005-12-31": 0, "2005-09-30": 0, "2005-06-30": 0, "2005-03-31": ""}}, "financial ratios": {"Current Ratio": {"2019-12-31": "1.27200", "2018-12-31": "1.56520", "2017-12-31": "1.55940", "2016-12-31": "1.40720", "2015-12-31": "1.30110", "2014-12-31": "1.29730", "2013-12-31": "1.44290", "2012-12-31": "1.24400", "2011-12-31": "1.04840", "2010-12-31": "1.14950", "2009-12-31": "1.28760", "2008-12-31": "1.32430", "2007-12-31": "1.37270", "2006-12-31": "1.44780", "2005-12-31": "1.35610"}, "Long-term Debt / Capital": {"2019-12-31": "0.17390", "2018-12-31": "0.22750", "2017-12-31": "0.23420", "2016-12-31": "0.26340", "2015-12-31": "0.32900", "2014-12-31": "0.44960", "2013-12-31": "0.40980", "2012-12-31": "0.33300", "2011-12-31": "0.32870", "2010-12-31": "0.22450", "2009-12-31": "0.13660", "2008-12-31": "0.29740", "2007-12-31": "0.33040", "2006-12-31": "0.31640", "2005-12-31": "0.30630"}, "Debt/Equity Ratio": {"2019-12-31": "0.21060", "2018-12-31": "0.29450", "2017-12-31": "0.30580", "2016-12-31": "0.35760", "2015-12-31": "0.49050", "2014-12-31": "0.81730", "2013-12-31": "0.69490", "2012-12-31": "0.49980", "2011-12-31": "0.49060", "2010-12-31": "0.29040", "2009-12-31": "0.15930", "2008-12-31": "0.44340", "2007-12-31": "0.52320", "2006-12-31": "0.49610", "2005-12-31": "0.53160"}, "Gross Margin": {"2019-12-31": "43.82270", "2018-12-31": "44.04140", "2017-12-31": "43.57950", "2016-12-31": "44.48220", "2015-12-31": "45.42230", "2014-12-31": "45.24250", "2013-12-31": "50.08070", "2012-12-31": "49.92800", "2011-12-31": "49.74170", "2010-12-31": "49.97830", "2009-12-31": "48.85300", "2008-12-31": "46.65510", "2007-12-31": "46.62570", "2006-12-31": "47.68030", "2005-12-31": "47.23310"}, "Operating Margin": {"2019-12-31": "6.97480", "2018-12-31": "6.30730", "2017-12-31": "6.08300", "2016-12-31": "8.23190", "2015-12-31": "8.48080", "2014-12-31": "8.65220", "2013-12-31": "10.16840", "2012-12-31": "10.59330", "2011-12-31": "10.77130", "2010-12-31": "9.87200", "2009-12-31": "8.39490", "2008-12-31": "8.06900", "2007-12-31": "8.59610", "2006-12-31": "8.73710", "2005-12-31": "9.57780"}, "EBIT Margin": {"2019-12-31": "6.97480", "2018-12-31": "6.30730", "2017-12-31": "6.08300", "2016-12-31": "8.23190", "2015-12-31": "8.48080", "2014-12-31": "8.65220", "2013-12-31": "10.16840", "2012-12-31": "10.59330", "2011-12-31": "10.77130", "2010-12-31": "9.87200", "2009-12-31": "8.39490", "2008-12-31": "8.06900", "2007-12-31": "8.59610", "2006-12-31": "8.73710", "2005-12-31": "9.57780"}, "EBITDA Margin": {"2019-12-31": "9.42990", "2018-12-31": "8.79340", "2017-12-31": "8.74220", "2016-12-31": "10.93250", "2015-12-31": "11.24840", "2014-12-31": "11.54430", "2013-12-31": "13.36830", "2012-12-31": "13.64800", "2011-12-31": "13.62280", "2010-12-31": "12.64720", "2009-12-31": "11.18320", "2008-12-31": "10.91950", "2007-12-31": "11.64080", "2006-12-31": "11.76880", "2005-12-31": "12.40450"}, "Pre-Tax Profit Margin": {"2019-12-31": "6.56860", "2018-12-31": "5.79570", "2017-12-31": "5.55010", "2016-12-31": "7.72220", "2015-12-31": "7.73220", "2014-12-31": "7.93790", "2013-12-31": "9.64610", "2012-12-31": "10.05760", "2011-12-31": "10.26240", "2010-12-31": "9.40140", "2009-12-31": "7.97500", "2008-12-31": "7.40320", "2007-12-31": "7.89850", "2006-12-31": "8.01290", "2005-12-31": "8.88450"}, "Net Profit Margin": {"2019-12-31": "5.01490", "2018-12-31": "4.42400", "2017-12-31": "5.07270", "2016-12-31": "4.80390", "2015-12-31": "4.86180", "2014-12-31": "5.00080", "2013-12-31": "6.01900", "2012-12-31": "6.23370", "2011-12-31": "6.37920", "2010-12-31": "5.81420", "2009-12-31": "4.96970", "2008-12-31": "4.61200", "2007-12-31": "4.91480", "2006-12-31": "5.01070", "2005-12-31": "5.50360"}, "Asset Turnover": {"2019-12-31": "0.86310", "2018-12-31": "1.05970", "2017-12-31": "1.10510", "2016-12-31": "1.15060", "2015-12-31": "1.19800", "2014-12-31": "1.23630", "2013-12-31": "1.16700", "2012-12-31": "1.34490", "2011-12-31": "1.68790", "2010-12-31": "1.76650", "2009-12-31": "1.76140", "2008-12-31": "1.73490", "2007-12-31": "1.72670", "2006-12-31": "1.72090", "2005-12-31": "1.67770"}, "Inventory Turnover Ratio": {"2019-12-31": "1.23060", "2018-12-31": "1.22890", "2017-12-31": "1.26870", "2016-12-31": "1.22790", "2015-12-31": "1.27290", "2014-12-31": "1.36910", "2013-12-31": "1.26800", "2012-12-31": "1.34580", "2011-12-31": "1.51780", "2010-12-31": "1.59020", "2009-12-31": "1.69650", "2008-12-31": "1.69010", "2007-12-31": "1.69060", "2006-12-31": "1.65060", "2005-12-31": "1.64620"}, "Receiveable Turnover": {"2019-12-31": "14.08190", "2018-12-31": "15.32960", "2017-12-31": "15.45920", "2016-12-31": "14.92030", "2015-12-31": "16.28840", "2014-12-31": "16.97730", "2013-12-31": "23.39310", "2012-12-31": "26.99400", "2011-12-31": "44.07250", "2010-12-31": "47.69660", "2009-12-31": "58.47690", "2008-12-31": "52.90220", "2007-12-31": "57.00440", "2006-12-31": "47.57030", "2005-12-31": "45.04190"}, "Days Sales In Receivables": {"2019-12-31": "25.91990", "2018-12-31": "23.81020", "2017-12-31": "23.61060", "2016-12-31": "24.46330", "2015-12-31": "22.40860", "2014-12-31": "21.49930", "2013-12-31": "15.60290", "2012-12-31": "13.52150", "2011-12-31": "8.28180", "2010-12-31": "7.65250", "2009-12-31": "6.24180", "2008-12-31": "6.89950", "2007-12-31": "6.40300", "2006-12-31": "7.67290", "2005-12-31": "8.10360"}, "ROE - Return On Equity": {"2019-12-31": "13.71890", "2018-12-31": "11.93660", "2017-12-31": "13.92320", "2016-12-31": "15.76100", "2015-12-31": "19.23880", "2014-12-31": "24.65540", "2013-12-31": "25.83810", "2012-12-31": "32.02050", "2011-12-31": "46.54740", "2010-12-31": "33.29440", "2009-12-31": "21.08390", "2008-12-31": "22.13970", "2007-12-31": "23.27780", "2006-12-31": "22.43950", "2005-12-31": "25.51990"}, "Return On Tangible Equity": {"2019-12-31": "26.36020", "2018-12-31": "21.08710", "2017-12-31": "26.08040", "2016-12-31": "35.78460", "2015-12-31": "60.37940", "2014-12-31": "190.40060", "2013-12-31": "30.93240", "2012-12-31": "35.06870", "2011-12-31": "53.32500", "2010-12-31": "35.32500", "2009-12-31": "22.13340", "2008-12-31": "23.49840", "2007-12-31": "24.74140", "2006-12-31": "23.86670", "2005-12-31": "27.52800"}, "ROA - Return On Assets": {"2019-12-31": "4.32850", "2018-12-31": "4.68820", "2017-12-31": "5.60580", "2016-12-31": "5.52760", "2015-12-31": "5.82450", "2014-12-31": "6.20200", "2013-12-31": "7.04000", "2012-12-31": "8.40240", "2011-12-31": "10.79620", "2010-12-31": "10.31700", "2009-12-31": "8.79840", "2008-12-31": "8.03080", "2007-12-31": "8.49440", "2006-12-31": "8.62260", "2005-12-31": "9.23330"}, "ROI - Return On Investment": {"2019-12-31": "11.33270", "2018-12-31": "9.22100", "2017-12-31": "10.66270", "2016-12-31": "11.60910", "2015-12-31": "12.90990", "2014-12-31": "13.56950", "2013-12-31": "15.25020", "2012-12-31": "21.35740", "2011-12-31": "31.24830", "2010-12-31": "25.82050", "2009-12-31": "18.20340", "2008-12-31": "15.55470", "2007-12-31": "15.58790", "2006-12-31": "15.33910", "2005-12-31": "17.70430"}, "Book Value Per Share": {"2019-12-31": "51.26360", "2018-12-31": "49.00380", "2017-12-31": "46.19130", "2016-12-31": "39.54210", "2015-12-31": "33.56310", "2014-12-31": "27.40940", "2013-12-31": "20.81560", "2012-12-31": "16.49830", "2011-12-31": "11.64730", "2010-12-31": "12.68210", "2009-12-31": "13.69710", "2008-12-31": "11.33520", "2007-12-31": "10.33510", "2006-12-31": "9.78490", "2005-12-31": "8.50080"}, "Operating Cash Flow Per Share": {"2019-12-31": 1.2205, "2018-12-31": 2.8543, "2017-12-31": 1.0214, "2016-12-31": -2.4441, "2015-12-31": -0.1278, "2014-12-31": 2.2303, "2013-12-31": -1.8257, "2012-12-31": -1.5016, "2011-12-31": 3.111, "2010-12-31": 0.287, "2009-12-31": 2.3279, "2008-12-31": 1.105, "2007-12-31": 0.8093, "2006-12-31": 0.1899, "2005-12-31": 2.9243}, "Free Cash Flow Per Share": {"2019-12-31": 0.1396, "2018-12-31": 2.6724, "2017-12-31": 2.0952, "2016-12-31": -2.7485, "2015-12-31": -0.2097, "2014-12-31": 1.5291, "2013-12-31": -0.6499, "2012-12-31": -1.6121, "2011-12-31": 1.936, "2010-12-31": -0.0496, "2009-12-31": 2.2489, "2008-12-31": 1.2286, "2007-12-31": 1.1117, "2006-12-31": -0.2577, "2005-12-31": 1.0742}}, "financial ratios, quarterly": {"Current Ratio": {"2020-09-30": "1.38470", "2020-06-30": "1.44120", "2020-03-31": "1.36040", "2019-12-31": "1.27200", "2019-09-30": "1.30530", "2019-06-30": "1.36370", "2019-03-31": "1.34500", "2018-12-31": "1.56520", "2018-09-30": "1.61890", "2018-06-30": "1.63350", "2018-03-31": "1.61420", "2017-12-31": "1.55940", "2017-09-30": "1.51750", "2017-06-30": "1.48020", "2017-03-31": "1.45010", "2016-12-31": "1.40720", "2016-09-30": "1.37130", "2016-06-30": "1.37450", "2016-03-31": "1.34740", "2015-12-31": "1.30110", "2015-09-30": "1.26770", "2015-06-30": "1.28310", "2015-03-31": "1.29090", "2014-12-31": "1.29730", "2014-09-30": "1.25880", "2014-06-30": "1.24920", "2014-03-31": "1.26680", "2013-12-31": "1.44290", "2013-09-30": "1.28160", "2013-06-30": "1.24120", "2013-03-31": "1.20530", "2012-12-31": "1.24400", "2012-09-30": "1.23820", "2012-06-30": "1.20640", "2012-03-31": "1.18730", "2011-12-31": "1.04840", "2011-09-30": "1.12750", "2011-06-30": "1.12280", "2011-03-31": "1.12480", "2010-12-31": "1.14950", "2010-09-30": "1.20450", "2010-06-30": "1.15990", "2010-03-31": "1.19180", "2009-12-31": "1.28760", "2009-09-30": "1.36640", "2009-06-30": "1.33340", "2009-03-31": "1.26050", "2008-12-31": "1.32430", "2008-09-30": "1.32080", "2008-06-30": "1.28470", "2008-03-31": "1.32920", "2007-12-31": "1.37270", "2007-09-30": "1.38840", "2007-06-30": "1.42360", "2007-03-31": "1.41650", "2006-12-31": "1.44780", "2006-09-30": "1.38530", "2006-06-30": "1.28110", "2006-03-31": "1.31510", "2005-12-31": "1.35610", "2005-09-30": "1.38770", "2005-06-30": "1.42830", "2005-03-31": "1.37210"}, "Long-term Debt / Capital": {"2020-09-30": "0.21520", "2020-06-30": "0.24970", "2020-03-31": "0.25970", "2019-12-31": "0.17390", "2019-09-30": "0.17780", "2019-06-30": "0.16910", "2019-03-31": "0.17390", "2018-12-31": "0.22750", "2018-09-30": "0.22220", "2018-06-30": "0.22220", "2018-03-31": "0.22750", "2017-12-31": "0.23420", "2017-09-30": "0.24420", "2017-06-30": "0.25020", "2017-03-31": "0.26200", "2016-12-31": "0.26340", "2016-09-30": "0.26750", "2016-06-30": "0.29850", "2016-03-31": "0.31870", "2015-12-31": "0.32900", "2015-09-30": "0.34890", "2015-06-30": "0.38830", "2015-03-31": "0.42850", "2014-12-31": "0.44960", "2014-09-30": "0.47330", "2014-06-30": "0.49770", "2014-03-31": "0.54570", "2013-12-31": "0.40980", "2013-09-30": "0.29150", "2013-06-30": "0.30620", "2013-03-31": "0.32230", "2012-12-31": "0.33300", "2012-09-30": "0.34320", "2012-06-30": "0.36150", "2012-03-31": "0.38000", "2011-12-31": "0.32870", "2011-09-30": "0.43530", "2011-06-30": "0.42520", "2011-03-31": "0.32770", "2010-12-31": "0.22450", "2010-09-30": "0.20860", "2010-06-30": "0.22030", "2010-03-31": "0.20020", "2009-12-31": "0.13660", "2009-09-30": "0.17710", "2009-06-30": "0.18080", "2009-03-31": "0.19130", "2008-12-31": "0.29740", "2008-09-30": "0.30790", "2008-06-30": "0.30340", "2008-03-31": "0.36810", "2007-12-31": "0.33040", "2007-09-30": "0.28930", "2007-06-30": "0.22420", "2007-03-31": "0.26550", "2006-12-31": "0.31640", "2006-09-30": "0.31280", "2006-06-30": "0.29620", "2006-03-31": "0.29620", "2005-12-31": "0.30630", "2005-09-30": "0.31190", "2005-06-30": "0.32650", "2005-03-31": "0.36160"}, "Debt/Equity Ratio": {"2020-09-30": "0.27420", "2020-06-30": "0.33280", "2020-03-31": "0.49220", "2019-12-31": "0.21060", "2019-09-30": "0.21630", "2019-06-30": "0.20350", "2019-03-31": "0.21050", "2018-12-31": "0.29450", "2018-09-30": "0.28570", "2018-06-30": "0.28570", "2018-03-31": "0.29460", "2017-12-31": "0.30580", "2017-09-30": "0.32310", "2017-06-30": "0.33360", "2017-03-31": "0.35500", "2016-12-31": "0.35760", "2016-09-30": "0.36520", "2016-06-30": "0.42570", "2016-03-31": "0.46800", "2015-12-31": "0.49050", "2015-09-30": "0.53610", "2015-06-30": "0.63500", "2015-03-31": "0.75020", "2014-12-31": "0.81730", "2014-09-30": "0.90140", "2014-06-30": "1.02970", "2014-03-31": "1.24360", "2013-12-31": "0.69490", "2013-09-30": "0.41220", "2013-06-30": "0.44190", "2013-03-31": "0.47620", "2012-12-31": "0.49980", "2012-09-30": "0.52310", "2012-06-30": "0.56690", "2012-03-31": "0.61380", "2011-12-31": "0.49060", "2011-09-30": "0.77210", "2011-06-30": "0.74110", "2011-03-31": "0.48850", "2010-12-31": "0.29040", "2010-09-30": "0.26460", "2010-06-30": "0.28350", "2010-03-31": "0.25150", "2009-12-31": "0.15930", "2009-09-30": "0.21620", "2009-06-30": "0.22140", "2009-03-31": "0.24420", "2008-12-31": "0.44340", "2008-09-30": "0.44560", "2008-06-30": "0.43610", "2008-03-31": "0.58530", "2007-12-31": "0.52320", "2007-09-30": "0.40810", "2007-06-30": "0.30210", "2007-03-31": "0.36670", "2006-12-31": "0.49610", "2006-09-30": "0.49230", "2006-06-30": "0.50230", "2006-03-31": "0.48170", "2005-12-31": "0.53160", "2005-09-30": "0.51520", "2005-06-30": "0.55110", "2005-03-31": "0.63680"}, "Gross Margin": {"2020-09-30": "44.39430", "2020-06-30": "43.84440", "2020-03-31": "43.46870", "2019-12-31": "43.96310", "2019-09-30": "43.76640", "2019-06-30": "43.28180", "2019-03-31": "44.19360", "2018-12-31": "44.11450", "2018-09-30": "44.26090", "2018-06-30": "43.47700", "2018-03-31": "44.27110", "2017-12-31": "42.88540", "2017-09-30": "43.42840", "2017-06-30": "43.86960", "2017-03-31": "43.95560", "2016-12-31": "43.57230", "2016-09-30": "43.94260", "2016-06-30": "44.77780", "2016-03-31": "45.30170", "2015-12-31": "44.70880", "2015-09-30": "44.98020", "2015-06-30": "45.87650", "2015-03-31": "45.87940", "2014-12-31": "44.87470", "2014-09-30": "45.18290", "2014-06-30": "45.24040", "2014-03-31": "45.56740", "2013-12-31": "49.81340", "2013-09-30": "50.18870", "2013-06-30": "50.28700", "2013-03-31": "50.02750", "2012-12-31": "49.89130", "2012-09-30": "49.76580", "2012-06-30": "49.88820", "2012-03-31": "50.10360", "2011-12-31": "49.01720", "2011-09-30": "49.45450", "2011-06-30": "49.72490", "2011-03-31": "50.48310", "2010-12-31": "49.40320", "2010-09-30": "50.32200", "2010-06-30": "50.44360", "2010-03-31": "49.75280", "2009-12-31": "47.93150", "2009-09-30": "49.22150", "2009-06-30": "49.33690", "2009-03-31": "48.82220", "2008-12-31": "44.09750", "2008-09-30": "47.32300", "2008-06-30": "47.44220", "2008-03-31": "47.49620", "2007-12-31": "41.14550", "2007-09-30": "47.93540", "2007-06-30": "48.11360", "2007-03-31": "48.32050", "2006-12-31": "47.08270", "2006-09-30": "48.22310", "2006-06-30": "47.60170", "2006-03-31": "47.75040", "2005-12-31": "46.70230", "2005-09-30": "47.20980", "2005-06-30": "47.11450", "2005-03-31": "47.75490"}, "Operating Margin": {"2020-09-30": "10.10300", "2020-06-30": "10.50800", "2020-03-31": "2.90690", "2019-12-31": "5.97090", "2019-09-30": "7.45330", "2019-06-30": "7.32220", "2019-03-31": "7.04400", "2018-12-31": "4.00230", "2018-09-30": "6.77990", "2018-06-30": "7.20090", "2018-03-31": "6.89810", "2017-12-31": "4.27850", "2017-09-30": "7.17470", "2017-06-30": "6.48090", "2017-03-31": "6.21900", "2016-12-31": "5.09610", "2016-09-30": "8.61630", "2016-06-30": "9.60410", "2016-03-31": "9.09460", "2015-12-31": "4.95080", "2015-09-30": "8.95450", "2015-06-30": "10.84580", "2015-03-31": "8.64080", "2014-12-31": "6.52940", "2014-09-30": "9.13570", "2014-06-30": "10.25150", "2014-03-31": "8.61430", "2013-12-31": "6.44830", "2013-09-30": "11.23080", "2013-06-30": "12.56380", "2013-03-31": "10.12590", "2012-12-31": "8.51610", "2012-09-30": "10.31610", "2012-06-30": "11.58090", "2012-03-31": "11.47320", "2011-12-31": "8.43020", "2011-09-30": "12.13800", "2011-06-30": "12.76670", "2011-03-31": "9.79830", "2010-12-31": "6.60860", "2010-09-30": "10.46720", "2010-06-30": "12.10210", "2010-03-31": "9.95150", "2009-12-31": "4.99950", "2009-09-30": "8.30490", "2009-06-30": "10.18830", "2009-03-31": "9.35960", "2008-12-31": "3.92430", "2008-09-30": "8.07250", "2008-06-30": "10.35450", "2008-03-31": "9.45380", "2007-12-31": "6.06140", "2007-09-30": "8.66800", "2007-06-30": "10.07050", "2007-03-31": "9.17450", "2006-12-31": "6.30660", "2006-09-30": "9.32440", "2006-06-30": "9.96930", "2006-03-31": "9.06660", "2005-12-31": "7.29900", "2005-09-30": "10.33760", "2005-06-30": "10.99750", "2005-03-31": "9.55320"}, "EBIT Margin": {"2020-09-30": "10.10300", "2020-06-30": "10.50800", "2020-03-31": "2.90690", "2019-12-31": "5.97080", "2019-09-30": "7.45330", "2019-06-30": "7.32220", "2019-03-31": "7.04400", "2018-12-31": "4.00230", "2018-09-30": "6.77990", "2018-06-30": "7.20090", "2018-03-31": "6.89810", "2017-12-31": "4.27850", "2017-09-30": "7.17470", "2017-06-30": "6.48090", "2017-03-31": "6.21900", "2016-12-31": "5.09610", "2016-09-30": "8.61630", "2016-06-30": "9.60410", "2016-03-31": "9.09460", "2015-12-31": "4.95080", "2015-09-30": "8.95450", "2015-06-30": "10.84580", "2015-03-31": "8.64080", "2014-12-31": "6.52940", "2014-09-30": "9.13570", "2014-06-30": "10.25150", "2014-03-31": "8.61430", "2013-12-31": "6.44830", "2013-09-30": "11.23080", "2013-06-30": "12.56380", "2013-03-31": "10.12590", "2012-12-31": "8.51610", "2012-09-30": "10.31610", "2012-06-30": "11.58090", "2012-03-31": "11.47320", "2011-12-31": "8.43020", "2011-09-30": "12.13800", "2011-06-30": "12.76670", "2011-03-31": "9.79830", "2010-12-31": "6.60850", "2010-09-30": "10.46720", "2010-06-30": "12.10210", "2010-03-31": "9.95150", "2009-12-31": "4.99950", "2009-09-30": "8.30490", "2009-06-30": "10.18830", "2009-03-31": "9.35960", "2008-12-31": "3.92430", "2008-09-30": "8.07250", "2008-06-30": "10.35450", "2008-03-31": "9.45380", "2007-12-31": "6.06140", "2007-09-30": "8.66800", "2007-06-30": "10.07050", "2007-03-31": "9.17450", "2006-12-31": "6.30660", "2006-09-30": "9.32440", "2006-06-30": "9.96930", "2006-03-31": "9.06660", "2005-12-31": "7.29900", "2005-09-30": "10.33760", "2005-06-30": "10.99750", "2005-03-31": "9.55320"}, "EBITDA Margin": {"2020-09-30": "", "2020-06-30": "", "2020-03-31": "", "2019-12-31": "", "2019-09-30": "", "2019-06-30": "", "2019-03-31": "", "2018-12-31": "", "2018-09-30": "", "2018-06-30": "", "2018-03-31": "", "2017-12-31": "", "2017-09-30": "", "2017-06-30": "", "2017-03-31": "", "2016-12-31": "", "2016-09-30": "", "2016-06-30": "", "2016-03-31": "", "2015-12-31": "", "2015-09-30": "", "2015-06-30": "", "2015-03-31": "", "2014-12-31": "", "2014-09-30": "", "2014-06-30": "", "2014-03-31": "", "2013-12-31": "", "2013-09-30": "", "2013-06-30": "", "2013-03-31": "", "2012-12-31": "", "2012-09-30": "", "2012-06-30": "", "2012-03-31": "", "2011-12-31": "", "2011-09-30": "", "2011-06-30": "", "2011-03-31": "", "2010-12-31": "", "2010-09-30": "", "2010-06-30": "", "2010-03-31": "", "2009-12-31": "", "2009-09-30": "", "2009-06-30": "", "2009-03-31": "", "2008-12-31": "", "2008-09-30": "", "2008-06-30": "", "2008-03-31": "", "2007-12-31": "", "2007-09-30": "", "2007-06-30": "", "2007-03-31": "", "2006-12-31": "", "2006-09-30": "", "2006-06-30": "", "2006-03-31": "", "2005-12-31": "", "2005-09-30": "", "2005-06-30": "", "2005-03-31": ""}, "Pre-Tax Profit Margin": {"2020-09-30": "7.77120", "2020-06-30": "10.09600", "2020-03-31": "2.23110", "2019-12-31": "5.68200", "2019-09-30": "6.95210", "2019-06-30": "7.12660", "2019-03-31": "6.46190", "2018-12-31": "3.31850", "2018-09-30": "6.45810", "2018-06-30": "6.76810", "2018-03-31": "6.29880", "2017-12-31": "3.63950", "2017-09-30": "6.59870", "2017-06-30": "6.00600", "2017-03-31": "5.74790", "2016-12-31": "4.65270", "2016-09-30": "7.90790", "2016-06-30": "9.25940", "2016-03-31": "8.56370", "2015-12-31": "4.12210", "2015-09-30": "8.38340", "2015-06-30": "10.03370", "2015-03-31": "7.86120", "2014-12-31": "5.85360", "2014-09-30": "8.45850", "2014-06-30": "9.54210", "2014-03-31": "7.83850", "2013-12-31": "5.81110", "2013-09-30": "10.73200", "2013-06-30": "12.06950", "2013-03-31": "9.64450", "2012-12-31": "7.90290", "2012-09-30": "9.78530", "2012-06-30": "11.03320", "2012-03-31": "10.99540", "2011-12-31": "8.07180", "2011-09-30": "11.53980", "2011-06-30": "12.21130", "2011-03-31": "9.28910", "2010-12-31": "6.11460", "2010-09-30": "9.94850", "2010-06-30": "11.47600", "2010-03-31": "9.65470", "2009-12-31": "4.56820", "2009-09-30": "7.92060", "2009-06-30": "9.79290", "2009-03-31": "8.90140", "2008-12-31": "3.27850", "2008-09-30": "7.49210", "2008-06-30": "9.76040", "2008-03-31": "8.64810", "2007-12-31": "5.26360", "2007-09-30": "8.01040", "2007-06-30": "9.48200", "2007-03-31": "8.42990", "2006-12-31": "5.61510", "2006-09-30": "8.58850", "2006-06-30": "9.17740", "2006-03-31": "8.38150", "2005-12-31": "6.55340", "2005-09-30": "9.62530", "2005-06-30": "10.35920", "2005-03-31": "8.87050"}, "Net Profit Margin": {"2020-09-30": "5.80170", "2020-06-30": "7.59420", "2020-03-31": "1.61560", "2019-12-31": "4.53970", "2019-09-30": "5.34880", "2019-06-30": "5.35190", "2019-03-31": "4.82720", "2018-12-31": "2.53870", "2018-09-30": "5.09200", "2018-06-30": "5.06460", "2018-03-31": "4.75760", "2017-12-31": "9.05750", "2017-09-30": "4.39900", "2017-06-30": "3.84540", "2017-03-31": "3.73460", "2016-12-31": "2.99420", "2016-09-30": "5.06230", "2016-06-30": "5.52270", "2016-03-31": "5.32970", "2015-12-31": "2.72200", "2015-09-30": "5.24870", "2015-06-30": "6.32890", "2015-03-31": "4.85740", "2014-12-31": "3.76210", "2014-09-30": "5.31940", "2014-06-30": "5.92210", "2014-03-31": "4.96000", "2013-12-31": "3.48970", "2013-09-30": "6.81500", "2013-06-30": "7.52450", "2013-03-31": "6.02920", "2012-12-31": "4.85300", "2012-09-30": "6.14070", "2012-06-30": "6.81770", "2012-03-31": "6.80460", "2011-12-31": "4.99360", "2011-09-30": "7.18620", "2011-06-30": "7.62350", "2011-03-31": "5.75540", "2010-12-31": "3.77320", "2010-09-30": "6.20060", "2010-06-30": "7.08520", "2010-03-31": "5.94880", "2009-12-31": "3.00040", "2009-09-30": "4.88450", "2009-06-30": "6.04180", "2009-03-31": "5.52890", "2008-12-31": "2.03680", "2008-09-30": "4.70890", "2008-06-30": "6.07610", "2008-03-31": "5.36320", "2007-12-31": "3.29340", "2007-09-30": "5.09830", "2007-06-30": "5.84890", "2007-03-31": "5.18360", "2006-12-31": "3.47920", "2006-09-30": "5.36130", "2006-06-30": "5.68090", "2006-03-31": "5.31810", "2005-12-31": "4.08370", "2005-09-30": "5.96160", "2005-06-30": "6.44380", "2005-03-31": "5.45530"}, "Asset Turnover": {"2020-09-30": "0.21230", "2020-06-30": "0.20970", "2020-03-31": "0.22350", "2019-12-31": "0.18780", "2019-09-30": "0.20820", "2019-06-30": "0.20700", "2019-03-31": "0.26640", "2018-12-31": "0.23280", "2018-09-30": "0.25360", "2018-06-30": "0.26330", "2018-03-31": "0.33360", "2017-12-31": "0.24010", "2017-09-30": "0.25770", "2017-06-30": "0.26830", "2017-03-31": "0.34300", "2016-12-31": "0.25050", "2016-09-30": "0.26730", "2016-06-30": "0.26740", "2016-03-31": "0.35310", "2015-12-31": "0.25020", "2015-09-30": "0.28050", "2015-06-30": "0.29020", "2015-03-31": "0.37290", "2014-12-31": "0.28100", "2014-09-30": "0.28630", "2014-06-30": "0.29460", "2014-03-31": "0.37530", "2013-12-31": "0.25320", "2013-09-30": "0.30740", "2013-06-30": "0.31930", "2013-03-31": "0.42450", "2012-12-31": "0.28810", "2012-09-30": "0.33450", "2012-06-30": "0.35040", "2012-03-31": "0.48390", "2011-12-31": "0.36310", "2011-09-30": "0.39830", "2011-06-30": "0.41070", "2011-03-31": "0.53120", "2010-12-31": "0.37870", "2010-09-30": "0.41440", "2010-06-30": "0.42600", "2010-03-31": "0.57160", "2009-12-31": "0.37210", "2009-09-30": "0.39880", "2009-06-30": "0.43440", "2009-03-31": "0.56090", "2008-12-31": "0.40230", "2008-09-30": "0.39490", "2008-06-30": "0.41550", "2008-03-31": "0.53120", "2007-12-31": "0.37370", "2007-09-30": "0.41860", "2007-06-30": "0.40690", "2007-03-31": "0.52790", "2006-12-31": "0.37880", "2006-09-30": "0.41310", "2006-06-30": "0.42240", "2006-03-31": "0.53260", "2005-12-31": "0.37910", "2005-09-30": "0.39790", "2005-06-30": "0.40780", "2005-03-31": "0.52290"}, "Inventory Turnover Ratio": {"2020-09-30": "0.32360", "2020-06-30": "0.32230", "2020-03-31": "0.33700", "2019-12-31": "0.26710", "2019-09-30": "0.29610", "2019-06-30": "0.30240", "2019-03-31": "0.37150", "2018-12-31": "0.26970", "2018-09-30": "0.30280", "2018-06-30": "0.31610", "2018-03-31": "0.37860", "2017-12-31": "0.27910", "2017-09-30": "0.29260", "2017-06-30": "0.29600", "2017-03-31": "0.36710", "2016-12-31": "0.27170", "2016-09-30": "0.28930", "2016-06-30": "0.28180", "2016-03-31": "0.36770", "2015-12-31": "0.26930", "2015-09-30": "0.30490", "2015-06-30": "0.31140", "2015-03-31": "0.40060", "2014-12-31": "0.31330", "2014-09-30": "0.31840", "2014-06-30": "0.32670", "2014-03-31": "0.41330", "2013-12-31": "0.27660", "2013-09-30": "0.30730", "2013-06-30": "0.32000", "2013-03-31": "0.41550", "2012-12-31": "0.28850", "2012-09-30": "0.33380", "2012-06-30": "0.34920", "2012-03-31": "0.46350", "2011-12-31": "0.33130", "2011-09-30": "0.35100", "2011-06-30": "0.35570", "2011-03-31": "0.44370", "2010-12-31": "0.34480", "2010-09-30": "0.37980", "2010-06-30": "0.38670", "2010-03-31": "0.52700", "2009-12-31": "0.36490", "2009-09-30": "0.38690", "2009-06-30": "0.40970", "2009-03-31": "0.51250", "2008-12-31": "0.41070", "2008-09-30": "0.36430", "2008-06-30": "0.38510", "2008-03-31": "0.49510", "2007-12-31": "0.40340", "2007-09-30": "0.39130", "2007-06-30": "0.38900", "2007-03-31": "0.48760", "2006-12-31": "0.36750", "2006-09-30": "0.38940", "2006-06-30": "0.40510", "2006-03-31": "0.51220", "2005-12-31": "0.37570", "2005-09-30": "0.39150", "2005-06-30": "0.40770", "2005-03-31": "0.50210"}, "Receiveable Turnover": {"2020-09-30": "3.01510", "2020-06-30": "3.36960", "2020-03-31": "4.30010", "2019-12-31": "3.06410", "2019-09-30": "3.20530", "2019-06-30": "3.27080", "2019-03-31": "4.31320", "2018-12-31": "3.36830", "2018-09-30": "3.25640", "2018-06-30": "3.50320", "2018-03-31": "4.63240", "2017-12-31": "3.35940", "2017-09-30": "3.21220", "2017-06-30": "3.32660", "2017-03-31": "4.23240", "2016-12-31": "3.24820", "2016-09-30": "3.27370", "2016-06-30": "3.43150", "2016-03-31": "4.57730", "2015-12-31": "3.40180", "2015-09-30": "3.45340", "2015-06-30": "3.62770", "2015-03-31": "4.80790", "2014-12-31": "3.85840", "2014-09-30": "3.60640", "2014-06-30": "3.77180", "2014-03-31": "5.15000", "2013-12-31": "5.07510", "2013-09-30": "5.44900", "2013-06-30": "5.50040", "2013-03-31": "7.40350", "2012-12-31": "5.78250", "2012-09-30": "7.12540", "2012-06-30": "9.16840", "2012-03-31": "13.38520", "2011-12-31": "9.48220", "2011-09-30": "11.14830", "2011-06-30": "12.11120", "2011-03-31": "16.44430", "2010-12-31": "10.22430", "2010-09-30": "12.15330", "2010-06-30": "12.34240", "2010-03-31": "16.57090", "2009-12-31": "12.35490", "2009-09-30": "13.57710", "2009-06-30": "14.79810", "2009-03-31": "19.23740", "2008-12-31": "12.26700", "2008-09-30": "12.66770", "2008-06-30": "13.70870", "2008-03-31": "18.15030", "2007-12-31": "12.33640", "2007-09-30": "15.04300", "2007-06-30": "12.89970", "2007-03-31": "16.35720", "2006-12-31": "10.47080", "2006-09-30": "13.13090", "2006-06-30": "12.67370", "2006-03-31": "16.43110", "2005-12-31": "10.17780", "2005-09-30": "12.15750", "2005-06-30": "10.84070", "2005-03-31": "13.79290"}, "Days Sales In Receivables": {"2020-09-30": "29.84930", "2020-06-30": "26.70970", "2020-03-31": "20.92990", "2019-12-31": "29.37220", "2019-09-30": "28.07860", "2019-06-30": "27.51660", "2019-03-31": "20.86620", "2018-12-31": "26.72000", "2018-09-30": "27.63780", "2018-06-30": "25.69070", "2018-03-31": "19.42830", "2017-12-31": "26.79060", "2017-09-30": "28.01820", "2017-06-30": "27.05510", "2017-03-31": "21.26450", "2016-12-31": "27.70800", "2016-09-30": "27.49190", "2016-06-30": "26.22760", "2016-03-31": "19.66230", "2015-12-31": "26.45670", "2015-09-30": "26.06100", "2015-06-30": "24.80880", "2015-03-31": "18.71920", "2014-12-31": "23.32560", "2014-09-30": "24.95550", "2014-06-30": "23.86120", "2014-03-31": "17.47590", "2013-12-31": "17.73380", "2013-09-30": "16.51680", "2013-06-30": "16.36230", "2013-03-31": "12.15630", "2012-12-31": "15.56420", "2012-09-30": "12.63100", "2012-06-30": "9.81630", "2012-03-31": "6.72380", "2011-12-31": "9.49150", "2011-09-30": "8.07300", "2011-06-30": "7.43120", "2011-03-31": "5.47300", "2010-12-31": "8.80260", "2010-09-30": "7.40540", "2010-06-30": "7.29190", "2010-03-31": "5.43120", "2009-12-31": "7.28460", "2009-09-30": "6.62880", "2009-06-30": "6.08190", "2009-03-31": "4.67840", "2008-12-31": "7.33680", "2008-09-30": "7.10470", "2008-06-30": "6.56520", "2008-03-31": "4.95860", "2007-12-31": "7.29550", "2007-09-30": "5.98280", "2007-06-30": "6.97690", "2007-03-31": "5.50220", "2006-12-31": "8.59530", "2006-09-30": "6.85410", "2006-06-30": "7.10130", "2006-03-31": "5.47740", "2005-12-31": "8.84280", "2005-09-30": "7.40280", "2005-06-30": "8.30200", "2005-03-31": "6.52510"}, "ROE - Return On Equity": {"2020-09-30": "3.91950", "2020-06-30": "5.09750", "2020-03-31": "1.23230", "2019-12-31": "2.70230", "2019-09-30": "3.57950", "2019-06-30": "3.39990", "2019-03-31": "4.01720", "2018-12-31": "1.50500", "2018-09-30": "3.16540", "2018-06-30": "3.22140", "2018-03-31": "3.85510", "2017-12-31": "5.40230", "2017-09-30": "2.97130", "2017-06-30": "2.78270", "2017-03-31": "3.57050", "2016-12-31": "2.13860", "2016-09-30": "3.98650", "2016-06-30": "4.53270", "2016-03-31": "6.04050", "2015-12-31": "2.22780", "2015-09-30": "4.99230", "2015-06-30": "6.55260", "2015-03-31": "6.89990", "2014-12-31": "4.21560", "2014-09-30": "6.34520", "2014-06-30": "7.68730", "2014-03-31": "8.86380", "2013-12-31": "3.24940", "2013-09-30": "7.07360", "2013-06-30": "8.53710", "2013-03-31": "9.58640", "2012-12-31": "5.37340", "2012-09-30": "7.80000", "2012-06-30": "9.40480", "2012-03-31": "13.64190", "2011-12-31": "7.83560", "2011-09-30": "13.57380", "2011-06-30": "14.79920", "2011-03-31": "12.39790", "2010-12-31": "4.62900", "2010-09-30": "7.67030", "2010-06-30": "9.46230", "2010-03-31": "9.86410", "2009-12-31": "2.68870", "2009-09-30": "4.79510", "2009-06-30": "6.35980", "2009-03-31": "7.93220", "2008-12-31": "2.27040", "2008-09-30": "5.31010", "2008-06-30": "7.25840", "2008-03-31": "8.63460", "2007-12-31": "3.39440", "2007-09-30": "5.54160", "2007-06-30": "5.64540", "2007-03-31": "6.80710", "2006-12-31": "3.42960", "2006-09-30": "5.95150", "2006-06-30": "6.74490", "2006-03-31": "7.88510", "2005-12-31": "4.27890", "2005-09-30": "6.65820", "2005-06-30": "7.57440", "2005-03-31": "9.03860"}, "Return On Tangible Equity": {"2020-09-30": "7.07340", "2020-06-30": "9.29520", "2020-03-31": "2.35630", "2019-12-31": "5.19230", "2019-09-30": "6.34510", "2019-06-30": "5.78700", "2019-03-31": "7.02570", "2018-12-31": "2.65880", "2018-09-30": "5.50540", "2018-06-30": "5.62720", "2018-03-31": "6.94110", "2017-12-31": "10.11940", "2017-09-30": "5.89710", "2017-06-30": "5.74400", "2017-03-31": "7.67850", "2016-12-31": "4.85550", "2016-09-30": "9.39330", "2016-06-30": "11.41400", "2016-03-31": "16.56080", "2015-12-31": "6.99190", "2015-09-30": "16.78350", "2015-06-30": "25.74260", "2015-03-31": "34.96940", "2014-12-31": "32.55460", "2014-09-30": "74.29610", "2014-06-30": "411.33690", "2014-03-31": "-109.83940", "2013-12-31": "3.89000", "2013-09-30": "8.55240", "2013-06-30": "10.50020", "2013-03-31": "12.05050", "2012-12-31": "5.88490", "2012-09-30": "8.58590", "2012-06-30": "10.44920", "2012-03-31": "15.31080", "2011-12-31": "8.97650", "2011-09-30": "15.14120", "2011-06-30": "16.04240", "2011-03-31": "13.29190", "2010-12-31": "4.91140", "2010-09-30": "8.09540", "2010-06-30": "10.02860", "2010-03-31": "10.43280", "2009-12-31": "2.82250", "2009-09-30": "5.03280", "2009-06-30": "6.68550", "2009-03-31": "8.37070", "2008-12-31": "2.40980", "2008-09-30": "5.64360", "2008-06-30": "7.72550", "2008-03-31": "9.23680", "2007-12-31": "3.60790", "2007-09-30": "5.87710", "2007-06-30": "5.94490", "2007-03-31": "7.20210", "2006-12-31": "3.64770", "2006-09-30": "6.34680", "2006-06-30": "7.26840", "2006-03-31": "8.49260", "2005-12-31": "4.61560", "2005-09-30": "7.07950", "2005-06-30": "7.57440", "2005-03-31": "9.03860"}, "ROA - Return On Assets": {"2020-09-30": "1.23180", "2020-06-30": "1.59220", "2020-03-31": "0.36100", "2019-12-31": "0.85260", "2019-09-30": "1.11350", "2019-06-30": "1.10770", "2019-03-31": "1.28590", "2018-12-31": "0.59110", "2018-09-30": "1.29110", "2018-06-30": "1.33370", "2018-03-31": "1.58710", "2017-12-31": "2.17510", "2017-09-30": "1.13360", "2017-06-30": "1.03170", "2017-03-31": "1.28090", "2016-12-31": "0.75000", "2016-09-30": "1.35290", "2016-06-30": "1.47670", "2016-03-31": "1.88190", "2015-12-31": "0.67450", "2015-09-30": "1.47250", "2015-06-30": "1.83640", "2015-03-31": "1.81810", "2014-12-31": "1.06040", "2014-09-30": "1.52760", "2014-06-30": "1.75030", "2014-03-31": "1.86690", "2013-12-31": "0.88530", "2013-09-30": "2.09980", "2013-06-30": "2.40860", "2013-03-31": "2.56540", "2012-12-31": "1.41000", "2012-09-30": "2.05410", "2012-06-30": "2.38910", "2012-03-31": "3.30040", "2011-12-31": "1.81740", "2011-09-30": "2.86980", "2011-06-30": "3.13880", "2011-03-31": "3.06660", "2010-12-31": "1.43440", "2010-09-30": "2.58070", "2010-06-30": "3.03150", "2010-03-31": "3.41670", "2009-12-31": "1.12200", "2009-09-30": "1.95770", "2009-06-30": "2.63810", "2009-03-31": "3.11770", "2008-12-31": "0.82360", "2008-09-30": "1.86670", "2008-06-30": "2.53490", "2008-03-31": "2.85700", "2007-12-31": "1.23870", "2007-09-30": "2.13410", "2007-06-30": "2.37960", "2007-03-31": "2.73620", "2006-12-31": "1.31790", "2006-09-30": "2.21470", "2006-06-30": "2.39960", "2006-03-31": "2.83210", "2005-12-31": "1.54810", "2005-09-30": "2.37230", "2005-06-30": "2.62800", "2005-03-31": "2.85270"}, "ROI - Return On Investment": {"2020-09-30": "3.07590", "2020-06-30": "3.82460", "2020-03-31": "0.91220", "2019-12-31": "2.23230", "2019-09-30": "2.94300", "2019-06-30": "2.82510", "2019-03-31": "3.31860", "2018-12-31": "1.16260", "2018-09-30": "2.46210", "2018-06-30": "2.50550", "2018-03-31": "2.97790", "2017-12-31": "4.13720", "2017-09-30": "2.24560", "2017-06-30": "2.08650", "2017-03-31": "2.63510", "2016-12-31": "1.57520", "2016-09-30": "2.92030", "2016-06-30": "3.17970", "2016-03-31": "4.11540", "2015-12-31": "1.49500", "2015-09-30": "3.25050", "2015-06-30": "4.00830", "2015-03-31": "3.94310", "2014-12-31": "2.32010", "2014-09-30": "3.34210", "2014-06-30": "3.86150", "2014-03-31": "4.02700", "2013-12-31": "1.91780", "2013-09-30": "5.01140", "2013-06-30": "5.92320", "2013-03-31": "6.49650", "2012-12-31": "3.58400", "2012-09-30": "5.12320", "2012-06-30": "6.00470", "2012-03-31": "8.45780", "2011-12-31": "5.26020", "2011-09-30": "7.66510", "2011-06-30": "8.50620", "2011-03-31": "8.33510", "2010-12-31": "3.58990", "2010-09-30": "6.07020", "2010-06-30": "7.37810", "2010-03-31": "7.88930", "2009-12-31": "2.32140", "2009-09-30": "3.94590", "2009-06-30": "5.20970", "2009-03-31": "6.41510", "2008-12-31": "1.59510", "2008-09-30": "3.67510", "2008-06-30": "5.05650", "2008-03-31": "5.45600", "2007-12-31": "2.27310", "2007-09-30": "3.93820", "2007-06-30": "4.37950", "2007-03-31": "4.99970", "2006-12-31": "2.34440", "2006-09-30": "4.08980", "2006-06-30": "4.74720", "2006-03-31": "5.54980", "2005-12-31": "2.96840", "2005-09-30": "4.58180", "2005-06-30": "5.10140", "2005-03-31": "5.77050"}, "Book Value Per Share": {"2020-09-30": "54.97350", "2020-06-30": "53.89890", "2020-03-31": "51.18640", "2019-12-31": "51.26360", "2019-09-30": "49.87290", "2019-06-30": "51.20580", "2019-03-31": "49.44760", "2018-12-31": "49.00380", "2018-09-30": "50.20490", "2018-06-30": "49.37770", "2018-03-31": "47.90730", "2017-12-31": "46.19130", "2017-09-30": "43.71960", "2017-06-30": "42.35240", "2017-03-31": "40.94620", "2016-12-31": "39.54210", "2016-09-30": "38.77260", "2016-06-30": "37.34260", "2016-03-31": "35.74920", "2015-12-31": "33.56310", "2015-09-30": "32.95020", "2015-06-30": "31.27050", "2015-03-31": "29.33780", "2014-12-31": "27.40940", "2014-09-30": "26.37890", "2014-06-30": "24.86470", "2014-03-31": "22.84720", "2013-12-31": "20.81560", "2013-09-30": "20.15750", "2013-06-30": "18.79560", "2013-03-31": "17.41340", "2012-12-31": "16.49830", "2012-09-30": "15.57190", "2012-06-30": "14.44390", "2012-03-31": "13.32530", "2011-12-31": "11.64730", "2011-09-30": "10.73430", "2011-06-30": "10.31800", "2011-03-31": "11.35300", "2010-12-31": "12.68210", "2010-09-30": "13.59310", "2010-06-30": "12.66600", "2010-03-31": "12.77330", "2009-12-31": "13.69710", "2009-09-30": "13.65430", "2009-06-30": "13.23760", "2009-03-31": "12.38810", "2008-12-31": "11.33520", "2008-09-30": "11.16960", "2008-06-30": "10.89070", "2008-03-31": "10.01950", "2007-12-31": "10.33510", "2007-09-30": "10.55610", "2007-06-30": "11.32130", "2007-03-31": "10.54100", "2006-12-31": "9.78490", "2006-09-30": "9.41420", "2006-06-30": "8.88620", "2006-03-31": "8.78370", "2005-12-31": "8.50080", "2005-09-30": "8.37570", "2005-06-30": "7.95170", "2005-03-31": "7.06910"}, "Operating Cash Flow Per Share": {"2020-09-30": 5.2144, "2020-06-30": 6.311, "2020-03-31": "0.15720", "2019-12-31": 2.1547, "2019-09-30": 3.1922, "2019-06-30": 3.998, "2019-03-31": "2.83680", "2018-12-31": 1.7753, "2018-09-30": 3.206, "2018-06-30": 3.905, "2018-03-31": "2.07490", "2017-12-31": 2.6957, "2017-09-30": 1.8029, "2017-06-30": 3.1348, "2017-03-31": "0.47350", "2016-12-31": 1.3039, "2016-09-30": 2.9585, "2016-06-30": 1.6254, "2016-03-31": "1.19770", "2015-12-31": 2.4788, "2015-09-30": 2.561, "2015-06-30": 3.1021, "2015-03-31": "1.38770", "2014-12-31": 2.2992, "2014-09-30": 2.9908, "2014-06-30": 3.2614, "2014-03-31": "1.10600", "2013-12-31": 1.9782, "2013-09-30": 1.221, "2013-06-30": 2.3949, "2013-03-31": "1.83300", "2012-12-31": 2.4307, "2012-09-30": 1.2692, "2012-06-30": 2.3811, "2012-03-31": "3.17180", "2011-12-31": 2.5785, "2011-09-30": 2.1114, "2011-06-30": 2.7017, "2011-03-31": "3.36280", "2010-12-31": 0.6094, "2010-09-30": 1.2997, "2010-06-30": 2.0392, "2010-03-31": "3.69510", "2009-12-31": 0.774, "2009-09-30": 2.0516, "2009-06-30": 1.4459, "2009-03-31": "3.08490", "2008-12-31": 1.1036, "2008-09-30": 0.266, "2008-06-30": 1.4247, "2008-03-31": "2.23420", "2007-12-31": 0.2622, "2007-09-30": 1.0561, "2007-06-30": 0.8529, "2007-03-31": "1.75230", "2006-12-31": 0.3136, "2006-09-30": 0.3901, "2006-06-30": 0.8884, "2006-03-31": "1.52210", "2005-12-31": -0.026, "2005-09-30": 1.2343, "2005-06-30": 0.4939, "2005-03-31": "1.22210"}, "Free Cash Flow Per Share": {"2020-09-30": 4.4641, "2020-06-30": 5.4882, "2020-03-31": "-1.03750", "2019-12-31": 0.7527, "2019-09-30": 2.3491, "2019-06-30": 3.4123, "2019-03-31": "1.99410", "2018-12-31": 0.5802, "2018-09-30": 2.6334, "2018-06-30": 3.5375, "2018-03-31": "1.61750", "2017-12-31": 2.3744, "2017-09-30": 1.3473, "2017-06-30": 2.3693, "2017-03-31": "-0.39480", "2016-12-31": 0.5641, "2016-09-30": 2.0643, "2016-06-30": 0.9654, "2016-03-31": "0.00720", "2015-12-31": 1.4821, "2015-09-30": 1.9256, "2015-06-30": 2.3245, "2015-03-31": "0.61730", "2014-12-31": 1.3913, "2014-09-30": 2.2466, "2014-06-30": 2.64, "2014-03-31": "0.28130", "2013-12-31": 1.3612, "2013-09-30": 0.7357, "2013-06-30": 1.8316, "2013-03-31": "1.10160", "2012-12-31": 1.5725, "2012-09-30": 0.5255, "2012-06-30": 1.5187, "2012-03-31": "2.06330", "2011-12-31": 1.8781, "2011-09-30": 1.2942, "2011-06-30": 1.8415, "2011-03-31": "2.27830", "2010-12-31": 0.0551, "2010-09-30": 0.715, "2010-06-30": 1.5532, "2010-03-31": "3.03280", "2009-12-31": 0.1855, "2009-09-30": 1.616, "2009-06-30": 1.0477, "2009-03-31": "2.55650", "2008-12-31": 0.5957, "2008-09-30": -0.0333, "2008-06-30": 0.9329, "2008-03-31": "1.66150", "2007-12-31": -0.3302, "2007-09-30": 0.7186, "2007-06-30": 0.4973, "2007-03-31": "1.04250", "2006-12-31": -0.1731, "2006-09-30": -0.2483, "2006-06-30": 0.3826, "2006-03-31": "0.85530", "2005-12-31": -0.4918, "2005-09-30": 0.9094, "2005-06-30": -0.0334, "2005-03-31": "0.69000"}}, "revenue": {"Advance Auto Parts Annual Revenue (Millions of US $)": {"2019": "$9,709", "2018": "$9,581", "2017": "$9,374", "2016": "$9,568", "2015": "$9,737", "2014": "$9,844", "2013": "$6,494", "2012": "$6,205", "2011": "$6,170", "2010": "$5,925", "2009": "$5,413", "2008": "$5,142", "2007": "$4,844", "2006": "$4,617", "2005": "$4,265"}, "Advance Auto Parts Quarterly Revenue (Millions of US $)": {"2020-09-30": "$2,542", "2020-06-30": "$2,501", "2020-03-31": "$2,698", "2019-12-31": "$2,113", "2019-09-30": "$2,312", "2019-06-30": "$2,332", "2019-03-31": "$2,952", "2018-12-31": "$2,105", "2018-09-30": "$2,275", "2018-06-30": "$2,327", "2018-03-31": "$2,874", "2017-12-31": "$2,037", "2017-09-30": "$2,182", "2017-06-30": "$2,264", "2017-03-31": "$2,891", "2016-12-31": "$2,083", "2016-09-30": "$2,249", "2016-06-30": "$2,256", "2016-03-31": "$2,980", "2015-12-31": "$2,034", "2015-09-30": "$2,295", "2015-06-30": "$2,370", "2015-03-31": "$3,038", "2014-12-31": "$2,237", "2014-09-30": "$2,289", "2014-06-30": "$2,348", "2014-03-31": "$2,969", "2013-12-31": "$1,409", "2013-09-30": "$1,520", "2013-06-30": "$1,550", "2013-03-31": "$2,015", "2012-12-31": "$1,329", "2012-09-30": "$1,458", "2012-06-30": "$1,461", "2012-03-31": "$1,957", "2011-12-31": "$1,328", "2011-09-30": "$1,465", "2011-06-30": "$1,480", "2011-03-31": "$1,898", "2010-12-31": "$1,270", "2010-09-30": "$1,407", "2010-06-30": "$1,418", "2010-03-31": "$1,831", "2009-12-31": "$1,144", "2009-09-30": "$1,263", "2009-06-30": "$1,323", "2009-03-31": "$1,684", "2008-12-31": "$1,192", "2008-09-30": "$1,188", "2008-06-30": "$1,236", "2008-03-31": "$1,526", "2007-12-31": "$1,048", "2007-09-30": "$1,158", "2007-06-30": "$1,170", "2007-03-31": "$1,468", "2006-12-31": "$1,016", "2006-09-30": "$1,099", "2006-06-30": "$1,108", "2006-03-31": "$1,393", "2005-12-31": "$964", "2005-09-30": "$1,020", "2005-06-30": "$1,023", "2005-03-31": "$1,258"}}, "gross-profit": {"Advance Auto Parts Annual Gross Profit (Millions of US $)": {"2019": "$4,255", "2018": "$4,219", "2017": "$4,085", "2016": "$4,256", "2015": "$4,423", "2014": "$4,454", "2013": "$3,252", "2012": "$3,098", "2011": "$3,069", "2010": "$2,961", "2009": "$2,644", "2008": "$2,399", "2007": "$2,259", "2006": "$2,201", "2005": "$2,014"}, "Advance Auto Parts Quarterly Gross Profit (Millions of US $)": {"2020-09-30": "$1,128", "2020-06-30": "$1,097", "2020-03-31": "$1,173", "2019-12-31": "$929", "2019-09-30": "$1,012", "2019-06-30": "$1,009", "2019-03-31": "$1,305", "2018-12-31": "$929", "2018-09-30": "$1,007", "2018-06-30": "$1,012", "2018-03-31": "$1,272", "2017-12-31": "$874", "2017-09-30": "$948", "2017-06-30": "$993", "2017-03-31": "$1,271", "2016-12-31": "$908", "2016-09-30": "$988", "2016-06-30": "$1,010", "2016-03-31": "$1,350", "2015-12-31": "$909", "2015-09-30": "$1,032", "2015-06-30": "$1,087", "2015-03-31": "$1,394", "2014-12-31": "$1,004", "2014-09-30": "$1,034", "2014-06-30": "$1,062", "2014-03-31": "$1,353", "2013-12-31": "$702", "2013-09-30": "$763", "2013-06-30": "$779", "2013-03-31": "$1,008", "2012-12-31": "$663", "2012-09-30": "$725", "2012-06-30": "$729", "2012-03-31": "$981", "2011-12-31": "$651", "2011-09-30": "$725", "2011-06-30": "$736", "2011-03-31": "$958", "2010-12-31": "$627", "2010-09-30": "$708", "2010-06-30": "$715", "2010-03-31": "$911", "2009-12-31": "$548", "2009-09-30": "$621", "2009-06-30": "$653", "2009-03-31": "$822", "2008-12-31": "$526", "2008-09-30": "$562", "2008-06-30": "$586", "2008-03-31": "$725", "2007-12-31": "$431", "2007-09-30": "$555", "2007-06-30": "$563", "2007-03-31": "$709", "2006-12-31": "$478", "2006-09-30": "$530", "2006-06-30": "$527", "2006-03-31": "$665", "2005-12-31": "$450", "2005-09-30": "$481", "2005-06-30": "$482", "2005-03-31": "$601"}}, "operating-income": {"Advance Auto Parts Annual Operating Income (Millions of US $)": {"2019": "$677", "2018": "$604", "2017": "$570", "2016": "$788", "2015": "$826", "2014": "$852", "2013": "$660", "2012": "$657", "2011": "$665", "2010": "$585", "2009": "$454", "2008": "$415", "2007": "$416", "2006": "$403", "2005": "$408"}, "Advance Auto Parts Quarterly Operating Income (Millions of US $)": {"2020-09-30": "$257", "2020-06-30": "$263", "2020-03-31": "$78", "2019-12-31": "$126", "2019-09-30": "$172", "2019-06-30": "$171", "2019-03-31": "$208", "2018-12-31": "$84", "2018-09-30": "$154", "2018-06-30": "$168", "2018-03-31": "$198", "2017-12-31": "$87", "2017-09-30": "$157", "2017-06-30": "$147", "2017-03-31": "$180", "2016-12-31": "$106", "2016-09-30": "$194", "2016-06-30": "$217", "2016-03-31": "$271", "2015-12-31": "$101", "2015-09-30": "$206", "2015-06-30": "$257", "2015-03-31": "$263", "2014-12-31": "$146", "2014-09-30": "$209", "2014-06-30": "$241", "2014-03-31": "$256", "2013-12-31": "$91", "2013-09-30": "$171", "2013-06-30": "$195", "2013-03-31": "$204", "2012-12-31": "$113", "2012-09-30": "$150", "2012-06-30": "$169", "2012-03-31": "$225", "2011-12-31": "$112", "2011-09-30": "$178", "2011-06-30": "$189", "2011-03-31": "$186", "2010-12-31": "$84", "2010-09-30": "$147", "2010-06-30": "$172", "2010-03-31": "$182", "2009-12-31": "$57", "2009-09-30": "$105", "2009-06-30": "$135", "2009-03-31": "$158", "2008-12-31": "$47", "2008-09-30": "$96", "2008-06-30": "$128", "2008-03-31": "$144", "2007-12-31": "$64", "2007-09-30": "$100", "2007-06-30": "$118", "2007-03-31": "$135", "2006-12-31": "$64", "2006-09-30": "$103", "2006-06-30": "$110", "2006-03-31": "$126", "2005-12-31": "$70", "2005-09-30": "$105", "2005-06-30": "$113", "2005-03-31": "$120"}}, "ebitda": {"Advance Auto Parts Annual EBITDA (Millions of US $)": {"2019": "$916", "2018": "$842", "2017": "$819", "2016": "$1,046", "2015": "$1,095", "2014": "$1,136", "2013": "$868", "2012": "$847", "2011": "$841", "2010": "$749", "2009": "$605", "2008": "$562", "2007": "$564", "2006": "$543", "2005": "$529"}, "Advance Auto Parts Quarterly EBITDA (Millions of US $)": {"2020-09-30": "$315", "2020-06-30": "$319", "2020-03-31": "$157", "2019-12-31": "$185", "2019-09-30": "$229", "2019-06-30": "$224", "2019-03-31": "$278", "2018-12-31": "$139", "2018-09-30": "$210", "2018-06-30": "$224", "2018-03-31": "$270", "2017-12-31": "$144", "2017-09-30": "$214", "2017-06-30": "$204", "2017-03-31": "$257", "2016-12-31": "$165", "2016-09-30": "$254", "2016-06-30": "$277", "2016-03-31": "$350", "2015-12-31": "$163", "2015-09-30": "$267", "2015-06-30": "$320", "2015-03-31": "$346", "2014-12-31": "$212", "2014-09-30": "$275", "2014-06-30": "$305", "2014-03-31": "$344", "2013-12-31": "$139", "2013-09-30": "$219", "2013-06-30": "$243", "2013-03-31": "$268", "2012-12-31": "$159", "2012-09-30": "$196", "2012-06-30": "$212", "2012-03-31": "$280", "2011-12-31": "$153", "2011-09-30": "$219", "2011-06-30": "$229", "2011-03-31": "$239", "2010-12-31": "$123", "2010-09-30": "$186", "2010-06-30": "$209", "2010-03-31": "$232", "2009-12-31": "$93", "2009-09-30": "$140", "2009-06-30": "$169", "2009-03-31": "$203", "2008-12-31": "$80", "2008-09-30": "$131", "2008-06-30": "$162", "2008-03-31": "$189", "2007-12-31": "$97", "2007-09-30": "$134", "2007-06-30": "$152", "2007-03-31": "$180", "2006-12-31": "$99", "2006-09-30": "$136", "2006-06-30": "$142", "2006-03-31": "$166", "2005-12-31": "$100", "2005-09-30": "$134", "2005-06-30": "$140", "2005-03-31": "$155"}}, "net-income": {"Advance Auto Parts Annual Net Income (Millions of US $)": {"2019": "$487", "2018": "$424", "2017": "$476", "2016": "$460", "2015": "$473", "2014": "$492", "2013": "$391", "2012": "$387", "2011": "$394", "2010": "$345", "2009": "$269", "2008": "$237", "2007": "$238", "2006": "$231", "2005": "$235"}, "Advance Auto Parts Quarterly Net Income (Millions of US $)": {"2020-09-30": "$147", "2020-06-30": "$190", "2020-03-31": "$44", "2019-12-31": "$96", "2019-09-30": "$124", "2019-06-30": "$125", "2019-03-31": "$143", "2018-12-31": "$53", "2018-09-30": "$116", "2018-06-30": "$118", "2018-03-31": "$137", "2017-12-31": "$185", "2017-09-30": "$96", "2017-06-30": "$87", "2017-03-31": "$108", "2016-12-31": "$62", "2016-09-30": "$114", "2016-06-30": "$125", "2016-03-31": "$159", "2015-12-31": "$55", "2015-09-30": "$120", "2015-06-30": "$150", "2015-03-31": "$148", "2014-12-31": "$84", "2014-09-30": "$122", "2014-06-30": "$139", "2014-03-31": "$147", "2013-12-31": "$49", "2013-09-30": "$104", "2013-06-30": "$117", "2013-03-31": "$122", "2012-12-31": "$65", "2012-09-30": "$90", "2012-06-30": "$100", "2012-03-31": "$133", "2011-12-31": "$66", "2011-09-30": "$105", "2011-06-30": "$113", "2011-03-31": "$109", "2010-12-31": "$48", "2010-09-30": "$87", "2010-06-30": "$100", "2010-03-31": "$109", "2009-12-31": "$34", "2009-09-30": "$62", "2009-06-30": "$80", "2009-03-31": "$93", "2008-12-31": "$24", "2008-09-30": "$56", "2008-06-30": "$75", "2008-03-31": "$82", "2007-12-31": "$35", "2007-09-30": "$59", "2007-06-30": "$68", "2007-03-31": "$76", "2006-12-31": "$35", "2006-09-30": "$59", "2006-06-30": "$63", "2006-03-31": "$74", "2005-12-31": "$39", "2005-09-30": "$61", "2005-06-30": "$66", "2005-03-31": "$69"}}, "eps-earnings-per-share-diluted": {"Advance Auto Parts Annual EPS": {"2019": "$6.84", "2018": "$5.73", "2017": "$6.42", "2016": "$6.20", "2015": "$6.40", "2014": "$6.71", "2013": "$5.32", "2012": "$5.22", "2011": "$5.11", "2010": "$3.95", "2009": "$2.83", "2008": "$2.49", "2007": "$2.28", "2006": "$2.16", "2005": "$2.13"}, "Advance Auto Parts Quarterly EPS": {"2020-09-30": "$2.13", "2020-06-30": "$2.74", "2020-03-31": "$0.63", "2019-12-31": "$1.38", "2019-09-30": "$1.75", "2019-06-30": "$1.73", "2019-03-31": "$1.98", "2018-12-31": "$0.74", "2018-09-30": "$1.56", "2018-06-30": "$1.59", "2018-03-31": "$1.84", "2017-12-31": "$2.49", "2017-09-30": "$1.30", "2017-06-30": "$1.17", "2017-03-31": "$1.46", "2016-12-31": "$0.85", "2016-09-30": "$1.53", "2016-06-30": "$1.68", "2016-03-31": "$2.14", "2015-12-31": "$0.74", "2015-09-30": "$1.63", "2015-06-30": "$2.03", "2015-03-31": "$2.00", "2014-12-31": "$1.15", "2014-09-30": "$1.66", "2014-06-30": "$1.89", "2014-03-31": "$2.01", "2013-12-31": "$0.66", "2013-09-30": "$1.42", "2013-06-30": "$1.59", "2013-03-31": "$1.65", "2012-12-31": "$0.88", "2012-09-30": "$1.21", "2012-06-30": "$1.34", "2012-03-31": "$1.79", "2011-12-31": "$0.89", "2011-09-30": "$1.41", "2011-06-30": "$1.46", "2011-03-31": "$1.35", "2010-12-31": "$0.57", "2010-09-30": "$1.03", "2010-06-30": "$1.16", "2010-03-31": "$1.19", "2009-12-31": "$0.37", "2009-09-30": "$0.65", "2009-06-30": "$0.83", "2009-03-31": "$0.98", "2008-12-31": "$0.27", "2008-09-30": "$0.58", "2008-06-30": "$0.78", "2008-03-31": "$0.86", "2007-12-31": "$0.36", "2007-09-30": "$0.57", "2007-06-30": "$0.64", "2007-03-31": "$0.71", "2006-12-31": "$0.33", "2006-09-30": "$0.56", "2006-06-30": "$0.59", "2006-03-31": "$0.68", "2005-12-31": "$0.35", "2005-09-30": "$0.55", "2005-06-30": "$0.60", "2005-03-31": "$0.63"}}, "shares-outstanding": {"Advance Auto Parts Annual Shares Outstanding (Millions of Shares)": {"2019": "71", "2018": "74", "2017": "74", "2016": "74", "2015": "74", "2014": "73", "2013": "73", "2012": "74", "2011": "77", "2010": "87", "2009": "95", "2008": "95", "2007": "105", "2006": "107", "2005": "110"}, "Advance Auto Parts Quarterly Shares Outstanding (Millions of Shares)": {"2020-09-30": "69", "2020-06-30": "69", "2020-03-31": "69", "2019-12-31": "71", "2019-09-30": "71", "2019-06-30": "72", "2019-03-31": "72", "2018-12-31": "74", "2018-09-30": "74", "2018-06-30": "74", "2018-03-31": "74", "2017-12-31": "74", "2017-09-30": "74", "2017-06-30": "74", "2017-03-31": "74", "2016-12-31": "74", "2016-09-30": "74", "2016-06-30": "74", "2016-03-31": "74", "2015-12-31": "74", "2015-09-30": "74", "2015-06-30": "74", "2015-03-31": "74", "2014-12-31": "73", "2014-09-30": "73", "2014-06-30": "73", "2014-03-31": "73", "2013-12-31": "73", "2013-09-30": "73", "2013-06-30": "73", "2013-03-31": "74", "2012-12-31": "74", "2012-09-30": "74", "2012-06-30": "74", "2012-03-31": "74", "2011-12-31": "77", "2011-09-30": "75", "2011-06-30": "77", "2011-03-31": "81", "2010-12-31": "87", "2010-09-30": "85", "2010-06-30": "86", "2010-03-31": "91", "2009-12-31": "95", "2009-09-30": "95", "2009-06-30": "96", "2009-03-31": "95", "2008-12-31": "95", "2008-09-30": "96", "2008-06-30": "96", "2008-03-31": "96", "2007-12-31": "105", "2007-09-30": "103", "2007-06-30": "107", "2007-03-31": "107", "2006-12-31": "107", "2006-09-30": "106", "2006-06-30": "107", "2006-03-31": "109", "2005-12-31": "110", "2005-09-30": "111", "2005-06-30": "110", "2005-03-31": "109"}}, "total-assets": {"Advance Auto Parts Annual Total Assets (Millions of US $)": {"2019": "$11,249", "2018": "$9,041", "2017": "$8,482", "2016": "$8,315", "2015": "$8,128", "2014": "$7,962", "2013": "$5,565", "2012": "$4,614", "2011": "$3,656", "2010": "$3,354", "2009": "$3,073", "2008": "$2,964", "2007": "$2,806", "2006": "$2,683", "2005": "$2,542"}, "Advance Auto Parts Quarterly Total Assets (Millions of US $)": {"2020-09-30": "$11,973", "2020-06-30": "$11,931", "2020-03-31": "$12,073", "2019-12-31": "$11,249", "2019-09-30": "$11,107", "2019-06-30": "$11,268", "2019-03-31": "$11,082", "2018-12-31": "$9,041", "2018-09-30": "$8,972", "2018-06-30": "$8,836", "2018-03-31": "$8,615", "2017-12-31": "$8,482", "2017-09-30": "$8,468", "2017-06-30": "$8,437", "2017-03-31": "$8,429", "2016-12-31": "$8,315", "2016-09-30": "$8,415", "2016-06-30": "$8,438", "2016-03-31": "$8,439", "2015-12-31": "$8,128", "2015-09-30": "$8,182", "2015-06-30": "$8,168", "2015-03-31": "$8,147", "2014-12-31": "$7,962", "2014-09-30": "$7,998", "2014-06-30": "$7,970", "2014-03-31": "$7,913", "2013-12-31": "$5,565", "2013-09-30": "$4,945", "2013-06-30": "$4,852", "2013-03-31": "$4,747", "2012-12-31": "$4,614", "2012-09-30": "$4,357", "2012-06-30": "$4,169", "2012-03-31": "$4,045", "2011-12-31": "$3,656", "2011-09-30": "$3,678", "2011-06-30": "$3,603", "2011-03-31": "$3,573", "2010-12-31": "$3,354", "2010-09-30": "$3,394", "2010-06-30": "$3,329", "2010-03-31": "$3,203", "2009-12-31": "$3,073", "2009-09-30": "$3,166", "2009-06-30": "$3,045", "2009-03-31": "$3,002", "2008-12-31": "$2,964", "2008-09-30": "$3,008", "2008-06-30": "$2,974", "2008-03-31": "$2,873", "2007-12-31": "$2,806", "2007-09-30": "$2,767", "2007-06-30": "$2,875", "2007-03-31": "$2,781", "2006-12-31": "$2,683", "2006-09-30": "$2,662", "2006-06-30": "$2,623", "2006-03-31": "$2,616", "2005-12-31": "$2,542", "2005-09-30": "$2,563", "2005-06-30": "$2,509", "2005-03-31": "$2,406"}}, "cash-on-hand": {"Advance Auto Parts Annual Cash on Hand (Millions of US $)": {"2019": "$419", "2018": "$897", "2017": "$547", "2016": "$135", "2015": "$91", "2014": "$105", "2013": "$1,112", "2012": "$598", "2011": "$58", "2010": "$59", "2009": "$100", "2008": "$37", "2007": "$15", "2006": "$11", "2005": "$41"}, "Advance Auto Parts Quarterly Cash on Hand (Millions of US $)": {"2020-09-30": "$1,068", "2020-06-30": "$1,142", "2020-03-31": "$1,280", "2019-12-31": "$419", "2019-09-30": "$574", "2019-06-30": "$748", "2019-03-31": "$537", "2018-12-31": "$897", "2018-09-30": "$970", "2018-06-30": "$902", "2018-03-31": "$639", "2017-12-31": "$547", "2017-09-30": "$363", "2017-06-30": "$257", "2017-03-31": "$126", "2016-12-31": "$135", "2016-09-30": "$119", "2016-06-30": "$105", "2016-03-31": "$104", "2015-12-31": "$91", "2015-09-30": "$105", "2015-06-30": "$115", "2015-03-31": "$124", "2014-12-31": "$105", "2014-09-30": "$90", "2014-06-30": "$67", "2014-03-31": "$83", "2013-12-31": "$1,112", "2013-09-30": "$567", "2013-06-30": "$521", "2013-03-31": "$408", "2012-12-31": "$598", "2012-09-30": "$479", "2012-06-30": "$449", "2012-03-31": "$364", "2011-12-31": "$58", "2011-09-30": "$66", "2011-06-30": "$69", "2011-03-31": "$54", "2010-12-31": "$59", "2010-09-30": "$195", "2010-06-30": "$161", "2010-03-31": "$133", "2009-12-31": "$100", "2009-09-30": "$216", "2009-06-30": "$126", "2009-03-31": "$51", "2008-12-31": "$37", "2008-09-30": "$21", "2008-06-30": "$19", "2008-03-31": "$19", "2007-12-31": "$15", "2007-09-30": "$15", "2007-06-30": "$83", "2007-03-31": "$17", "2006-12-31": "$11", "2006-09-30": "$14", "2006-06-30": "$13", "2006-03-31": "$55", "2005-12-31": "$41", "2005-09-30": "$113", "2005-06-30": "$176", "2005-03-31": "$132"}}, "long-term-debt": {"Advance Auto Parts Annual Long Term Debt (Millions of US $)": {"2019": "$747", "2018": "$1,046", "2017": "$1,044", "2016": "$1,043", "2015": "$1,206", "2014": "$1,636", "2013": "$1,053", "2012": "$604", "2011": "$415", "2010": "$301", "2009": "$203", "2008": "$455", "2007": "$505", "2006": "$477", "2005": "$406"}, "Advance Auto Parts Quarterly Long Term Debt (Millions of US $)": {"2020-09-30": "$1,032", "2020-06-30": "$1,240", "2020-03-31": "$1,241", "2019-12-31": "$747", "2019-09-30": "$747", "2019-06-30": "$747", "2019-03-31": "$747", "2018-12-31": "$1,046", "2018-09-30": "$1,045", "2018-06-30": "$1,045", "2018-03-31": "$1,045", "2017-12-31": "$1,044", "2017-09-30": "$1,044", "2017-06-30": "$1,044", "2017-03-31": "$1,073", "2016-12-31": "$1,043", "2016-09-30": "$1,043", "2016-06-30": "$1,170", "2016-03-31": "$1,230", "2015-12-31": "$1,206", "2015-09-30": "$1,293", "2015-06-30": "$1,453", "2015-03-31": "$1,610", "2014-12-31": "$1,636", "2014-09-30": "$1,730", "2014-06-30": "$1,798", "2014-03-31": "$2,002", "2013-12-31": "$1,053", "2013-09-30": "$604", "2013-06-30": "$604", "2013-03-31": "$604", "2012-12-31": "$604", "2012-09-30": "$600", "2012-06-30": "$600", "2012-03-31": "$600", "2011-12-31": "$415", "2011-09-30": "$599", "2011-06-30": "$565", "2011-03-31": "$431", "2010-12-31": "$301", "2010-09-30": "$301", "2010-06-30": "$301", "2010-03-31": "$278", "2009-12-31": "$203", "2009-09-30": "$278", "2009-06-30": "$279", "2009-03-31": "$279", "2008-12-31": "$455", "2008-09-30": "$470", "2008-06-30": "$452", "2008-03-31": "$554", "2007-12-31": "$505", "2007-09-30": "$434", "2007-06-30": "$350", "2007-03-31": "$404", "2006-12-31": "$477", "2006-09-30": "$451", "2006-06-30": "$393", "2006-03-31": "$395", "2005-12-31": "$406", "2005-09-30": "$414", "2005-06-30": "$422", "2005-03-31": "$430"}}, "total-liabilities": {"Advance Auto Parts Annual Total Liabilities (Millions of US $)": {"2019": "$7,699", "2018": "$5,490", "2017": "$5,067", "2016": "$5,399", "2015": "$5,667", "2014": "$5,959", "2013": "$4,049", "2012": "$3,403", "2011": "$2,808", "2010": "$2,315", "2009": "$1,791", "2008": "$1,889", "2007": "$1,782", "2006": "$1,652", "2005": "$1,622"}, "Advance Auto Parts Quarterly Total Liabilities (Millions of US $)": {"2020-09-30": "$8,210", "2020-06-30": "$8,204", "2020-03-31": "$8,536", "2019-12-31": "$7,699", "2019-09-30": "$7,652", "2019-06-30": "$7,597", "2019-03-31": "$7,534", "2018-12-31": "$5,490", "2018-09-30": "$5,313", "2018-06-30": "$5,178", "2018-03-31": "$5,068", "2017-12-31": "$5,067", "2017-09-30": "$5,237", "2017-06-30": "$5,309", "2017-03-31": "$5,405", "2016-12-31": "$5,399", "2016-09-30": "$5,559", "2016-06-30": "$5,689", "2016-03-31": "$5,810", "2015-12-31": "$5,667", "2015-09-30": "$5,768", "2015-06-30": "$5,879", "2015-03-31": "$6,000", "2014-12-31": "$5,959", "2014-09-30": "$6,072", "2014-06-30": "$6,155", "2014-03-31": "$6,246", "2013-12-31": "$4,049", "2013-09-30": "$3,477", "2013-06-30": "$3,483", "2013-03-31": "$3,477", "2012-12-31": "$3,403", "2012-09-30": "$3,210", "2012-06-30": "$3,110", "2012-03-31": "$3,066", "2011-12-31": "$2,808", "2011-09-30": "$2,900", "2011-06-30": "$2,839", "2011-03-31": "$2,689", "2010-12-31": "$2,315", "2010-09-30": "$2,252", "2010-06-30": "$2,262", "2010-03-31": "$2,093", "2009-12-31": "$1,791", "2009-09-30": "$1,873", "2009-06-30": "$1,782", "2009-03-31": "$1,822", "2008-12-31": "$1,889", "2008-09-30": "$1,951", "2008-06-30": "$1,935", "2008-03-31": "$1,922", "2007-12-31": "$1,782", "2007-09-30": "$1,701", "2007-06-30": "$1,663", "2007-03-31": "$1,663", "2006-12-31": "$1,652", "2006-09-30": "$1,671", "2006-06-30": "$1,690", "2006-03-31": "$1,676", "2005-12-31": "$1,622", "2005-09-30": "$1,650", "2005-06-30": "$1,638", "2005-03-31": "$1,647"}}, "total-share-holder-equity": {"Advance Auto Parts Annual Share Holder Equity (Millions of US $)": {"2019": "$3,549", "2018": "$3,551", "2017": "$3,415", "2016": "$2,916", "2015": "$2,461", "2014": "$2,003", "2013": "$1,516", "2012": "$1,211", "2011": "$848", "2010": "$1,039", "2009": "$1,282", "2008": "$1,075", "2007": "$1,024", "2006": "$1,031", "2005": "$920"}, "Advance Auto Parts Quarterly Share Holder Equity (Millions of US $)": {"2020-09-30": "$3,763", "2020-06-30": "$3,727", "2020-03-31": "$3,537", "2019-12-31": "$3,549", "2019-09-30": "$3,455", "2019-06-30": "$3,671", "2019-03-31": "$3,547", "2018-12-31": "$3,551", "2018-09-30": "$3,660", "2018-06-30": "$3,658", "2018-03-31": "$3,547", "2017-12-31": "$3,415", "2017-09-30": "$3,231", "2017-06-30": "$3,128", "2017-03-31": "$3,024", "2016-12-31": "$2,916", "2016-09-30": "$2,856", "2016-06-30": "$2,749", "2016-03-31": "$2,629", "2015-12-31": "$2,461", "2015-09-30": "$2,413", "2015-06-30": "$2,289", "2015-03-31": "$2,147", "2014-12-31": "$2,003", "2014-09-30": "$1,925", "2014-06-30": "$1,815", "2014-03-31": "$1,667", "2013-12-31": "$1,516", "2013-09-30": "$1,468", "2013-06-30": "$1,369", "2013-03-31": "$1,270", "2012-12-31": "$1,211", "2012-09-30": "$1,147", "2012-06-30": "$1,059", "2012-03-31": "$979", "2011-12-31": "$848", "2011-09-30": "$778", "2011-06-30": "$764", "2011-03-31": "$884", "2010-12-31": "$1,039", "2010-09-30": "$1,142", "2010-06-30": "$1,066", "2010-03-31": "$1,109", "2009-12-31": "$1,282", "2009-09-30": "$1,293", "2009-06-30": "$1,263", "2009-03-31": "$1,180", "2008-12-31": "$1,075", "2008-09-30": "$1,058", "2008-06-30": "$1,039", "2008-03-31": "$951", "2007-12-31": "$1,024", "2007-09-30": "$1,065", "2007-06-30": "$1,212", "2007-03-31": "$1,118", "2006-12-31": "$1,031", "2006-09-30": "$990", "2006-06-30": "$933", "2006-03-31": "$940", "2005-12-31": "$920", "2005-09-30": "$913", "2005-06-30": "$870", "2005-03-31": "$759"}}, "profit-margins": {"current": "4.84%"}, "gross margin": {"2020-09-30": "43.91%", "2020-06-30": "43.76%", "2020-03-31": "43.61%", "2019-12-31": "43.83%", "2019-09-30": "43.86%", "2019-06-30": "43.98%", "2019-03-31": "44.03%", "2018-12-31": "44.05%", "2018-09-30": "43.78%", "2018-06-30": "43.59%", "2018-03-31": "43.68%", "2017-12-31": "43.59%", "2017-09-30": "43.74%", "2017-06-30": "43.85%", "2017-03-31": "44.07%", "2016-12-31": "44.48%", "2016-09-30": "44.72%", "2016-06-30": "44.97%", "2016-03-31": "45.23%", "2015-12-31": "45.41%", "2015-09-30": "45.44%", "2015-06-30": "45.49%", "2015-03-31": "45.34%", "2014-12-31": "45.24%", "2014-09-30": "46.05%", "2014-06-30": "47.05%", "2014-03-31": "48.29%", "2013-12-31": "50.08%", "2013-09-30": "50.09%", "2013-06-30": "49.98%", "2013-03-31": "49.90%", "2012-12-31": "49.93%", "2012-09-30": "49.74%", "2012-06-30": "49.69%", "2012-03-31": "49.65%", "2011-12-31": "49.75%", "2011-09-30": "49.83%", "2011-06-30": "50.02%", "2011-03-31": "50.19%", "2010-12-31": "49.97%", "2010-09-30": "49.69%", "2010-06-30": "49.42%", "2010-03-31": "49.15%", "2009-12-31": "48.84%", "2009-09-30": "48.00%", "2009-06-30": "47.58%", "2009-03-31": "47.09%", "2008-12-31": "46.65%", "2008-09-30": "46.10%", "2008-06-30": "46.24%", "2008-03-31": "46.39%", "2007-12-31": "46.61%", "2007-09-30": "47.90%", "2007-06-30": "47.97%", "2007-03-31": "47.84%", "2006-12-31": "47.66%", "2006-09-30": "47.59%", "2006-06-30": "47.34%", "2006-03-31": "47.23%", "2005-12-31": "47.22%"}, "operating margin": {"2020-09-30": "7.35%", "2020-06-30": "6.64%", "2020-03-31": "5.79%", "2019-12-31": "6.97%", "2019-09-30": "6.55%", "2019-06-30": "6.38%", "2019-03-31": "6.36%", "2018-12-31": "6.30%", "2018-09-30": "6.38%", "2018-06-30": "6.48%", "2018-03-31": "6.29%", "2017-12-31": "6.09%", "2017-09-30": "6.26%", "2017-06-30": "6.61%", "2017-03-31": "7.35%", "2016-12-31": "8.24%", "2016-09-30": "8.23%", "2016-06-30": "8.31%", "2016-03-31": "8.63%", "2015-12-31": "8.49%", "2015-09-30": "8.77%", "2015-06-30": "8.81%", "2015-03-31": "8.67%", "2014-12-31": "8.66%", "2014-09-30": "8.84%", "2014-06-30": "9.20%", "2014-03-31": "9.57%", "2013-12-31": "10.18%", "2013-09-30": "10.65%", "2013-06-30": "10.42%", "2013-03-31": "10.15%", "2012-12-31": "10.59%", "2012-09-30": "10.57%", "2012-06-30": "11.01%", "2012-03-31": "11.30%", "2011-12-31": "10.78%", "2011-09-30": "10.42%", "2011-06-30": "10.01%", "2011-03-31": "9.83%", "2010-12-31": "9.87%", "2010-09-30": "9.62%", "2010-06-30": "9.12%", "2010-03-31": "8.61%", "2009-12-31": "8.40%", "2009-09-30": "8.15%", "2009-06-30": "8.09%", "2009-03-31": "8.09%", "2008-12-31": "8.07%", "2008-09-30": "8.64%", "2008-06-30": "8.78%", "2008-03-31": "8.69%", "2007-12-31": "8.61%", "2007-09-30": "8.67%", "2007-06-30": "8.84%", "2007-03-31": "8.78%", "2006-12-31": "8.73%", "2006-09-30": "8.96%", "2006-06-30": "9.16%", "2006-03-31": "9.41%", "2005-12-31": "9.57%"}, "ebitda margin": {"2020-09-30": "9.90%", "2020-06-30": "9.25%", "2020-03-31": "8.41%", "2019-12-31": "9.43%", "2019-09-30": "8.97%", "2019-06-30": "8.81%", "2019-03-31": "8.81%", "2018-12-31": "8.80%", "2018-09-30": "8.91%", "2018-06-30": "9.04%", "2018-03-31": "8.89%", "2017-12-31": "8.74%", "2017-09-30": "8.92%", "2017-06-30": "9.28%", "2017-03-31": "10.05%", "2016-12-31": "10.93%", "2016-09-30": "10.97%", "2016-06-30": "11.05%", "2016-03-31": "11.36%", "2015-12-31": "11.26%", "2015-09-30": "11.52%", "2015-06-30": "11.61%", "2015-03-31": "11.48%", "2014-12-31": "11.54%", "2014-09-30": "11.79%", "2014-06-30": "12.21%", "2014-03-31": "12.69%", "2013-12-31": "13.38%", "2013-09-30": "13.86%", "2013-06-30": "13.63%", "2013-03-31": "13.33%", "2012-12-31": "13.65%", "2012-09-30": "13.56%", "2012-06-30": "13.91%", "2012-03-31": "14.14%", "2011-12-31": "13.61%", "2011-09-30": "13.25%", "2011-06-30": "12.83%", "2011-03-31": "12.63%", "2010-12-31": "12.66%", "2010-09-30": "12.41%", "2010-06-30": "11.92%", "2010-03-31": "11.40%", "2009-12-31": "11.17%", "2009-09-30": "10.84%", "2009-06-30": "10.82%", "2009-03-31": "10.87%", "2008-12-31": "10.93%", "2008-09-30": "11.58%", "2008-06-30": "11.71%", "2008-03-31": "11.67%", "2007-12-31": "11.62%", "2007-09-30": "11.74%", "2007-06-30": "11.93%", "2007-03-31": "11.87%", "2006-12-31": "11.76%", "2006-09-30": "11.92%", "2006-06-30": "12.08%", "2006-03-31": "12.27%", "2005-12-31": "12.40%"}, "pre tax profit margin": {"2020-09-30": "6.40%", "2020-06-30": "6.17%", "2020-03-31": "5.36%", "2019-12-31": "6.57%", "2019-09-30": "6.06%", "2019-06-30": "5.94%", "2019-03-31": "5.85%", "2018-12-31": "5.79%", "2018-09-30": "5.88%", "2018-06-30": "5.90%", "2018-03-31": "5.72%", "2017-12-31": "5.55%", "2017-09-30": "5.76%", "2017-06-30": "6.08%", "2017-03-31": "6.86%", "2016-12-31": "7.72%", "2016-09-30": "7.63%", "2016-06-30": "7.74%", "2016-03-31": "7.95%", "2015-12-31": "7.73%", "2015-09-30": "8.05%", "2015-06-30": "8.07%", "2015-03-31": "7.95%", "2014-12-31": "7.94%", "2014-09-30": "8.13%", "2014-06-30": "8.51%", "2014-03-31": "8.93%", "2013-12-31": "9.64%", "2013-09-30": "10.12%", "2013-06-30": "9.90%", "2013-03-31": "9.63%", "2012-12-31": "10.06%", "2012-09-30": "10.09%", "2012-06-30": "10.50%", "2012-03-31": "10.79%", "2011-12-31": "10.26%", "2011-09-30": "9.88%", "2011-06-30": "9.50%", "2011-03-31": "9.29%", "2010-12-31": "9.42%", "2010-09-30": "9.17%", "2010-06-30": "8.70%", "2010-03-31": "8.25%", "2009-12-31": "7.98%", "2009-09-30": "7.67%", "2009-06-30": "7.57%", "2009-03-31": "7.53%", "2008-12-31": "7.41%", "2008-09-30": "7.94%", "2008-06-30": "8.07%", "2008-03-31": "7.98%", "2007-12-31": "7.91%", "2007-09-30": "8.00%", "2007-06-30": "8.12%", "2007-03-31": "8.04%", "2006-12-31": "8.02%", "2006-09-30": "8.24%", "2006-06-30": "8.47%", "2006-03-31": "8.73%", "2005-12-31": "8.89%"}, "net profit margin": {"2020-09-30": "4.84%", "2020-06-30": "4.72%", "2020-03-31": "4.11%", "2019-12-31": "5.03%", "2019-09-30": "4.59%", "2019-06-30": "4.52%", "2019-03-31": "4.45%", "2018-12-31": "4.43%", "2018-09-30": "5.84%", "2018-06-30": "5.69%", "2018-03-31": "5.40%", "2017-12-31": "5.08%", "2017-09-30": "3.75%", "2017-06-30": "3.91%", "2017-03-31": "4.31%", "2016-12-31": "4.81%", "2016-09-30": "4.76%", "2016-06-30": "4.80%", "2016-03-31": "5.00%", "2015-12-31": "4.86%", "2015-09-30": "5.05%", "2015-06-30": "5.07%", "2015-03-31": "4.97%", "2014-12-31": "5.00%", "2014-09-30": "5.07%", "2014-06-30": "5.32%", "2014-03-31": "5.60%", "2013-12-31": "6.04%", "2013-09-30": "6.36%", "2013-06-30": "6.20%", "2013-03-31": "6.02%", "2012-12-31": "6.25%", "2012-09-30": "6.27%", "2012-06-30": "6.50%", "2012-03-31": "6.69%", "2011-12-31": "6.37%", "2011-09-30": "6.13%", "2011-06-30": "5.90%", "2011-03-31": "5.74%", "2010-12-31": "5.80%", "2010-09-30": "5.69%", "2010-06-30": "5.39%", "2010-03-31": "5.12%", "2009-12-31": "4.97%", "2009-09-30": "4.74%", "2009-06-30": "4.70%", "2009-03-31": "4.68%", "2008-12-31": "4.61%", "2008-09-30": "4.96%", "2008-06-30": "5.05%", "2008-03-31": "4.98%", "2007-12-31": "4.91%", "2007-09-30": "4.95%", "2007-06-30": "5.01%", "2007-03-31": "4.97%", "2006-12-31": "5.00%", "2006-09-30": "5.15%", "2006-06-30": "5.28%", "2006-03-31": "5.45%", "2005-12-31": "5.51%"}, "pe ratio": {"current": "19.41", "2021-02-11": "22.45", "2020-09-30": "22.28", "2020-06-30": "21.85", "2020-03-31": "16.91", "2019-12-31": "23.23", "2019-09-30": "26.46", "2019-06-30": "25.42", "2019-03-31": "28.79", "2018-12-31": "27.22", "2018-09-30": "22.28", "2018-06-30": "18.60", "2018-03-31": "17.25", "2017-12-31": "15.36", "2017-09-30": "20.55", "2017-06-30": "23.03", "2017-03-31": "26.56", "2016-12-31": "26.96", "2016-09-30": "24.15", "2016-06-30": "25.75", "2016-03-31": "24.16", "2015-12-31": "23.17", "2015-09-30": "27.41", "2015-06-30": "22.93", "2015-03-31": "21.99", "2014-12-31": "23.35", "2014-09-30": "20.57", "2014-06-30": "22.14", "2014-03-31": "21.84", "2013-12-31": "20.39", "2013-09-30": "14.65", "2013-06-30": "14.94", "2013-03-31": "15.95", "2012-12-31": "13.57", "2012-09-30": "12.78", "2012-06-30": "12.26", "2012-03-31": "15.56", "2011-12-31": "13.28", "2011-09-30": "11.83", "2011-06-30": "12.92", "2011-03-31": "15.54", "2010-12-31": "16.28", "2010-09-30": "15.24", "2010-06-30": "14.49", "2010-03-31": "13.41", "2009-12-31": "13.90", "2009-09-30": "13.96", "2009-06-30": "15.05", "2009-03-31": "15.11", "2008-12-31": "12.95", "2008-09-30": "14.71", "2008-06-30": "14.49", "2008-03-31": "13.47", "2007-12-31": "16.00", "2007-09-30": "14.23", "2007-06-30": "17.24", "2007-03-31": "16.74", "2006-12-31": "15.64"}, "price sales": {"2021-02-11": "1.09", "2020-09-30": "1.08", "2020-06-30": "1.03", "2020-03-31": "0.69", "2019-12-31": "1.17", "2019-09-30": "1.22", "2019-06-30": "1.15", "2019-03-31": "1.29", "2018-12-31": "1.21", "2018-09-30": "1.30", "2018-06-30": "1.06", "2018-03-31": "0.93", "2017-12-31": "0.78", "2017-09-30": "0.77", "2017-06-30": "0.90", "2017-03-31": "1.14", "2016-12-31": "1.29", "2016-09-30": "1.14", "2016-06-30": "1.23", "2016-03-31": "1.20", "2015-12-31": "1.12", "2015-09-30": "1.38", "2015-06-30": "1.16", "2015-03-31": "1.09", "2014-12-31": "1.17", "2014-09-30": "1.04", "2014-06-30": "1.18", "2014-03-31": "1.22", "2013-12-31": "1.23", "2013-09-30": "0.93", "2013-06-30": "0.92", "2013-03-31": "0.96", "2012-12-31": "0.85", "2012-09-30": "0.81", "2012-06-30": "0.80", "2012-03-31": "1.05", "2011-12-31": "0.86", "2011-09-30": "0.74", "2011-06-30": "0.77", "2011-03-31": "0.90", "2010-12-31": "0.95", "2010-09-30": "0.88", "2010-06-30": "0.79", "2010-03-31": "0.69", "2009-12-31": "0.69", "2009-09-30": "0.66", "2009-06-30": "0.71", "2009-03-31": "0.71", "2008-12-31": "0.60", "2008-09-30": "0.74", "2008-06-30": "0.74", "2008-03-31": "0.68", "2007-12-31": "0.79", "2007-09-30": "0.71", "2007-06-30": "0.87", "2007-03-31": "0.83", "2006-12-31": "0.79"}, "price book": {"current": "2.95", "2021-02-11": "2.81", "2020-09-30": "2.79", "2020-06-30": "2.63", "2020-03-31": "1.81", "2019-12-31": "3.10", "2019-09-30": "3.29", "2019-06-30": "2.98", "2019-03-31": "3.42", "2018-12-31": "3.18", "2018-09-30": "3.32", "2018-06-30": "2.72", "2018-03-31": "2.45", "2017-12-31": "2.13", "2017-09-30": "2.24", "2017-06-30": "2.72", "2017-03-31": "3.57", "2016-12-31": "4.22", "2016-09-30": "3.79", "2016-06-30": "4.27", "2016-03-31": "4.42", "2015-12-31": "4.42", "2015-09-30": "5.66", "2015-06-30": "5.02", "2015-03-31": "5.02", "2014-12-31": "5.72", "2014-09-30": "4.86", "2014-06-30": "5.33", "2014-03-31": "5.44", "2013-12-31": "5.22", "2013-09-30": "4.03", "2013-06-30": "4.24", "2013-03-31": "4.65", "2012-12-31": "4.29", "2012-09-30": "4.30", "2012-06-30": "4.62", "2012-03-31": "6.49", "2011-12-31": "5.84", "2011-09-30": "5.28", "2011-06-30": "5.52", "2011-03-31": "5.63", "2010-12-31": "5.07", "2010-09-30": "4.19", "2010-06-30": "3.85", "2010-03-31": "3.18", "2009-12-31": "2.86", "2009-09-30": "2.78", "2009-06-30": "3.03", "2009-03-31": "3.20", "2008-12-31": "2.86", "2008-09-30": "3.41", "2008-06-30": "3.42", "2008-03-31": "3.25", "2007-12-31": "3.51", "2007-09-30": "3.03", "2007-06-30": "3.41", "2007-03-31": "3.48", "2006-12-31": "3.45", "2006-09-30": "3.32", "2006-06-30": "3.08", "2006-03-31": "4.48"}, "price fcf": {"2021-02-11": "", "2020-09-30": "$9.67", "2020-06-30": "$7.55", "2020-03-31": "$5.48", "2019-12-31": "$8.51", "2019-09-30": "$8.34", "2019-06-30": "$8.62", "2019-03-31": "$8.75", "2018-12-31": "$8.37", "2018-09-30": "$10.16", "2018-06-30": "$8.88", "2018-03-31": "$7.71", "2017-12-31": "$5.70", "2017-09-30": "$3.89", "2017-06-30": "$4.60", "2017-03-31": "$3.20", "2016-12-31": "$3.60", "2016-09-30": "$4.52", "2016-06-30": "$4.38", "2016-03-31": "$5.74", "2015-12-31": "$6.35", "2015-09-30": "$6.26", "2015-06-30": "$6.58", "2015-03-31": "$6.90", "2014-12-31": "$6.56", "2014-09-30": "$6.53", "2014-06-30": "$5.02", "2014-03-31": "$4.21", "2013-12-31": "$5.03", "2013-09-30": "$5.24", "2013-06-30": "$5.03", "2013-03-31": "$4.72", "2012-12-31": "$5.68", "2012-09-30": "$5.99", "2012-06-30": "$6.75", "2012-03-31": "$7.08", "2011-12-31": "$7.29", "2011-09-30": "$5.47", "2011-06-30": "$4.89", "2011-03-31": "$4.60", "2010-12-31": "$5.36", "2010-09-30": "$5.49", "2010-06-30": "$6.39", "2010-03-31": "$5.88", "2009-12-31": "$5.41", "2009-09-30": "$5.82", "2009-06-30": "$4.17", "2009-03-31": "$4.05", "2008-12-31": "$3.16", "2008-09-30": "$2.23", "2008-06-30": "$2.98", "2008-03-31": "$2.55", "2007-12-31": "$1.93", "2007-09-30": "$2.09", "2007-06-30": "$1.12", "2007-03-31": "$1.00", "2006-12-31": "$0.82"}, "net worth": {"value": "$10.9B"}, "current ratio": {"current": "1.39", "2020-09-30": "1.39", "2020-06-30": "1.44", "2020-03-31": "1.36", "2019-12-31": "1.27", "2019-09-30": "1.31", "2019-06-30": "1.36", "2019-03-31": "1.35", "2018-12-31": "1.57", "2018-09-30": "1.62", "2018-06-30": "1.63", "2018-03-31": "1.61", "2017-12-31": "1.56", "2017-09-30": "1.52", "2017-06-30": "1.48", "2017-03-31": "1.45", "2016-12-31": "1.41", "2016-09-30": "1.37", "2016-06-30": "1.38", "2016-03-31": "1.35", "2015-12-31": "1.30", "2015-09-30": "1.27", "2015-06-30": "1.28", "2015-03-31": "1.29", "2014-12-31": "1.30", "2014-09-30": "1.26", "2014-06-30": "1.25", "2014-03-31": "1.27", "2013-12-31": "1.44", "2013-09-30": "1.28", "2013-06-30": "1.24", "2013-03-31": "1.21", "2012-12-31": "1.24", "2012-09-30": "1.24", "2012-06-30": "1.21", "2012-03-31": "1.19", "2011-12-31": "1.05", "2011-09-30": "1.13", "2011-06-30": "1.12", "2011-03-31": "1.13", "2010-12-31": "1.15", "2010-09-30": "1.20", "2010-06-30": "1.16", "2010-03-31": "1.19", "2009-12-31": "1.29", "2009-09-30": "1.37", "2009-06-30": "1.33", "2009-03-31": "1.26", "2008-12-31": "1.32", "2008-09-30": "1.32", "2008-06-30": "1.29", "2008-03-31": "1.33", "2007-12-31": "1.37", "2007-09-30": "1.39", "2007-06-30": "1.42", "2007-03-31": "1.42", "2006-12-31": "1.45", "2006-09-30": "1.39", "2006-06-30": "1.28", "2006-03-31": "1.32", "2005-12-31": "1.36", "2005-09-30": "1.39", "2005-06-30": "1.43", "2005-03-31": "1.37"}, "quick ratio": {"2020-09-30": "0.45", "2020-06-30": "0.46", "2020-03-31": "0.42", "2019-12-31": "0.28", "2019-09-30": "0.32", "2019-06-30": "0.36", "2019-03-31": "0.31", "2018-12-31": "0.44", "2018-09-30": "0.49", "2018-06-30": "0.48", "2018-03-31": "0.40", "2017-12-31": "0.36", "2017-09-30": "0.33", "2017-06-30": "0.29", "2017-03-31": "0.24", "2016-12-31": "0.23", "2016-09-30": "0.24", "2016-06-30": "0.22", "2016-03-31": "0.21", "2015-12-31": "0.20", "2015-09-30": "0.22", "2015-06-30": "0.22", "2015-03-31": "0.22", "2014-12-31": "0.22", "2014-09-30": "0.22", "2014-06-30": "0.21", "2014-03-31": "0.20", "2013-12-31": "0.52", "2013-09-30": "0.35", "2013-06-30": "0.33", "2013-03-31": "0.28", "2012-12-31": "0.34", "2012-09-30": "0.32", "2012-06-30": "0.29", "2012-03-31": "0.25", "2011-12-31": "0.12", "2011-09-30": "0.13", "2011-06-30": "0.12", "2011-03-31": "0.11", "2010-12-31": "0.14", "2010-09-30": "0.20", "2010-06-30": "0.18", "2010-03-31": "0.16", "2009-12-31": "0.17", "2009-09-30": "0.24", "2009-06-30": "0.18", "2009-03-31": "0.12", "2008-12-31": "0.14", "2008-09-30": "0.11", "2008-06-30": "0.11", "2008-03-31": "0.10", "2007-12-31": "0.13", "2007-09-30": "0.11", "2007-06-30": "0.18", "2007-03-31": "0.11", "2006-12-31": "0.13", "2006-09-30": "0.12", "2006-06-30": "0.12", "2006-03-31": "0.14", "2005-12-31": "0.16", "2005-09-30": "0.20", "2005-06-30": "0.26", "2005-03-31": "0.22"}, "debt equity ratio": {"current": "0.27", "2020-09-30": "2.18", "2020-06-30": "2.20", "2020-03-31": "2.41", "2019-12-31": "2.17", "2019-09-30": "2.22", "2019-06-30": "2.07", "2019-03-31": "2.12", "2018-12-31": "1.55", "2018-09-30": "1.45", "2018-06-30": "1.42", "2018-03-31": "1.43", "2017-12-31": "1.48", "2017-09-30": "1.62", "2017-06-30": "1.70", "2017-03-31": "1.79", "2016-12-31": "1.85", "2016-09-30": "1.95", "2016-06-30": "2.07", "2016-03-31": "2.21", "2015-12-31": "2.30", "2015-09-30": "2.39", "2015-06-30": "2.57", "2015-03-31": "2.80", "2014-12-31": "2.98", "2014-09-30": "3.15", "2014-06-30": "3.39", "2014-03-31": "3.75", "2013-12-31": "2.67", "2013-09-30": "2.37", "2013-06-30": "2.54", "2013-03-31": "2.74", "2012-12-31": "2.81", "2012-09-30": "2.80", "2012-06-30": "2.94", "2012-03-31": "3.13", "2011-12-31": "3.31", "2011-09-30": "3.73", "2011-06-30": "3.72", "2011-03-31": "3.04", "2010-12-31": "2.23", "2010-09-30": "1.97", "2010-06-30": "2.12", "2010-03-31": "1.89", "2009-12-31": "1.40", "2009-09-30": "1.45", "2009-06-30": "1.41", "2009-03-31": "1.54", "2008-12-31": "1.76", "2008-09-30": "1.85", "2008-06-30": "1.86", "2008-03-31": "2.02", "2007-12-31": "1.74", "2007-09-30": "1.60", "2007-06-30": "1.37", "2007-03-31": "1.49", "2006-12-31": "1.60", "2006-09-30": "1.69", "2006-06-30": "1.81", "2006-03-31": "1.78", "2005-12-31": "1.76", "2005-09-30": "1.81", "2005-06-30": "1.88", "2005-03-31": "2.17"}, "return on equity": {"2020-09-30": "13.09%", "2020-06-30": "12.73%", "2020-03-31": "10.95%", "2019-12-31": "13.73%", "2019-09-30": "12.51%", "2019-06-30": "12.11%", "2019-03-31": "11.93%", "2018-12-31": "11.76%", "2018-09-30": "15.57%", "2018-06-30": "15.48%", "2018-03-31": "15.16%", "2017-12-31": "14.88%", "2017-09-30": "11.48%", "2017-06-30": "12.45%", "2017-03-31": "14.17%", "2016-12-31": "16.50%", "2016-09-30": "16.94%", "2016-06-30": "17.91%", "2016-03-31": "19.77%", "2015-12-31": "20.32%", "2015-09-30": "22.68%", "2015-06-30": "24.10%", "2015-03-31": "24.99%", "2014-12-31": "26.56%", "2014-09-30": "26.40%", "2014-06-30": "27.16%", "2014-03-31": "27.71%", "2013-12-31": "27.89%", "2013-09-30": "30.69%", "2013-06-30": "31.54%", "2013-03-31": "32.17%", "2012-12-31": "35.30%", "2012-09-30": "38.58%", "2012-06-30": "44.10%", "2012-03-31": "49.51%", "2011-12-31": "48.01%", "2011-09-30": "43.29%", "2011-06-30": "37.29%", "2011-03-31": "33.31%", "2010-12-31": "31.59%", "2010-09-30": "28.70%", "2010-06-30": "25.68%", "2010-03-31": "23.04%", "2009-12-31": "21.44%", "2009-09-30": "21.53%", "2009-06-30": "22.12%", "2009-03-31": "22.79%", "2008-12-31": "22.99%", "2008-09-30": "24.36%", "2008-06-30": "24.61%", "2008-03-31": "22.95%", "2007-12-31": "21.54%", "2007-09-30": "21.51%", "2007-06-30": "21.88%", "2007-03-31": "22.89%", "2006-12-31": "23.73%", "2006-09-30": "24.85%", "2006-06-30": "25.58%", "2006-03-31": "26.35%", "2005-12-31": "27.15%"}, "return on assets": {"2020-09-30": "4.04%", "2020-06-30": "3.92%", "2020-03-31": "3.41%", "2019-12-31": "4.37%", "2019-09-30": "4.19%", "2019-06-30": "4.33%", "2019-03-31": "4.53%", "2018-12-31": "4.78%", "2018-09-30": "6.37%", "2018-06-30": "6.23%", "2018-03-31": "5.94%", "2017-12-31": "5.63%", "2017-09-30": "4.20%", "2017-06-30": "4.42%", "2017-03-31": "4.87%", "2016-12-31": "5.48%", "2016-09-30": "5.42%", "2016-06-30": "5.53%", "2016-03-31": "5.88%", "2015-12-31": "5.80%", "2015-09-30": "6.19%", "2015-06-30": "6.25%", "2015-03-31": "6.15%", "2014-12-31": "6.18%", "2014-09-30": "6.21%", "2014-06-30": "6.65%", "2014-03-31": "7.17%", "2013-12-31": "7.80%", "2013-09-30": "8.52%", "2013-06-30": "8.49%", "2013-03-31": "8.43%", "2012-12-31": "9.03%", "2012-09-30": "9.59%", "2012-06-30": "10.39%", "2012-03-31": "11.13%", "2011-12-31": "10.83%", "2011-09-30": "10.56%", "2011-06-30": "10.26%", "2011-03-31": "10.08%", "2010-12-31": "10.36%", "2010-09-30": "10.15%", "2010-06-30": "9.55%", "2010-03-31": "9.13%", "2009-12-31": "8.76%", "2009-09-30": "8.51%", "2009-06-30": "8.42%", "2009-03-31": "8.30%", "2008-12-31": "8.02%", "2008-09-30": "8.51%", "2008-06-30": "8.79%", "2008-03-31": "8.62%", "2007-12-31": "8.48%", "2007-09-30": "8.57%", "2007-06-30": "8.65%", "2007-03-31": "8.67%", "2006-12-31": "8.73%", "2006-09-30": "9.00%", "2006-06-30": "9.16%", "2006-03-31": "9.38%", "2005-12-31": "9.38%"}, "return on investments": {"2020-09-30": "15.37%", "2020-06-30": "14.01%", "2020-03-31": "12.37%", "2019-12-31": "15.74%", "2019-09-30": "14.51%", "2019-06-30": "13.70%", "2019-03-31": "13.42%", "2018-12-31": "12.99%", "2018-09-30": "13.15%", "2018-06-30": "13.53%", "2018-03-31": "13.46%", "2017-12-31": "13.43%", "2017-09-30": "14.30%", "2017-06-30": "15.55%", "2017-03-31": "17.56%", "2016-12-31": "20.16%", "2016-09-30": "20.41%", "2016-06-30": "20.99%", "2016-03-31": "22.31%", "2015-12-31": "22.24%", "2015-09-30": "23.50%", "2015-06-30": "23.66%", "2015-03-31": "23.43%", "2014-12-31": "23.38%", "2014-09-30": "23.61%", "2014-06-30": "25.47%", "2014-03-31": "27.74%", "2013-12-31": "31.15%", "2013-09-30": "35.32%", "2013-06-30": "35.74%", "2013-03-31": "35.85%", "2012-12-31": "38.65%", "2012-09-30": "42.00%", "2012-06-30": "46.55%", "2012-03-31": "50.76%", "2011-12-31": "50.33%", "2011-09-30": "47.52%", "2011-06-30": "44.66%", "2011-03-31": "43.10%", "2010-12-31": "42.25%", "2010-09-30": "39.28%", "2010-06-30": "35.52%", "2010-03-31": "32.01%", "2009-12-31": "30.05%", "2009-09-30": "29.17%", "2009-06-30": "28.78%", "2009-03-31": "28.56%", "2008-12-31": "27.42%", "2008-09-30": "28.55%", "2008-06-30": "28.96%", "2008-03-31": "27.96%", "2007-12-31": "27.29%", "2007-09-30": "27.38%", "2007-06-30": "27.85%", "2007-03-31": "28.43%", "2006-12-31": "28.73%", "2006-09-30": "30.14%", "2006-06-30": "30.94%", "2006-03-31": "31.36%", "2005-12-31": "31.78%"}, "return on tangible equity": {"2020-09-30": "24.38%", "2020-06-30": "23.62%", "2020-03-31": "19.94%", "2019-12-31": "24.46%", "2019-09-30": "21.86%", "2019-06-30": "21.06%", "2019-03-31": "20.88%", "2018-12-31": "20.74%", "2018-09-30": "27.83%", "2018-06-30": "28.53%", "2018-03-31": "29.12%", "2017-12-31": "29.88%", "2017-09-30": "24.21%", "2017-06-30": "27.40%", "2017-03-31": "32.76%", "2016-12-31": "40.47%", "2016-09-30": "44.77%", "2016-06-30": "51.67%", "2016-03-31": "63.60%", "2015-12-31": "75.41%", "2015-09-30": "101.21%", "2015-06-30": "140.98%", "2015-03-31": "223.84%", "2014-12-31": "609.29%", "2014-09-30": "137.44%", "2014-06-30": "73.78%", "2014-03-31": "48.22%", "2013-12-31": "34.06%", "2013-09-30": "36.73%", "2013-06-30": "36.90%", "2013-03-31": "36.68%", "2012-12-31": "39.07%", "2012-09-30": "43.14%", "2012-06-30": "49.54%", "2012-03-31": "55.34%", "2011-12-31": "53.00%", "2011-09-30": "46.79%", "2011-06-30": "39.77%", "2011-03-31": "35.35%", "2010-12-31": "33.42%", "2010-09-30": "30.28%", "2010-06-30": "27.06%", "2010-03-31": "24.23%", "2009-12-31": "22.54%", "2009-09-30": "22.70%", "2009-06-30": "23.38%", "2009-03-31": "24.18%", "2008-12-31": "24.48%", "2008-09-30": "25.95%", "2008-06-30": "26.19%", "2008-03-31": "24.35%", "2007-12-31": "22.80%", "2007-09-30": "22.76%", "2007-06-30": "23.19%", "2007-03-31": "24.39%", "2006-12-31": "25.41%", "2006-09-30": "26.70%", "2006-06-30": "27.48%", "2006-03-31": "27.79%", "2005-12-31": "28.14%"}, "dividend yield history": {"last payout": "$1.00", "last yield": "0.62%"}}