{"ticker": "ABBV", "price": {"title": "AbbVie Historical Annual Stock Price Data", "value": 108.73, "historical": {"2020": {"Average Stock Price": "90.8852", "Year Open": "89.5500", "Year High": "108.6700", "Year Low": "64.5000", "Year Close": "107.1500", "Annual % Change": "21.02%"}, "2019": {"Average Stock Price": "77.9488", "Year Open": "89.2300", "Year High": "90.7900", "Year Low": "62.9800", "Year Close": "88.5400", "Annual % Change": "-3.96%"}, "2018": {"Average Stock Price": "97.4699", "Year Open": "98.4100", "Year High": "123.2100", "Year Low": "77.8500", "Year Close": "92.1900", "Annual % Change": "-4.67%"}, "2017": {"Average Stock Price": "75.1653", "Year Open": "62.4100", "Year High": "98.2100", "Year Low": "60.0000", "Year Close": "96.7100", "Annual % Change": "54.44%"}, "2016": {"Average Stock Price": "60.6680", "Year Open": "57.6100", "Year High": "67.3900", "Year Low": "51.1800", "Year Close": "62.6200", "Annual % Change": "5.71%"}, "2015": {"Average Stock Price": "62.1042", "Year Open": "65.8900", "Year High": "71.2300", "Year Low": "48.2700", "Year Close": "59.2400", "Annual % Change": "-9.47%"}, "2014": {"Average Stock Price": "55.4601", "Year Open": "51.9800", "Year High": "69.7100", "Year Low": "46.4600", "Year Close": "65.4400", "Annual % Change": "23.92%"}, "2013": {"Average Stock Price": "43.6623", "Year Open": "35.1200", "Year High": "54.3200", "Year Low": "33.7100", "Year Close": "52.8100", "Annual % Change": "0.00%"}}}, "market cap": {"value": "$191.96B"}, "income statement": {"Revenue": {"2020-12-31": "45804.00000", "2019-12-31": "33266.00000", "2018-12-31": "32753.00000", "2017-12-31": "28216.00000", "2016-12-31": "25638.00000", "2015-12-31": "22859.00000", "2014-12-31": "19960.00000", "2013-12-31": "18790.00000", "2012-12-31": "18380.00000", "2011-12-31": "17444.00000", "2010-12-31": "15638.00000", "2009-12-31": "14214.20000"}, "Cost Of Goods Sold": {"2020-12-31": "15387.00000", "2019-12-31": "7439.00000", "2018-12-31": "7718.00000", "2017-12-31": "7042.00000", "2016-12-31": "5832.00000", "2015-12-31": "4500.00000", "2014-12-31": "4426.00000", "2013-12-31": "4581.00000", "2012-12-31": "4508.00000", "2011-12-31": "4639.00000", "2010-12-31": "4293.00000", "2009-12-31": "4056.39000"}, "Gross Profit": {"2020-12-31": "30417.00000", "2019-12-31": "25827.00000", "2018-12-31": "25035.00000", "2017-12-31": "21174.00000", "2016-12-31": "19806.00000", "2015-12-31": "18359.00000", "2014-12-31": "15534.00000", "2013-12-31": "14209.00000", "2012-12-31": "13872.00000", "2011-12-31": "12805.00000", "2010-12-31": "11345.00000", "2009-12-31": "10157.81000"}, "Research And Development Expenses": {"2020-12-31": "6557.00000", "2019-12-31": "6407.00000", "2018-12-31": "10329.00000", "2017-12-31": "5007.00000", "2016-12-31": "4385.00000", "2015-12-31": "4285.00000", "2014-12-31": "3297.00000", "2013-12-31": "2855.00000", "2012-12-31": "2778.00000", "2011-12-31": "2618.00000", "2010-12-31": "2495.00000", "2009-12-31": "1707.44000"}, "SG&A Expenses": {"2020-12-31": "11299.00000", "2019-12-31": "6942.00000", "2018-12-31": "7399.00000", "2017-12-31": "6295.00000", "2016-12-31": "5881.00000", "2015-12-31": "6387.00000", "2014-12-31": "7724.00000", "2013-12-31": "5352.00000", "2012-12-31": "4989.00000", "2011-12-31": "5894.00000", "2010-12-31": "3820.00000", "2009-12-31": "3348.57200"}, "Other Operating Income Or Expenses": {"2020-12-31": "", "2019-12-31": "890.00000", "2018-12-31": "-500.00000", "2017-12-31": "", "2016-12-31": "", "2015-12-31": "", "2014-12-31": "-750.00000", "2013-12-31": "", "2012-12-31": "0.00000", "2011-12-31": "", "2010-12-31": "", "2009-12-31": ""}, "Operating Expenses": {"2020-12-31": "34441.00000", "2019-12-31": "20283.00000", "2018-12-31": "26370.00000", "2017-12-31": "18671.00000", "2016-12-31": "16298.00000", "2015-12-31": "15322.00000", "2014-12-31": "16549.00000", "2013-12-31": "13126.00000", "2012-12-31": "12563.00000", "2011-12-31": "13824.00000", "2010-12-31": "10921.00000", "2009-12-31": "9282.40200"}, "Operating Income": {"2020-12-31": "11363.00000", "2019-12-31": "12983.00000", "2018-12-31": "6383.00000", "2017-12-31": "9545.00000", "2016-12-31": "9340.00000", "2015-12-31": "7537.00000", "2014-12-31": "3411.00000", "2013-12-31": "5664.00000", "2012-12-31": "5817.00000", "2011-12-31": "3620.00000", "2010-12-31": "4717.00000", "2009-12-31": "4931.79400"}, "Total Non-Operating Income/Expense": {"2020-12-31": "-7965.00000", "2019-12-31": "-4557.00000", "2018-12-31": "-1186.00000", "2017-12-31": "-1818.00000", "2016-12-31": "-1456.00000", "2015-12-31": "-892.00000", "2014-12-31": "-1042.00000", "2013-12-31": "-332.00000", "2012-12-31": "-92.00000", "2011-12-31": "48.00000", "2010-12-31": "119.00000", "2009-12-31": "1018.52300"}, "Pre-Tax Income": {"2020-12-31": "3398.00000", "2019-12-31": "8426.00000", "2018-12-31": "5197.00000", "2017-12-31": "7727.00000", "2016-12-31": "7884.00000", "2015-12-31": "6645.00000", "2014-12-31": "2369.00000", "2013-12-31": "5332.00000", "2012-12-31": "5725.00000", "2011-12-31": "3668.00000", "2010-12-31": "4836.00000", "2009-12-31": "5950.31700"}, "Income Taxes": {"2020-12-31": "-1224.00000", "2019-12-31": "544.00000", "2018-12-31": "-490.00000", "2017-12-31": "2418.00000", "2016-12-31": "1931.00000", "2015-12-31": "1501.00000", "2014-12-31": "595.00000", "2013-12-31": "1204.00000", "2012-12-31": "450.00000", "2011-12-31": "235.00000", "2010-12-31": "658.00000", "2009-12-31": "1313.80200"}, "Income After Taxes": {"2020-12-31": "4622.00000", "2019-12-31": "7882.00000", "2018-12-31": "5687.00000", "2017-12-31": "5309.00000", "2016-12-31": "5953.00000", "2015-12-31": "5144.00000", "2014-12-31": "1774.00000", "2013-12-31": "4128.00000", "2012-12-31": "5275.00000", "2011-12-31": "3433.00000", "2010-12-31": "4178.00000", "2009-12-31": "4636.51500"}, "Other Income": {"2020-12-31": "", "2019-12-31": "", "2018-12-31": "", "2017-12-31": "", "2016-12-31": "", "2015-12-31": "", "2014-12-31": "", "2013-12-31": "", "2012-12-31": "", "2011-12-31": "", "2010-12-31": "", "2009-12-31": ""}, "Income From Continuous Operations": {"2020-12-31": "4622.00000", "2019-12-31": "7882.00000", "2018-12-31": "5687.00000", "2017-12-31": "5309.00000", "2016-12-31": "5953.00000", "2015-12-31": "5144.00000", "2014-12-31": "1774.00000", "2013-12-31": "4128.00000", "2012-12-31": "5275.00000", "2011-12-31": "3433.00000", "2010-12-31": "4178.00000", "2009-12-31": "4636.51500"}, "Income From Discontinued Operations": {"2020-12-31": "", "2019-12-31": "", "2018-12-31": "", "2017-12-31": "", "2016-12-31": "", "2015-12-31": "", "2014-12-31": "", "2013-12-31": "", "2012-12-31": "", "2011-12-31": "", "2010-12-31": "", "2009-12-31": ""}, "Net Income": {"2020-12-31": "4616.00000", "2019-12-31": "7882.00000", "2018-12-31": "5687.00000", "2017-12-31": "5309.00000", "2016-12-31": "5953.00000", "2015-12-31": "5144.00000", "2014-12-31": "1774.00000", "2013-12-31": "4128.00000", "2012-12-31": "5275.00000", "2011-12-31": "3433.00000", "2010-12-31": "4178.00000", "2009-12-31": "4636.51500"}, "EBITDA": {"2020-12-31": "11363.00000", "2019-12-31": "15000.00000", "2018-12-31": "8148.00000", "2017-12-31": "11046.00000", "2016-12-31": "10529.00000", "2015-12-31": "8373.00000", "2014-12-31": "4197.00000", "2013-12-31": "6561.00000", "2012-12-31": "6967.00000", "2011-12-31": "4892.00000", "2010-12-31": "5901.00000", "2009-12-31": "5629.28600"}, "EBIT": {"2020-12-31": "11363.00000", "2019-12-31": "12983.00000", "2018-12-31": "6383.00000", "2017-12-31": "9545.00000", "2016-12-31": "9340.00000", "2015-12-31": "7537.00000", "2014-12-31": "3411.00000", "2013-12-31": "5664.00000", "2012-12-31": "5817.00000", "2011-12-31": "3620.00000", "2010-12-31": "4717.00000", "2009-12-31": "4931.79400"}, "Basic Shares Outstanding": {"2020-12-31": "", "2019-12-31": "1481.00000", "2018-12-31": "1541.00000", "2017-12-31": "1596.00000", "2016-12-31": "1622.00000", "2015-12-31": "1625.00000", "2014-12-31": "1595.00000", "2013-12-31": "1589.00000", "2012-12-31": "1577.00000", "2011-12-31": "1577.00000", "2010-12-31": "1577.00000", "2009-12-31": ""}, "Shares Outstanding": {"2020-12-31": "1673.00000", "2019-12-31": "1484.00000", "2018-12-31": "1546.00000", "2017-12-31": "1603.00000", "2016-12-31": "1631.00000", "2015-12-31": "1637.00000", "2014-12-31": "1610.00000", "2013-12-31": "1604.00000", "2012-12-31": "1577.00000", "2011-12-31": "1577.00000", "2010-12-31": "1577.00000", "2009-12-31": ""}, "Basic EPS": {"2020-12-31": "", "2019-12-31": "5.30000", "2018-12-31": "3.67000", "2017-12-31": "3.31000", "2016-12-31": "3.65000", "2015-12-31": "3.15000", "2014-12-31": "1.11000", "2013-12-31": "2.58000", "2012-12-31": "3.35000", "2011-12-31": "2.18000", "2010-12-31": "2.65000", "2009-12-31": ""}, "EPS - Earnings Per Share": {"2020-12-31": "2.72000", "2019-12-31": "5.28000", "2018-12-31": "3.66000", "2017-12-31": "3.30000", "2016-12-31": "3.63000", "2015-12-31": "3.13000", "2014-12-31": "1.10000", "2013-12-31": "2.56000", "2012-12-31": "3.35000", "2011-12-31": "2.18000", "2010-12-31": "2.65000", "2009-12-31": "0.00000"}}, "income statement, quarterly": {"Revenue": {"2020-12-31": "13858.00000", "2020-09-30": "12902.00000", "2020-06-30": "10425.00000", "2020-03-31": "8619.00000", "2019-12-31": "8704.00000", "2019-09-30": "8479.00000", "2019-06-30": "8255.00000", "2019-03-31": "7828.00000", "2018-12-31": "8305.00000", "2018-09-30": "8236.00000", "2018-06-30": "8278.00000", "2018-03-31": "7934.00000", "2017-12-31": "7739.00000", "2017-09-30": "6995.00000", "2017-06-30": "6944.00000", "2017-03-31": "6538.00000", "2016-12-31": "6796.00000", "2016-09-30": "6432.00000", "2016-06-30": "6452.00000", "2016-03-31": "5958.00000", "2015-12-31": "6400.00000", "2015-09-30": "5944.00000", "2015-06-30": "5475.00000", "2015-03-31": "5040.00000", "2014-12-31": "5452.00000", "2014-09-30": "5019.00000", "2014-06-30": "4926.00000", "2014-03-31": "4563.00000", "2013-12-31": "5111.00000", "2013-09-30": "4658.00000", "2013-06-30": "4692.00000", "2013-03-31": "4329.00000", "2012-12-31": "5206.00000", "2012-09-30": "4508.00000", "2012-06-30": "4493.00000", "2012-03-31": "4173.00000", "2011-12-31": "4864.00000", "2011-09-30": "4409.00000", "2011-06-30": "4274.00000", "2011-03-31": "3896.76200", "2010-12-31": "", "2009-12-31": ""}, "Cost Of Goods Sold": {"2020-12-31": "4684.00000", "2020-09-30": "5050.00000", "2020-06-30": "3711.00000", "2020-03-31": "1942.00000", "2019-12-31": "2006.00000", "2019-09-30": "1920.00000", "2019-06-30": "1819.00000", "2019-03-31": "1694.00000", "2018-12-31": "2022.00000", "2018-09-30": "1835.00000", "2018-06-30": "1934.00000", "2018-03-31": "1927.00000", "2017-12-31": "2281.00000", "2017-09-30": "1616.00000", "2017-06-30": "1529.00000", "2017-03-31": "1616.00000", "2016-12-31": "1554.00000", "2016-09-30": "1504.00000", "2016-06-30": "1405.00000", "2016-03-31": "1369.00000", "2015-12-31": "1475.00000", "2015-09-30": "1167.00000", "2015-06-30": "916.00000", "2015-03-31": "942.00000", "2014-12-31": "1119.00000", "2014-09-30": "1094.00000", "2014-06-30": "1113.00000", "2014-03-31": "1100.00000", "2013-12-31": "1282.00000", "2013-09-30": "1092.00000", "2013-06-30": "1054.00000", "2013-03-31": "1153.00000", "2012-12-31": "1265.00000", "2012-09-30": "1014.00000", "2012-06-30": "1073.00000", "2012-03-31": "1156.00000", "2011-12-31": "3431.69000", "2011-09-30": "", "2011-06-30": "", "2011-03-31": "1207.31100", "2010-12-31": "", "2009-12-31": ""}, "Gross Profit": {"2020-12-31": "9174.00000", "2020-09-30": "7852.00000", "2020-06-30": "6714.00000", "2020-03-31": "6677.00000", "2019-12-31": "6698.00000", "2019-09-30": "6559.00000", "2019-06-30": "6436.00000", "2019-03-31": "6134.00000", "2018-12-31": "6283.00000", "2018-09-30": "6401.00000", "2018-06-30": "6344.00000", "2018-03-31": "6007.00000", "2017-12-31": "5458.00000", "2017-09-30": "5379.00000", "2017-06-30": "5415.00000", "2017-03-31": "4922.00000", "2016-12-31": "5242.00000", "2016-09-30": "4928.00000", "2016-06-30": "5047.00000", "2016-03-31": "4589.00000", "2015-12-31": "4925.00000", "2015-09-30": "4777.00000", "2015-06-30": "4559.00000", "2015-03-31": "4098.00000", "2014-12-31": "4333.00000", "2014-09-30": "3925.00000", "2014-06-30": "3813.00000", "2014-03-31": "3463.00000", "2013-12-31": "3829.00000", "2013-09-30": "3566.00000", "2013-06-30": "3638.00000", "2013-03-31": "3176.00000", "2012-12-31": "3941.00000", "2012-09-30": "3494.00000", "2012-06-30": "3420.00000", "2012-03-31": "3017.00000", "2011-12-31": "1432.31000", "2011-09-30": "4409.00000", "2011-06-30": "4274.00000", "2011-03-31": "2689.45100", "2010-12-31": "", "2009-12-31": ""}, "Research And Development Expenses": {"2020-12-31": "1890.00000", "2020-09-30": "1706.00000", "2020-06-30": "1582.00000", "2020-03-31": "1379.00000", "2019-12-31": "1542.00000", "2019-09-30": "2285.00000", "2019-06-30": "1291.00000", "2019-03-31": "1289.00000", "2018-12-31": "6495.00000", "2018-09-30": "1268.00000", "2018-06-30": "1322.00000", "2018-03-31": "1244.00000", "2017-12-31": "1408.00000", "2017-09-30": "1228.00000", "2017-06-30": "1229.00000", "2017-03-31": "1142.00000", "2016-12-31": "1209.00000", "2016-09-30": "1106.00000", "2016-06-30": "1124.00000", "2016-03-31": "946.00000", "2015-12-31": "1075.00000", "2015-09-30": "1418.00000", "2015-06-30": "981.00000", "2015-03-31": "811.00000", "2014-12-31": "879.00000", "2014-09-30": "812.00000", "2014-06-30": "834.00000", "2014-03-31": "772.00000", "2013-12-31": "798.00000", "2013-09-30": "714.00000", "2013-06-30": "709.00000", "2013-03-31": "634.00000", "2012-12-31": "681.00000", "2012-09-30": "813.00000", "2012-06-30": "642.00000", "2012-03-31": "642.00000", "2011-12-31": "2602.91000", "2011-09-30": "0.00000", "2011-06-30": "0.00000", "2011-03-31": "587.09700", "2010-12-31": "", "2009-12-31": ""}, "SG&A Expenses": {"2020-12-31": "3231.00000", "2020-09-30": "2846.00000", "2020-06-30": "3527.00000", "2020-03-31": "1695.00000", "2019-12-31": "1951.00000", "2019-09-30": "1657.00000", "2019-06-30": "1654.00000", "2019-03-31": "1680.00000", "2018-12-31": "1929.00000", "2018-09-30": "1919.00000", "2018-06-30": "1760.00000", "2018-03-31": "1791.00000", "2017-12-31": "1956.00000", "2017-09-30": "1457.00000", "2017-06-30": "1509.00000", "2017-03-31": "1373.00000", "2016-12-31": "1679.00000", "2016-09-30": "1381.00000", "2016-06-30": "1466.00000", "2016-03-31": "1355.00000", "2015-12-31": "1737.00000", "2015-09-30": "1474.00000", "2015-06-30": "1703.00000", "2015-03-31": "1473.00000", "2014-12-31": "3341.00000", "2014-09-30": "1595.00000", "2014-06-30": "1448.00000", "2014-03-31": "1340.00000", "2013-12-31": "1448.00000", "2013-09-30": "1261.00000", "2013-06-30": "1406.00000", "2013-03-31": "1237.00000", "2012-12-31": "1411.00000", "2012-09-30": "1085.00000", "2012-06-30": "1246.00000", "2012-03-31": "1247.00000", "2011-12-31": "4716.09000", "2011-09-30": "", "2011-06-30": "", "2011-03-31": "1177.91800", "2010-12-31": "", "2009-12-31": ""}, "Other Operating Income Or Expenses": {"2020-12-31": "", "2020-09-30": "", "2020-06-30": "", "2020-03-31": "", "2019-12-31": "", "2019-09-30": "", "2019-06-30": "", "2019-03-31": "", "2018-12-31": "", "2018-09-30": "", "2018-06-30": "-500.00000", "2018-03-31": "", "2017-12-31": "", "2017-09-30": "", "2017-06-30": "0.00000", "2017-03-31": "", "2016-12-31": "", "2016-09-30": "", "2016-06-30": "", "2016-03-31": "", "2015-12-31": "", "2015-09-30": "", "2015-06-30": "", "2015-03-31": "", "2014-12-31": "-500.00000", "2014-09-30": "-250.00000", "2014-06-30": "", "2014-03-31": "", "2013-12-31": "", "2013-09-30": "", "2013-06-30": "", "2013-03-31": "", "2012-12-31": "", "2012-09-30": "", "2012-06-30": "", "2012-03-31": "", "2011-12-31": "", "2011-09-30": "", "2011-06-30": "", "2011-03-31": "", "2010-12-31": "", "2009-12-31": ""}, "Operating Expenses": {"2020-12-31": "10105.00000", "2020-09-30": "9647.00000", "2020-06-30": "9673.00000", "2020-03-31": "5016.00000", "2019-12-31": "4748.00000", "2019-09-30": "5862.00000", "2019-06-30": "4855.00000", "2019-03-31": "4818.00000", "2018-12-31": "10746.00000", "2018-09-30": "5077.00000", "2018-06-30": "5516.00000", "2018-03-31": "5031.00000", "2017-12-31": "5957.00000", "2017-09-30": "4301.00000", "2017-06-30": "4282.00000", "2017-03-31": "4131.00000", "2016-12-31": "4482.00000", "2016-09-30": "4071.00000", "2016-06-30": "4065.00000", "2016-03-31": "3680.00000", "2015-12-31": "4287.00000", "2015-09-30": "4059.00000", "2015-06-30": "3623.00000", "2015-03-31": "3353.00000", "2014-12-31": "5867.00000", "2014-09-30": "4059.00000", "2014-06-30": "3411.00000", "2014-03-31": "3212.00000", "2013-12-31": "3576.00000", "2013-09-30": "3287.00000", "2013-06-30": "3239.00000", "2013-03-31": "3024.00000", "2012-12-31": "3385.00000", "2012-09-30": "2912.00000", "2012-06-30": "3071.00000", "2012-03-31": "3195.00000", "2011-12-31": "10750.69000", "2011-09-30": "", "2011-06-30": "", "2011-03-31": "3072.32600", "2010-12-31": "", "2009-12-31": ""}, "Operating Income": {"2020-12-31": "3753.00000", "2020-09-30": "3255.00000", "2020-06-30": "752.00000", "2020-03-31": "3603.00000", "2019-12-31": "3956.00000", "2019-09-30": "2617.00000", "2019-06-30": "3400.00000", "2019-03-31": "3010.00000", "2018-12-31": "-2441.00000", "2018-09-30": "3159.00000", "2018-06-30": "2762.00000", "2018-03-31": "2903.00000", "2017-12-31": "1782.00000", "2017-09-30": "2694.00000", "2017-06-30": "2662.00000", "2017-03-31": "2407.00000", "2016-12-31": "2314.00000", "2016-09-30": "2361.00000", "2016-06-30": "2387.00000", "2016-03-31": "2278.00000", "2015-12-31": "2113.00000", "2015-09-30": "1885.00000", "2015-06-30": "1852.00000", "2015-03-31": "1687.00000", "2014-12-31": "-415.00000", "2014-09-30": "960.00000", "2014-06-30": "1515.00000", "2014-03-31": "1351.00000", "2013-12-31": "1535.00000", "2013-09-30": "1371.00000", "2013-06-30": "1453.00000", "2013-03-31": "1305.00000", "2012-12-31": "1821.00000", "2012-09-30": "1596.00000", "2012-06-30": "1422.00000", "2012-03-31": "978.00000", "2011-12-31": "-5886.68900", "2011-09-30": "4409.00000", "2011-06-30": "4274.00000", "2011-03-31": "824.43600", "2010-12-31": "", "2009-12-31": ""}, "Total Non-Operating Income/Expense": {"2020-12-31": "-5260.00000", "2020-09-30": "-755.00000", "2020-06-30": "-1445.00000", "2020-03-31": "-505.00000", "2019-12-31": "-882.00000", "2019-09-30": "-616.00000", "2019-06-30": "-2593.00000", "2019-03-31": "-466.00000", "2018-12-31": "68.00000", "2018-09-30": "-398.00000", "2018-06-30": "-750.00000", "2018-03-31": "-106.00000", "2017-12-31": "-589.00000", "2017-09-30": "-599.00000", "2017-06-30": "-309.00000", "2017-03-31": "-321.00000", "2016-12-31": "-316.00000", "2016-09-30": "-347.00000", "2016-06-30": "-291.00000", "2016-03-31": "-502.00000", "2015-12-31": "-189.00000", "2015-09-30": "-238.00000", "2015-06-30": "-174.00000", "2015-03-31": "-291.00000", "2014-12-31": "-622.00000", "2014-09-30": "-273.00000", "2014-06-30": "-82.00000", "2014-03-31": "-65.00000", "2013-12-31": "-96.00000", "2013-09-30": "-85.00000", "2013-06-30": "-85.00000", "2013-03-31": "-66.00000", "2012-12-31": "-108.00000", "2012-09-30": "8.00000", "2012-06-30": "-20.00000", "2012-03-31": "28.00000", "2011-12-31": "14.12000", "2011-09-30": "", "2011-06-30": "", "2011-03-31": "33.88600", "2010-12-31": "", "2009-12-31": ""}, "Pre-Tax Income": {"2020-12-31": "-1507.00000", "2020-09-30": "2500.00000", "2020-06-30": "-693.00000", "2020-03-31": "3098.00000", "2019-12-31": "3074.00000", "2019-09-30": "2001.00000", "2019-06-30": "807.00000", "2019-03-31": "2544.00000", "2018-12-31": "-2373.00000", "2018-09-30": "2761.00000", "2018-06-30": "2012.00000", "2018-03-31": "2797.00000", "2017-12-31": "1193.00000", "2017-09-30": "2095.00000", "2017-06-30": "2353.00000", "2017-03-31": "2086.00000", "2016-12-31": "1998.00000", "2016-09-30": "2014.00000", "2016-06-30": "2096.00000", "2016-03-31": "1776.00000", "2015-12-31": "1924.00000", "2015-09-30": "1647.00000", "2015-06-30": "1678.00000", "2015-03-31": "1396.00000", "2014-12-31": "-1037.00000", "2014-09-30": "687.00000", "2014-06-30": "1433.00000", "2014-03-31": "1286.00000", "2013-12-31": "1439.00000", "2013-09-30": "1286.00000", "2013-06-30": "1368.00000", "2013-03-31": "1239.00000", "2012-12-31": "1713.00000", "2012-09-30": "1604.00000", "2012-06-30": "1402.00000", "2012-03-31": "1006.00000", "2011-12-31": "2809.68000", "2011-09-30": "0.00000", "2011-06-30": "0.00000", "2011-03-31": "858.32200", "2010-12-31": "", "2009-12-31": ""}, "Income Taxes": {"2020-12-31": "-1545.00000", "2020-09-30": "187.00000", "2020-06-30": "46.00000", "2020-03-31": "88.00000", "2019-12-31": "273.00000", "2019-09-30": "117.00000", "2019-06-30": "66.00000", "2019-03-31": "88.00000", "2018-12-31": "-547.00000", "2018-09-30": "14.00000", "2018-06-30": "29.00000", "2018-03-31": "14.00000", "2017-12-31": "1141.00000", "2017-09-30": "464.00000", "2017-06-30": "438.00000", "2017-03-31": "375.00000", "2016-12-31": "607.00000", "2016-09-30": "416.00000", "2016-06-30": "486.00000", "2016-03-31": "422.00000", "2015-12-31": "407.00000", "2015-09-30": "408.00000", "2015-06-30": "312.00000", "2015-03-31": "374.00000", "2014-12-31": "-227.00000", "2014-09-30": "181.00000", "2014-06-30": "335.00000", "2014-03-31": "306.00000", "2013-12-31": "311.00000", "2013-09-30": "322.00000", "2013-06-30": "300.00000", "2013-03-31": "271.00000", "2012-12-31": "173.00000", "2012-09-30": "19.00000", "2012-06-30": "135.00000", "2012-03-31": "123.00000", "2011-12-31": "99.88000", "2011-09-30": "0.00000", "2011-06-30": "0.00000", "2011-03-31": "135.12300", "2010-12-31": "", "2009-12-31": ""}, "Income After Taxes": {"2020-12-31": "38.00000", "2020-09-30": "2313.00000", "2020-06-30": "-739.00000", "2020-03-31": "3010.00000", "2019-12-31": "2801.00000", "2019-09-30": "1884.00000", "2019-06-30": "741.00000", "2019-03-31": "2456.00000", "2018-12-31": "-1826.00000", "2018-09-30": "2747.00000", "2018-06-30": "1983.00000", "2018-03-31": "2783.00000", "2017-12-31": "52.00000", "2017-09-30": "1631.00000", "2017-06-30": "1915.00000", "2017-03-31": "1711.00000", "2016-12-31": "1391.00000", "2016-09-30": "1598.00000", "2016-06-30": "1610.00000", "2016-03-31": "1354.00000", "2015-12-31": "1517.00000", "2015-09-30": "1239.00000", "2015-06-30": "1366.00000", "2015-03-31": "1022.00000", "2014-12-31": "-810.00000", "2014-09-30": "506.00000", "2014-06-30": "1098.00000", "2014-03-31": "980.00000", "2013-12-31": "1128.00000", "2013-09-30": "964.00000", "2013-06-30": "1068.00000", "2013-03-31": "968.00000", "2012-12-31": "1540.00000", "2012-09-30": "1585.00000", "2012-06-30": "1267.00000", "2012-03-31": "883.00000", "2011-12-31": "2709.80000", "2011-09-30": "4409.00000", "2011-06-30": "4274.00000", "2011-03-31": "723.19900", "2010-12-31": "", "2009-12-31": ""}, "Other Income": {"2020-12-31": "", "2020-09-30": "", "2020-06-30": "", "2020-03-31": "", "2019-12-31": "", "2019-09-30": "", "2019-06-30": "", "2019-03-31": "", "2018-12-31": "", "2018-09-30": "", "2018-06-30": "", "2018-03-31": "", "2017-12-31": "", "2017-09-30": "", "2017-06-30": "", "2017-03-31": "", "2016-12-31": "", "2016-09-30": "", "2016-06-30": "", "2016-03-31": "", "2015-12-31": "", "2015-09-30": "", "2015-06-30": "", "2015-03-31": "", "2014-12-31": "", "2014-09-30": "", "2014-06-30": "", "2014-03-31": "", "2013-12-31": "", "2013-09-30": "", "2013-06-30": "", "2013-03-31": "", "2012-12-31": "", "2012-09-30": "", "2012-06-30": "", "2012-03-31": "", "2011-12-31": "0.00000", "2011-09-30": "0.00000", "2011-06-30": "0.00000", "2011-03-31": "", "2010-12-31": "", "2009-12-31": ""}, "Income From Continuous Operations": {"2020-12-31": "38.00000", "2020-09-30": "2313.00000", "2020-06-30": "-739.00000", "2020-03-31": "3010.00000", "2019-12-31": "2801.00000", "2019-09-30": "1884.00000", "2019-06-30": "741.00000", "2019-03-31": "2456.00000", "2018-12-31": "-1826.00000", "2018-09-30": "2747.00000", "2018-06-30": "1983.00000", "2018-03-31": "2783.00000", "2017-12-31": "52.00000", "2017-09-30": "1631.00000", "2017-06-30": "1915.00000", "2017-03-31": "1711.00000", "2016-12-31": "1391.00000", "2016-09-30": "1598.00000", "2016-06-30": "1610.00000", "2016-03-31": "1354.00000", "2015-12-31": "1517.00000", "2015-09-30": "1239.00000", "2015-06-30": "1366.00000", "2015-03-31": "1022.00000", "2014-12-31": "-810.00000", "2014-09-30": "506.00000", "2014-06-30": "1098.00000", "2014-03-31": "980.00000", "2013-12-31": "1128.00000", "2013-09-30": "964.00000", "2013-06-30": "1068.00000", "2013-03-31": "968.00000", "2012-12-31": "1540.00000", "2012-09-30": "1585.00000", "2012-06-30": "1267.00000", "2012-03-31": "883.00000", "2011-12-31": "1157.00000", "2011-09-30": "13.00000", "2011-06-30": "1540.00000", "2011-03-31": "723.19900", "2010-12-31": "", "2009-12-31": ""}, "Income From Discontinued Operations": {"2020-12-31": "", "2020-09-30": "", "2020-06-30": "", "2020-03-31": "", "2019-12-31": "", "2019-09-30": "", "2019-06-30": "", "2019-03-31": "", "2018-12-31": "", "2018-09-30": "", "2018-06-30": "", "2018-03-31": "", "2017-12-31": "", "2017-09-30": "", "2017-06-30": "", "2017-03-31": "", "2016-12-31": "", "2016-09-30": "", "2016-06-30": "", "2016-03-31": "", "2015-12-31": "", "2015-09-30": "", "2015-06-30": "", "2015-03-31": "", "2014-12-31": "", "2014-09-30": "", "2014-06-30": "", "2014-03-31": "", "2013-12-31": "", "2013-09-30": "", "2013-06-30": "", "2013-03-31": "", "2012-12-31": "", "2012-09-30": "", "2012-06-30": "", "2012-03-31": "", "2011-12-31": "0.00000", "2011-09-30": "0.00000", "2011-06-30": "0.00000", "2011-03-31": "", "2010-12-31": "", "2009-12-31": ""}, "Net Income": {"2020-12-31": "36.00000", "2020-09-30": "2308.00000", "2020-06-30": "-738.00000", "2020-03-31": "3010.00000", "2019-12-31": "2801.00000", "2019-09-30": "1884.00000", "2019-06-30": "741.00000", "2019-03-31": "2456.00000", "2018-12-31": "-1826.00000", "2018-09-30": "2747.00000", "2018-06-30": "1983.00000", "2018-03-31": "2783.00000", "2017-12-31": "52.00000", "2017-09-30": "1631.00000", "2017-06-30": "1915.00000", "2017-03-31": "1711.00000", "2016-12-31": "1391.00000", "2016-09-30": "1598.00000", "2016-06-30": "1610.00000", "2016-03-31": "1354.00000", "2015-12-31": "1517.00000", "2015-09-30": "1239.00000", "2015-06-30": "1366.00000", "2015-03-31": "1022.00000", "2014-12-31": "-810.00000", "2014-09-30": "506.00000", "2014-06-30": "1098.00000", "2014-03-31": "980.00000", "2013-12-31": "1128.00000", "2013-09-30": "964.00000", "2013-06-30": "1068.00000", "2013-03-31": "968.00000", "2012-12-31": "1540.00000", "2012-09-30": "1585.00000", "2012-06-30": "1267.00000", "2012-03-31": "883.00000", "2011-12-31": "1157.00000", "2011-09-30": "13.00000", "2011-06-30": "1540.00000", "2011-03-31": "723.19900", "2010-12-31": "", "2009-12-31": ""}, "EBITDA": {"2020-12-31": "", "2020-09-30": "5547.00000", "2020-06-30": "2307.00000", "2020-03-31": "4162.00000", "2019-12-31": "4465.00000", "2019-09-30": "3120.00000", "2019-06-30": "3902.00000", "2019-03-31": "3513.00000", "2018-12-31": "-1999.00000", "2018-09-30": "3594.00000", "2018-06-30": "3205.00000", "2018-03-31": "3348.00000", "2017-12-31": "2151.00000", "2017-09-30": "3073.00000", "2017-06-30": "3041.00000", "2017-03-31": "2781.00000", "2016-12-31": "2642.00000", "2016-09-30": "2665.00000", "2016-06-30": "2676.00000", "2016-03-31": "2546.00000", "2015-12-31": "2374.00000", "2015-09-30": "2112.00000", "2015-06-30": "2042.00000", "2015-03-31": "1845.00000", "2014-12-31": "-222.00000", "2014-09-30": "1152.00000", "2014-06-30": "1717.00000", "2014-03-31": "1550.00000", "2013-12-31": "1735.00000", "2013-09-30": "1605.00000", "2013-06-30": "1689.00000", "2013-03-31": "1532.00000", "2012-12-31": "2130.00000", "2012-09-30": "1823.00000", "2012-06-30": "1717.00000", "2012-03-31": "1297.00000", "2011-12-31": "-5561.81700", "2011-09-30": "4724.23300", "2011-06-30": "4591.61000", "2011-03-31": "1138.91100", "2010-12-31": "", "2009-12-31": ""}, "EBIT": {"2020-12-31": "3753.00000", "2020-09-30": "3255.00000", "2020-06-30": "752.00000", "2020-03-31": "3603.00000", "2019-12-31": "3956.00000", "2019-09-30": "2617.00000", "2019-06-30": "3400.00000", "2019-03-31": "3010.00000", "2018-12-31": "-2441.00000", "2018-09-30": "3159.00000", "2018-06-30": "2762.00000", "2018-03-31": "2903.00000", "2017-12-31": "1782.00000", "2017-09-30": "2694.00000", "2017-06-30": "2662.00000", "2017-03-31": "2407.00000", "2016-12-31": "2314.00000", "2016-09-30": "2361.00000", "2016-06-30": "2387.00000", "2016-03-31": "2278.00000", "2015-12-31": "2113.00000", "2015-09-30": "1885.00000", "2015-06-30": "1852.00000", "2015-03-31": "1687.00000", "2014-12-31": "-415.00000", "2014-09-30": "960.00000", "2014-06-30": "1515.00000", "2014-03-31": "1351.00000", "2013-12-31": "1535.00000", "2013-09-30": "1371.00000", "2013-06-30": "1453.00000", "2013-03-31": "1305.00000", "2012-12-31": "1821.00000", "2012-09-30": "1596.00000", "2012-06-30": "1422.00000", "2012-03-31": "978.00000", "2011-12-31": "-5886.68900", "2011-09-30": "4409.00000", "2011-06-30": "4274.00000", "2011-03-31": "824.43600", "2010-12-31": "", "2009-12-31": ""}, "Basic Shares Outstanding": {"2020-12-31": "", "2020-09-30": "1769.00000", "2020-06-30": "1647.00000", "2020-03-31": "1481.00000", "2019-12-31": "1481.00000", "2019-09-30": "1481.00000", "2019-06-30": "1480.00000", "2019-03-31": "1480.00000", "2018-12-31": "1541.00000", "2018-09-30": "1511.00000", "2018-06-30": "1568.00000", "2018-03-31": "1591.00000", "2017-12-31": "1596.00000", "2017-09-30": "1597.00000", "2017-06-30": "1595.00000", "2017-03-31": "1597.00000", "2016-12-31": "1622.00000", "2016-09-30": "1632.00000", "2016-06-30": "1624.00000", "2016-03-31": "1616.00000", "2015-12-31": "1625.00000", "2015-09-30": "1652.00000", "2015-06-30": "1620.00000", "2015-03-31": "1595.00000", "2014-12-31": "1595.00000", "2014-09-30": "1595.00000", "2014-06-30": "1594.00000", "2014-03-31": "1595.00000", "2013-12-31": "1589.00000", "2013-09-30": "1590.00000", "2013-06-30": "1589.00000", "2013-03-31": "1588.00000", "2012-12-31": "1577.00000", "2012-09-30": "1577.00000", "2012-06-30": "1577.00000", "2012-03-31": "1577.00000", "2011-12-31": "1584.93200", "2011-09-30": "1300.00000", "2011-06-30": "1571.42900", "2011-03-31": "", "2010-12-31": "", "2009-12-31": ""}, "Shares Outstanding": {"2020-12-31": "1776.00000", "2020-09-30": "1774.00000", "2020-06-30": "1647.00000", "2020-03-31": "1484.00000", "2019-12-31": "1484.00000", "2019-09-30": "1483.00000", "2019-06-30": "1484.00000", "2019-03-31": "1483.00000", "2018-12-31": "1546.00000", "2018-09-30": "1515.00000", "2018-06-30": "1572.00000", "2018-03-31": "1596.00000", "2017-12-31": "1603.00000", "2017-09-30": "1603.00000", "2017-06-30": "1600.00000", "2017-03-31": "1603.00000", "2016-12-31": "1631.00000", "2016-09-30": "1640.00000", "2016-06-30": "1632.00000", "2016-03-31": "1625.00000", "2015-12-31": "1637.00000", "2015-09-30": "1664.00000", "2015-06-30": "1633.00000", "2015-03-31": "1608.00000", "2014-12-31": "1610.00000", "2014-09-30": "1610.00000", "2014-06-30": "1608.00000", "2014-03-31": "1609.00000", "2013-12-31": "1604.00000", "2013-09-30": "1605.00000", "2013-06-30": "1609.00000", "2013-03-31": "1605.00000", "2012-12-31": "1577.00000", "2012-09-30": "1577.00000", "2012-06-30": "1577.00000", "2012-03-31": "1577.00000", "2011-12-31": "1584.93200", "2011-09-30": "1300.00000", "2011-06-30": "1571.42900", "2011-03-31": "", "2010-12-31": "", "2009-12-31": ""}, "Basic EPS": {"2020-12-31": "", "2020-09-30": "1.30000", "2020-06-30": "-0.46000", "2020-03-31": "2.02000", "2019-12-31": "1.89000", "2019-09-30": "1.27000", "2019-06-30": "0.49000", "2019-03-31": "1.65000", "2018-12-31": "-1.14000", "2018-09-30": "1.81000", "2018-06-30": "1.26000", "2018-03-31": "1.74000", "2017-12-31": "0.02000", "2017-09-30": "1.02000", "2017-06-30": "1.20000", "2017-03-31": "1.07000", "2016-12-31": "0.86000", "2016-09-30": "0.97000", "2016-06-30": "0.99000", "2016-03-31": "0.83000", "2015-12-31": "0.92000", "2015-09-30": "0.75000", "2015-06-30": "0.84000", "2015-03-31": "0.64000", "2014-12-31": "-0.51000", "2014-09-30": "0.32000", "2014-06-30": "0.69000", "2014-03-31": "0.61000", "2013-12-31": "0.70000", "2013-09-30": "0.60000", "2013-06-30": "0.67000", "2013-03-31": "0.61000", "2012-12-31": "0.98000", "2012-09-30": "1.01000", "2012-06-30": "0.80000", "2012-03-31": "0.56000", "2011-12-31": "0.73000", "2011-09-30": "0.01000", "2011-06-30": "0.98000", "2011-03-31": "", "2010-12-31": "", "2009-12-31": ""}, "EPS - Earnings Per Share": {"2020-12-31": "0.01000", "2020-09-30": "1.29000", "2020-06-30": "-0.46000", "2020-03-31": "2.02000", "2019-12-31": "1.88000", "2019-09-30": "1.26000", "2019-06-30": "0.49000", "2019-03-31": "1.65000", "2018-12-31": "-1.15000", "2018-09-30": "1.81000", "2018-06-30": "1.26000", "2018-03-31": "1.74000", "2017-12-31": "0.04000", "2017-09-30": "1.01000", "2017-06-30": "1.19000", "2017-03-31": "1.06000", "2016-12-31": "0.85000", "2016-09-30": "0.97000", "2016-06-30": "0.98000", "2016-03-31": "0.83000", "2015-12-31": "0.93000", "2015-09-30": "0.74000", "2015-06-30": "0.83000", "2015-03-31": "0.63000", "2014-12-31": "-0.50000", "2014-09-30": "0.31000", "2014-06-30": "0.68000", "2014-03-31": "0.61000", "2013-12-31": "0.70000", "2013-09-30": "0.60000", "2013-06-30": "0.66000", "2013-03-31": "0.60000", "2012-12-31": "0.98000", "2012-09-30": "1.01000", "2012-06-30": "0.80000", "2012-03-31": "0.56000", "2011-12-31": "0.73000", "2011-09-30": "0.01000", "2011-06-30": "0.98000", "2011-03-31": "0.00000", "2010-12-31": "0.00000", "2009-12-31": "0.00000"}}, "balance sheet": {"Cash On Hand": {"2020-12-31": "", "2019-12-31": "39924.00000", "2018-12-31": "8061.00000", "2017-12-31": "9789.00000", "2016-12-31": "6423.00000", "2015-12-31": "8407.00000", "2014-12-31": "8374.00000", "2013-12-31": "9895.00000", "2012-12-31": "7976.00000", "2011-12-31": "653.00000", "2010-12-31": "10.77500", "2009-12-31": ""}, "Receivables": {"2020-12-31": "", "2019-12-31": "5428.00000", "2018-12-31": "5384.00000", "2017-12-31": "5088.00000", "2016-12-31": "4758.00000", "2015-12-31": "4730.00000", "2014-12-31": "3735.00000", "2013-12-31": "4803.00000", "2012-12-31": "4298.00000", "2011-12-31": "3817.00000", "2010-12-31": "3373.10400", "2009-12-31": ""}, "Inventory": {"2020-12-31": "", "2019-12-31": "1813.00000", "2018-12-31": "1605.00000", "2017-12-31": "1605.00000", "2016-12-31": "1444.00000", "2015-12-31": "1719.00000", "2014-12-31": "1124.00000", "2013-12-31": "1150.00000", "2012-12-31": "1091.00000", "2011-12-31": "872.00000", "2010-12-31": "836.27000", "2009-12-31": ""}, "Pre-Paid Expenses": {"2020-12-31": "", "2019-12-31": "2354.00000", "2018-12-31": "1895.00000", "2017-12-31": "4741.00000", "2016-12-31": "3562.00000", "2015-12-31": "1458.00000", "2014-12-31": "1952.00000", "2013-12-31": "1234.00000", "2012-12-31": "1320.00000", "2011-12-31": "543.00000", "2010-12-31": "489.04300", "2009-12-31": ""}, "Other Current Assets": {"2020-12-31": "", "2019-12-31": "", "2018-12-31": "", "2017-12-31": "", "2016-12-31": "", "2015-12-31": "", "2014-12-31": "", "2013-12-31": "", "2012-12-31": "", "2011-12-31": "", "2010-12-31": "1872.49000", "2009-12-31": ""}, "Total Current Assets": {"2020-12-31": "", "2019-12-31": "49519.00000", "2018-12-31": "16945.00000", "2017-12-31": "21223.00000", "2016-12-31": "16187.00000", "2015-12-31": "16314.00000", "2014-12-31": "16081.00000", "2013-12-31": "17848.00000", "2012-12-31": "15354.00000", "2011-12-31": "7354.00000", "2010-12-31": "8218.49300", "2009-12-31": ""}, "Property, Plant, And Equipment": {"2020-12-31": "", "2019-12-31": "2962.00000", "2018-12-31": "2883.00000", "2017-12-31": "2803.00000", "2016-12-31": "2604.00000", "2015-12-31": "2565.00000", "2014-12-31": "2485.00000", "2013-12-31": "2298.00000", "2012-12-31": "2247.00000", "2011-12-31": "2144.00000", "2010-12-31": "2357.56300", "2009-12-31": ""}, "Long-Term Investments": {"2020-12-31": "", "2019-12-31": "93.00000", "2018-12-31": "1420.00000", "2017-12-31": "2090.00000", "2016-12-31": "1783.00000", "2015-12-31": "145.00000", "2014-12-31": "92.00000", "2013-12-31": "118.00000", "2012-12-31": "119.00000", "2011-12-31": "229.00000", "2010-12-31": "137.36000", "2009-12-31": ""}, "Goodwill And Intangible Assets": {"2020-12-31": "", "2019-12-31": "34253.00000", "2018-12-31": "36896.00000", "2017-12-31": "43344.00000", "2016-12-31": "44313.00000", "2015-12-31": "32877.00000", "2014-12-31": "7375.00000", "2013-12-31": "8167.00000", "2012-12-31": "8453.00000", "2011-12-31": "9010.00000", "2010-12-31": "9888.36000", "2009-12-31": "0.00000"}, "Other Long-Term Assets": {"2020-12-31": "", "2019-12-31": "2288.00000", "2018-12-31": "1208.00000", "2017-12-31": "1326.00000", "2016-12-31": "1212.00000", "2015-12-31": "1149.00000", "2014-12-31": "1480.00000", "2013-12-31": "767.00000", "2012-12-31": "835.00000", "2011-12-31": "784.00000", "2010-12-31": "", "2009-12-31": ""}, "Total Long-Term Assets": {"2020-12-31": "", "2019-12-31": "39596.00000", "2018-12-31": "42407.00000", "2017-12-31": "49563.00000", "2016-12-31": "49912.00000", "2015-12-31": "36736.00000", "2014-12-31": "11432.00000", "2013-12-31": "11350.00000", "2012-12-31": "11654.00000", "2011-12-31": "12167.00000", "2010-12-31": "12916.21000", "2009-12-31": ""}, "Total Assets": {"2020-12-31": "0.00000", "2019-12-31": "89115.00000", "2018-12-31": "59352.00000", "2017-12-31": "70786.00000", "2016-12-31": "66099.00000", "2015-12-31": "53050.00000", "2014-12-31": "27513.00000", "2013-12-31": "29198.00000", "2012-12-31": "27008.00000", "2011-12-31": "19521.00000", "2010-12-31": "21134.71000", "2009-12-31": "0.00000"}, "Total Current Liabilities": {"2020-12-31": "", "2019-12-31": "15585.00000", "2018-12-31": "17239.00000", "2017-12-31": "16641.00000", "2016-12-31": "9781.00000", "2015-12-31": "10894.00000", "2014-12-31": "11393.00000", "2013-12-31": "6879.00000", "2012-12-31": "6776.00000", "2011-12-31": "5897.00000", "2010-12-31": "3761.24800", "2009-12-31": ""}, "Long Term Debt": {"2020-12-31": "", "2019-12-31": "62975.00000", "2018-12-31": "35002.00000", "2017-12-31": "30953.00000", "2016-12-31": "36440.00000", "2015-12-31": "29240.00000", "2014-12-31": "10538.00000", "2013-12-31": "14292.00000", "2012-12-31": "14630.00000", "2011-12-31": "32.00000", "2010-12-31": "", "2009-12-31": ""}, "Other Non-Current Liabilities": {"2020-12-31": "", "2019-12-31": "17597.00000", "2018-12-31": "14490.00000", "2017-12-31": "15605.00000", "2016-12-31": "8352.00000", "2015-12-31": "3695.00000", "2014-12-31": "3681.00000", "2013-12-31": "3535.00000", "2012-12-31": "2239.00000", "2011-12-31": "1660.00000", "2010-12-31": "1670.45800", "2009-12-31": ""}, "Total Long Term Liabilities": {"2020-12-31": "", "2019-12-31": "81702.00000", "2018-12-31": "50559.00000", "2017-12-31": "49048.00000", "2016-12-31": "51682.00000", "2015-12-31": "38211.00000", "2014-12-31": "14378.00000", "2013-12-31": "17827.00000", "2012-12-31": "16869.00000", "2011-12-31": "1692.00000", "2010-12-31": "1670.45800", "2009-12-31": ""}, "Total Liabilities": {"2020-12-31": "", "2019-12-31": "97287.00000", "2018-12-31": "67798.00000", "2017-12-31": "65689.00000", "2016-12-31": "61463.00000", "2015-12-31": "49105.00000", "2014-12-31": "25771.00000", "2013-12-31": "24706.00000", "2012-12-31": "23645.00000", "2011-12-31": "7589.00000", "2010-12-31": "5431.70600", "2009-12-31": "0.00000"}, "Common Stock Net": {"2020-12-31": "", "2019-12-31": "18.00000", "2018-12-31": "18.00000", "2017-12-31": "18.00000", "2016-12-31": "18.00000", "2015-12-31": "17.00000", "2014-12-31": "16.00000", "2013-12-31": "16.00000", "2012-12-31": "0.00000", "2011-12-31": "", "2010-12-31": "", "2009-12-31": "0.00000"}, "Retained Earnings (Accumulated Deficit)": {"2020-12-31": "", "2019-12-31": "4717.00000", "2018-12-31": "3368.00000", "2017-12-31": "5459.00000", "2016-12-31": "4378.00000", "2015-12-31": "2248.00000", "2014-12-31": "535.00000", "2013-12-31": "1567.00000", "2012-12-31": "", "2011-12-31": "", "2010-12-31": "", "2009-12-31": ""}, "Comprehensive Income": {"2020-12-31": "", "2019-12-31": "-3596.00000", "2018-12-31": "-2480.00000", "2017-12-31": "-2727.00000", "2016-12-31": "-2586.00000", "2015-12-31": "-2561.00000", "2014-12-31": "-2031.00000", "2013-12-31": "-442.00000", "2012-12-31": "-350.00000", "2011-12-31": "-25.00000", "2010-12-31": "288.28900", "2009-12-31": ""}, "Other Share Holders Equity": {"2020-12-31": "", "2019-12-31": "", "2018-12-31": "", "2017-12-31": "", "2016-12-31": "", "2015-12-31": "", "2014-12-31": "", "2013-12-31": "", "2012-12-31": "3713.00000", "2011-12-31": "11957.00000", "2010-12-31": "15414.71000", "2009-12-31": "0.00000"}, "Share Holder Equity": {"2020-12-31": "", "2019-12-31": "-8172.00000", "2018-12-31": "-8446.00000", "2017-12-31": "5097.00000", "2016-12-31": "4636.00000", "2015-12-31": "3945.00000", "2014-12-31": "1742.00000", "2013-12-31": "4492.00000", "2012-12-31": "3363.00000", "2011-12-31": "11932.00000", "2010-12-31": "15703.00000", "2009-12-31": "0.00000"}, "Total Liabilities And Share Holders Equity": {"2020-12-31": "", "2019-12-31": "89115.00000", "2018-12-31": "59352.00000", "2017-12-31": "70786.00000", "2016-12-31": "66099.00000", "2015-12-31": "53050.00000", "2014-12-31": "27513.00000", "2013-12-31": "29198.00000", "2012-12-31": "27008.00000", "2011-12-31": "19521.00000", "2010-12-31": "21134.71000", "2009-12-31": "0.00000"}}, "balance sheet, quarterly": {"Cash On Hand": {"2020-12-31": "", "2020-09-30": "7950.00000", "2020-06-30": "6040.00000", "2020-03-31": "41142.00000", "2019-12-31": "39924.00000", "2019-09-30": "10648.00000", "2019-06-30": "5416.00000", "2019-03-31": "5228.00000", "2018-12-31": "8061.00000", "2018-09-30": "8785.00000", "2018-06-30": "3743.00000", "2018-03-31": "9474.00000", "2017-12-31": "9789.00000", "2017-09-30": "9554.00000", "2017-06-30": "7205.00000", "2017-03-31": "6248.00000", "2016-12-31": "6423.00000", "2016-09-30": "7950.00000", "2016-06-30": "8002.00000", "2016-03-31": "8600.00000", "2015-12-31": "8407.00000", "2015-09-30": "9249.00000", "2015-06-30": "8279.00000", "2015-03-31": "7924.00000", "2014-12-31": "8374.00000", "2014-09-30": "10323.00000", "2014-06-30": "10246.00000", "2014-03-31": "9100.00000", "2013-12-31": "9895.00000", "2013-09-30": "9596.00000", "2013-06-30": "8754.00000", "2013-03-31": "7479.00000", "2012-12-31": "7976.00000", "2012-09-30": "4585.60500", "2012-06-30": "74.53700", "2012-03-31": "42.99100", "2011-12-31": "653.00000", "2011-09-30": "", "2011-06-30": "", "2011-03-31": "", "2010-12-31": "10.77000", "2009-12-31": ""}, "Receivables": {"2020-12-31": "", "2020-09-30": "8416.00000", "2020-06-30": "8354.00000", "2020-03-31": "6362.00000", "2019-12-31": "5428.00000", "2019-09-30": "5529.00000", "2019-06-30": "5482.00000", "2019-03-31": "5680.00000", "2018-12-31": "5384.00000", "2018-09-30": "5780.00000", "2018-06-30": "5793.00000", "2018-03-31": "5841.00000", "2017-12-31": "5088.00000", "2017-09-30": "4891.00000", "2017-06-30": "4859.00000", "2017-03-31": "4677.00000", "2016-12-31": "4758.00000", "2016-09-30": "4999.00000", "2016-06-30": "5048.00000", "2016-03-31": "4753.00000", "2015-12-31": "4730.00000", "2015-09-30": "4574.00000", "2015-06-30": "4367.00000", "2015-03-31": "4356.00000", "2014-12-31": "3735.00000", "2014-09-30": "3995.00000", "2014-06-30": "3811.00000", "2014-03-31": "4590.00000", "2013-12-31": "4803.00000", "2013-09-30": "3798.00000", "2013-06-30": "3755.00000", "2013-03-31": "4299.00000", "2012-12-31": "4298.00000", "2012-09-30": "3097.51000", "2012-06-30": "2994.00500", "2012-03-31": "3646.76300", "2011-12-31": "3817.00000", "2011-09-30": "", "2011-06-30": "", "2011-03-31": "", "2010-12-31": "3373.10000", "2009-12-31": ""}, "Inventory": {"2020-12-31": "", "2020-09-30": "3474.00000", "2020-06-30": "4059.00000", "2020-03-31": "1844.00000", "2019-12-31": "1813.00000", "2019-09-30": "1929.00000", "2019-06-30": "1895.00000", "2019-03-31": "1702.00000", "2018-12-31": "1605.00000", "2018-09-30": "1786.00000", "2018-06-30": "1580.00000", "2018-03-31": "1738.00000", "2017-12-31": "1605.00000", "2017-09-30": "1785.00000", "2017-06-30": "1582.00000", "2017-03-31": "1427.00000", "2016-12-31": "1444.00000", "2016-09-30": "1630.00000", "2016-06-30": "1756.00000", "2016-03-31": "1789.00000", "2015-12-31": "1719.00000", "2015-09-30": "1841.00000", "2015-06-30": "1623.00000", "2015-03-31": "1022.00000", "2014-12-31": "1124.00000", "2014-09-30": "1008.00000", "2014-06-30": "1048.00000", "2014-03-31": "1104.00000", "2013-12-31": "1150.00000", "2013-09-30": "1172.00000", "2013-06-30": "1085.00000", "2013-03-31": "1037.00000", "2012-12-31": "1091.00000", "2012-09-30": "958.87800", "2012-06-30": "862.77500", "2012-03-31": "915.79400", "2011-12-31": "872.00000", "2011-09-30": "", "2011-06-30": "", "2011-03-31": "", "2010-12-31": "836.27000", "2009-12-31": ""}, "Pre-Paid Expenses": {"2020-12-31": "", "2020-09-30": "3169.00000", "2020-06-30": "2803.00000", "2020-03-31": "2410.00000", "2019-12-31": "2354.00000", "2019-09-30": "2060.00000", "2019-06-30": "2307.00000", "2019-03-31": "1803.00000", "2018-12-31": "1895.00000", "2018-09-30": "2114.00000", "2018-06-30": "2729.00000", "2018-03-31": "3391.00000", "2017-12-31": "4741.00000", "2017-09-30": "2700.00000", "2017-06-30": "3316.00000", "2017-03-31": "3195.00000", "2016-12-31": "3562.00000", "2016-09-30": "1711.00000", "2016-06-30": "1985.00000", "2016-03-31": "1480.00000", "2015-12-31": "1458.00000", "2015-09-30": "1148.00000", "2015-06-30": "1381.00000", "2015-03-31": "1050.00000", "2014-12-31": "1952.00000", "2014-09-30": "1705.00000", "2014-06-30": "1585.00000", "2014-03-31": "1460.00000", "2013-12-31": "1234.00000", "2013-09-30": "558.00000", "2013-06-30": "626.00000", "2013-03-31": "711.00000", "2012-12-31": "1320.00000", "2012-09-30": "", "2012-06-30": "", "2012-03-31": "", "2011-12-31": "543.00000", "2011-09-30": "", "2011-06-30": "", "2011-03-31": "", "2010-12-31": "", "2009-12-31": ""}, "Other Current Assets": {"2020-12-31": "", "2020-09-30": "", "2020-06-30": "", "2020-03-31": "", "2019-12-31": "", "2019-09-30": "", "2019-06-30": "", "2019-03-31": "", "2018-12-31": "", "2018-09-30": "", "2018-06-30": "", "2018-03-31": "", "2017-12-31": "", "2017-09-30": "", "2017-06-30": "", "2017-03-31": "", "2016-12-31": "", "2016-09-30": "", "2016-06-30": "", "2016-03-31": "", "2015-12-31": "", "2015-09-30": "", "2015-06-30": "", "2015-03-31": "", "2014-12-31": "", "2014-09-30": "", "2014-06-30": "", "2014-03-31": "", "2013-12-31": "", "2013-09-30": "", "2013-06-30": "", "2013-03-31": "", "2012-12-31": "", "2012-09-30": "", "2012-06-30": "", "2012-03-31": "", "2011-12-31": "", "2011-09-30": "", "2011-06-30": "", "2011-03-31": "", "2010-12-31": "5635.15000", "2009-12-31": ""}, "Total Current Assets": {"2020-12-31": "", "2020-09-30": "23009.00000", "2020-06-30": "21256.00000", "2020-03-31": "51758.00000", "2019-12-31": "49519.00000", "2019-09-30": "20166.00000", "2019-06-30": "15100.00000", "2019-03-31": "14413.00000", "2018-12-31": "16945.00000", "2018-09-30": "18465.00000", "2018-06-30": "13845.00000", "2018-03-31": "20444.00000", "2017-12-31": "21223.00000", "2017-09-30": "18930.00000", "2017-06-30": "16962.00000", "2017-03-31": "15547.00000", "2016-12-31": "16187.00000", "2016-09-30": "16290.00000", "2016-06-30": "16791.00000", "2016-03-31": "16622.00000", "2015-12-31": "16314.00000", "2015-09-30": "17912.00000", "2015-06-30": "16877.00000", "2015-03-31": "15408.00000", "2014-12-31": "16081.00000", "2014-09-30": "17555.00000", "2014-06-30": "17794.00000", "2014-03-31": "17329.00000", "2013-12-31": "17848.00000", "2013-09-30": "16543.00000", "2013-06-30": "15662.00000", "2013-03-31": "14923.00000", "2012-12-31": "15354.00000", "2012-09-30": "10930.74000", "2012-06-30": "5992.96000", "2012-03-31": "6751.04800", "2011-12-31": "7354.00000", "2011-09-30": "", "2011-06-30": "", "2011-03-31": "", "2010-12-31": "8218.49000", "2009-12-31": ""}, "Property, Plant, And Equipment": {"2020-12-31": "", "2020-09-30": "4986.00000", "2020-06-30": "4908.00000", "2020-03-31": "2961.00000", "2019-12-31": "2962.00000", "2019-09-30": "2894.00000", "2019-06-30": "2879.00000", "2019-03-31": "2860.00000", "2018-12-31": "2883.00000", "2018-09-30": "2950.00000", "2018-06-30": "2787.00000", "2018-03-31": "2828.00000", "2017-12-31": "2803.00000", "2017-09-30": "2697.00000", "2017-06-30": "2657.00000", "2017-03-31": "2612.00000", "2016-12-31": "2604.00000", "2016-09-30": "2638.00000", "2016-06-30": "2618.00000", "2016-03-31": "2597.00000", "2015-12-31": "2565.00000", "2015-09-30": "2546.00000", "2015-06-30": "2517.00000", "2015-03-31": "2431.00000", "2014-12-31": "2485.00000", "2014-09-30": "2432.00000", "2014-06-30": "2387.00000", "2014-03-31": "2333.00000", "2013-12-31": "2298.00000", "2013-09-30": "2244.00000", "2013-06-30": "2213.00000", "2013-03-31": "2200.00000", "2012-12-31": "2247.00000", "2012-09-30": "2138.89800", "2012-06-30": "2092.02100", "2012-03-31": "2168.58200", "2011-12-31": "2144.00000", "2011-09-30": "", "2011-06-30": "", "2011-03-31": "", "2010-12-31": "6101.92000", "2009-12-31": ""}, "Long-Term Investments": {"2020-12-31": "", "2020-09-30": "246.00000", "2020-06-30": "225.00000", "2020-03-31": "78.00000", "2019-12-31": "93.00000", "2019-09-30": "131.00000", "2019-06-30": "1473.00000", "2019-03-31": "1477.00000", "2018-12-31": "1420.00000", "2018-09-30": "1463.00000", "2018-06-30": "1505.00000", "2018-03-31": "2057.00000", "2017-12-31": "2090.00000", "2017-09-30": "1971.00000", "2017-06-30": "2052.00000", "2017-03-31": "2123.00000", "2016-12-31": "1783.00000", "2016-09-30": "1378.00000", "2016-06-30": "1400.00000", "2016-03-31": "387.00000", "2015-12-31": "145.00000", "2015-09-30": "74.00000", "2015-06-30": "134.00000", "2015-03-31": "93.00000", "2014-12-31": "92.00000", "2014-09-30": "124.00000", "2014-06-30": "130.00000", "2014-03-31": "119.00000", "2013-12-31": "118.00000", "2013-09-30": "123.00000", "2013-06-30": "121.00000", "2013-03-31": "118.00000", "2012-12-31": "119.00000", "2012-09-30": "202.61900", "2012-06-30": "237.00300", "2012-03-31": "221.46600", "2011-12-31": "229.00000", "2011-09-30": "", "2011-06-30": "", "2011-03-31": "", "2010-12-31": "137.36000", "2009-12-31": ""}, "Goodwill And Intangible Assets": {"2020-12-31": "", "2020-09-30": "117444.00000", "2020-06-30": "119132.00000", "2020-03-31": "33764.00000", "2019-12-31": "34253.00000", "2019-09-30": "34573.00000", "2019-06-30": "36101.00000", "2019-03-31": "36452.00000", "2018-12-31": "36896.00000", "2018-09-30": "42343.00000", "2018-06-30": "42595.00000", "2018-03-31": "43110.00000", "2017-12-31": "43344.00000", "2017-09-30": "43915.00000", "2017-06-30": "44018.00000", "2017-03-31": "44119.00000", "2016-12-31": "44313.00000", "2016-09-30": "44770.00000", "2016-06-30": "44957.00000", "2016-03-31": "32786.00000", "2015-12-31": "32877.00000", "2015-09-30": "33065.00000", "2015-06-30": "33146.00000", "2015-03-31": "7012.00000", "2014-12-31": "7375.00000", "2014-09-30": "7542.00000", "2014-06-30": "7939.00000", "2014-03-31": "8073.00000", "2013-12-31": "8167.00000", "2013-09-30": "8192.00000", "2013-06-30": "8221.00000", "2013-03-31": "8213.00000", "2012-12-31": "8453.00000", "2012-09-30": "8523.25900", "2012-06-30": "8513.85500", "2012-03-31": "8908.69800", "2011-12-31": "9010.00000", "2011-09-30": "0.00000", "2011-06-30": "0.00000", "2011-03-31": "0.00000", "2010-12-31": "9888.36000", "2009-12-31": "0.00000"}, "Other Long-Term Assets": {"2020-12-31": "", "2020-09-30": "3936.00000", "2020-06-30": "4009.00000", "2020-03-31": "2638.00000", "2019-12-31": "2288.00000", "2019-09-30": "1677.00000", "2019-06-30": "1589.00000", "2019-03-31": "1567.00000", "2018-12-31": "1208.00000", "2018-09-30": "943.00000", "2018-06-30": "909.00000", "2018-03-31": "903.00000", "2017-12-31": "1326.00000", "2017-09-30": "1327.00000", "2017-06-30": "1305.00000", "2017-03-31": "1263.00000", "2016-12-31": "1212.00000", "2016-09-30": "1550.00000", "2016-06-30": "1445.00000", "2016-03-31": "1328.00000", "2015-12-31": "1149.00000", "2015-09-30": "1235.00000", "2015-06-30": "1181.00000", "2015-03-31": "1755.00000", "2014-12-31": "1480.00000", "2014-09-30": "801.00000", "2014-06-30": "795.00000", "2014-03-31": "803.00000", "2013-12-31": "767.00000", "2013-09-30": "1150.00000", "2013-06-30": "1693.00000", "2013-03-31": "1715.00000", "2012-12-31": "835.00000", "2012-09-30": "", "2012-06-30": "", "2012-03-31": "", "2011-12-31": "784.00000", "2011-09-30": "", "2011-06-30": "", "2011-03-31": "", "2010-12-31": "", "2009-12-31": ""}, "Total Long-Term Assets": {"2020-12-31": "", "2020-09-30": "126612.00000", "2020-06-30": "128274.00000", "2020-03-31": "39441.00000", "2019-12-31": "39596.00000", "2019-09-30": "39275.00000", "2019-06-30": "42042.00000", "2019-03-31": "42356.00000", "2018-12-31": "42407.00000", "2018-09-30": "47699.00000", "2018-06-30": "47796.00000", "2018-03-31": "48898.00000", "2017-12-31": "49563.00000", "2017-09-30": "49910.00000", "2017-06-30": "50032.00000", "2017-03-31": "50117.00000", "2016-12-31": "49912.00000", "2016-09-30": "50336.00000", "2016-06-30": "50420.00000", "2016-03-31": "37098.00000", "2015-12-31": "36736.00000", "2015-09-30": "36920.00000", "2015-06-30": "36978.00000", "2015-03-31": "11291.00000", "2014-12-31": "11432.00000", "2014-09-30": "10899.00000", "2014-06-30": "11251.00000", "2014-03-31": "11328.00000", "2013-12-31": "11350.00000", "2013-09-30": "11709.00000", "2013-06-30": "12248.00000", "2013-03-31": "12246.00000", "2012-12-31": "11654.00000", "2012-09-30": "11799.24000", "2012-06-30": "11716.59000", "2012-03-31": "12210.51000", "2011-12-31": "12167.00000", "2011-09-30": "", "2011-06-30": "", "2011-03-31": "", "2010-12-31": "16660.56000", "2009-12-31": ""}, "Total Assets": {"2020-12-31": "0.00000", "2020-09-30": "149621.00000", "2020-06-30": "149530.00000", "2020-03-31": "91199.00000", "2019-12-31": "89115.00000", "2019-09-30": "59441.00000", "2019-06-30": "57142.00000", "2019-03-31": "56769.00000", "2018-12-31": "59352.00000", "2018-09-30": "66164.00000", "2018-06-30": "61641.00000", "2018-03-31": "69342.00000", "2017-12-31": "70786.00000", "2017-09-30": "68840.00000", "2017-06-30": "66994.00000", "2017-03-31": "65664.00000", "2016-12-31": "66099.00000", "2016-09-30": "66626.00000", "2016-06-30": "67211.00000", "2016-03-31": "53720.00000", "2015-12-31": "53050.00000", "2015-09-30": "54832.00000", "2015-06-30": "53855.00000", "2015-03-31": "26699.00000", "2014-12-31": "27513.00000", "2014-09-30": "28454.00000", "2014-06-30": "29045.00000", "2014-03-31": "28657.00000", "2013-12-31": "29198.00000", "2013-09-30": "28252.00000", "2013-06-30": "27910.00000", "2013-03-31": "27169.00000", "2012-12-31": "27008.00000", "2012-09-30": "22729.98000", "2012-06-30": "17709.55000", "2012-03-31": "18961.56000", "2011-12-31": "19521.00000", "2011-09-30": "0.00000", "2011-06-30": "0.00000", "2011-03-31": "0.00000", "2010-12-31": "21134.71000", "2009-12-31": "0.00000"}, "Total Current Liabilities": {"2020-12-31": "", "2020-09-30": "24181.00000", "2020-06-30": "24646.00000", "2020-03-31": "16471.00000", "2019-12-31": "15585.00000", "2019-09-30": "17493.00000", "2019-06-30": "16941.00000", "2019-03-31": "13904.00000", "2018-12-31": "17239.00000", "2018-09-30": "15387.00000", "2018-06-30": "17224.00000", "2018-03-31": "17058.00000", "2017-12-31": "16641.00000", "2017-09-30": "13033.00000", "2017-06-30": "12259.00000", "2017-03-31": "8844.00000", "2016-12-31": "9781.00000", "2016-09-30": "9103.00000", "2016-06-30": "9272.00000", "2016-03-31": "10662.00000", "2015-12-31": "10894.00000", "2015-09-30": "8813.00000", "2015-06-30": "11258.00000", "2015-03-31": "11050.00000", "2014-12-31": "11393.00000", "2014-09-30": "6635.00000", "2014-06-30": "6317.00000", "2014-03-31": "6216.00000", "2013-12-31": "6879.00000", "2013-09-30": "6875.00000", "2013-06-30": "6805.00000", "2013-03-31": "6766.00000", "2012-12-31": "6776.00000", "2012-09-30": "5367.89200", "2012-06-30": "4839.72100", "2012-03-31": "5514.95900", "2011-12-31": "5897.00000", "2011-09-30": "", "2011-06-30": "", "2011-03-31": "", "2010-12-31": "3761.24000", "2009-12-31": ""}, "Long Term Debt": {"2020-12-31": "", "2020-09-30": "82282.00000", "2020-06-30": "82061.00000", "2020-03-31": "63284.00000", "2019-12-31": "62975.00000", "2019-09-30": "33126.00000", "2019-06-30": "31619.00000", "2019-03-31": "35066.00000", "2018-12-31": "35002.00000", "2018-09-30": "36487.00000", "2018-06-30": "30579.00000", "2018-03-31": "30906.00000", "2017-12-31": "30953.00000", "2017-09-30": "33974.00000", "2017-06-30": "33817.00000", "2017-03-31": "36526.00000", "2016-12-31": "36440.00000", "2016-09-30": "37284.00000", "2016-06-30": "37328.00000", "2016-03-31": "29490.00000", "2015-12-31": "29240.00000", "2015-09-30": "31359.00000", "2015-06-30": "27116.00000", "2015-03-31": "10683.00000", "2014-12-31": "10538.00000", "2014-09-30": "14469.00000", "2014-06-30": "14470.00000", "2014-03-31": "14386.00000", "2013-12-31": "14292.00000", "2013-09-30": "14375.00000", "2013-06-30": "14326.00000", "2013-03-31": "14601.00000", "2012-12-31": "14630.00000", "2012-09-30": "", "2012-06-30": "", "2012-03-31": "", "2011-12-31": "32.00000", "2011-09-30": "", "2011-06-30": "", "2011-03-31": "", "2010-12-31": "", "2009-12-31": ""}, "Other Non-Current Liabilities": {"2020-12-31": "", "2020-09-30": "23384.00000", "2020-06-30": "23306.00000", "2020-03-31": "17900.00000", "2019-12-31": "17597.00000", "2019-09-30": "15990.00000", "2019-06-30": "16000.00000", "2019-03-31": "14509.00000", "2018-12-31": "14490.00000", "2018-09-30": "15721.00000", "2018-06-30": "15543.00000", "2018-03-31": "15521.00000", "2017-12-31": "15605.00000", "2017-09-30": "8999.00000", "2017-06-30": "8518.00000", "2017-03-31": "8499.00000", "2016-12-31": "8352.00000", "2016-09-30": "7646.00000", "2016-06-30": "7791.00000", "2016-03-31": "3513.00000", "2015-12-31": "3695.00000", "2015-09-30": "3801.00000", "2015-06-30": "3918.00000", "2015-03-31": "3589.00000", "2014-12-31": "3681.00000", "2014-09-30": "2705.00000", "2014-06-30": "3040.00000", "2014-03-31": "3358.00000", "2013-12-31": "3535.00000", "2013-09-30": "3425.00000", "2013-06-30": "3221.00000", "2013-03-31": "2845.00000", "2012-12-31": "2239.00000", "2012-09-30": "1693.25100", "2012-06-30": "1364.75800", "2012-03-31": "1395.83500", "2011-12-31": "1660.00000", "2011-09-30": "", "2011-06-30": "", "2011-03-31": "", "2010-12-31": "1670.45000", "2009-12-31": ""}, "Total Long Term Liabilities": {"2020-12-31": "", "2020-09-30": "110151.00000", "2020-06-30": "110152.00000", "2020-03-31": "82143.00000", "2019-12-31": "81702.00000", "2019-09-30": "50174.00000", "2019-06-30": "48767.00000", "2019-03-31": "50691.00000", "2018-12-31": "50559.00000", "2018-09-30": "53698.00000", "2018-06-30": "47792.00000", "2018-03-31": "48731.00000", "2017-12-31": "49048.00000", "2017-09-30": "49120.00000", "2017-06-30": "48726.00000", "2017-03-31": "51822.00000", "2016-12-31": "51682.00000", "2016-09-30": "51054.00000", "2016-06-30": "52299.00000", "2016-03-31": "38415.00000", "2015-12-31": "38211.00000", "2015-09-30": "41156.00000", "2015-06-30": "37093.00000", "2015-03-31": "14272.00000", "2014-12-31": "14378.00000", "2014-09-30": "17174.00000", "2014-06-30": "17510.00000", "2014-03-31": "17744.00000", "2013-12-31": "17827.00000", "2013-09-30": "17800.00000", "2013-06-30": "17547.00000", "2013-03-31": "17446.00000", "2012-12-31": "16869.00000", "2012-09-30": "1693.25100", "2012-06-30": "1364.75800", "2012-03-31": "1395.83500", "2011-12-31": "1692.00000", "2011-09-30": "", "2011-06-30": "", "2011-03-31": "", "2010-12-31": "1670.45000", "2009-12-31": ""}, "Total Liabilities": {"2020-12-31": "", "2020-09-30": "134332.00000", "2020-06-30": "134798.00000", "2020-03-31": "98614.00000", "2019-12-31": "97287.00000", "2019-09-30": "67667.00000", "2019-06-30": "65708.00000", "2019-03-31": "64595.00000", "2018-12-31": "67798.00000", "2018-09-30": "69085.00000", "2018-06-30": "65016.00000", "2018-03-31": "65789.00000", "2017-12-31": "65689.00000", "2017-09-30": "62153.00000", "2017-06-30": "60985.00000", "2017-03-31": "60666.00000", "2016-12-31": "61463.00000", "2016-09-30": "60157.00000", "2016-06-30": "61571.00000", "2016-03-31": "49077.00000", "2015-12-31": "49105.00000", "2015-09-30": "49969.00000", "2015-06-30": "48351.00000", "2015-03-31": "25322.00000", "2014-12-31": "25771.00000", "2014-09-30": "23809.00000", "2014-06-30": "23827.00000", "2014-03-31": "23960.00000", "2013-12-31": "24706.00000", "2013-09-30": "24675.00000", "2013-06-30": "24352.00000", "2013-03-31": "24212.00000", "2012-12-31": "23645.00000", "2012-09-30": "7061.14300", "2012-06-30": "6204.47900", "2012-03-31": "6910.79400", "2011-12-31": "7589.00000", "2011-09-30": "0.00000", "2011-06-30": "0.00000", "2011-03-31": "0.00000", "2010-12-31": "5431.70000", "2009-12-31": "0.00000"}, "Common Stock Net": {"2020-12-31": "", "2020-09-30": "18.00000", "2020-06-30": "18.00000", "2020-03-31": "18.00000", "2019-12-31": "18.00000", "2019-09-30": "18.00000", "2019-06-30": "18.00000", "2019-03-31": "18.00000", "2018-12-31": "18.00000", "2018-09-30": "18.00000", "2018-06-30": "18.00000", "2018-03-31": "18.00000", "2017-12-31": "18.00000", "2017-09-30": "18.00000", "2017-06-30": "18.00000", "2017-03-31": "18.00000", "2016-12-31": "18.00000", "2016-09-30": "18.00000", "2016-06-30": "18.00000", "2016-03-31": "18.00000", "2015-12-31": "17.00000", "2015-09-30": "17.00000", "2015-06-30": "17.00000", "2015-03-31": "16.00000", "2014-12-31": "16.00000", "2014-09-30": "16.00000", "2014-06-30": "16.00000", "2014-03-31": "16.00000", "2013-12-31": "16.00000", "2013-09-30": "16.00000", "2013-06-30": "16.00000", "2013-03-31": "16.00000", "2012-12-31": "", "2012-09-30": "", "2012-06-30": "", "2012-03-31": "", "2011-12-31": "", "2011-09-30": "0.00000", "2011-06-30": "0.00000", "2011-03-31": "0.00000", "2010-12-31": "0.00000", "2009-12-31": "0.00000"}, "Retained Earnings (Accumulated Deficit)": {"2020-12-31": "", "2020-09-30": "3335.00000", "2020-06-30": "3130.00000", "2020-03-31": "5973.00000", "2019-12-31": "4717.00000", "2019-09-30": "3673.00000", "2019-06-30": "3384.00000", "2019-03-31": "4234.00000", "2018-12-31": "3368.00000", "2018-09-30": "6789.00000", "2018-06-30": "5495.00000", "2018-03-31": "4977.00000", "2017-12-31": "5459.00000", "2017-09-30": "6547.00000", "2017-06-30": "5951.00000", "2017-03-31": "5063.00000", "2016-12-31": "4378.00000", "2016-09-30": "4011.00000", "2016-06-30": "3349.00000", "2016-03-31": "2673.00000", "2015-12-31": "2248.00000", "2015-09-30": "1654.00000", "2015-06-30": "1256.00000", "2015-03-31": "739.00000", "2014-12-31": "535.00000", "2014-09-30": "2131.00000", "2014-06-30": "2299.00000", "2014-03-31": "1874.00000", "2013-12-31": "1567.00000", "2013-09-30": "1081.00000", "2013-06-30": "758.00000", "2013-03-31": "330.00000", "2012-12-31": "", "2012-09-30": "", "2012-06-30": "", "2012-03-31": "", "2011-12-31": "", "2011-09-30": "", "2011-06-30": "", "2011-03-31": "", "2010-12-31": "", "2009-12-31": ""}, "Comprehensive Income": {"2020-12-31": "", "2020-09-30": "-3259.00000", "2020-06-30": "-3435.00000", "2020-03-31": "-3697.00000", "2019-12-31": "-3596.00000", "2019-09-30": "-2528.00000", "2019-06-30": "-2491.00000", "2019-03-31": "-2516.00000", "2018-12-31": "-2480.00000", "2018-09-30": "-2559.00000", "2018-06-30": "-2639.00000", "2018-03-31": "-2630.00000", "2017-12-31": "-2727.00000", "2017-09-30": "-2613.00000", "2017-06-30": "-2548.00000", "2017-03-31": "-2542.00000", "2016-12-31": "-2586.00000", "2016-09-30": "-2340.00000", "2016-06-30": "-2390.00000", "2016-03-31": "-2423.00000", "2015-12-31": "-2561.00000", "2015-09-30": "-2499.00000", "2015-06-30": "-2374.00000", "2015-03-31": "-2467.00000", "2014-12-31": "-2031.00000", "2014-09-30": "-913.00000", "2014-06-30": "-420.00000", "2014-03-31": "-426.00000", "2013-12-31": "-442.00000", "2013-09-30": "-981.00000", "2013-06-30": "-1169.00000", "2013-03-31": "-1237.00000", "2012-12-31": "-350.00000", "2012-09-30": "-164.91800", "2012-06-30": "-325.49300", "2012-03-31": "194.18000", "2011-12-31": "-25.00000", "2011-09-30": "", "2011-06-30": "", "2011-03-31": "", "2010-12-31": "", "2009-12-31": ""}, "Other Share Holders Equity": {"2020-12-31": "", "2020-09-30": "", "2020-06-30": "", "2020-03-31": "", "2019-12-31": "", "2019-09-30": "", "2019-06-30": "", "2019-03-31": "", "2018-12-31": "", "2018-09-30": "", "2018-06-30": "", "2018-03-31": "", "2017-12-31": "", "2017-09-30": "", "2017-06-30": "", "2017-03-31": "", "2016-12-31": "", "2016-09-30": "", "2016-06-30": "", "2016-03-31": "", "2015-12-31": "", "2015-09-30": "", "2015-06-30": "", "2015-03-31": "", "2014-12-31": "", "2014-09-30": "", "2014-06-30": "", "2014-03-31": "", "2013-12-31": "", "2013-09-30": "", "2013-06-30": "", "2013-03-31": "", "2012-12-31": "3713.00000", "2012-09-30": "15833.75000", "2012-06-30": "11830.57000", "2012-03-31": "11856.59000", "2011-12-31": "11957.00000", "2011-09-30": "0.00000", "2011-06-30": "0.00000", "2011-03-31": "0.00000", "2010-12-31": "15703.00000", "2009-12-31": "0.00000"}, "Share Holder Equity": {"2020-12-31": "", "2020-09-30": "15289.00000", "2020-06-30": "14732.00000", "2020-03-31": "-7415.00000", "2019-12-31": "-8172.00000", "2019-09-30": "-8226.00000", "2019-06-30": "-8566.00000", "2019-03-31": "-7826.00000", "2018-12-31": "-8446.00000", "2018-09-30": "-2921.00000", "2018-06-30": "-3375.00000", "2018-03-31": "3553.00000", "2017-12-31": "5097.00000", "2017-09-30": "6687.00000", "2017-06-30": "6009.00000", "2017-03-31": "4998.00000", "2016-12-31": "4636.00000", "2016-09-30": "6469.00000", "2016-06-30": "5640.00000", "2016-03-31": "4643.00000", "2015-12-31": "3945.00000", "2015-09-30": "4863.00000", "2015-06-30": "5504.00000", "2015-03-31": "1377.00000", "2014-12-31": "1742.00000", "2014-09-30": "4645.00000", "2014-06-30": "5218.00000", "2014-03-31": "4697.00000", "2013-12-31": "4492.00000", "2013-09-30": "3577.00000", "2013-06-30": "3558.00000", "2013-03-31": "2957.00000", "2012-12-31": "3363.00000", "2012-09-30": "15668.84000", "2012-06-30": "11505.08000", "2012-03-31": "12050.77000", "2011-12-31": "11932.00000", "2011-09-30": "0.00000", "2011-06-30": "0.00000", "2011-03-31": "0.00000", "2010-12-31": "15703.00000", "2009-12-31": "0.00000"}, "Total Liabilities And Share Holders Equity": {"2020-12-31": "", "2020-09-30": "149621.00000", "2020-06-30": "149530.00000", "2020-03-31": "91199.00000", "2019-12-31": "89115.00000", "2019-09-30": "59441.00000", "2019-06-30": "57142.00000", "2019-03-31": "56769.00000", "2018-12-31": "59352.00000", "2018-09-30": "66164.00000", "2018-06-30": "61641.00000", "2018-03-31": "69342.00000", "2017-12-31": "70786.00000", "2017-09-30": "68840.00000", "2017-06-30": "66994.00000", "2017-03-31": "65664.00000", "2016-12-31": "66099.00000", "2016-09-30": "66626.00000", "2016-06-30": "67211.00000", "2016-03-31": "53720.00000", "2015-12-31": "53050.00000", "2015-09-30": "54832.00000", "2015-06-30": "53855.00000", "2015-03-31": "26699.00000", "2014-12-31": "27513.00000", "2014-09-30": "28454.00000", "2014-06-30": "29045.00000", "2014-03-31": "28657.00000", "2013-12-31": "29198.00000", "2013-09-30": "28252.00000", "2013-06-30": "27910.00000", "2013-03-31": "27169.00000", "2012-12-31": "27008.00000", "2012-09-30": "22729.98000", "2012-06-30": "17709.55000", "2012-03-31": "18961.56000", "2011-12-31": "19521.00000", "2011-09-30": "0.00000", "2011-06-30": "0.00000", "2011-03-31": "0.00000", "2010-12-31": "21134.71000", "2009-12-31": "0.00000"}}, "cash flow statement": {"Net Income/Loss": {"2020-12-31": "0.00000", "2019-12-31": "7882.00000", "2018-12-31": "5687.00000", "2017-12-31": "5309.00000", "2016-12-31": "5953.00000", "2015-12-31": "5144.00000", "2014-12-31": "1774.00000", "2013-12-31": "4128.00000", "2012-12-31": "5275.00000", "2011-12-31": "3433.00000", "2010-12-31": "4178.00000", "2009-12-31": "4636.51500"}, "Total Depreciation And Amortization - Cash Flow": {"2020-12-31": "", "2019-12-31": "2017.00000", "2018-12-31": "1765.00000", "2017-12-31": "1501.00000", "2016-12-31": "1189.00000", "2015-12-31": "836.00000", "2014-12-31": "786.00000", "2013-12-31": "897.00000", "2012-12-31": "1150.00000", "2011-12-31": "1272.00000", "2010-12-31": "1184.00000", "2009-12-31": "697.49200"}, "Other Non-Cash Items": {"2020-12-31": "", "2019-12-31": "4711.00000", "2018-12-31": "7025.00000", "2017-12-31": "3057.00000", "2016-12-31": "1198.00000", "2015-12-31": "562.00000", "2014-12-31": "1343.00000", "2013-12-31": "550.00000", "2012-12-31": "475.00000", "2011-12-31": "836.00000", "2010-12-31": "480.00000", "2009-12-31": "-470.41200"}, "Total Non-Cash Items": {"2020-12-31": "", "2019-12-31": "6728.00000", "2018-12-31": "8790.00000", "2017-12-31": "4558.00000", "2016-12-31": "2387.00000", "2015-12-31": "1398.00000", "2014-12-31": "2129.00000", "2013-12-31": "1447.00000", "2012-12-31": "1625.00000", "2011-12-31": "2108.00000", "2010-12-31": "1664.00000", "2009-12-31": "227.08000"}, "Change In Accounts Receivable": {"2020-12-31": "", "2019-12-31": "-74.00000", "2018-12-31": "-591.00000", "2017-12-31": "-391.00000", "2016-12-31": "-71.00000", "2015-12-31": "-1076.00000", "2014-12-31": "-172.00000", "2013-12-31": "681.00000", "2012-12-31": "223.00000", "2011-12-31": "-498.00000", "2010-12-31": "-60.00000", "2009-12-31": "-322.19300"}, "Change In Inventories": {"2020-12-31": "", "2019-12-31": "-231.00000", "2018-12-31": "-226.00000", "2017-12-31": "93.00000", "2016-12-31": "-38.00000", "2015-12-31": "-434.00000", "2014-12-31": "-203.00000", "2013-12-31": "-56.00000", "2012-12-31": "-203.00000", "2011-12-31": "-87.00000", "2010-12-31": "-73.00000", "2009-12-31": "165.34700"}, "Change In Accounts Payable": {"2020-12-31": "", "2019-12-31": "-1121.00000", "2018-12-31": "190.00000", "2017-12-31": "425.00000", "2016-12-31": "-1187.00000", "2015-12-31": "1503.00000", "2014-12-31": "-193.00000", "2013-12-31": "-426.00000", "2012-12-31": "-731.00000", "2011-12-31": "1497.00000", "2010-12-31": "-695.00000", "2009-12-31": "210.32400"}, "Change In Assets/Liabilities": {"2020-12-31": "", "2019-12-31": "140.00000", "2018-12-31": "-423.00000", "2017-12-31": "-34.00000", "2016-12-31": "-3.00000", "2015-12-31": "1000.00000", "2014-12-31": "214.00000", "2013-12-31": "493.00000", "2012-12-31": "156.00000", "2011-12-31": "-206.00000", "2010-12-31": "-38.00000", "2009-12-31": "450.26300"}, "Total Change In Assets/Liabilities": {"2020-12-31": "", "2019-12-31": "-1286.00000", "2018-12-31": "-1050.00000", "2017-12-31": "93.00000", "2016-12-31": "-1299.00000", "2015-12-31": "993.00000", "2014-12-31": "-354.00000", "2013-12-31": "692.00000", "2012-12-31": "-555.00000", "2011-12-31": "706.00000", "2010-12-31": "-866.00000", "2009-12-31": "503.74100"}, "Cash Flow From Operating Activities": {"2020-12-31": "", "2019-12-31": "13324.00000", "2018-12-31": "13427.00000", "2017-12-31": "9960.00000", "2016-12-31": "7041.00000", "2015-12-31": "7535.00000", "2014-12-31": "3549.00000", "2013-12-31": "6267.00000", "2012-12-31": "6345.00000", "2011-12-31": "6247.00000", "2010-12-31": "4976.00000", "2009-12-31": "5367.33600"}, "Net Change In Property, Plant, And Equipment": {"2020-12-31": "", "2019-12-31": "-552.00000", "2018-12-31": "-638.00000", "2017-12-31": "-529.00000", "2016-12-31": "-479.00000", "2015-12-31": "-532.00000", "2014-12-31": "-612.00000", "2013-12-31": "-491.00000", "2012-12-31": "-333.00000", "2011-12-31": "-356.00000", "2010-12-31": "-448.00000", "2009-12-31": "-312.56500"}, "Net Change In Intangible Assets": {"2020-12-31": "", "2019-12-31": "", "2018-12-31": "", "2017-12-31": "", "2016-12-31": "", "2015-12-31": "", "2014-12-31": "", "2013-12-31": "", "2012-12-31": "", "2011-12-31": "", "2010-12-31": "", "2009-12-31": ""}, "Net Acquisitions/Divestitures": {"2020-12-31": "", "2019-12-31": "-1135.00000", "2018-12-31": "-736.00000", "2017-12-31": "-308.00000", "2016-12-31": "-2757.00000", "2015-12-31": "-12452.00000", "2014-12-31": "-622.00000", "2013-12-31": "-405.00000", "2012-12-31": "-688.00000", "2011-12-31": "-273.00000", "2010-12-31": "-2621.00000", "2009-12-31": "-170.00000"}, "Net Change In Short-term Investments": {"2020-12-31": "", "2019-12-31": "", "2018-12-31": "", "2017-12-31": "", "2016-12-31": "", "2015-12-31": "", "2014-12-31": "", "2013-12-31": "", "2012-12-31": "", "2011-12-31": "", "2010-12-31": "", "2009-12-31": ""}, "Net Change In Long-Term Investments": {"2020-12-31": "", "2019-12-31": "2116.00000", "2018-12-31": "368.00000", "2017-12-31": "563.00000", "2016-12-31": "-2956.00000", "2015-12-31": "48.00000", "2014-12-31": "308.00000", "2013-12-31": "1775.00000", "2012-12-31": "-1397.00000", "2011-12-31": "-688.00000", "2010-12-31": "-92.00000", "2009-12-31": "-4.20700"}, "Net Change In Investments - Total": {"2020-12-31": "", "2019-12-31": "2116.00000", "2018-12-31": "368.00000", "2017-12-31": "563.00000", "2016-12-31": "-2956.00000", "2015-12-31": "48.00000", "2014-12-31": "308.00000", "2013-12-31": "1775.00000", "2012-12-31": "-1397.00000", "2011-12-31": "-688.00000", "2010-12-31": "-92.00000", "2009-12-31": "-4.20700"}, "Investing Activities - Other": {"2020-12-31": "", "2019-12-31": "167.00000", "2018-12-31": "", "2017-12-31": "", "2016-12-31": "118.00000", "2015-12-31": "", "2014-12-31": "", "2013-12-31": "", "2012-12-31": "", "2011-12-31": "1870.00000", "2010-12-31": "-1870.00000", "2009-12-31": "0.41700"}, "Cash Flow From Investing Activities": {"2020-12-31": "", "2019-12-31": "596.00000", "2018-12-31": "-1006.00000", "2017-12-31": "-274.00000", "2016-12-31": "-6074.00000", "2015-12-31": "-12936.00000", "2014-12-31": "-926.00000", "2013-12-31": "879.00000", "2012-12-31": "-2418.00000", "2011-12-31": "553.00000", "2010-12-31": "-5031.00000", "2009-12-31": "-486.35500"}, "Net Long-Term Debt": {"2020-12-31": "", "2019-12-31": "29946.00000", "2018-12-31": "-72.00000", "2017-12-31": "-25.00000", "2016-12-31": "5617.00000", "2015-12-31": "16642.00000", "2014-12-31": "-17.00000", "2013-12-31": "", "2012-12-31": "14586.00000", "2011-12-31": "", "2010-12-31": "", "2009-12-31": "-34.76600"}, "Net Current Debt": {"2020-12-31": "", "2019-12-31": "-3699.00000", "2018-12-31": "3301.00000", "2017-12-31": "23.00000", "2016-12-31": "-23.00000", "2015-12-31": "-19.00000", "2014-12-31": "12.00000", "2013-12-31": "-601.00000", "2012-12-31": "1000.00000", "2011-12-31": "", "2010-12-31": "", "2009-12-31": ""}, "Debt Issuance/Retirement Net - Total": {"2020-12-31": "", "2019-12-31": "26247.00000", "2018-12-31": "3229.00000", "2017-12-31": "-2.00000", "2016-12-31": "5594.00000", "2015-12-31": "16623.00000", "2014-12-31": "-5.00000", "2013-12-31": "-601.00000", "2012-12-31": "15586.00000", "2011-12-31": "", "2010-12-31": "", "2009-12-31": "-34.76600"}, "Net Common Equity Issued/Repurchased": {"2020-12-31": "", "2019-12-31": "-621.00000", "2018-12-31": "-11941.00000", "2017-12-31": "-1156.00000", "2016-12-31": "-5765.00000", "2015-12-31": "-7431.00000", "2014-12-31": "-433.00000", "2013-12-31": "27.00000", "2012-12-31": "", "2011-12-31": "", "2010-12-31": "", "2009-12-31": ""}, "Net Total Equity Issued/Repurchased": {"2020-12-31": "", "2019-12-31": "-621.00000", "2018-12-31": "-11941.00000", "2017-12-31": "-1156.00000", "2016-12-31": "-5765.00000", "2015-12-31": "-7431.00000", "2014-12-31": "-433.00000", "2013-12-31": "27.00000", "2012-12-31": "", "2011-12-31": "", "2010-12-31": "", "2009-12-31": ""}, "Total Common And Preferred Stock Dividends Paid": {"2020-12-31": "", "2019-12-31": "-6366.00000", "2018-12-31": "-5580.00000", "2017-12-31": "-4107.00000", "2016-12-31": "-3717.00000", "2015-12-31": "-3294.00000", "2014-12-31": "-2661.00000", "2013-12-31": "-2555.00000", "2012-12-31": "", "2011-12-31": "", "2010-12-31": "", "2009-12-31": ""}, "Financial Activities - Other": {"2020-12-31": "", "2019-12-31": "-552.00000", "2018-12-31": "-104.00000", "2017-12-31": "-247.00000", "2016-12-31": "-40.00000", "2015-12-31": "-146.00000", "2014-12-31": "-194.00000", "2013-12-31": "-313.00000", "2012-12-31": "-13655.00000", "2011-12-31": "-6783.00000", "2010-12-31": "65.00000", "2009-12-31": "-4846.38500"}, "Cash Flow From Financial Activities": {"2020-12-31": "", "2019-12-31": "18708.00000", "2018-12-31": "-14396.00000", "2017-12-31": "-5512.00000", "2016-12-31": "-3928.00000", "2015-12-31": "5752.00000", "2014-12-31": "-3293.00000", "2013-12-31": "-3442.00000", "2012-12-31": "1931.00000", "2011-12-31": "-6783.00000", "2010-12-31": "65.00000", "2009-12-31": "-4881.15100"}, "Net Cash Flow": {"2020-12-31": "", "2019-12-31": "32635.00000", "2018-12-31": "-2014.00000", "2017-12-31": "4203.00000", "2016-12-31": "-3299.00000", "2015-12-31": "51.00000", "2014-12-31": "-1247.00000", "2013-12-31": "3694.00000", "2012-12-31": "5874.00000", "2011-12-31": "17.00000", "2010-12-31": "10.00000", "2009-12-31": "-0.17000"}, "Stock-Based Compensation": {"2020-12-31": "", "2019-12-31": "430.00000", "2018-12-31": "421.00000", "2017-12-31": "365.00000", "2016-12-31": "353.00000", "2015-12-31": "282.00000", "2014-12-31": "241.00000", "2013-12-31": "212.00000", "2012-12-31": "187.00000", "2011-12-31": "163.00000", "2010-12-31": "167.00000", "2009-12-31": "156.71800"}, "Common Stock Dividends Paid": {"2020-12-31": "", "2019-12-31": "-6366.00000", "2018-12-31": "-5580.00000", "2017-12-31": "-4107.00000", "2016-12-31": "-3717.00000", "2015-12-31": "-3294.00000", "2014-12-31": "-2661.00000", "2013-12-31": "-2555.00000", "2012-12-31": "0.00000", "2011-12-31": "0.00000", "2010-12-31": "", "2009-12-31": ""}}, "cash flow statement, quarterly": {"Net Income/Loss": {"2020-12-31": -4584, "2020-09-30": 2313, "2020-06-30": -739, "2020-03-31": "3010.00000", "2019-12-31": 2801, "2019-09-30": 1884, "2019-06-30": 741, "2019-03-31": "2456.00000", "2018-12-31": -1826, "2018-09-30": 2747, "2018-06-30": 1983, "2018-03-31": "2783.00000", "2017-12-31": 52, "2017-09-30": 1631, "2017-06-30": 1915, "2017-03-31": "1711.00000", "2016-12-31": 1391, "2016-09-30": 1598, "2016-06-30": 1610, "2016-03-31": "1354.00000", "2015-12-31": 1517, "2015-09-30": 1239, "2015-06-30": 1366, "2015-03-31": "1022.00000", "2014-12-31": -810, "2014-09-30": 506, "2014-06-30": 1098, "2014-03-31": "980.00000", "2013-12-31": 1128, "2013-09-30": 964, "2013-06-30": 1068, "2013-03-31": "968.00000", "2012-12-31": 1540, "2012-09-30": 1585, "2012-06-30": 1267, "2012-03-31": "883.00000", "2011-12-31": 1157.555, "2011-09-30": 12.335, "2011-06-30": 1540.031, "2011-03-31": "723.19900", "2010-12-31": -458.65, "2009-12-31": 4636.51}, "Total Depreciation And Amortization - Cash Flow": {"2020-12-31": -4406, "2020-09-30": 2292, "2020-06-30": 1555, "2020-03-31": "559.00000", "2019-12-31": 509, "2019-09-30": 503, "2019-06-30": 502, "2019-03-31": "503.00000", "2018-12-31": 442, "2018-09-30": 435, "2018-06-30": 443, "2018-03-31": "445.00000", "2017-12-31": 369, "2017-09-30": 379, "2017-06-30": 379, "2017-03-31": "374.00000", "2016-12-31": 328, "2016-09-30": 304, "2016-06-30": 289, "2016-03-31": "268.00000", "2015-12-31": 261, "2015-09-30": 227, "2015-06-30": 190, "2015-03-31": "158.00000", "2014-12-31": 193, "2014-09-30": 192, "2014-06-30": 202, "2014-03-31": "199.00000", "2013-12-31": 200, "2013-09-30": 234, "2013-06-30": 236, "2013-03-31": "227.00000", "2012-12-31": 309, "2012-09-30": 227, "2012-06-30": 295, "2012-03-31": "319.00000", "2011-12-31": 324.872, "2011-09-30": 315.233, "2011-06-30": 317.61, "2011-03-31": "314.47500", "2010-12-31": 486.87, "2009-12-31": 697.49}, "Other Non-Cash Items": {"2020-12-31": -2225, "2020-09-30": 203, "2020-06-30": 1691, "2020-03-31": "331.00000", "2019-12-31": 413, "2019-09-30": 1156, "2019-06-30": 2589, "2019-03-31": "553.00000", "2018-12-31": 5531, "2018-09-30": 225, "2018-06-30": 1125, "2018-03-31": "144.00000", "2017-12-31": 2137, "2017-09-30": 504, "2017-06-30": 162, "2017-03-31": "254.00000", "2016-12-31": 249, "2016-09-30": 251, "2016-06-30": 237, "2016-03-31": "461.00000", "2015-12-31": 53, "2015-09-30": 185, "2015-06-30": 78, "2015-03-31": "246.00000", "2014-12-31": 571, "2014-09-30": 602, "2014-06-30": 64, "2014-03-31": "106.00000", "2013-12-31": 85, "2013-09-30": 262, "2013-06-30": 116, "2013-03-31": "87.00000", "2012-12-31": 59, "2012-09-30": 30, "2012-06-30": 145, "2012-03-31": "241.00000", "2011-12-31": 440.973, "2011-09-30": 23.948, "2011-06-30": 196.658, "2011-03-31": "174.42100", "2010-12-31": 0, "2009-12-31": 0}, "Total Non-Cash Items": {"2020-12-31": -6631, "2020-09-30": 2495, "2020-06-30": 3246, "2020-03-31": "890.00000", "2019-12-31": 922, "2019-09-30": 1659, "2019-06-30": 3091, "2019-03-31": "1056.00000", "2018-12-31": 5973, "2018-09-30": 660, "2018-06-30": 1568, "2018-03-31": "589.00000", "2017-12-31": 2506, "2017-09-30": 883, "2017-06-30": 541, "2017-03-31": "628.00000", "2016-12-31": 577, "2016-09-30": 555, "2016-06-30": 526, "2016-03-31": "729.00000", "2015-12-31": 314, "2015-09-30": 412, "2015-06-30": 268, "2015-03-31": "404.00000", "2014-12-31": 764, "2014-09-30": 794, "2014-06-30": 266, "2014-03-31": "305.00000", "2013-12-31": 285, "2013-09-30": 496, "2013-06-30": 352, "2013-03-31": "314.00000", "2012-12-31": 368, "2012-09-30": 257, "2012-06-30": 440, "2012-03-31": "560.00000", "2011-12-31": -70.155, "2011-09-30": 339.181, "2011-06-30": 514.268, "2011-03-31": "488.89600", "2010-12-31": 486.87, "2009-12-31": 697.49}, "Change In Accounts Receivable": {"2020-12-31": 574, "2020-09-30": -31, "2020-06-30": 482, "2020-03-31": "-1025.00000", "2019-12-31": 133, "2019-09-30": -111, "2019-06-30": 220, "2019-03-31": "-316.00000", "2018-12-31": 215, "2018-09-30": -1, "2018-06-30": -124, "2018-03-31": "-681.00000", "2017-12-31": -228, "2017-09-30": 4, "2017-06-30": -133, "2017-03-31": "-34.00000", "2016-12-31": 58, "2016-09-30": 65, "2016-06-30": -275, "2016-03-31": "81.00000", "2015-12-31": -234, "2015-09-30": -254, "2015-06-30": -44, "2015-03-31": "-544.00000", "2014-12-31": -267, "2014-09-30": -25, "2014-06-30": -47, "2014-03-31": "167.00000", "2013-12-31": 27, "2013-09-30": 69, "2013-06-30": 528, "2013-03-31": "57.00000", "2012-12-31": -490, "2012-09-30": -39, "2012-06-30": 531, "2012-03-31": "221.00000", "2011-12-31": -631.041, "2011-09-30": -63.272, "2011-06-30": 240.243, "2011-03-31": "-43.93000", "2010-12-31": 0, "2009-12-31": 0}, "Change In Inventories": {"2020-12-31": 193, "2020-09-30": 111, "2020-06-30": -197, "2020-03-31": "-107.00000", "2019-12-31": 170, "2019-09-30": -113, "2019-06-30": -160, "2019-03-31": "-128.00000", "2018-12-31": 141, "2018-09-30": -176, "2018-06-30": -120, "2018-03-31": "-71.00000", "2017-12-31": 212, "2017-09-30": -120, "2017-06-30": -70, "2017-03-31": "71.00000", "2016-12-31": -66, "2016-09-30": 28, "2016-06-30": -19, "2016-03-31": "19.00000", "2015-12-31": 12, "2015-09-30": -286, "2015-06-30": -85, "2015-03-31": "-75.00000", "2014-12-31": -223, "2014-09-30": -77, "2014-06-30": 47, "2014-03-31": "50.00000", "2013-12-31": 30, "2013-09-30": -36, "2013-06-30": -61, "2013-03-31": "11.00000", "2012-12-31": -104, "2012-09-30": -43, "2012-06-30": -49, "2012-03-31": "-7.00000", "2011-12-31": -74.963, "2011-09-30": -16.537, "2011-06-30": -30.894, "2011-03-31": "35.39400", "2010-12-31": 0, "2009-12-31": 0}, "Change In Accounts Payable": {"2020-12-31": -1903, "2020-09-30": 1437, "2020-06-30": -599, "2020-03-31": "1065.00000", "2019-12-31": -1615, "2019-09-30": 860, "2019-06-30": -460, "2019-03-31": "94.00000", "2018-12-31": -691, "2018-09-30": 869, "2018-06-30": -179, "2018-03-31": "191.00000", "2017-12-31": -19, "2017-09-30": 974, "2017-06-30": -264, "2017-03-31": "-266.00000", "2016-12-31": -212, "2016-09-30": -1064, "2016-06-30": 47, "2016-03-31": "42.00000", "2015-12-31": 175, "2015-09-30": 919, "2015-06-30": 221, "2015-03-31": "188.00000", "2014-12-31": -192, "2014-09-30": 216, "2014-06-30": 395, "2014-03-31": "-612.00000", "2013-12-31": -653, "2013-09-30": 409, "2013-06-30": 24, "2013-03-31": "-206.00000", "2012-12-31": -497, "2012-09-30": 440, "2012-06-30": -662, "2012-03-31": "-12.00000", "2011-12-31": 1497, "2011-09-30": 0, "2011-06-30": 0, "2011-03-31": "", "2010-12-31": 0, "2009-12-31": 0}, "Change In Assets/Liabilities": {"2020-12-31": -681, "2020-09-30": 7, "2020-06-30": 692, "2020-03-31": "-18.00000", "2019-12-31": 137, "2019-09-30": 283, "2019-06-30": -135, "2019-03-31": "-145.00000", "2018-12-31": -420, "2018-09-30": 425, "2018-06-30": -262, "2018-03-31": "-166.00000", "2017-12-31": 61, "2017-09-30": -101, "2017-06-30": 14, "2017-03-31": "-8.00000", "2016-12-31": -207, "2016-09-30": 272, "2016-06-30": 29, "2016-03-31": "-97.00000", "2015-12-31": 179, "2015-09-30": 125, "2015-06-30": 106, "2015-03-31": "590.00000", "2014-12-31": 150, "2014-09-30": 372, "2014-06-30": -42, "2014-03-31": "-266.00000", "2013-12-31": 428, "2013-09-30": -104, "2013-06-30": 126, "2013-03-31": "43.00000", "2012-12-31": 124, "2012-09-30": 49, "2012-06-30": 34, "2012-03-31": "-51.00000", "2011-12-31": -1665.282, "2011-09-30": 1497.709, "2011-06-30": -116.588, "2011-03-31": "78.16100", "2010-12-31": 0, "2009-12-31": 0}, "Total Change In Assets/Liabilities": {"2020-12-31": -1519, "2020-09-30": 1022, "2020-06-30": 582, "2020-03-31": "-85.00000", "2019-12-31": -448, "2019-09-30": 1012, "2019-06-30": -1355, "2019-03-31": "-495.00000", "2018-12-31": -755, "2018-09-30": 1117, "2018-06-30": -685, "2018-03-31": "-727.00000", "2017-12-31": 26, "2017-09-30": 757, "2017-06-30": -453, "2017-03-31": "-237.00000", "2016-12-31": -427, "2016-09-30": -699, "2016-06-30": -218, "2016-03-31": "45.00000", "2015-12-31": 132, "2015-09-30": 504, "2015-06-30": 198, "2015-03-31": "159.00000", "2014-12-31": -532, "2014-09-30": 486, "2014-06-30": 353, "2014-03-31": "-661.00000", "2013-12-31": -168, "2013-09-30": 338, "2013-06-30": 617, "2013-03-31": "-95.00000", "2012-12-31": -967, "2012-09-30": 407, "2012-06-30": -146, "2012-03-31": "151.00000", "2011-12-31": -874.126, "2011-09-30": 1417.9, "2011-06-30": 92.761, "2011-03-31": "69.62500", "2010-12-31": -1369.75, "2009-12-31": 503.74}, "Cash Flow From Operating Activities": {"2020-12-31": -12734, "2020-09-30": 5830, "2020-06-30": 3089, "2020-03-31": "3815.00000", "2019-12-31": 3275, "2019-09-30": 4555, "2019-06-30": 2477, "2019-03-31": "3017.00000", "2018-12-31": 3392, "2018-09-30": 4524, "2018-06-30": 2866, "2018-03-31": "2645.00000", "2017-12-31": 2584, "2017-09-30": 3271, "2017-06-30": 2003, "2017-03-31": "2102.00000", "2016-12-31": 1541, "2016-09-30": 1454, "2016-06-30": 1918, "2016-03-31": "2128.00000", "2015-12-31": 1963, "2015-09-30": 2155, "2015-06-30": 1832, "2015-03-31": "1585.00000", "2014-12-31": -578, "2014-09-30": 1786, "2014-06-30": 1717, "2014-03-31": "624.00000", "2013-12-31": 1245, "2013-09-30": 1798, "2013-06-30": 2037, "2013-03-31": "1187.00000", "2012-12-31": 941, "2012-09-30": 2249, "2012-06-30": 1561, "2012-03-31": "1594.00000", "2011-12-31": 1048.764, "2011-09-30": 1769.416, "2011-06-30": 2147.06, "2011-03-31": "1281.72000", "2010-12-31": -391.17, "2009-12-31": 5367.33}, "Net Change In Property, Plant, And Equipment": {"2020-12-31": 519, "2020-09-30": -217, "2020-06-30": -177, "2020-03-31": "-125.00000", "2019-12-31": -163, "2019-09-30": -154, "2019-06-30": -128, "2019-03-31": "-107.00000", "2018-12-31": -123, "2018-09-30": -282, "2018-06-30": -114, "2018-03-31": "-119.00000", "2017-12-31": -182, "2017-09-30": -126, "2017-06-30": -126, "2017-03-31": "-95.00000", "2016-12-31": -114, "2016-09-30": -113, "2016-06-30": -131, "2016-03-31": "-121.00000", "2015-12-31": -145, "2015-09-30": -127, "2015-06-30": -115, "2015-03-31": "-145.00000", "2014-12-31": -153, "2014-09-30": -180, "2014-06-30": -142, "2014-03-31": "-137.00000", "2013-12-31": -151, "2013-09-30": -133, "2013-06-30": -119, "2013-03-31": "-88.00000", "2012-12-31": -95, "2012-09-30": 18, "2012-06-30": -94, "2012-03-31": "-162.00000", "2011-12-31": -104.405, "2011-09-30": -63.169, "2011-06-30": -91.088, "2011-03-31": "-96.84800", "2010-12-31": -135.58, "2009-12-31": -312.56}, "Net Change In Intangible Assets": {"2020-12-31": 0, "2020-09-30": 0, "2020-06-30": 0, "2020-03-31": "", "2019-12-31": 0, "2019-09-30": 0, "2019-06-30": 0, "2019-03-31": "", "2018-12-31": 0, "2018-09-30": 0, "2018-06-30": 0, "2018-03-31": "", "2017-12-31": 0, "2017-09-30": 0, "2017-06-30": 0, "2017-03-31": "", "2016-12-31": 0, "2016-09-30": 0, "2016-06-30": 0, "2016-03-31": "", "2015-12-31": 0, "2015-09-30": 0, "2015-06-30": 0, "2015-03-31": "", "2014-12-31": 0, "2014-09-30": 0, "2014-06-30": 0, "2014-03-31": "", "2013-12-31": 0, "2013-09-30": 0, "2013-06-30": 0, "2013-03-31": "", "2012-12-31": 0, "2012-09-30": 0, "2012-06-30": 0, "2012-03-31": "", "2011-12-31": 0, "2011-09-30": 0, "2011-06-30": 0, "2011-03-31": "", "2010-12-31": 0, "2009-12-31": 0}, "Net Acquisitions/Divestitures": {"2020-12-31": 39210, "2020-09-30": -880, "2020-06-30": -38318, "2020-03-31": "-12.00000", "2019-12-31": -659, "2019-09-30": -36, "2019-06-30": -120, "2019-03-31": "-320.00000", "2018-12-31": -195, "2018-09-30": -140, "2018-06-30": -29, "2018-03-31": "-372.00000", "2017-12-31": -128, "2017-09-30": -80, "2017-06-30": -37, "2017-03-31": "-63.00000", "2016-12-31": -108, "2016-09-30": -62, "2016-06-30": -2559, "2016-03-31": "-28.00000", "2015-12-31": -170, "2015-09-30": 0, "2015-06-30": -11546, "2015-03-31": "-736.00000", "2014-12-31": -50, "2014-09-30": -555, "2014-06-30": -17, "2014-03-31": "", "2013-12-31": -47, "2013-09-30": -224, "2013-06-30": -134, "2013-03-31": "", "2012-12-31": 92, "2012-09-30": 0, "2012-06-30": -109, "2012-03-31": "-671.00000", "2011-12-31": 0, "2011-09-30": -85, "2011-06-30": -187.5, "2011-03-31": "", "2010-12-31": -2451.3, "2009-12-31": -170}, "Net Change In Short-term Investments": {"2020-12-31": 0, "2020-09-30": 0, "2020-06-30": 0, "2020-03-31": "", "2019-12-31": 0, "2019-09-30": 0, "2019-06-30": 0, "2019-03-31": "", "2018-12-31": 0, "2018-09-30": 0, "2018-06-30": 0, "2018-03-31": "", "2017-12-31": 0, "2017-09-30": 0, "2017-06-30": 0, "2017-03-31": "", "2016-12-31": 0, "2016-09-30": 0, "2016-06-30": 0, "2016-03-31": "", "2015-12-31": 0, "2015-09-30": 0, "2015-06-30": 0, "2015-03-31": "", "2014-12-31": 0, "2014-09-30": 0, "2014-06-30": 0, "2014-03-31": "", "2013-12-31": 0, "2013-09-30": 0, "2013-06-30": 0, "2013-03-31": "", "2012-12-31": 0, "2012-09-30": 0, "2012-06-30": 0, "2012-03-31": "", "2011-12-31": 0, "2011-09-30": 0, "2011-06-30": 0, "2011-03-31": "", "2010-12-31": 0, "2009-12-31": 0}, "Net Change In Long-Term Investments": {"2020-12-31": -1417, "2020-09-30": 20, "2020-06-30": 1384, "2020-03-31": "13.00000", "2019-12-31": 40, "2019-09-30": 1568, "2019-06-30": 108, "2019-03-31": "400.00000", "2018-12-31": 35, "2018-09-30": -541, "2018-06-30": 830, "2018-03-31": "44.00000", "2017-12-31": 511, "2017-09-30": 97, "2017-06-30": 481, "2017-03-31": "-526.00000", "2016-12-31": -15, "2016-09-30": -24, "2016-06-30": -1608, "2016-03-31": "-1309.00000", "2015-12-31": 18, "2015-09-30": 872, "2015-06-30": -850, "2015-03-31": "8.00000", "2014-12-31": 17, "2014-09-30": 1151, "2014-06-30": -200, "2014-03-31": "-660.00000", "2013-12-31": 321, "2013-09-30": -607, "2013-06-30": 486, "2013-03-31": "1575.00000", "2012-12-31": -202, "2012-09-30": -1825, "2012-06-30": 1, "2012-03-31": "629.00000", "2011-12-31": 614.439, "2011-09-30": 622.268, "2011-06-30": -1936.855, "2011-03-31": "12.14800", "2010-12-31": 0, "2009-12-31": 0}, "Net Change In Investments - Total": {"2020-12-31": -1417, "2020-09-30": 20, "2020-06-30": 1384, "2020-03-31": "13.00000", "2019-12-31": 40, "2019-09-30": 1568, "2019-06-30": 108, "2019-03-31": "400.00000", "2018-12-31": 35, "2018-09-30": -541, "2018-06-30": 830, "2018-03-31": "44.00000", "2017-12-31": 511, "2017-09-30": 97, "2017-06-30": 481, "2017-03-31": "-526.00000", "2016-12-31": -15, "2016-09-30": -24, "2016-06-30": -1608, "2016-03-31": "-1309.00000", "2015-12-31": 18, "2015-09-30": 872, "2015-06-30": -850, "2015-03-31": "8.00000", "2014-12-31": 17, "2014-09-30": 1151, "2014-06-30": -200, "2014-03-31": "-660.00000", "2013-12-31": 321, "2013-09-30": -607, "2013-06-30": 486, "2013-03-31": "1575.00000", "2012-12-31": -202, "2012-09-30": -1825, "2012-06-30": 1, "2012-03-31": "629.00000", "2011-12-31": 614.119, "2011-09-30": 622.268, "2011-06-30": -1936.855, "2011-03-31": "12.14800", "2010-12-31": -88.49, "2009-12-31": -4.2}, "Investing Activities - Other": {"2020-12-31": -1382, "2020-09-30": -72, "2020-06-30": 1459, "2020-03-31": "-5.00000", "2019-12-31": 167, "2019-09-30": 0, "2019-06-30": 0, "2019-03-31": "", "2018-12-31": 0, "2018-09-30": 0, "2018-06-30": 0, "2018-03-31": "", "2017-12-31": 0, "2017-09-30": 0, "2017-06-30": 0, "2017-03-31": "", "2016-12-31": 118, "2016-09-30": 0, "2016-06-30": 0, "2016-03-31": "", "2015-12-31": 0, "2015-09-30": 0, "2015-06-30": 0, "2015-03-31": "", "2014-12-31": 2700, "2014-09-30": -2700, "2014-06-30": 0, "2014-03-31": "", "2013-12-31": 0, "2013-09-30": 0, "2013-06-30": 0, "2013-03-31": "", "2012-12-31": -1, "2012-09-30": 1, "2012-06-30": 0, "2012-03-31": "", "2011-12-31": 0.12, "2011-09-30": 0, "2011-06-30": 1870.06, "2011-03-31": "0.06000", "2010-12-31": -1870.03, "2009-12-31": 0.41}, "Cash Flow From Investing Activities": {"2020-12-31": 36930, "2020-09-30": -1149, "2020-06-30": -35652, "2020-03-31": "-129.00000", "2019-12-31": -615, "2019-09-30": 1378, "2019-06-30": -140, "2019-03-31": "-27.00000", "2018-12-31": -283, "2018-09-30": -963, "2018-06-30": 687, "2018-03-31": "-447.00000", "2017-12-31": 201, "2017-09-30": -109, "2017-06-30": 318, "2017-03-31": "-684.00000", "2016-12-31": -119, "2016-09-30": -199, "2016-06-30": -4298, "2016-03-31": "-1458.00000", "2015-12-31": -297, "2015-09-30": 745, "2015-06-30": -12511, "2015-03-31": "-873.00000", "2014-12-31": 2514, "2014-09-30": -2284, "2014-06-30": -359, "2014-03-31": "-797.00000", "2013-12-31": 123, "2013-09-30": -964, "2013-06-30": 233, "2013-03-31": "1487.00000", "2012-12-31": -206, "2012-09-30": -1806, "2012-06-30": -202, "2012-03-31": "-204.00000", "2011-12-31": 509.814, "2011-09-30": 474.099, "2011-06-30": -345.383, "2011-03-31": "-84.64000", "2010-12-31": -4545.41, "2009-12-31": -486.35}, "Net Long-Term Debt": {"2020-12-31": 1414, "2020-09-30": -651, "2020-06-30": -763, "2020-03-31": "", "2019-12-31": 28417, "2019-09-30": 1533, "2019-06-30": -4, "2019-03-31": "", "2018-12-31": -1014, "2018-09-30": 3955, "2018-06-30": -3006, "2018-03-31": "-7.00000", "2017-12-31": -7, "2017-09-30": -5, "2017-06-30": -7, "2017-03-31": "-6.00000", "2016-12-31": -148, "2016-09-30": -1, "2016-06-30": 5766, "2016-03-31": "", "2015-12-31": -3, "2015-09-30": 1, "2015-06-30": 16644, "2015-03-31": "", "2014-12-31": -17, "2014-09-30": 0, "2014-06-30": 0, "2014-03-31": "", "2013-12-31": 0, "2013-09-30": 0, "2013-06-30": 0, "2013-03-31": "", "2012-12-31": 14586, "2012-09-30": 0, "2012-06-30": 0, "2012-03-31": "", "2011-12-31": 10.675, "2011-09-30": -2.921, "2011-06-30": 13.273, "2011-03-31": "-21.02700", "2010-12-31": 0, "2009-12-31": 0}, "Net Current Debt": {"2020-12-31": 0, "2020-09-30": 0, "2020-06-30": 0, "2020-03-31": "", "2019-12-31": 0, "2019-09-30": -306, "2019-06-30": -193, "2019-03-31": "-3200.00000", "2018-12-31": 699, "2018-09-30": -509, "2018-06-30": 3144, "2018-03-31": "-33.00000", "2017-12-31": -400, "2017-09-30": 400, "2017-06-30": 0, "2017-03-31": "23.00000", "2016-12-31": 383, "2016-09-30": -494, "2016-06-30": 94, "2016-03-31": "-6.00000", "2015-12-31": -354, "2015-09-30": 760, "2015-06-30": -569, "2015-03-31": "144.00000", "2014-12-31": 124, "2014-09-30": 50, "2014-06-30": 248, "2014-03-31": "-410.00000", "2013-12-31": 2, "2013-09-30": 1, "2013-06-30": -3, "2013-03-31": "-601.00000", "2012-12-31": 1000, "2012-09-30": 0, "2012-06-30": 0, "2012-03-31": "", "2011-12-31": 0, "2011-09-30": 0, "2011-06-30": 0, "2011-03-31": "", "2010-12-31": 0, "2009-12-31": 0}, "Debt Issuance/Retirement Net - Total": {"2020-12-31": 1414, "2020-09-30": -651, "2020-06-30": -763, "2020-03-31": "", "2019-12-31": 28417, "2019-09-30": 1227, "2019-06-30": -197, "2019-03-31": "-3200.00000", "2018-12-31": -315, "2018-09-30": 3446, "2018-06-30": 138, "2018-03-31": "-40.00000", "2017-12-31": -407, "2017-09-30": 395, "2017-06-30": -7, "2017-03-31": "17.00000", "2016-12-31": 235, "2016-09-30": -495, "2016-06-30": 5860, "2016-03-31": "-6.00000", "2015-12-31": -357, "2015-09-30": 761, "2015-06-30": 16075, "2015-03-31": "144.00000", "2014-12-31": 107, "2014-09-30": 50, "2014-06-30": 248, "2014-03-31": "-410.00000", "2013-12-31": 2, "2013-09-30": 1, "2013-06-30": -3, "2013-03-31": "-601.00000", "2012-12-31": 15586, "2012-09-30": 0, "2012-06-30": 0, "2012-03-31": "", "2011-12-31": -10.405, "2011-09-30": -2.921, "2011-06-30": 13.273, "2011-03-31": "-21.02700", "2010-12-31": 2.68, "2009-12-31": -34.76}, "Net Common Equity Issued/Repurchased": {"2020-12-31": 573, "2020-09-30": 12, "2020-06-30": 46, "2020-03-31": "-631.00000", "2019-12-31": 0, "2019-09-30": -3, "2019-06-30": -2, "2019-03-31": "-616.00000", "2018-12-31": -2051, "2018-09-30": -1007, "2018-06-30": -7514, "2018-03-31": "-1369.00000", "2017-12-31": -465, "2017-09-30": 60, "2017-06-30": 59, "2017-03-31": "-810.00000", "2016-12-31": -1752, "2016-09-30": 35, "2016-06-30": -3716, "2016-03-31": "-332.00000", "2015-12-31": -1212, "2015-09-30": -976, "2015-06-30": -4948, "2015-03-31": "-295.00000", "2014-12-31": -245, "2014-09-30": 38, "2014-06-30": 18, "2014-03-31": "-244.00000", "2013-12-31": -98, "2013-09-30": 56, "2013-06-30": 75, "2013-03-31": "-6.00000", "2012-12-31": 0, "2012-09-30": 0, "2012-06-30": 0, "2012-03-31": "", "2011-12-31": 0, "2011-09-30": 0, "2011-06-30": 0, "2011-03-31": "", "2010-12-31": 0, "2009-12-31": 0}, "Net Total Equity Issued/Repurchased": {"2020-12-31": 573, "2020-09-30": 12, "2020-06-30": 46, "2020-03-31": "-631.00000", "2019-12-31": 0, "2019-09-30": -3, "2019-06-30": -2, "2019-03-31": "-616.00000", "2018-12-31": -2051, "2018-09-30": -1007, "2018-06-30": -7514, "2018-03-31": "-1369.00000", "2017-12-31": -465, "2017-09-30": 60, "2017-06-30": 59, "2017-03-31": "-810.00000", "2016-12-31": -1752, "2016-09-30": 35, "2016-06-30": -3716, "2016-03-31": "-332.00000", "2015-12-31": -1212, "2015-09-30": -976, "2015-06-30": -4948, "2015-03-31": "-295.00000", "2014-12-31": -245, "2014-09-30": 38, "2014-06-30": 18, "2014-03-31": "-244.00000", "2013-12-31": -98, "2013-09-30": 56, "2013-06-30": 75, "2013-03-31": "-6.00000", "2012-12-31": 0, "2012-09-30": 0, "2012-06-30": 0, "2012-03-31": "", "2011-12-31": 0, "2011-09-30": 0, "2011-06-30": 0, "2011-03-31": "", "2010-12-31": 0, "2009-12-31": 0}, "Total Common And Preferred Stock Dividends Paid": {"2020-12-31": 5615, "2020-09-30": -2100, "2020-06-30": -1752, "2020-03-31": "-1763.00000", "2019-12-31": -1595, "2019-09-30": -1591, "2019-06-30": -1592, "2019-03-31": "-1588.00000", "2018-12-31": -1451, "2018-09-30": -1461, "2018-06-30": -1531, "2018-03-31": "-1137.00000", "2017-12-31": -1030, "2017-09-30": -1026, "2017-06-30": -1024, "2017-03-31": "-1027.00000", "2016-12-31": -933, "2016-09-30": -933, "2016-06-30": -927, "2016-03-31": "-924.00000", "2015-12-31": -840, "2015-09-30": -850, "2015-06-30": -818, "2015-03-31": "-786.00000", "2014-12-31": -674, "2014-09-30": -673, "2014-06-30": -673, "2014-03-31": "-641.00000", "2013-12-31": -641, "2013-09-30": -640, "2013-06-30": -638, "2013-03-31": "-636.00000", "2012-12-31": 0, "2012-09-30": 0, "2012-06-30": 0, "2012-03-31": "", "2011-12-31": 0, "2011-09-30": 0, "2011-06-30": 0, "2011-03-31": "", "2010-12-31": 0, "2009-12-31": 0}, "Financial Activities - Other": {"2020-12-31": 204, "2020-09-30": -75, "2020-06-30": -101, "2020-03-31": "-28.00000", "2019-12-31": -220, "2019-09-30": -74, "2019-06-30": -279, "2019-03-31": "21.00000", "2018-12-31": -8, "2018-09-30": -62, "2018-06-30": -71, "2018-03-31": "37.00000", "2017-12-31": -26, "2017-09-30": -239, "2017-06-30": -8, "2017-03-31": "26.00000", "2016-12-31": -52, "2016-09-30": 22, "2016-06-30": -53, "2016-03-31": "43.00000", "2015-12-31": -22, "2015-09-30": 9, "2015-06-30": -140, "2015-03-31": "7.00000", "2014-12-31": -70, "2014-09-30": -134, "2014-06-30": -8, "2014-03-31": "18.00000", "2013-12-31": -10, "2013-09-30": -30, "2013-06-30": 66, "2013-03-31": "-339.00000", "2012-12-31": -13197, "2012-09-30": 2244, "2012-06-30": -1326, "2012-03-31": "-1376.00000", "2011-12-31": -1550.671, "2011-09-30": -2248.314, "2011-06-30": -1787.521, "2011-03-31": "-1175.42400", "2010-12-31": 4943.67, "2009-12-31": -4846.38}, "Cash Flow From Financial Activities": {"2020-12-31": 7806, "2020-09-30": -2814, "2020-06-30": -2570, "2020-03-31": "-2422.00000", "2019-12-31": 26602, "2019-09-30": -441, "2019-06-30": -2070, "2019-03-31": "-5383.00000", "2018-12-31": -3825, "2018-09-30": 916, "2018-06-30": -8978, "2018-03-31": "-2509.00000", "2017-12-31": -1928, "2017-09-30": -810, "2017-06-30": -980, "2017-03-31": "-1794.00000", "2016-12-31": -2502, "2016-09-30": -1371, "2016-06-30": 1164, "2016-03-31": "-1219.00000", "2015-12-31": -2431, "2015-09-30": -1056, "2015-06-30": 10169, "2015-03-31": "-930.00000", "2014-12-31": -882, "2014-09-30": -719, "2014-06-30": -415, "2014-03-31": "-1277.00000", "2013-12-31": -747, "2013-09-30": -613, "2013-06-30": -500, "2013-03-31": "-1582.00000", "2012-12-31": 2389, "2012-09-30": 2244, "2012-06-30": -1326, "2012-03-31": "-1376.00000", "2011-12-31": -1561.086, "2011-09-30": -2251.235, "2011-06-30": -1774.248, "2011-03-31": "-1196.45100", "2010-12-31": 4946.35, "2009-12-31": -4881.15}, "Net Cash Flow": {"2020-12-31": 32034, "2020-09-30": 1873, "2020-06-30": -35125, "2020-03-31": "1218.00000", "2019-12-31": 29276, "2019-09-30": 5476, "2019-06-30": 275, "2019-03-31": "-2392.00000", "2018-12-31": -726, "2018-09-30": 4468, "2018-06-30": -5460, "2018-03-31": "-296.00000", "2017-12-31": 857, "2017-09-30": 2358, "2017-06-30": 1348, "2017-03-31": "-360.00000", "2016-12-31": -1118, "2016-09-30": -109, "2016-06-30": -1229, "2016-03-31": "-843.00000", "2015-12-31": -824, "2015-09-30": 1823, "2015-06-30": -506, "2015-03-31": "-442.00000", "2014-12-31": 629, "2014-09-30": -1367, "2014-06-30": 946, "2014-03-31": "-1455.00000", "2013-12-31": 620, "2013-09-30": 232, "2013-06-30": 1764, "2013-03-31": "1078.00000", "2012-12-31": 3140, "2012-09-30": 2687, "2012-06-30": 33, "2012-03-31": "14.00000", "2011-12-31": -2.508, "2011-09-30": -7.72, "2011-06-30": 27.429, "2011-03-31": "0.62900", "2010-12-31": 9.77, "2009-12-31": -0.17}, "Stock-Based Compensation": {"2020-12-31": -617, "2020-09-30": 162, "2020-06-30": 236, "2020-03-31": "219.00000", "2019-12-31": 79, "2019-09-30": 75, "2019-06-30": 87, "2019-03-31": "189.00000", "2018-12-31": 70, "2018-09-30": 75, "2018-06-30": 85, "2018-03-31": "191.00000", "2017-12-31": 77, "2017-09-30": 71, "2017-06-30": 76, "2017-03-31": "141.00000", "2016-12-31": 75, "2016-09-30": 69, "2016-06-30": 71, "2016-03-31": "138.00000", "2015-12-31": 53, "2015-09-30": 55, "2015-06-30": 55, "2015-03-31": "119.00000", "2014-12-31": 43, "2014-09-30": 44, "2014-06-30": 48, "2014-03-31": "106.00000", "2013-12-31": 37, "2013-09-30": 42, "2013-06-30": 46, "2013-03-31": "87.00000", "2012-12-31": 31, "2012-09-30": 30, "2012-06-30": 35, "2012-03-31": "91.00000", "2011-12-31": 40.473, "2011-09-30": 23.948, "2011-06-30": 24.158, "2011-03-31": "74.42100", "2010-12-31": 0, "2009-12-31": 0}, "Common Stock Dividends Paid": {"2020-12-31": 5615, "2020-09-30": -2100, "2020-06-30": -1752, "2020-03-31": "-1763.00000", "2019-12-31": -1595, "2019-09-30": -1591, "2019-06-30": -1592, "2019-03-31": "-1588.00000", "2018-12-31": -1451, "2018-09-30": -1461, "2018-06-30": -1531, "2018-03-31": "-1137.00000", "2017-12-31": -1030, "2017-09-30": -1026, "2017-06-30": -1024, "2017-03-31": "-1027.00000", "2016-12-31": -933, "2016-09-30": -933, "2016-06-30": -927, "2016-03-31": "-924.00000", "2015-12-31": -840, "2015-09-30": -850, "2015-06-30": -818, "2015-03-31": "-786.00000", "2014-12-31": -674, "2014-09-30": -673, "2014-06-30": -673, "2014-03-31": "-641.00000", "2013-12-31": -641, "2013-09-30": -640, "2013-06-30": -638, "2013-03-31": "-636.00000", "2012-12-31": 0, "2012-09-30": 0, "2012-06-30": 0, "2012-03-31": "", "2011-12-31": 0, "2011-09-30": 0, "2011-06-30": 0, "2011-03-31": "", "2010-12-31": 0, "2009-12-31": 0}}, "financial ratios": {"Current Ratio": {"2019-12-31": "3.17740", "2018-12-31": "0.98290", "2017-12-31": "1.27530", "2016-12-31": "1.65490", "2015-12-31": "1.49750", "2014-12-31": "1.41150", "2013-12-31": "2.59460", "2012-12-31": "2.26590", "2011-12-31": "1.24710", "2010-12-31": "2.18500", "2009-12-31": ""}, "Long-term Debt / Capital": {"2019-12-31": "1.14910", "2018-12-31": "1.31800", "2017-12-31": "0.85860", "2016-12-31": "0.88710", "2015-12-31": "0.88110", "2014-12-31": "0.85810", "2013-12-31": "0.76090", "2012-12-31": "0.81310", "2011-12-31": "0.00270", "2010-12-31": "", "2009-12-31": ""}, "Debt/Equity Ratio": {"2019-12-31": "-8.16540", "2018-12-31": "-4.77270", "2017-12-31": "7.33140", "2016-12-31": "7.94690", "2015-12-31": "8.02810", "2014-12-31": "8.59760", "2013-12-31": "3.27760", "2012-12-31": "4.66010", "2011-12-31": "0.00400", "2010-12-31": "", "2009-12-31": ""}, "Gross Margin": {"2019-12-31": "77.63780", "2018-12-31": "76.43580", "2017-12-31": "75.04250", "2016-12-31": "77.25250", "2015-12-31": "80.31410", "2014-12-31": "77.82570", "2013-12-31": "75.62000", "2012-12-31": "75.47330", "2011-12-31": "73.40630", "2010-12-31": "72.54760", "2009-12-31": "71.46240"}, "Operating Margin": {"2019-12-31": "39.02780", "2018-12-31": "19.48830", "2017-12-31": "33.82830", "2016-12-31": "36.43030", "2015-12-31": "32.97170", "2014-12-31": "17.08920", "2013-12-31": "30.14370", "2012-12-31": "31.64850", "2011-12-31": "20.75210", "2010-12-31": "30.16370", "2009-12-31": "34.69630"}, "EBIT Margin": {"2019-12-31": "39.02780", "2018-12-31": "19.48830", "2017-12-31": "33.82830", "2016-12-31": "36.43030", "2015-12-31": "32.97170", "2014-12-31": "17.08920", "2013-12-31": "30.14370", "2012-12-31": "31.64850", "2011-12-31": "20.75210", "2010-12-31": "30.16370", "2009-12-31": "34.69630"}, "EBITDA Margin": {"2019-12-31": "45.09110", "2018-12-31": "24.87710", "2017-12-31": "39.14800", "2016-12-31": "41.06800", "2015-12-31": "36.62890", "2014-12-31": "21.02710", "2013-12-31": "34.91750", "2012-12-31": "37.90530", "2011-12-31": "28.04400", "2010-12-31": "37.73500", "2009-12-31": "39.60330"}, "Pre-Tax Profit Margin": {"2019-12-31": "25.32920", "2018-12-31": "15.86730", "2017-12-31": "27.38520", "2016-12-31": "30.75120", "2015-12-31": "29.06950", "2014-12-31": "11.86870", "2013-12-31": "28.37680", "2012-12-31": "31.14800", "2011-12-31": "21.02730", "2010-12-31": "30.92470", "2009-12-31": "41.86180"}, "Net Profit Margin": {"2019-12-31": "23.69390", "2018-12-31": "17.36330", "2017-12-31": "18.81560", "2016-12-31": "23.21940", "2015-12-31": "22.50320", "2014-12-31": "8.88780", "2013-12-31": "21.96910", "2012-12-31": "28.69970", "2011-12-31": "19.68010", "2010-12-31": "26.71700", "2009-12-31": "32.61890"}, "Asset Turnover": {"2019-12-31": "0.37330", "2018-12-31": "0.55180", "2017-12-31": "0.39860", "2016-12-31": "0.38790", "2015-12-31": "0.43090", "2014-12-31": "0.72550", "2013-12-31": "0.64350", "2012-12-31": "0.68050", "2011-12-31": "0.89360", "2010-12-31": "0.73990", "2009-12-31": ""}, "Inventory Turnover Ratio": {"2019-12-31": "4.10310", "2018-12-31": "4.80870", "2017-12-31": "4.38750", "2016-12-31": "4.03880", "2015-12-31": "2.61780", "2014-12-31": "3.93770", "2013-12-31": "3.98350", "2012-12-31": "4.13200", "2011-12-31": "5.32000", "2010-12-31": "5.13350", "2009-12-31": ""}, "Receiveable Turnover": {"2019-12-31": "6.12860", "2018-12-31": "6.08340", "2017-12-31": "5.54560", "2016-12-31": "5.38840", "2015-12-31": "4.83280", "2014-12-31": "5.34400", "2013-12-31": "3.91210", "2012-12-31": "4.27640", "2011-12-31": "4.57010", "2010-12-31": "4.63610", "2009-12-31": ""}, "Days Sales In Receivables": {"2019-12-31": "59.55690", "2018-12-31": "59.99940", "2017-12-31": "65.81800", "2016-12-31": "67.73810", "2015-12-31": "75.52610", "2014-12-31": "68.30040", "2013-12-31": "93.29940", "2012-12-31": "85.35200", "2011-12-31": "79.86730", "2010-12-31": "78.73020", "2009-12-31": ""}, "ROE - Return On Equity": {"2019-12-31": "-96.45130", "2018-12-31": "-67.33370", "2017-12-31": "104.15930", "2016-12-31": "128.40810", "2015-12-31": "130.39290", "2014-12-31": "101.83700", "2013-12-31": "91.89670", "2012-12-31": "156.85400", "2011-12-31": "28.77140", "2010-12-31": "26.60640", "2009-12-31": ""}, "Return On Tangible Equity": {"2019-12-31": "-18.57870", "2018-12-31": "-12.54250", "2017-12-31": "-13.88080", "2016-12-31": "-15.00370", "2015-12-31": "-17.77960", "2014-12-31": "-31.49300", "2013-12-31": "-112.32650", "2012-12-31": "-103.63460", "2011-12-31": "117.48800", "2010-12-31": "71.85310", "2009-12-31": ""}, "ROA - Return On Assets": {"2019-12-31": "8.84480", "2018-12-31": "9.58180", "2017-12-31": "7.50010", "2016-12-31": "9.00620", "2015-12-31": "9.69650", "2014-12-31": "6.44790", "2013-12-31": "14.13800", "2012-12-31": "19.53130", "2011-12-31": "17.58620", "2010-12-31": "19.76840", "2009-12-31": ""}, "ROI - Return On Investment": {"2019-12-31": "14.38240", "2018-12-31": "21.41510", "2017-12-31": "14.72680", "2016-12-31": "14.49270", "2015-12-31": "15.50100", "2014-12-31": "14.44630", "2013-12-31": "21.97620", "2012-12-31": "29.31700", "2011-12-31": "28.69440", "2010-12-31": "26.60640", "2009-12-31": ""}, "Book Value Per Share": {"2019-12-31": "-5.52570", "2018-12-31": "-5.69180", "2017-12-31": "3.20140", "2016-12-31": "2.91110", "2015-12-31": "2.45050", "2014-12-31": "1.09460", "2013-12-31": "2.82990", "2012-12-31": "", "2011-12-31": "", "2010-12-31": "", "2009-12-31": ""}, "Operating Cash Flow Per Share": {"2019-12-31": 0.2934, "2018-12-31": 2.4716, "2017-12-31": 1.8964, "2016-12-31": -0.2859, "2015-12-31": 2.3986, "2014-12-31": -1.7028, "2013-12-31": -0.1164, "2012-12-31": 0.0622, "2011-12-31": 0.8059, "2010-12-31": 3.1554, "2009-12-31": 0}, "Free Cash Flow Per Share": {"2019-12-31": 0.3342, "2018-12-31": 2.389, "2017-12-31": 1.86, "2016-12-31": -0.2546, "2015-12-31": 2.4537, "2014-12-31": -1.7768, "2013-12-31": -0.2113, "2012-12-31": 0.0767, "2011-12-31": 0.8643, "2010-12-31": 2.8713, "2009-12-31": 0}}, "financial ratios, quarterly": {"Current Ratio": {"2020-09-30": "0.95150", "2020-06-30": "0.86250", "2020-03-31": "3.14240", "2019-12-31": "3.17740", "2019-09-30": "1.15280", "2019-06-30": "0.89130", "2019-03-31": "1.03660", "2018-12-31": "0.98290", "2018-09-30": "1.20000", "2018-06-30": "0.80380", "2018-03-31": "1.19850", "2017-12-31": "1.27530", "2017-09-30": "1.45250", "2017-06-30": "1.38360", "2017-03-31": "1.75790", "2016-12-31": "1.65490", "2016-09-30": "1.78950", "2016-06-30": "1.81090", "2016-03-31": "1.55900", "2015-12-31": "1.49750", "2015-09-30": "2.03250", "2015-06-30": "1.49910", "2015-03-31": "1.39440", "2014-12-31": "1.41150", "2014-09-30": "2.64580", "2014-06-30": "2.81680", "2014-03-31": "2.78780", "2013-12-31": "2.59460", "2013-09-30": "2.40630", "2013-06-30": "2.30150", "2013-03-31": "2.20560", "2012-12-31": "2.26590", "2012-09-30": "2.03630", "2012-06-30": "1.23830", "2012-03-31": "1.22410", "2011-12-31": "1.24710", "2011-09-30": "", "2011-06-30": "", "2011-03-31": "", "2010-12-31": "", "2009-12-31": ""}, "Long-term Debt / Capital": {"2020-09-30": "0.84330", "2020-06-30": "0.84780", "2020-03-31": "1.13270", "2019-12-31": "1.14910", "2019-09-30": "1.33040", "2019-06-30": "1.37160", "2019-03-31": "1.28730", "2018-12-31": "1.31800", "2018-09-30": "1.08700", "2018-06-30": "1.12410", "2018-03-31": "0.89690", "2017-12-31": "0.85860", "2017-09-30": "0.83550", "2017-06-30": "0.84910", "2017-03-31": "0.87960", "2016-12-31": "0.88710", "2016-09-30": "0.85210", "2016-06-30": "0.86870", "2016-03-31": "0.86400", "2015-12-31": "0.88110", "2015-09-30": "0.86570", "2015-06-30": "0.83130", "2015-03-31": "0.88580", "2014-12-31": "0.85810", "2014-09-30": "0.75700", "2014-06-30": "0.73500", "2014-03-31": "0.75390", "2013-12-31": "0.76090", "2013-09-30": "0.80070", "2013-06-30": "0.80110", "2013-03-31": "0.83160", "2012-12-31": "0.81310", "2012-09-30": "", "2012-06-30": "", "2012-03-31": "", "2011-12-31": "0.00270", "2011-09-30": "", "2011-06-30": "", "2011-03-31": "", "2010-12-31": "", "2009-12-31": ""}, "Debt/Equity Ratio": {"2020-09-30": "5.69420", "2020-06-30": "5.93480", "2020-03-31": "-9.04190", "2019-12-31": "-8.16540", "2019-09-30": "-4.66840", "2019-06-30": "-4.34980", "2019-03-31": "-4.74620", "2018-12-31": "-4.77270", "2018-09-30": "-13.86790", "2018-06-30": "-10.99530", "2018-03-31": "10.49450", "2017-12-31": "7.33140", "2017-09-30": "5.65200", "2017-06-30": "6.19690", "2017-03-31": "7.39320", "2016-12-31": "7.94690", "2016-09-30": "5.76750", "2016-06-30": "6.71010", "2016-03-31": "6.87340", "2015-12-31": "8.02810", "2015-09-30": "6.60640", "2015-06-30": "5.65460", "2015-03-31": "11.09150", "2014-12-31": "8.59760", "2014-09-30": "3.18450", "2014-06-30": "2.82500", "2014-03-31": "3.06710", "2013-12-31": "3.27760", "2013-09-30": "4.14010", "2013-06-30": "4.14780", "2013-03-31": "5.08520", "2012-12-31": "4.66010", "2012-09-30": "", "2012-06-30": "", "2012-03-31": "", "2011-12-31": "0.00400", "2011-09-30": "", "2011-06-30": "", "2011-03-31": "", "2010-12-31": "", "2009-12-31": ""}, "Gross Margin": {"2020-09-30": "60.85880", "2020-06-30": "64.40290", "2020-03-31": "77.46840", "2019-12-31": "76.95310", "2019-09-30": "77.35580", "2019-06-30": "77.96490", "2019-03-31": "78.35970", "2018-12-31": "75.65320", "2018-09-30": "77.71980", "2018-06-30": "76.63690", "2018-03-31": "75.71210", "2017-12-31": "70.52590", "2017-09-30": "76.89780", "2017-06-30": "77.98100", "2017-03-31": "75.28300", "2016-12-31": "77.13360", "2016-09-30": "76.61690", "2016-06-30": "78.22380", "2016-03-31": "77.02250", "2015-12-31": "76.95310", "2015-09-30": "80.36680", "2015-06-30": "83.26940", "2015-03-31": "81.30950", "2014-12-31": "79.47540", "2014-09-30": "78.20280", "2014-06-30": "77.40560", "2014-03-31": "75.89310", "2013-12-31": "74.91690", "2013-09-30": "76.55650", "2013-06-30": "77.53620", "2013-03-31": "73.36570", "2012-12-31": "75.70110", "2012-09-30": "77.50670", "2012-06-30": "76.11840", "2012-03-31": "72.29810", "2011-12-31": "207.95870", "2011-09-30": "", "2011-06-30": "", "2011-03-31": "69.01760", "2010-12-31": "", "2009-12-31": ""}, "Operating Margin": {"2020-09-30": "25.22870", "2020-06-30": "7.21340", "2020-03-31": "41.80300", "2019-12-31": "45.45040", "2019-09-30": "30.86450", "2019-06-30": "41.18720", "2019-03-31": "38.45170", "2018-12-31": "-29.39190", "2018-09-30": "38.35600", "2018-06-30": "33.36560", "2018-03-31": "36.58940", "2017-12-31": "23.02620", "2017-09-30": "38.51320", "2017-06-30": "38.33530", "2017-03-31": "36.81550", "2016-12-31": "34.04940", "2016-09-30": "36.70710", "2016-06-30": "36.99630", "2016-03-31": "38.23430", "2015-12-31": "33.01560", "2015-09-30": "31.71270", "2015-06-30": "33.82650", "2015-03-31": "33.47220", "2014-12-31": "-7.61190", "2014-09-30": "19.12730", "2014-06-30": "30.75520", "2014-03-31": "29.60770", "2013-12-31": "30.03330", "2013-09-30": "29.43320", "2013-06-30": "30.96760", "2013-03-31": "30.14550", "2012-12-31": "34.97890", "2012-09-30": "35.40370", "2012-06-30": "31.64920", "2012-03-31": "23.43640", "2011-12-31": "-121.02570", "2011-09-30": "100.00000", "2011-06-30": "100.00000", "2011-03-31": "21.15700", "2010-12-31": "", "2009-12-31": ""}, "EBIT Margin": {"2020-09-30": "25.22870", "2020-06-30": "7.21340", "2020-03-31": "41.80300", "2019-12-31": "45.45040", "2019-09-30": "30.86450", "2019-06-30": "41.18720", "2019-03-31": "38.45170", "2018-12-31": "-29.39190", "2018-09-30": "38.35600", "2018-06-30": "33.36560", "2018-03-31": "36.58940", "2017-12-31": "23.02620", "2017-09-30": "38.51320", "2017-06-30": "38.33530", "2017-03-31": "36.81550", "2016-12-31": "34.04940", "2016-09-30": "36.70710", "2016-06-30": "36.99630", "2016-03-31": "38.23430", "2015-12-31": "33.01560", "2015-09-30": "31.71270", "2015-06-30": "33.82650", "2015-03-31": "33.47220", "2014-12-31": "-7.61190", "2014-09-30": "19.12730", "2014-06-30": "30.75520", "2014-03-31": "29.60770", "2013-12-31": "30.03330", "2013-09-30": "29.43320", "2013-06-30": "30.96760", "2013-03-31": "30.14550", "2012-12-31": "34.97890", "2012-09-30": "35.40370", "2012-06-30": "31.64920", "2012-03-31": "23.43640", "2011-12-31": "-121.02570", "2011-09-30": "100.00000", "2011-06-30": "100.00000", "2011-03-31": "21.15700", "2010-12-31": "", "2009-12-31": ""}, "EBITDA Margin": {"2020-09-30": "", "2020-06-30": "", "2020-03-31": "", "2019-12-31": "", "2019-09-30": "", "2019-06-30": "", "2019-03-31": "", "2018-12-31": "", "2018-09-30": "", "2018-06-30": "", "2018-03-31": "", "2017-12-31": "", "2017-09-30": "", "2017-06-30": "", "2017-03-31": "", "2016-12-31": "", "2016-09-30": "", "2016-06-30": "", "2016-03-31": "", "2015-12-31": "", "2015-09-30": "", "2015-06-30": "", "2015-03-31": "", "2014-12-31": "", "2014-09-30": "", "2014-06-30": "", "2014-03-31": "", "2013-12-31": "", "2013-09-30": "", "2013-06-30": "", "2013-03-31": "", "2012-12-31": "", "2012-09-30": "", "2012-06-30": "", "2012-03-31": "", "2011-12-31": "", "2011-09-30": "", "2011-06-30": "", "2011-03-31": "", "2010-12-31": "", "2009-12-31": ""}, "Pre-Tax Profit Margin": {"2020-09-30": "19.37680", "2020-06-30": "-6.64750", "2020-03-31": "35.94380", "2019-12-31": "35.31710", "2019-09-30": "23.59950", "2019-06-30": "9.77590", "2019-03-31": "32.49870", "2018-12-31": "-28.57320", "2018-09-30": "33.52360", "2018-06-30": "24.30540", "2018-03-31": "35.25330", "2017-12-31": "15.41540", "2017-09-30": "29.95000", "2017-06-30": "33.88540", "2017-03-31": "31.90580", "2016-12-31": "29.39970", "2016-09-30": "31.31220", "2016-06-30": "32.48610", "2016-03-31": "29.80870", "2015-12-31": "30.06250", "2015-09-30": "27.70860", "2015-06-30": "30.64840", "2015-03-31": "27.69840", "2014-12-31": "-19.02050", "2014-09-30": "13.68800", "2014-06-30": "29.09050", "2014-03-31": "28.18320", "2013-12-31": "28.15500", "2013-09-30": "27.60840", "2013-06-30": "29.15600", "2013-03-31": "28.62090", "2012-12-31": "32.90430", "2012-09-30": "35.58120", "2012-06-30": "31.20410", "2012-03-31": "24.10740", "2011-12-31": "57.76480", "2011-09-30": "", "2011-06-30": "", "2011-03-31": "22.02650", "2010-12-31": "", "2009-12-31": ""}, "Net Profit Margin": {"2020-09-30": "17.88870", "2020-06-30": "-7.07910", "2020-03-31": "34.92280", "2019-12-31": "32.18060", "2019-09-30": "22.21960", "2019-06-30": "8.97640", "2019-03-31": "31.37460", "2018-12-31": "-21.98680", "2018-09-30": "33.35360", "2018-06-30": "23.95510", "2018-03-31": "35.07690", "2017-12-31": "0.67190", "2017-09-30": "23.31670", "2017-06-30": "27.57780", "2017-03-31": "26.17010", "2016-12-31": "20.46790", "2016-09-30": "24.84450", "2016-06-30": "24.95350", "2016-03-31": "22.72580", "2015-12-31": "23.70310", "2015-09-30": "20.84460", "2015-06-30": "24.94980", "2015-03-31": "20.27780", "2014-12-31": "-14.85690", "2014-09-30": "10.08170", "2014-06-30": "22.28990", "2014-03-31": "21.47710", "2013-12-31": "22.07000", "2013-09-30": "20.69560", "2013-06-30": "22.76220", "2013-03-31": "22.36080", "2012-12-31": "29.58130", "2012-09-30": "35.15970", "2012-06-30": "28.19940", "2012-03-31": "21.15980", "2011-12-31": "23.78700", "2011-09-30": "0.29490", "2011-06-30": "36.03180", "2011-03-31": "18.55900", "2010-12-31": "", "2009-12-31": ""}, "Asset Turnover": {"2020-09-30": "0.08620", "2020-06-30": "0.06970", "2020-03-31": "0.09450", "2019-12-31": "0.09770", "2019-09-30": "0.14260", "2019-06-30": "0.14450", "2019-03-31": "0.13790", "2018-12-31": "0.13990", "2018-09-30": "0.12450", "2018-06-30": "0.13430", "2018-03-31": "0.11440", "2017-12-31": "0.10930", "2017-09-30": "0.10160", "2017-06-30": "0.10370", "2017-03-31": "0.09960", "2016-12-31": "0.10280", "2016-09-30": "0.09650", "2016-06-30": "0.09600", "2016-03-31": "0.11090", "2015-12-31": "0.12060", "2015-09-30": "0.10840", "2015-06-30": "0.10170", "2015-03-31": "0.18880", "2014-12-31": "0.19820", "2014-09-30": "0.17640", "2014-06-30": "0.16960", "2014-03-31": "0.15920", "2013-12-31": "0.17500", "2013-09-30": "0.16490", "2013-06-30": "0.16810", "2013-03-31": "0.15930", "2012-12-31": "0.19280", "2012-09-30": "0.19830", "2012-06-30": "0.25370", "2012-03-31": "0.22010", "2011-12-31": "0.24920", "2011-09-30": "", "2011-06-30": "", "2011-03-31": "", "2010-12-31": "", "2009-12-31": ""}, "Inventory Turnover Ratio": {"2020-09-30": "1.45370", "2020-06-30": "0.91430", "2020-03-31": "1.05310", "2019-12-31": "1.10650", "2019-09-30": "0.99530", "2019-06-30": "0.95990", "2019-03-31": "0.99530", "2018-12-31": "1.25980", "2018-09-30": "1.02740", "2018-06-30": "1.22410", "2018-03-31": "1.10870", "2017-12-31": "1.42120", "2017-09-30": "0.90530", "2017-06-30": "0.96650", "2017-03-31": "1.13240", "2016-12-31": "1.07620", "2016-09-30": "0.92270", "2016-06-30": "0.80010", "2016-03-31": "0.76520", "2015-12-31": "0.85810", "2015-09-30": "0.63390", "2015-06-30": "0.56440", "2015-03-31": "0.92170", "2014-12-31": "0.99560", "2014-09-30": "1.08530", "2014-06-30": "1.06200", "2014-03-31": "0.99640", "2013-12-31": "1.11480", "2013-09-30": "0.93170", "2013-06-30": "0.97140", "2013-03-31": "1.11190", "2012-12-31": "1.15950", "2012-09-30": "1.05750", "2012-06-30": "1.24370", "2012-03-31": "1.26230", "2011-12-31": "3.93540", "2011-09-30": "", "2011-06-30": "", "2011-03-31": "", "2010-12-31": "", "2009-12-31": ""}, "Receiveable Turnover": {"2020-09-30": "1.53300", "2020-06-30": "1.24790", "2020-03-31": "1.35480", "2019-12-31": "1.60350", "2019-09-30": "1.53360", "2019-06-30": "1.50580", "2019-03-31": "1.37820", "2018-12-31": "1.54250", "2018-09-30": "1.42490", "2018-06-30": "1.42900", "2018-03-31": "1.35830", "2017-12-31": "1.52100", "2017-09-30": "1.43020", "2017-06-30": "1.42910", "2017-03-31": "1.39790", "2016-12-31": "1.42830", "2016-09-30": "1.28670", "2016-06-30": "1.27810", "2016-03-31": "1.25350", "2015-12-31": "1.35310", "2015-09-30": "1.29950", "2015-06-30": "1.25370", "2015-03-31": "1.15700", "2014-12-31": "1.45970", "2014-09-30": "1.25630", "2014-06-30": "1.29260", "2014-03-31": "0.99410", "2013-12-31": "1.06410", "2013-09-30": "1.22640", "2013-06-30": "1.24950", "2013-03-31": "1.00700", "2012-12-31": "1.21130", "2012-09-30": "1.45540", "2012-06-30": "1.50070", "2012-03-31": "1.14430", "2011-12-31": "1.27430", "2011-09-30": "", "2011-06-30": "", "2011-03-31": "", "2010-12-31": "", "2009-12-31": ""}, "Days Sales In Receivables": {"2020-09-30": "58.70720", "2020-06-30": "72.12090", "2020-03-31": "66.43230", "2019-12-31": "56.12590", "2019-09-30": "58.68730", "2019-06-30": "59.76740", "2019-03-31": "65.30400", "2018-12-31": "58.34560", "2018-09-30": "63.16170", "2018-06-30": "62.98260", "2018-03-31": "66.25790", "2017-12-31": "59.17040", "2017-09-30": "62.92920", "2017-06-30": "62.97670", "2017-03-31": "64.38210", "2016-12-31": "63.01060", "2016-09-30": "69.94870", "2016-06-30": "70.41540", "2016-03-31": "71.79760", "2015-12-31": "66.51560", "2015-09-30": "69.25640", "2015-06-30": "71.78630", "2015-03-31": "77.78570", "2014-12-31": "61.65630", "2014-09-30": "71.63780", "2014-06-30": "69.62850", "2014-03-31": "90.53260", "2013-12-31": "84.57640", "2013-09-30": "73.38340", "2013-06-30": "72.02690", "2013-03-31": "89.37630", "2012-12-31": "74.30270", "2012-09-30": "61.84030", "2012-06-30": "59.97340", "2012-03-31": "78.65050", "2011-12-31": "70.62710", "2011-09-30": "", "2011-06-30": "", "2011-03-31": "", "2010-12-31": "", "2009-12-31": ""}, "ROE - Return On Equity": {"2020-09-30": "15.12850", "2020-06-30": "-5.01630", "2020-03-31": "-40.59340", "2019-12-31": "-34.27560", "2019-09-30": "-22.90300", "2019-06-30": "-8.65050", "2019-03-31": "-31.38260", "2018-12-31": "21.61970", "2018-09-30": "-94.04310", "2018-06-30": "-58.75560", "2018-03-31": "78.32820", "2017-12-31": "1.02020", "2017-09-30": "24.39060", "2017-06-30": "31.86890", "2017-03-31": "34.23370", "2016-12-31": "30.00430", "2016-09-30": "24.70240", "2016-06-30": "28.54610", "2016-03-31": "29.16220", "2015-12-31": "38.45370", "2015-09-30": "25.47810", "2015-06-30": "24.81830", "2015-03-31": "74.21930", "2014-12-31": "-46.49830", "2014-09-30": "10.89340", "2014-06-30": "21.04260", "2014-03-31": "20.86440", "2013-12-31": "25.11130", "2013-09-30": "26.95000", "2013-06-30": "30.01690", "2013-03-31": "32.73590", "2012-12-31": "45.79250", "2012-09-30": "10.11560", "2012-06-30": "11.01250", "2012-03-31": "7.32730", "2011-12-31": "9.69660", "2011-09-30": "", "2011-06-30": "", "2011-03-31": "", "2010-12-31": "", "2009-12-31": ""}, "Return On Tangible Equity": {"2020-09-30": "-2.26420", "2020-06-30": "0.70790", "2020-03-31": "-7.30960", "2019-12-31": "-6.60220", "2019-09-30": "-4.40200", "2019-06-30": "-1.65890", "2019-03-31": "-5.54680", "2018-12-31": "4.02720", "2018-09-30": "-6.06880", "2018-06-30": "-4.31370", "2018-03-31": "-7.03540", "2017-12-31": "-0.13600", "2017-09-30": "-4.38110", "2017-06-30": "-5.03830", "2017-03-31": "-4.37360", "2016-12-31": "-3.50580", "2016-09-30": "-4.17220", "2016-06-30": "-4.09490", "2016-03-31": "-4.81110", "2015-12-31": "-5.24330", "2015-09-30": "-4.39330", "2015-06-30": "-4.94180", "2015-03-31": "-18.13670", "2014-12-31": "14.37960", "2014-09-30": "-17.46630", "2014-06-30": "-40.35280", "2014-03-31": "-29.02840", "2013-12-31": "-30.69390", "2013-09-30": "-20.88840", "2013-06-30": "-22.90370", "2013-03-31": "-18.41710", "2012-12-31": "-30.25540", "2012-09-30": "22.18160", "2012-06-30": "42.35730", "2012-03-31": "28.10250", "2011-12-31": "39.59620", "2011-09-30": "", "2011-06-30": "", "2011-03-31": "", "2010-12-31": "", "2009-12-31": ""}, "ROA - Return On Assets": {"2020-09-30": "1.54590", "2020-06-30": "-0.49420", "2020-03-31": "3.30050", "2019-12-31": "3.14310", "2019-09-30": "3.16950", "2019-06-30": "1.29680", "2019-03-31": "4.32630", "2018-12-31": "-3.07660", "2018-09-30": "4.15180", "2018-06-30": "3.21700", "2018-03-31": "4.01340", "2017-12-31": "0.07350", "2017-09-30": "2.36930", "2017-06-30": "2.85850", "2017-03-31": "2.60570", "2016-12-31": "2.10440", "2016-09-30": "2.39850", "2016-06-30": "2.39540", "2016-03-31": "2.52050", "2015-12-31": "2.85960", "2015-09-30": "2.25960", "2015-06-30": "2.53640", "2015-03-31": "3.82790", "2014-12-31": "-2.94410", "2014-09-30": "1.77830", "2014-06-30": "3.78030", "2014-03-31": "3.41980", "2013-12-31": "3.86330", "2013-09-30": "3.41210", "2013-06-30": "3.82660", "2013-03-31": "3.56290", "2012-12-31": "5.70200", "2012-09-30": "6.97320", "2012-06-30": "7.15430", "2012-03-31": "4.65680", "2011-12-31": "5.92700", "2011-09-30": "", "2011-06-30": "", "2011-03-31": "", "2010-12-31": "", "2009-12-31": ""}, "ROI - Return On Investment": {"2020-09-30": "2.37060", "2020-06-30": "-0.76350", "2020-03-31": "5.38760", "2019-12-31": "5.11100", "2019-09-30": "7.56630", "2019-06-30": "3.21430", "2019-03-31": "9.01620", "2018-12-31": "-6.87600", "2018-09-30": "8.18390", "2018-06-30": "7.28940", "2018-03-31": "8.07630", "2017-12-31": "0.14420", "2017-09-30": "4.01120", "2017-06-30": "4.80840", "2017-03-31": "4.12050", "2016-12-31": "3.38640", "2016-09-30": "3.65230", "2016-06-30": "3.74700", "2016-03-31": "3.96680", "2015-12-31": "4.57130", "2015-09-30": "3.42060", "2015-06-30": "4.18760", "2015-03-31": "8.47430", "2014-12-31": "-6.59610", "2014-09-30": "2.64730", "2014-06-30": "5.57700", "2014-03-31": "5.13550", "2013-12-31": "6.00510", "2013-09-30": "5.36990", "2013-06-30": "5.97180", "2013-03-31": "5.51320", "2012-12-31": "8.55890", "2012-09-30": "10.11560", "2012-06-30": "11.01250", "2012-03-31": "7.32730", "2011-12-31": "9.67070", "2011-09-30": "", "2011-06-30": "", "2011-03-31": "", "2010-12-31": "", "2009-12-31": ""}, "Book Value Per Share": {"2020-09-30": "8.66090", "2020-06-30": "8.35010", "2020-03-31": "-5.02140", "2019-12-31": "-5.52570", "2019-09-30": "-5.56270", "2019-06-30": "-5.79420", "2019-03-31": "-5.29410", "2018-12-31": "-5.69180", "2018-09-30": "-1.94190", "2018-06-30": "-2.22900", "2018-03-31": "2.23910", "2017-12-31": "3.20140", "2017-09-30": "4.18950", "2017-06-30": "3.77040", "2017-03-31": "3.14070", "2016-12-31": "2.91110", "2016-09-30": "3.98110", "2016-06-30": "3.46320", "2016-03-31": "2.87070", "2015-12-31": "2.45050", "2015-09-30": "2.97480", "2015-06-30": "3.32570", "2015-03-31": "0.86440", "2014-12-31": "1.09460", "2014-09-30": "2.91540", "2014-06-30": "3.27830", "2014-03-31": "2.95410", "2013-12-31": "2.82990", "2013-09-30": "2.25250", "2013-06-30": "2.24480", "2013-03-31": "1.86680", "2012-12-31": "", "2012-09-30": "", "2012-06-30": "", "2012-03-31": "", "2011-12-31": "", "2011-09-30": "", "2011-06-30": "", "2011-03-31": "", "2010-12-31": "", "2009-12-31": ""}, "Operating Cash Flow Per Share": {"2020-09-30": 2.9862, "2020-06-30": 1.6211, "2020-03-31": "2.57080", "2019-12-31": 2.2023, "2019-09-30": 3.0739, "2019-06-30": 1.6678, "2019-03-31": "2.03440", "2018-12-31": 2.0612, "2018-09-30": 3.1181, "2018-06-30": 1.8484, "2018-03-31": "1.65730", "2017-12-31": 1.612, "2017-09-30": 2.0358, "2017-06-30": 1.2543, "2017-03-31": "1.31130", "2016-12-31": 0.9633, "2016-09-30": 0.8745, "2016-06-30": 1.1697, "2016-03-31": "1.30950", "2015-12-31": 1.2543, "2015-09-30": 1.2561, "2015-06-30": 1.1068, "2015-03-31": "0.98570", "2014-12-31": -0.3591, "2014-09-30": 1.1076, "2014-06-30": 1.068, "2014-03-31": "0.38780", "2013-12-31": 0.7781, "2013-09-30": 1.1253, "2013-06-30": 1.2641, "2013-03-31": "0.73960", "2012-12-31": 0.5967, "2012-09-30": 1.4262, "2012-06-30": 0.9898, "2012-03-31": "1.01080", "2011-12-31": -0.0571, "2011-09-30": 1.8166, "2011-06-30": 2.182, "2011-03-31": "", "2010-12-31": 0, "2009-12-31": 0}, "Free Cash Flow Per Share": {"2020-09-30": 2.8771, "2020-06-30": 1.522, "2020-03-31": "2.48650", "2019-12-31": 2.0927, "2019-09-30": 2.97, "2019-06-30": 1.5816, "2019-03-31": "1.96220", "2018-12-31": 1.9885, "2018-09-30": 2.9263, "2018-06-30": 1.7748, "2018-03-31": "1.58270", "2017-12-31": 1.4984, "2017-09-30": 1.9574, "2017-06-30": 1.1755, "2017-03-31": "1.25200", "2016-12-31": 0.8922, "2016-09-30": 0.8063, "2016-06-30": 1.0897, "2016-03-31": "1.23510", "2015-12-31": 1.1619, "2015-09-30": 1.1827, "2015-06-30": 1.0378, "2015-03-31": "0.89550", "2014-12-31": -0.4541, "2014-09-30": 0.996, "2014-06-30": 0.9796, "2014-03-31": "0.30270", "2013-12-31": 0.6839, "2013-09-30": 1.042, "2013-06-30": 1.1904, "2013-03-31": "0.68470", "2012-12-31": 0.5365, "2012-09-30": 1.4375, "2012-06-30": 0.9302, "2012-03-31": "0.90810", "2011-12-31": -0.0883, "2011-09-30": 1.7431, "2011-06-30": 2.0624, "2011-03-31": "", "2010-12-31": 0, "2009-12-31": 0}}, "revenue": {"AbbVie Annual Revenue (Millions of US $)": {"2020": "$45,804", "2019": "$33,266", "2018": "$32,753", "2017": "$28,216", "2016": "$25,638", "2015": "$22,859", "2014": "$19,960", "2013": "$18,790", "2012": "$18,380", "2011": "$17,444", "2010": "$15,638", "2009": "$14,214"}, "AbbVie Quarterly Revenue (Millions of US $)": {"2020-12-31": "$13,858", "2020-09-30": "$12,902", "2020-06-30": "$10,425", "2020-03-31": "$8,619", "2019-12-31": "$8,704", "2019-09-30": "$8,479", "2019-06-30": "$8,255", "2019-03-31": "$7,828", "2018-12-31": "$8,305", "2018-09-30": "$8,236", "2018-06-30": "$8,278", "2018-03-31": "$7,934", "2017-12-31": "$7,739", "2017-09-30": "$6,995", "2017-06-30": "$6,944", "2017-03-31": "$6,538", "2016-12-31": "$6,796", "2016-09-30": "$6,432", "2016-06-30": "$6,452", "2016-03-31": "$5,958", "2015-12-31": "$6,400", "2015-09-30": "$5,944", "2015-06-30": "$5,475", "2015-03-31": "$5,040", "2014-12-31": "$5,452", "2014-09-30": "$5,019", "2014-06-30": "$4,926", "2014-03-31": "$4,563", "2013-12-31": "$5,111", "2013-09-30": "$4,658", "2013-06-30": "$4,692", "2013-03-31": "$4,329", "2012-12-31": "$5,206", "2012-09-30": "$4,508", "2012-06-30": "$4,493", "2012-03-31": "$4,173", "2011-12-31": "$4,864", "2011-09-30": "$4,409", "2011-06-30": "$4,274", "2011-03-31": "$3,897", "2010-12-31": "", "2009-12-31": ""}}, "gross-profit": {"AbbVie Annual Gross Profit (Millions of US $)": {"2020": "$30,417", "2019": "$25,827", "2018": "$25,035", "2017": "$21,174", "2016": "$19,806", "2015": "$18,359", "2014": "$15,534", "2013": "$14,209", "2012": "$13,872", "2011": "$12,805", "2010": "$11,345", "2009": "$10,158"}, "AbbVie Quarterly Gross Profit (Millions of US $)": {"2020-12-31": "$9,174", "2020-09-30": "$7,852", "2020-06-30": "$6,714", "2020-03-31": "$6,677", "2019-12-31": "$6,698", "2019-09-30": "$6,559", "2019-06-30": "$6,436", "2019-03-31": "$6,134", "2018-12-31": "$6,283", "2018-09-30": "$6,401", "2018-06-30": "$6,344", "2018-03-31": "$6,007", "2017-12-31": "$5,458", "2017-09-30": "$5,379", "2017-06-30": "$5,415", "2017-03-31": "$4,922", "2016-12-31": "$5,242", "2016-09-30": "$4,928", "2016-06-30": "$5,047", "2016-03-31": "$4,589", "2015-12-31": "$4,925", "2015-09-30": "$4,777", "2015-06-30": "$4,559", "2015-03-31": "$4,098", "2014-12-31": "$4,333", "2014-09-30": "$3,925", "2014-06-30": "$3,813", "2014-03-31": "$3,463", "2013-12-31": "$3,829", "2013-09-30": "$3,566", "2013-06-30": "$3,638", "2013-03-31": "$3,176", "2012-12-31": "$3,941", "2012-09-30": "$3,494", "2012-06-30": "$3,420", "2012-03-31": "$3,017", "2011-12-31": "$1,432", "2011-09-30": "$4,409", "2011-06-30": "$4,274", "2011-03-31": "$2,689", "2010-12-31": "", "2009-12-31": ""}}, "operating-income": {"AbbVie Annual Operating Income (Millions of US $)": {"2020": "$11,363", "2019": "$12,983", "2018": "$6,383", "2017": "$9,545", "2016": "$9,340", "2015": "$7,537", "2014": "$3,411", "2013": "$5,664", "2012": "$5,817", "2011": "$3,620", "2010": "$4,717", "2009": "$4,932"}, "AbbVie Quarterly Operating Income (Millions of US $)": {"2020-12-31": "$3,753", "2020-09-30": "$3,255", "2020-06-30": "$752", "2020-03-31": "$3,603", "2019-12-31": "$3,956", "2019-09-30": "$2,617", "2019-06-30": "$3,400", "2019-03-31": "$3,010", "2018-12-31": "$-2,441", "2018-09-30": "$3,159", "2018-06-30": "$2,762", "2018-03-31": "$2,903", "2017-12-31": "$1,782", "2017-09-30": "$2,694", "2017-06-30": "$2,662", "2017-03-31": "$2,407", "2016-12-31": "$2,314", "2016-09-30": "$2,361", "2016-06-30": "$2,387", "2016-03-31": "$2,278", "2015-12-31": "$2,113", "2015-09-30": "$1,885", "2015-06-30": "$1,852", "2015-03-31": "$1,687", "2014-12-31": "$-415", "2014-09-30": "$960", "2014-06-30": "$1,515", "2014-03-31": "$1,351", "2013-12-31": "$1,535", "2013-09-30": "$1,371", "2013-06-30": "$1,453", "2013-03-31": "$1,305", "2012-12-31": "$1,821", "2012-09-30": "$1,596", "2012-06-30": "$1,422", "2012-03-31": "$978", "2011-12-31": "$-5,887", "2011-09-30": "$4,409", "2011-06-30": "$4,274", "2011-03-31": "$824", "2010-12-31": "", "2009-12-31": ""}}, "ebitda": {"AbbVie Annual EBITDA (Millions of US $)": {"2019": "$15,000", "2018": "$8,148", "2017": "$11,046", "2016": "$10,529", "2015": "$8,373", "2014": "$4,197", "2013": "$6,561", "2012": "$6,967", "2011": "$4,892", "2010": "$5,901", "2009": "$5,629"}, "AbbVie Quarterly EBITDA (Millions of US $)": {"2020-09-30": "$5,547", "2020-06-30": "$2,307", "2020-03-31": "$4,162", "2019-12-31": "$4,465", "2019-09-30": "$3,120", "2019-06-30": "$3,902", "2019-03-31": "$3,513", "2018-12-31": "$-1,999", "2018-09-30": "$3,594", "2018-06-30": "$3,205", "2018-03-31": "$3,348", "2017-12-31": "$2,151", "2017-09-30": "$3,073", "2017-06-30": "$3,041", "2017-03-31": "$2,781", "2016-12-31": "$2,642", "2016-09-30": "$2,665", "2016-06-30": "$2,676", "2016-03-31": "$2,546", "2015-12-31": "$2,374", "2015-09-30": "$2,112", "2015-06-30": "$2,042", "2015-03-31": "$1,845", "2014-12-31": "$-222", "2014-09-30": "$1,152", "2014-06-30": "$1,717", "2014-03-31": "$1,550", "2013-12-31": "$1,735", "2013-09-30": "$1,605", "2013-06-30": "$1,689", "2013-03-31": "$1,532", "2012-12-31": "$2,130", "2012-09-30": "$1,823", "2012-06-30": "$1,717", "2012-03-31": "$1,297", "2011-12-31": "$-5,562", "2011-09-30": "$4,724", "2011-06-30": "$4,592", "2011-03-31": "$1,139", "2010-12-31": "", "2009-12-31": ""}}, "net-income": {"AbbVie Annual Net Income (Millions of US $)": {"2020": "$4,616", "2019": "$7,882", "2018": "$5,687", "2017": "$5,309", "2016": "$5,953", "2015": "$5,144", "2014": "$1,774", "2013": "$4,128", "2012": "$5,275", "2011": "$3,433", "2010": "$4,178", "2009": "$4,637"}, "AbbVie Quarterly Net Income (Millions of US $)": {"2020-12-31": "$36", "2020-09-30": "$2,308", "2020-06-30": "$-738", "2020-03-31": "$3,010", "2019-12-31": "$2,801", "2019-09-30": "$1,884", "2019-06-30": "$741", "2019-03-31": "$2,456", "2018-12-31": "$-1,826", "2018-09-30": "$2,747", "2018-06-30": "$1,983", "2018-03-31": "$2,783", "2017-12-31": "$52", "2017-09-30": "$1,631", "2017-06-30": "$1,915", "2017-03-31": "$1,711", "2016-12-31": "$1,391", "2016-09-30": "$1,598", "2016-06-30": "$1,610", "2016-03-31": "$1,354", "2015-12-31": "$1,517", "2015-09-30": "$1,239", "2015-06-30": "$1,366", "2015-03-31": "$1,022", "2014-12-31": "$-810", "2014-09-30": "$506", "2014-06-30": "$1,098", "2014-03-31": "$980", "2013-12-31": "$1,128", "2013-09-30": "$964", "2013-06-30": "$1,068", "2013-03-31": "$968", "2012-12-31": "$1,540", "2012-09-30": "$1,585", "2012-06-30": "$1,267", "2012-03-31": "$883", "2011-12-31": "$1,157", "2011-09-30": "$13", "2011-06-30": "$1,540", "2011-03-31": "$723", "2010-12-31": "", "2009-12-31": ""}}, "eps-earnings-per-share-diluted": {"AbbVie Annual EPS": {"2020": "$2.72", "2019": "$5.28", "2018": "$3.66", "2017": "$3.30", "2016": "$3.63", "2015": "$3.13", "2014": "$1.10", "2013": "$2.56", "2012": "$3.35", "2011": "$2.18", "2010": "$2.65", "2009": "$0.00"}, "AbbVie Quarterly EPS": {"2020-12-31": "$0.01", "2020-09-30": "$1.29", "2020-06-30": "$-0.46", "2020-03-31": "$2.02", "2019-12-31": "$1.88", "2019-09-30": "$1.26", "2019-06-30": "$0.49", "2019-03-31": "$1.65", "2018-12-31": "$-1.15", "2018-09-30": "$1.81", "2018-06-30": "$1.26", "2018-03-31": "$1.74", "2017-12-31": "$0.04", "2017-09-30": "$1.01", "2017-06-30": "$1.19", "2017-03-31": "$1.06", "2016-12-31": "$0.85", "2016-09-30": "$0.97", "2016-06-30": "$0.98", "2016-03-31": "$0.83", "2015-12-31": "$0.93", "2015-09-30": "$0.74", "2015-06-30": "$0.83", "2015-03-31": "$0.63", "2014-12-31": "$-0.50", "2014-09-30": "$0.31", "2014-06-30": "$0.68", "2014-03-31": "$0.61", "2013-12-31": "$0.70", "2013-09-30": "$0.60", "2013-06-30": "$0.66", "2013-03-31": "$0.60", "2012-12-31": "$0.98", "2012-09-30": "$1.01", "2012-06-30": "$0.80", "2012-03-31": "$0.56", "2011-12-31": "$0.73", "2011-09-30": "$0.01", "2011-06-30": "$0.98", "2011-03-31": "$0.00", "2010-12-31": "$0.00", "2009-12-31": "$0.00"}}, "shares-outstanding": {"AbbVie Annual Shares Outstanding (Millions of Shares)": {"2020": "1,673", "2019": "1,484", "2018": "1,546", "2017": "1,603", "2016": "1,631", "2015": "1,637", "2014": "1,610", "2013": "1,604", "2012": "1,577", "2011": "1,577", "2010": "1,577", "2009": ""}, "AbbVie Quarterly Shares Outstanding (Millions of Shares)": {"2020-12-31": "1,776", "2020-09-30": "1,774", "2020-06-30": "1,647", "2020-03-31": "1,484", "2019-12-31": "1,484", "2019-09-30": "1,483", "2019-06-30": "1,484", "2019-03-31": "1,483", "2018-12-31": "1,546", "2018-09-30": "1,515", "2018-06-30": "1,572", "2018-03-31": "1,596", "2017-12-31": "1,603", "2017-09-30": "1,603", "2017-06-30": "1,600", "2017-03-31": "1,603", "2016-12-31": "1,631", "2016-09-30": "1,640", "2016-06-30": "1,632", "2016-03-31": "1,625", "2015-12-31": "1,637", "2015-09-30": "1,664", "2015-06-30": "1,633", "2015-03-31": "1,608", "2014-12-31": "1,610", "2014-09-30": "1,610", "2014-06-30": "1,608", "2014-03-31": "1,609", "2013-12-31": "1,604", "2013-09-30": "1,605", "2013-06-30": "1,609", "2013-03-31": "1,605", "2012-12-31": "1,577", "2012-09-30": "1,577", "2012-06-30": "1,577", "2012-03-31": "1,577", "2011-12-31": "1,585", "2011-09-30": "1,300", "2011-06-30": "1,571", "2011-03-31": "", "2010-12-31": "", "2009-12-31": ""}}, "total-assets": {"AbbVie Annual Total Assets (Millions of US $)": {"2019": "$89,115", "2018": "$59,352", "2017": "$70,786", "2016": "$66,099", "2015": "$53,050", "2014": "$27,513", "2013": "$29,198", "2012": "$27,008", "2011": "$19,521", "2010": "$21,135", "2009": "$0"}, "AbbVie Quarterly Total Assets (Millions of US $)": {"2020-09-30": "$149,621", "2020-06-30": "$149,530", "2020-03-31": "$91,199", "2019-12-31": "$89,115", "2019-09-30": "$59,441", "2019-06-30": "$57,142", "2019-03-31": "$56,769", "2018-12-31": "$59,352", "2018-09-30": "$66,164", "2018-06-30": "$61,641", "2018-03-31": "$69,342", "2017-12-31": "$70,786", "2017-09-30": "$68,840", "2017-06-30": "$66,994", "2017-03-31": "$65,664", "2016-12-31": "$66,099", "2016-09-30": "$66,626", "2016-06-30": "$67,211", "2016-03-31": "$53,720", "2015-12-31": "$53,050", "2015-09-30": "$54,832", "2015-06-30": "$53,855", "2015-03-31": "$26,699", "2014-12-31": "$27,513", "2014-09-30": "$28,454", "2014-06-30": "$29,045", "2014-03-31": "$28,657", "2013-12-31": "$29,198", "2013-09-30": "$28,252", "2013-06-30": "$27,910", "2013-03-31": "$27,169", "2012-12-31": "$27,008", "2012-09-30": "$22,730", "2012-06-30": "$17,710", "2012-03-31": "$18,962", "2011-12-31": "$19,521", "2011-09-30": "$0", "2011-06-30": "$0", "2011-03-31": "$0", "2010-12-31": "$21,135", "2009-12-31": "$0"}}, "cash-on-hand": {"AbbVie Annual Cash on Hand (Millions of US $)": {"2019": "$39,924", "2018": "$8,061", "2017": "$9,789", "2016": "$6,423", "2015": "$8,407", "2014": "$8,374", "2013": "$9,895", "2012": "$7,976", "2011": "$653", "2010": "$11", "2009": "$"}, "AbbVie Quarterly Cash on Hand (Millions of US $)": {"2020-09-30": "$7,950", "2020-06-30": "$6,040", "2020-03-31": "$41,142", "2019-12-31": "$39,924", "2019-09-30": "$10,648", "2019-06-30": "$5,416", "2019-03-31": "$5,228", "2018-12-31": "$8,061", "2018-09-30": "$8,785", "2018-06-30": "$3,743", "2018-03-31": "$9,474", "2017-12-31": "$9,789", "2017-09-30": "$9,554", "2017-06-30": "$7,205", "2017-03-31": "$6,248", "2016-12-31": "$6,423", "2016-09-30": "$7,950", "2016-06-30": "$8,002", "2016-03-31": "$8,600", "2015-12-31": "$8,407", "2015-09-30": "$9,249", "2015-06-30": "$8,279", "2015-03-31": "$7,924", "2014-12-31": "$8,374", "2014-09-30": "$10,323", "2014-06-30": "$10,246", "2014-03-31": "$9,100", "2013-12-31": "$9,895", "2013-09-30": "$9,596", "2013-06-30": "$8,754", "2013-03-31": "$7,479", "2012-12-31": "$7,976", "2012-09-30": "$4,586", "2012-06-30": "$75", "2012-03-31": "$43", "2011-12-31": "$653", "2011-09-30": "", "2011-06-30": "", "2011-03-31": "", "2010-12-31": "$11", "2009-12-31": ""}}, "long-term-debt": {"AbbVie Annual Long Term Debt (Millions of US $)": {"2019": "$62,975", "2018": "$35,002", "2017": "$30,953", "2016": "$36,440", "2015": "$29,240", "2014": "$10,538", "2013": "$14,292", "2012": "$14,630", "2011": "$32", "2010": "$", "2009": "$"}, "AbbVie Quarterly Long Term Debt (Millions of US $)": {"2020-09-30": "$82,282", "2020-06-30": "$82,061", "2020-03-31": "$63,284", "2019-12-31": "$62,975", "2019-09-30": "$33,126", "2019-06-30": "$31,619", "2019-03-31": "$35,066", "2018-12-31": "$35,002", "2018-09-30": "$36,487", "2018-06-30": "$30,579", "2018-03-31": "$30,906", "2017-12-31": "$30,953", "2017-09-30": "$33,974", "2017-06-30": "$33,817", "2017-03-31": "$36,526", "2016-12-31": "$36,440", "2016-09-30": "$37,284", "2016-06-30": "$37,328", "2016-03-31": "$29,490", "2015-12-31": "$29,240", "2015-09-30": "$31,359", "2015-06-30": "$27,116", "2015-03-31": "$10,683", "2014-12-31": "$10,538", "2014-09-30": "$14,469", "2014-06-30": "$14,470", "2014-03-31": "$14,386", "2013-12-31": "$14,292", "2013-09-30": "$14,375", "2013-06-30": "$14,326", "2013-03-31": "$14,601", "2012-12-31": "$14,630", "2012-09-30": "", "2012-06-30": "", "2012-03-31": "", "2011-12-31": "$32", "2011-09-30": "", "2011-06-30": "", "2011-03-31": "", "2010-12-31": "", "2009-12-31": ""}}, "total-liabilities": {"AbbVie Annual Total Liabilities (Millions of US $)": {"2019": "$97,287", "2018": "$67,798", "2017": "$65,689", "2016": "$61,463", "2015": "$49,105", "2014": "$25,771", "2013": "$24,706", "2012": "$23,645", "2011": "$7,589", "2010": "$5,432", "2009": "$0"}, "AbbVie Quarterly Total Liabilities (Millions of US $)": {"2020-09-30": "$134,332", "2020-06-30": "$134,798", "2020-03-31": "$98,614", "2019-12-31": "$97,287", "2019-09-30": "$67,667", "2019-06-30": "$65,708", "2019-03-31": "$64,595", "2018-12-31": "$67,798", "2018-09-30": "$69,085", "2018-06-30": "$65,016", "2018-03-31": "$65,789", "2017-12-31": "$65,689", "2017-09-30": "$62,153", "2017-06-30": "$60,985", "2017-03-31": "$60,666", "2016-12-31": "$61,463", "2016-09-30": "$60,157", "2016-06-30": "$61,571", "2016-03-31": "$49,077", "2015-12-31": "$49,105", "2015-09-30": "$49,969", "2015-06-30": "$48,351", "2015-03-31": "$25,322", "2014-12-31": "$25,771", "2014-09-30": "$23,809", "2014-06-30": "$23,827", "2014-03-31": "$23,960", "2013-12-31": "$24,706", "2013-09-30": "$24,675", "2013-06-30": "$24,352", "2013-03-31": "$24,212", "2012-12-31": "$23,645", "2012-09-30": "$7,061", "2012-06-30": "$6,204", "2012-03-31": "$6,911", "2011-12-31": "$7,589", "2011-09-30": "$0", "2011-06-30": "$0", "2011-03-31": "$0", "2010-12-31": "$5,432", "2009-12-31": "$0"}}, "total-share-holder-equity": {"AbbVie Annual Share Holder Equity (Millions of US $)": {"2019": "$-8,172", "2018": "$-8,446", "2017": "$5,097", "2016": "$4,636", "2015": "$3,945", "2014": "$1,742", "2013": "$4,492", "2012": "$3,363", "2011": "$11,932", "2010": "$15,703", "2009": "$0"}, "AbbVie Quarterly Share Holder Equity (Millions of US $)": {"2020-09-30": "$15,289", "2020-06-30": "$14,732", "2020-03-31": "$-7,415", "2019-12-31": "$-8,172", "2019-09-30": "$-8,226", "2019-06-30": "$-8,566", "2019-03-31": "$-7,826", "2018-12-31": "$-8,446", "2018-09-30": "$-2,921", "2018-06-30": "$-3,375", "2018-03-31": "$3,553", "2017-12-31": "$5,097", "2017-09-30": "$6,687", "2017-06-30": "$6,009", "2017-03-31": "$4,998", "2016-12-31": "$4,636", "2016-09-30": "$6,469", "2016-06-30": "$5,640", "2016-03-31": "$4,643", "2015-12-31": "$3,945", "2015-09-30": "$4,863", "2015-06-30": "$5,504", "2015-03-31": "$1,377", "2014-12-31": "$1,742", "2014-09-30": "$4,645", "2014-06-30": "$5,218", "2014-03-31": "$4,697", "2013-12-31": "$4,492", "2013-09-30": "$3,577", "2013-06-30": "$3,558", "2013-03-31": "$2,957", "2012-12-31": "$3,363", "2012-09-30": "$15,669", "2012-06-30": "$11,505", "2012-03-31": "$12,051", "2011-12-31": "$11,932", "2011-09-30": "$0", "2011-06-30": "$0", "2011-03-31": "$0", "2010-12-31": "$15,703", "2009-12-31": "$0"}}, "profit-margins": {"current": "10.08%"}, "gross margin": {"2020-12-31": "66.41%", "2020-09-30": "68.74%", "2020-06-30": "73.56%", "2020-03-31": "77.43%", "2019-12-31": "77.64%", "2019-09-30": "77.32%", "2019-06-30": "77.41%", "2019-03-31": "77.07%", "2018-12-31": "76.44%", "2018-09-30": "75.22%", "2018-06-30": "74.93%", "2018-03-31": "75.17%", "2017-12-31": "75.04%", "2017-09-30": "76.85%", "2017-06-30": "76.78%", "2017-03-31": "76.81%", "2016-12-31": "77.25%", "2016-09-30": "77.21%", "2016-06-30": "78.12%", "2016-03-31": "79.28%", "2015-12-31": "80.31%", "2015-09-30": "81.09%", "2015-06-30": "80.60%", "2015-03-31": "79.12%", "2014-12-31": "77.83%", "2014-09-30": "76.61%", "2014-06-30": "76.18%", "2014-03-31": "76.20%", "2013-12-31": "75.62%", "2013-09-30": "75.83%", "2013-06-30": "76.06%", "2013-03-31": "75.70%", "2012-12-31": "75.47%", "2012-09-30": "62.99%", "2012-06-30": "68.44%", "2012-03-31": "74.11%", "2011-12-31": "73.40%"}, "operating margin": {"2020-12-31": "24.81%", "2020-09-30": "28.45%", "2020-06-30": "30.17%", "2020-03-31": "39.86%", "2019-12-31": "39.03%", "2019-09-30": "20.04%", "2019-06-30": "21.85%", "2019-03-31": "19.88%", "2018-12-31": "19.49%", "2018-09-30": "32.95%", "2018-06-30": "32.77%", "2018-03-31": "33.91%", "2017-12-31": "33.83%", "2017-09-30": "36.95%", "2017-06-30": "36.48%", "2017-03-31": "36.12%", "2016-12-31": "36.43%", "2016-09-30": "36.21%", "2016-06-30": "35.00%", "2016-03-31": "34.18%", "2015-12-31": "32.97%", "2015-09-30": "22.86%", "2015-06-30": "19.46%", "2015-03-31": "18.33%", "2014-12-31": "17.09%", "2014-09-30": "27.33%", "2014-06-30": "29.97%", "2014-03-31": "30.01%", "2013-12-31": "30.14%", "2013-09-30": "31.51%", "2013-06-30": "32.96%", "2013-03-31": "33.15%", "2012-12-31": "31.65%", "2012-09-30": "-10.48%", "2012-06-30": "5.14%", "2012-03-31": "21.30%", "2011-12-31": "20.75%"}, "ebitda margin": {"2020-09-30": "40.54%", "2020-06-30": "38.79%", "2020-03-31": "45.95%", "2019-12-31": "45.09%", "2019-09-30": "25.97%", "2019-06-30": "27.62%", "2019-03-31": "25.46%", "2018-12-31": "24.88%", "2018-09-30": "38.21%", "2018-06-30": "38.06%", "2018-03-31": "39.22%", "2017-12-31": "39.15%", "2017-09-30": "42.30%", "2017-06-30": "41.67%", "2017-03-31": "41.06%", "2016-12-31": "41.07%", "2016-09-30": "40.65%", "2016-06-30": "39.22%", "2016-03-31": "38.16%", "2015-12-31": "36.63%", "2015-09-30": "26.37%", "2015-06-30": "22.95%", "2015-03-31": "21.98%", "2014-12-31": "21.03%", "2014-09-30": "31.37%", "2014-06-30": "34.31%", "2014-03-31": "34.58%", "2013-12-31": "34.92%", "2013-09-30": "36.83%", "2013-06-30": "38.29%", "2013-03-31": "38.85%", "2012-12-31": "37.91%", "2012-09-30": "-4.02%", "2012-06-30": "12.13%", "2012-03-31": "28.50%", "2011-12-31": "28.05%"}, "pre tax profit margin": {"2020-12-31": "7.42%", "2020-09-30": "19.63%", "2020-06-30": "20.65%", "2020-03-31": "26.37%", "2019-12-31": "25.33%", "2019-09-30": "9.06%", "2019-06-30": "11.46%", "2019-03-31": "15.14%", "2018-12-31": "15.87%", "2018-09-30": "27.23%", "2018-06-30": "26.16%", "2018-03-31": "28.50%", "2017-12-31": "27.39%", "2017-09-30": "31.28%", "2017-06-30": "31.64%", "2017-03-31": "31.25%", "2016-12-31": "30.75%", "2016-09-30": "30.94%", "2016-06-30": "30.07%", "2016-03-31": "29.55%", "2015-12-31": "29.07%", "2015-09-30": "16.81%", "2015-06-30": "12.98%", "2015-03-31": "12.13%", "2014-12-31": "11.87%", "2014-09-30": "24.70%", "2014-06-30": "28.27%", "2014-03-31": "28.27%", "2013-12-31": "28.38%", "2013-09-30": "29.68%", "2013-06-30": "31.62%", "2013-03-31": "32.14%", "2012-12-31": "31.15%", "2012-09-30": "37.82%", "2012-06-30": "29.09%", "2012-03-31": "21.53%", "2011-12-31": "21.03%"}, "net profit margin": {"2020-12-31": "10.08%", "2020-09-30": "18.16%", "2020-06-30": "19.20%", "2020-03-31": "24.77%", "2019-12-31": "23.69%", "2019-09-30": "9.90%", "2019-06-30": "12.62%", "2019-03-31": "16.42%", "2018-12-31": "17.36%", "2018-09-30": "23.50%", "2018-06-30": "20.84%", "2018-03-31": "21.55%", "2017-12-31": "18.82%", "2017-09-30": "24.38%", "2017-06-30": "24.77%", "2017-03-31": "24.07%", "2016-12-31": "23.22%", "2016-09-30": "24.08%", "2016-06-30": "23.11%", "2016-03-31": "23.03%", "2015-12-31": "22.50%", "2015-09-30": "12.86%", "2015-06-30": "9.93%", "2015-03-31": "8.89%", "2014-12-31": "8.89%", "2014-09-30": "18.92%", "2014-06-30": "21.65%", "2014-03-31": "21.76%", "2013-12-31": "21.97%", "2013-09-30": "24.04%", "2013-06-30": "27.55%", "2013-03-31": "28.92%", "2012-12-31": "28.70%", "2012-09-30": "27.12%", "2012-06-30": "18.51%", "2012-03-31": "20.28%", "2011-12-31": "19.68%"}, "pe ratio": {"current": "10.35", "2021-02-05": "38.15", "2020-12-31": "37.16", "2020-09-30": "18.06", "2020-06-30": "20.13", "2020-03-31": "12.81", "2019-12-31": "15.72", "2019-09-30": "32.24", "2019-06-30": "24.33", "2019-03-31": "20.74", "2018-12-31": "22.84", "2018-09-30": "17.15", "2018-06-30": "19.93", "2018-03-31": "20.51", "2017-12-31": "25.10", "2017-09-30": "18.33", "2017-06-30": "14.97", "2017-03-31": "14.05", "2016-12-31": "14.21", "2016-09-30": "13.91", "2016-06-30": "14.43", "2016-03-31": "13.78", "2015-12-31": "15.04", "2015-09-30": "25.27", "2015-06-30": "41.55", "2015-03-31": "40.75", "2014-12-31": "46.04", "2014-09-30": "19.11", "2014-06-30": "16.46", "2014-03-31": "14.97", "2013-12-31": "15.32"}, "price sales": {"2021-02-05": "4.00", "2020-12-31": "3.89", "2020-09-30": "3.38", "2020-06-30": "3.99", "2020-03-31": "3.15", "2019-12-31": "3.70", "2019-09-30": "3.19", "2019-06-30": "3.06", "2019-03-31": "3.39", "2018-12-31": "3.89", "2018-09-30": "4.05", "2018-06-30": "4.14", "2018-03-31": "4.40", "2017-12-31": "4.69", "2017-09-30": "4.45", "2017-06-30": "3.69", "2017-03-31": "3.36", "2016-12-31": "3.28", "2016-09-30": "3.33", "2016-06-30": "3.32", "2016-03-31": "3.16", "2015-12-31": "3.36", "2015-09-30": "3.18", "2015-06-30": "4.03", "2015-03-31": "3.56", "2014-12-31": "4.05", "2014-09-30": "3.60", "2014-06-30": "3.56", "2014-03-31": "3.25", "2013-12-31": "3.35"}, "price book": {"current": "12.56", "2021-02-05": "12.55", "2020-09-30": "9.86", "2020-06-30": "11.33", "2020-03-31": "-14.41", "2019-12-31": "-15.02", "2019-09-30": "-12.58", "2019-06-30": "-11.42", "2019-03-31": "-13.67", "2018-12-31": "-14.37", "2018-09-30": "-42.75", "2018-06-30": "-36.12", "2018-03-31": "36.36", "2017-12-31": "25.80", "2017-09-30": "17.99", "2017-06-30": "16.16", "2017-03-31": "17.27", "2016-12-31": "17.72", "2016-09-30": "12.93", "2016-06-30": "14.46", "2016-03-31": "15.94", "2015-12-31": "19.15", "2015-09-30": "14.36", "2015-06-30": "15.74", "2015-03-31": "52.33", "2014-12-31": "45.84", "2014-09-30": "15.08", "2014-06-30": "13.00", "2014-03-31": "13.02", "2013-12-31": "13.86", "2013-09-30": "14.62", "2013-06-30": "13.43", "2013-03-31": "15.79"}, "price fcf": {"2021-02-05": "", "2020-09-30": "$8.98", "2020-06-30": "$9.07", "2020-03-31": "$9.13", "2019-12-31": "$8.61", "2019-09-30": "$8.50", "2019-06-30": "$8.46", "2019-03-31": "$8.65", "2018-12-31": "$8.27", "2018-09-30": "$7.78", "2018-06-30": "$6.81", "2018-03-31": "$6.21", "2017-12-31": "$5.88", "2017-09-30": "$5.28", "2017-06-30": "$4.13", "2017-03-31": "$4.04", "2016-12-31": "$4.02", "2016-09-30": "$4.29", "2016-06-30": "$4.67", "2016-03-31": "$4.62", "2015-12-31": "$4.28", "2015-09-30": "$2.66", "2015-06-30": "$2.48", "2015-03-31": "$2.42", "2014-12-31": "$1.82", "2014-09-30": "$2.96", "2014-06-30": "$3.01", "2014-03-31": "$3.22", "2013-12-31": "$3.60"}, "net worth": {"value": "$191.96B"}, "current ratio": {"2020-12-31": "0.00", "2020-09-30": "0.95", "2020-06-30": "0.86", "2020-03-31": "3.14", "2019-12-31": "3.18", "2019-09-30": "1.15", "2019-06-30": "0.89", "2019-03-31": "1.04", "2018-12-31": "0.98", "2018-09-30": "1.20", "2018-06-30": "0.80", "2018-03-31": "1.20", "2017-12-31": "1.28", "2017-09-30": "1.45", "2017-06-30": "1.38", "2017-03-31": "1.76", "2016-12-31": "1.66", "2016-09-30": "1.79", "2016-06-30": "1.81", "2016-03-31": "1.56", "2015-12-31": "1.50", "2015-09-30": "2.03", "2015-06-30": "1.50", "2015-03-31": "1.39", "2014-12-31": "1.41", "2014-09-30": "2.65", "2014-06-30": "2.82", "2014-03-31": "2.79", "2013-12-31": "2.60", "2013-09-30": "2.41", "2013-06-30": "2.30", "2013-03-31": "2.21", "2012-12-31": "2.27", "2012-09-30": "2.04", "2012-06-30": "1.24", "2012-03-31": "1.22", "2011-12-31": "1.25", "2011-09-30": "0.00", "2011-06-30": "0.00", "2011-03-31": "0.00", "2010-12-31": "2.19", "2009-12-31": "0.00"}, "quick ratio": {"2020-12-31": "0.00", "2020-09-30": "0.81", "2020-06-30": "0.70", "2020-03-31": "3.03", "2019-12-31": "3.06", "2019-09-30": "1.04", "2019-06-30": "0.78", "2019-03-31": "0.91", "2018-12-31": "0.89", "2018-09-30": "1.08", "2018-06-30": "0.71", "2018-03-31": "1.10", "2017-12-31": "1.18", "2017-09-30": "1.32", "2017-06-30": "1.26", "2017-03-31": "1.60", "2016-12-31": "1.51", "2016-09-30": "1.61", "2016-06-30": "1.62", "2016-03-31": "1.39", "2015-12-31": "1.34", "2015-09-30": "1.82", "2015-06-30": "1.36", "2015-03-31": "1.30", "2014-12-31": "1.31", "2014-09-30": "2.49", "2014-06-30": "2.65", "2014-03-31": "2.61", "2013-12-31": "2.43", "2013-09-30": "2.24", "2013-06-30": "2.14", "2013-03-31": "2.05", "2012-12-31": "2.11", "2012-09-30": "1.86", "2012-06-30": "1.06", "2012-03-31": "1.06", "2011-12-31": "1.10", "2011-09-30": "0.00", "2011-06-30": "0.00", "2011-03-31": "0.00", "2010-12-31": "1.96", "2009-12-31": "0.00"}, "debt equity ratio": {"current": "5.38", "2020-12-31": "0.00", "2020-09-30": "8.79", "2020-06-30": "9.15", "2020-03-31": "-13.30", "2019-12-31": "-11.91", "2019-09-30": "-8.23", "2019-06-30": "-7.67", "2019-03-31": "-8.25", "2018-12-31": "-8.03", "2018-09-30": "-23.65", "2018-06-30": "-19.26", "2018-03-31": "18.52", "2017-12-31": "12.89", "2017-09-30": "9.30", "2017-06-30": "10.15", "2017-03-31": "12.14", "2016-12-31": "13.26", "2016-09-30": "9.30", "2016-06-30": "10.92", "2016-03-31": "10.57", "2015-12-31": "12.45", "2015-09-30": "10.28", "2015-06-30": "8.79", "2015-03-31": "18.39", "2014-12-31": "14.79", "2014-09-30": "5.13", "2014-06-30": "4.57", "2014-03-31": "5.10", "2013-12-31": "5.50", "2013-09-30": "6.90", "2013-06-30": "6.84", "2013-03-31": "8.19", "2012-12-31": "7.03", "2012-09-30": "0.45", "2012-06-30": "0.54", "2012-03-31": "0.57", "2011-12-31": "0.64", "2011-09-30": "0.00", "2011-06-30": "0.00", "2011-03-31": "0.00", "2010-12-31": "0.35", "2009-12-31": "0.00"}, "return on equity": {"2020-12-31": "81.68%", "2020-09-30": "204.54%", "2020-06-30": "-306.44%", "2020-03-31": "-104.22%", "2019-12-31": "-96.15%", "2019-09-30": "-39.38%", "2019-06-30": "-59.34%", "2019-03-31": "-95.00%", "2018-12-31": "-203.31%", "2018-09-30": "1285.47%", "2018-06-30": "215.65%", "2018-03-31": "119.57%", "2017-12-31": "93.18%", "2017-09-30": "119.09%", "2017-06-30": "119.66%", "2017-03-31": "116.08%", "2016-12-31": "111.33%", "2016-09-30": "117.49%", "2016-06-30": "119.85%", "2016-03-31": "115.56%", "2015-12-31": "131.15%", "2015-09-30": "83.55%", "2015-06-30": "62.83%", "2015-03-31": "55.95%", "2014-12-31": "43.53%", "2014-09-30": "77.93%", "2014-06-30": "92.75%", "2014-03-31": "101.45%", "2013-12-31": "113.22%", "2013-09-30": "134.97%", "2013-06-30": "80.81%", "2013-03-31": "64.01%", "2012-12-31": "49.54%", "2012-09-30": "38.25%", "2012-06-30": "37.42%", "2012-03-31": "59.93%", "2011-12-31": "115.09%"}, "return on assets": {"2020-12-31": "4.73%", "2020-09-30": "6.16%", "2020-06-30": "7.15%", "2020-03-31": "11.37%", "2019-12-31": "12.01%", "2019-09-30": "5.60%", "2019-06-30": "6.88%", "2019-03-31": "8.79%", "2018-12-31": "8.87%", "2018-09-30": "11.29%", "2018-06-30": "9.53%", "2018-03-31": "9.25%", "2017-12-31": "7.80%", "2017-09-30": "9.94%", "2017-06-30": "9.97%", "2017-03-31": "9.50%", "2016-12-31": "9.39%", "2016-09-30": "10.11%", "2016-06-30": "10.00%", "2016-03-31": "10.17%", "2015-12-31": "10.92%", "2015-09-30": "6.92%", "2015-06-30": "6.11%", "2015-03-31": "6.50%", "2014-12-31": "6.24%", "2014-09-30": "12.87%", "2014-06-30": "14.49%", "2014-03-31": "14.52%", "2013-12-31": "14.67%", "2013-09-30": "16.46%", "2013-06-30": "19.70%", "2013-03-31": "22.66%", "2012-12-31": "24.42%", "2012-09-30": "24.79%", "2012-06-30": "23.63%", "2012-03-31": "37.35%", "2011-12-31": "70.34%"}, "return on investments": {"2020-12-31": "18.16%", "2020-09-30": "15.17%", "2020-06-30": "18.81%", "2020-03-31": "34.23%", "2019-12-31": "39.95%", "2019-09-30": "25.89%", "2019-06-30": "25.82%", "2019-03-31": "22.66%", "2018-12-31": "20.96%", "2018-09-30": "32.32%", "2018-06-30": "29.31%", "2018-03-31": "26.60%", "2017-12-31": "24.16%", "2017-09-30": "24.72%", "2017-06-30": "23.45%", "2017-03-31": "22.37%", "2016-12-31": "23.07%", "2016-09-30": "23.73%", "2016-06-30": "23.65%", "2016-03-31": "23.88%", "2015-12-31": "26.43%", "2015-09-30": "21.50%", "2015-06-30": "21.47%", "2015-03-31": "23.74%", "2014-12-31": "19.45%", "2014-09-30": "27.97%", "2014-06-30": "30.58%", "2014-03-31": "30.99%", "2013-12-31": "31.39%", "2013-09-30": "33.34%", "2013-06-30": "46.22%", "2013-03-31": "69.13%", "2012-12-31": "129.32%", "2012-09-30": "-63.22%", "2012-06-30": "30.83%", "2012-03-31": "126.18%", "2011-12-31": "121.03%"}, "return on tangible equity": {"2020-09-30": "-10.18%", "2020-06-30": "-12.06%", "2020-03-31": "-19.73%", "2019-12-31": "-18.10%", "2019-09-30": "-7.35%", "2019-06-30": "-9.17%", "2019-03-31": "-11.85%", "2018-12-31": "-12.92%", "2018-09-30": "-17.90%", "2018-06-30": "-16.02%", "2018-03-31": "-16.68%", "2017-12-31": "-13.92%", "2017-09-30": "-17.26%", "2017-06-30": "-17.06%", "2017-03-31": "-16.14%", "2016-12-31": "-16.37%", "2016-09-30": "-18.05%", "2016-06-30": "-18.36%", "2016-03-31": "-19.40%", "2015-12-31": "-22.76%", "2015-09-30": "-16.79%", "2015-06-30": "-19.94%", "2015-03-31": "-43.02%", "2014-12-31": "-48.51%", "2014-09-30": "-117.20%", "2014-06-30": "-115.94%", "2014-03-31": "-101.41%", "2013-12-31": "-90.68%", "2013-09-30": "-92.54%", "2013-06-30": "-262.55%", "2013-03-31": "-10258.37%", "2012-12-31": "257.66%", "2012-09-30": "120.78%", "2012-06-30": "146.66%", "2012-03-31": "237.01%", "2011-12-31": "469.95%"}, "dividend yield history": {"last payout": "$5.20", "last yield": "4.78%"}}