{"ticker": "ABMD", "price": {"title": "ABIOMED Historical Annual Stock Price Data", "value": 324.51, "historical": {"2021": {"Average Stock Price": "332.3985", "Year Open": "316.7300", "Year High": "355.1300", "Year Low": "316.7300", "Year Close": "324.5100", "Annual % Change": "0.10%"}, "2020": {"Average Stock Price": "233.5266", "Year Open": "168.8100", "Year High": "324.2000", "Year Low": "130.5100", "Year Close": "324.2000", "Annual % Change": "90.05%"}, "2019": {"Average Stock Price": "248.7637", "Year Open": "309.9600", "Year High": "362.2500", "Year Low": "159.3100", "Year Close": "170.5900", "Annual % Change": "-47.52%"}, "2018": {"Average Stock Price": "340.0955", "Year Open": "192.4900", "Year High": "449.7500", "Year Low": "192.4900", "Year Close": "325.0400", "Annual % Change": "73.44%"}, "2017": {"Average Stock Price": "147.1808", "Year Open": "112.3600", "Year High": "199.7400", "Year Low": "104.1000", "Year Close": "187.4100", "Annual % Change": "66.32%"}, "2016": {"Average Stock Price": "105.0842", "Year Open": "85.2400", "Year High": "131.7400", "Year Low": "71.0000", "Year Close": "112.6800", "Annual % Change": "24.81%"}, "2015": {"Average Stock Price": "73.6795", "Year Open": "37.3100", "Year High": "106.4500", "Year Low": "36.1300", "Year Close": "90.2800", "Annual % Change": "137.20%"}, "2014": {"Average Stock Price": "26.9587", "Year Open": "26.8500", "Year High": "38.6400", "Year Low": "20.8700", "Year Close": "38.0600", "Annual % Change": "42.33%"}, "2013": {"Average Stock Price": "20.7430", "Year Open": "13.6900", "Year High": "28.7700", "Year Low": "12.1700", "Year Close": "26.7400", "Annual % Change": "98.96%"}, "2012": {"Average Stock Price": "20.1853", "Year Open": "18.2500", "Year High": "24.6200", "Year Low": "12.4900", "Year Close": "13.4400", "Annual % Change": "-27.23%"}, "2011": {"Average Stock Price": "14.7541", "Year Open": "9.8000", "Year High": "21.1100", "Year Low": "9.4900", "Year Close": "18.4700", "Annual % Change": "92.20%"}, "2010": {"Average Stock Price": "9.9826", "Year Open": "8.7400", "Year High": "12.1900", "Year Low": "7.8900", "Year Close": "9.6100", "Annual % Change": "10.08%"}, "2009": {"Average Stock Price": "8.3208", "Year Open": "16.3300", "Year High": "16.3300", "Year Low": "4.9000", "Year Close": "8.7300", "Annual % Change": "-46.83%"}, "2008": {"Average Stock Price": "15.6395", "Year Open": "15.2500", "Year High": "19.9600", "Year Low": "10.7500", "Year Close": "16.4200", "Annual % Change": "5.66%"}, "2007": {"Average Stock Price": "12.7926", "Year Open": "14.0500", "Year High": "15.8400", "Year Low": "10.1600", "Year Close": "15.5400", "Annual % Change": "10.21%"}, "2006": {"Average Stock Price": "12.8041", "Year Open": "9.3500", "Year High": "15.3000", "Year Low": "9.3500", "Year Close": "14.1000", "Annual % Change": "52.60%"}, "2005": {"Average Stock Price": "10.0279", "Year Open": "15.0100", "Year High": "15.0100", "Year Low": "8.0700", "Year Close": "9.2400", "Annual % Change": "-40.16%"}, "2004": {"Average Stock Price": "10.7094", "Year Open": "7.0000", "Year High": "17.4800", "Year Low": "6.6900", "Year Close": "15.4400", "Annual % Change": "120.89%"}, "2003": {"Average Stock Price": "5.6914", "Year Open": "3.8500", "Year High": "9.1700", "Year Low": "3.1700", "Year Close": "6.9900", "Annual % Change": "92.03%"}, "2002": {"Average Stock Price": "7.3791", "Year Open": "15.9600", "Year High": "16.2700", "Year Low": "2.3500", "Year Close": "3.6400", "Annual % Change": "-76.99%"}, "2001": {"Average Stock Price": "20.0615", "Year Open": "22.5000", "Year High": "29.3800", "Year Low": "11.5000", "Year Close": "15.8200", "Annual % Change": "-34.76%"}, "2000": {"Average Stock Price": "24.7230", "Year Open": "18.2500", "Year High": "41.3150", "Year Low": "13.8750", "Year Close": "24.2500", "Annual % Change": "31.97%"}, "1999": {"Average Stock Price": "8.4589", "Year Open": "4.4375", "Year High": "26.7500", "Year Low": "4.1250", "Year Close": "18.3750", "Annual % Change": "274.50%"}, "1998": {"Average Stock Price": "6.4708", "Year Open": "8.1250", "Year High": "8.6900", "Year Low": "4.2500", "Year Close": "4.9065", "Annual % Change": "-40.09%"}, "1997": {"Average Stock Price": "7.3441", "Year Open": "6.2500", "Year High": "11.5000", "Year Low": "4.7500", "Year Close": "8.1900", "Annual % Change": "35.15%"}, "1996": {"Average Stock Price": "6.8940", "Year Open": "7.2500", "Year High": "8.8750", "Year Low": "5.1250", "Year Close": "6.0600", "Annual % Change": "-19.20%"}, "1995": {"Average Stock Price": "4.4511", "Year Open": "2.5000", "Year High": "7.7500", "Year Low": "2.4375", "Year Close": "7.5000", "Annual % Change": "192.68%"}, "1994": {"Average Stock Price": "3.4675", "Year Open": "3.7500", "Year High": "4.3750", "Year Low": "2.1250", "Year Close": "2.5625", "Annual % Change": "-31.67%"}, "1993": {"Average Stock Price": "4.5211", "Year Open": "5.6250", "Year High": "5.7500", "Year Low": "3.5000", "Year Close": "3.7500", "Annual % Change": "-30.23%"}, "1992": {"Average Stock Price": "6.3415", "Year Open": "8.1250", "Year High": "9.1850", "Year Low": "4.5000", "Year Close": "5.3750", "Annual % Change": "-36.28%"}, "1991": {"Average Stock Price": "5.1702", "Year Open": "3.0000", "Year High": "10.5000", "Year Low": "2.6900", "Year Close": "8.4350", "Annual % Change": "169.92%"}, "1990": {"Average Stock Price": "4.4197", "Year Open": "5.8750", "Year High": "6.0650", "Year Low": "2.6250", "Year Close": "3.1250", "Annual % Change": "-43.18%"}, "1989": {"Average Stock Price": "6.3072", "Year Open": "5.1900", "Year High": "8.0000", "Year Low": "5.1250", "Year Close": "5.5000", "Annual % Change": "8.59%"}, "1988": {"Average Stock Price": "4.5413", "Year Open": "3.9400", "Year High": "5.5000", "Year Low": "3.9400", "Year Close": "5.0650", "Annual % Change": "50.07%"}}}, "market cap": {"value": "$14.68B"}, "income statement": {"Revenue": {"2020-03-31": "840.88300", "2019-03-31": "769.43200", "2018-03-31": "593.74900", "2017-03-31": "445.30400", "2016-03-31": "329.54300", "2015-03-31": "230.31100", "2014-03-31": "183.64300", "2013-03-31": "158.12400", "2012-03-31": "126.37500", "2011-03-31": "101.15100", "2010-03-31": "85.71300", "2009-03-31": "73.21000", "2008-03-31": "58.94100", "2007-03-31": "50.64900", "2006-03-31": "43.67000", "2005-03-31": "38.21600"}, "Cost Of Goods Sold": {"2020-03-31": "151.30500", "2019-03-31": "129.56700", "2018-03-31": "98.58100", "2017-03-31": "70.62700", "2016-03-31": "50.41900", "2015-03-31": "39.94500", "2014-03-31": "37.32200", "2013-03-31": "31.59600", "2012-03-31": "24.50700", "2011-03-31": "21.97700", "2010-03-31": "22.52900", "2009-03-31": "20.43700", "2008-03-31": "15.06500", "2007-03-31": "12.01200", "2006-03-31": "11.68500", "2005-03-31": "9.36600"}, "Gross Profit": {"2020-03-31": "689.57800", "2019-03-31": "639.86500", "2018-03-31": "495.16800", "2017-03-31": "374.67700", "2016-03-31": "279.12400", "2015-03-31": "190.36600", "2014-03-31": "146.32100", "2013-03-31": "126.52800", "2012-03-31": "101.86800", "2011-03-31": "79.17400", "2010-03-31": "63.18400", "2009-03-31": "52.77300", "2008-03-31": "43.87600", "2007-03-31": "38.63700", "2006-03-31": "31.98500", "2005-03-31": "28.85000"}, "Research And Development Expenses": {"2020-03-31": "98.75900", "2019-03-31": "93.50300", "2018-03-31": "75.29700", "2017-03-31": "66.38600", "2016-03-31": "49.75900", "2015-03-31": "35.97300", "2014-03-31": "30.70700", "2013-03-31": "25.64700", "2012-03-31": "27.15900", "2011-03-31": "26.67700", "2010-03-31": "25.95400", "2009-03-31": "25.32800", "2008-03-31": "24.91700", "2007-03-31": "22.29200", "2006-03-31": "16.73900", "2005-03-31": "13.35000"}, "SG&A Expenses": {"2020-03-31": "341.60000", "2019-03-31": "321.55000", "2018-03-31": "262.73400", "2017-03-31": "218.15300", "2016-03-31": "164.26100", "2015-03-31": "125.72700", "2014-03-31": "107.25100", "2013-03-31": "84.22700", "2012-03-31": "71.71100", "2011-03-31": "62.28700", "2010-03-31": "60.83700", "2009-03-31": "55.35700", "2008-03-31": "52.65800", "2007-03-31": "42.44800", "2006-03-31": "30.92300", "2005-03-31": "18.56600"}, "Other Operating Income Or Expenses": {"2020-03-31": "", "2019-03-31": "", "2018-03-31": "", "2017-03-31": "", "2016-03-31": "", "2015-03-31": "", "2014-03-31": "", "2013-03-31": "", "2012-03-31": "", "2011-03-31": "", "2010-03-31": "", "2009-03-31": "", "2008-03-31": "-1.20600", "2007-03-31": "", "2006-03-31": "", "2005-03-31": ""}, "Operating Expenses": {"2020-03-31": "591.66400", "2019-03-31": "544.62000", "2018-03-31": "436.61200", "2017-03-31": "355.16600", "2016-03-31": "264.43900", "2015-03-31": "201.64500", "2014-03-31": "175.28000", "2013-03-31": "141.58100", "2012-03-31": "124.85500", "2011-03-31": "112.33600", "2010-03-31": "110.78900", "2009-03-31": "102.72800", "2008-03-31": "95.42800", "2007-03-31": "79.16000", "2006-03-31": "73.96100", "2005-03-31": "41.46900"}, "Operating Income": {"2020-03-31": "249.21900", "2019-03-31": "224.81200", "2018-03-31": "157.13700", "2017-03-31": "90.13800", "2016-03-31": "65.10400", "2015-03-31": "28.66600", "2014-03-31": "8.36300", "2013-03-31": "16.54300", "2012-03-31": "1.52000", "2011-03-31": "-11.18500", "2010-03-31": "-25.07600", "2009-03-31": "-29.51800", "2008-03-31": "-36.48700", "2007-03-31": "-28.51100", "2006-03-31": "-30.29100", "2005-03-31": "-3.25300"}, "Total Non-Operating Income/Expense": {"2020-03-31": "7.60600", "2019-03-31": "38.54800", "2018-03-31": "3.30000", "2017-03-31": "1.20500", "2016-03-31": "0.73400", "2015-03-31": "0.09900", "2014-03-31": "0.16700", "2013-03-31": "0.31900", "2012-03-31": "1.02300", "2011-03-31": "0.32200", "2010-03-31": "6.72300", "2009-03-31": "-1.32700", "2008-03-31": "-3.91600", "2007-03-31": "1.10500", "2006-03-31": "1.19800", "2005-03-31": "0.91100"}, "Pre-Tax Income": {"2020-03-31": "256.82500", "2019-03-31": "263.36000", "2018-03-31": "160.43700", "2017-03-31": "91.34300", "2016-03-31": "65.83800", "2015-03-31": "28.76500", "2014-03-31": "8.53000", "2013-03-31": "16.86200", "2012-03-31": "2.54300", "2011-03-31": "-10.86300", "2010-03-31": "-18.35300", "2009-03-31": "-30.84500", "2008-03-31": "-40.40300", "2007-03-31": "-27.40600", "2006-03-31": "-29.09300", "2005-03-31": "-2.34200"}, "Income Taxes": {"2020-03-31": "53.81600", "2019-03-31": "4.34400", "2018-03-31": "48.26700", "2017-03-31": "39.22700", "2016-03-31": "27.69100", "2015-03-31": "-84.92300", "2014-03-31": "1.17900", "2013-03-31": "1.84800", "2012-03-31": "1.04800", "2011-03-31": "0.89200", "2010-03-31": "0.67100", "2009-03-31": "0.75200", "2008-03-31": "0.52700", "2007-03-31": "0.47500", "2006-03-31": "0.35600", "2005-03-31": ""}, "Income After Taxes": {"2020-03-31": "203.00900", "2019-03-31": "259.01600", "2018-03-31": "112.17000", "2017-03-31": "52.11600", "2016-03-31": "38.14700", "2015-03-31": "113.68800", "2014-03-31": "7.35100", "2013-03-31": "15.01400", "2012-03-31": "1.49500", "2011-03-31": "-11.75500", "2010-03-31": "-19.02400", "2009-03-31": "-31.59700", "2008-03-31": "-40.93000", "2007-03-31": "-27.88100", "2006-03-31": "-29.44900", "2005-03-31": "-2.34200"}, "Other Income": {"2020-03-31": "", "2019-03-31": "", "2018-03-31": "", "2017-03-31": "", "2016-03-31": "", "2015-03-31": "", "2014-03-31": "", "2013-03-31": "", "2012-03-31": "", "2011-03-31": "", "2010-03-31": "", "2009-03-31": "", "2008-03-31": "", "2007-03-31": "", "2006-03-31": "", "2005-03-31": ""}, "Income From Continuous Operations": {"2020-03-31": "203.00900", "2019-03-31": "259.01600", "2018-03-31": "112.17000", "2017-03-31": "52.11600", "2016-03-31": "38.14700", "2015-03-31": "113.68800", "2014-03-31": "7.35100", "2013-03-31": "15.01400", "2012-03-31": "1.49500", "2011-03-31": "-11.75500", "2010-03-31": "-19.02400", "2009-03-31": "-31.59700", "2008-03-31": "-40.93000", "2007-03-31": "-27.88100", "2006-03-31": "-29.44900", "2005-03-31": "-2.34200"}, "Income From Discontinued Operations": {"2020-03-31": "", "2019-03-31": "", "2018-03-31": "", "2017-03-31": "", "2016-03-31": "", "2015-03-31": "", "2014-03-31": "", "2013-03-31": "", "2012-03-31": "", "2011-03-31": "", "2010-03-31": "", "2009-03-31": "", "2008-03-31": "", "2007-03-31": "", "2006-03-31": "", "2005-03-31": ""}, "Net Income": {"2020-03-31": "203.00900", "2019-03-31": "259.01600", "2018-03-31": "112.17000", "2017-03-31": "52.11600", "2016-03-31": "38.14700", "2015-03-31": "113.68800", "2014-03-31": "7.35100", "2013-03-31": "15.01400", "2012-03-31": "1.49500", "2011-03-31": "-11.75500", "2010-03-31": "-19.02400", "2009-03-31": "-31.59700", "2008-03-31": "-40.93000", "2007-03-31": "-27.88100", "2006-03-31": "-29.44900", "2005-03-31": "-2.34200"}, "EBITDA": {"2020-03-31": "269.64900", "2019-03-31": "238.93300", "2018-03-31": "168.14200", "2017-03-31": "96.34000", "2016-03-31": "68.38100", "2015-03-31": "31.43600", "2014-03-31": "10.87100", "2013-03-31": "19.26600", "2012-03-31": "5.85600", "2011-03-31": "-7.23700", "2010-03-31": "-20.17800", "2009-03-31": "-24.50200", "2008-03-31": "-30.36300", "2007-03-31": "-24.59600", "2006-03-31": "-27.26100", "2005-03-31": "-1.72400"}, "EBIT": {"2020-03-31": "249.21900", "2019-03-31": "224.81200", "2018-03-31": "157.13700", "2017-03-31": "90.13800", "2016-03-31": "65.10400", "2015-03-31": "28.66600", "2014-03-31": "8.36300", "2013-03-31": "16.54300", "2012-03-31": "1.52000", "2011-03-31": "-11.18500", "2010-03-31": "-25.07600", "2009-03-31": "-29.51800", "2008-03-31": "-36.48700", "2007-03-31": "-28.51100", "2006-03-31": "-30.29100", "2005-03-31": "-3.25300"}, "Basic Shares Outstanding": {"2020-03-31": "45.17900", "2019-03-31": "44.91100", "2018-03-31": "44.15300", "2017-03-31": "43.23800", "2016-03-31": "42.20400", "2015-03-31": "40.63200", "2014-03-31": "39.33400", "2013-03-31": "39.11300", "2012-03-31": "38.37400", "2011-03-31": "37.16700", "2010-03-31": "36.87500", "2009-03-31": "34.88200", "2008-03-31": "32.46500", "2007-03-31": "27.12400", "2006-03-31": "25.64900", "2005-03-31": "21.84500"}, "Shares Outstanding": {"2020-03-31": "45.81600", "2019-03-31": "46.15100", "2018-03-31": "45.84900", "2017-03-31": "44.65800", "2016-03-31": "44.89500", "2015-03-31": "42.85800", "2014-03-31": "41.60600", "2013-03-31": "41.05200", "2012-03-31": "40.17200", "2011-03-31": "37.16700", "2010-03-31": "36.87500", "2009-03-31": "34.88200", "2008-03-31": "32.46500", "2007-03-31": "27.12400", "2006-03-31": "25.64900", "2005-03-31": "21.84500"}, "Basic EPS": {"2020-03-31": "4.49000", "2019-03-31": "5.77000", "2018-03-31": "2.54000", "2017-03-31": "1.21000", "2016-03-31": "0.90000", "2015-03-31": "2.80000", "2014-03-31": "0.19000", "2013-03-31": "0.38000", "2012-03-31": "0.04000", "2011-03-31": "-0.32000", "2010-03-31": "-0.52000", "2009-03-31": "-0.91000", "2008-03-31": "-1.26000", "2007-03-31": "-1.03000", "2006-03-31": "-1.15000", "2005-03-31": "-0.11000"}, "EPS - Earnings Per Share": {"2020-03-31": "4.43000", "2019-03-31": "5.61000", "2018-03-31": "2.45000", "2017-03-31": "1.17000", "2016-03-31": "0.85000", "2015-03-31": "2.65000", "2014-03-31": "0.18000", "2013-03-31": "0.37000", "2012-03-31": "0.04000", "2011-03-31": "-0.32000", "2010-03-31": "-0.52000", "2009-03-31": "-0.91000", "2008-03-31": "-1.26000", "2007-03-31": "-1.03000", "2006-03-31": "-1.15000", "2005-03-31": "-0.11000"}}, "income statement, quarterly": {"Revenue": {"2020-12-31": "231.66300", "2020-09-30": "209.76400", "2020-06-30": "164.85000", "2020-03-31": "206.65900", "2019-12-31": "221.58400", "2019-09-30": "204.97400", "2019-06-30": "207.66600", "2019-03-31": "207.08100", "2018-12-31": "200.56300", "2018-09-30": "181.77800", "2018-06-30": "180.01000", "2018-03-31": "174.43600", "2017-12-31": "154.02200", "2017-09-30": "132.82300", "2017-06-30": "132.46800", "2017-03-31": "124.68000", "2016-12-31": "114.67400", "2016-09-30": "102.95500", "2016-06-30": "102.99500", "2016-03-31": "93.95700", "2015-12-31": "85.79500", "2015-09-30": "76.35900", "2015-06-30": "73.43200", "2015-03-31": "67.55700", "2014-12-31": "62.00500", "2014-09-30": "51.93800", "2014-06-30": "48.81100", "2014-03-31": "50.43300", "2013-12-31": "46.19500", "2013-09-30": "44.34500", "2013-06-30": "42.67000", "2013-03-31": "43.67400", "2012-12-31": "38.25000", "2012-09-30": "37.41700", "2012-06-30": "38.78300", "2012-03-31": "37.34400", "2011-12-31": "32.19800", "2011-09-30": "29.47800", "2011-06-30": "27.35500", "2011-03-31": "28.52900", "2010-12-31": "27.24400", "2010-09-30": "23.37600", "2010-06-30": "22.00200", "2010-03-31": "22.97900", "2009-12-31": "22.79900", "2009-09-30": "20.02200", "2009-06-30": "19.91300", "2009-03-31": "19.58300", "2008-12-31": "17.27100", "2008-09-30": "19.99900", "2008-06-30": "16.35700", "2008-03-31": "17.50800", "2007-12-31": "16.01500", "2007-09-30": "11.35500", "2007-06-30": "14.06300", "2007-03-31": "13.85100", "2006-12-31": "12.90400", "2006-09-30": "10.88600", "2006-06-30": "13.00800", "2006-03-31": "13.79600", "2005-12-31": "10.51500", "2005-09-30": "10.93600", "2005-06-30": "8.42300", "2005-03-31": "10.77200"}, "Cost Of Goods Sold": {"2020-12-31": "41.11000", "2020-09-30": "38.73600", "2020-06-30": "35.98300", "2020-03-31": "39.36900", "2019-12-31": "39.99600", "2019-09-30": "34.86700", "2019-06-30": "37.07300", "2019-03-31": "34.84800", "2018-12-31": "34.02300", "2018-09-30": "29.84600", "2018-06-30": "30.85000", "2018-03-31": "30.09800", "2017-12-31": "24.99400", "2017-09-30": "21.62700", "2017-06-30": "21.86200", "2017-03-31": "19.26100", "2016-12-31": "18.98700", "2016-09-30": "17.30900", "2016-06-30": "15.07000", "2016-03-31": "14.66300", "2015-12-31": "12.74400", "2015-09-30": "12.14400", "2015-06-30": "10.86800", "2015-03-31": "10.80600", "2014-12-31": "9.83800", "2014-09-30": "9.61200", "2014-06-30": "9.68900", "2014-03-31": "10.11400", "2013-12-31": "9.45800", "2013-09-30": "9.02700", "2013-06-30": "8.72300", "2013-03-31": "8.82600", "2012-12-31": "8.13000", "2012-09-30": "7.19400", "2012-06-30": "7.44600", "2012-03-31": "6.78600", "2011-12-31": "6.27900", "2011-09-30": "5.55100", "2011-06-30": "5.89100", "2011-03-31": "5.84800", "2010-12-31": "5.43700", "2010-09-30": "5.40800", "2010-06-30": "5.28400", "2010-03-31": "6.23900", "2009-12-31": "5.77200", "2009-09-30": "5.44600", "2009-06-30": "5.07200", "2009-03-31": "5.49800", "2008-12-31": "4.51900", "2008-09-30": "4.79300", "2008-06-30": "5.62700", "2008-03-31": "4.88300", "2007-12-31": "3.77300", "2007-09-30": "2.87700", "2007-06-30": "3.53200", "2007-03-31": "2.73100", "2006-12-31": "2.87300", "2006-09-30": "2.92500", "2006-06-30": "3.48300", "2006-03-31": "3.83400", "2005-12-31": "3.07000", "2005-09-30": "2.44800", "2005-06-30": "2.33300", "2005-03-31": "2.72300"}, "Gross Profit": {"2020-12-31": "190.55300", "2020-09-30": "171.02800", "2020-06-30": "128.86700", "2020-03-31": "167.29000", "2019-12-31": "181.58800", "2019-09-30": "170.10700", "2019-06-30": "170.59300", "2019-03-31": "172.23300", "2018-12-31": "166.54000", "2018-09-30": "151.93200", "2018-06-30": "149.16000", "2018-03-31": "144.33800", "2017-12-31": "129.02800", "2017-09-30": "111.19600", "2017-06-30": "110.60600", "2017-03-31": "105.41900", "2016-12-31": "95.68700", "2016-09-30": "85.64600", "2016-06-30": "87.92500", "2016-03-31": "79.29400", "2015-12-31": "73.05100", "2015-09-30": "64.21500", "2015-06-30": "62.56400", "2015-03-31": "56.75100", "2014-12-31": "52.16700", "2014-09-30": "42.32600", "2014-06-30": "39.12200", "2014-03-31": "40.31900", "2013-12-31": "36.73700", "2013-09-30": "35.31800", "2013-06-30": "33.94700", "2013-03-31": "34.84800", "2012-12-31": "30.12000", "2012-09-30": "30.22300", "2012-06-30": "31.33700", "2012-03-31": "30.55800", "2011-12-31": "25.91900", "2011-09-30": "23.92700", "2011-06-30": "21.46400", "2011-03-31": "22.68100", "2010-12-31": "21.80700", "2010-09-30": "17.96800", "2010-06-30": "16.71800", "2010-03-31": "16.74000", "2009-12-31": "17.02700", "2009-09-30": "14.57600", "2009-06-30": "14.84100", "2009-03-31": "14.08500", "2008-12-31": "12.75200", "2008-09-30": "15.20600", "2008-06-30": "10.73000", "2008-03-31": "12.62500", "2007-12-31": "12.24200", "2007-09-30": "8.47800", "2007-06-30": "10.53100", "2007-03-31": "11.12000", "2006-12-31": "10.03100", "2006-09-30": "7.96100", "2006-06-30": "9.52500", "2006-03-31": "9.96200", "2005-12-31": "7.44500", "2005-09-30": "8.48800", "2005-06-30": "6.09000", "2005-03-31": "8.04900"}, "Research And Development Expenses": {"2020-12-31": "33.00400", "2020-09-30": "30.52500", "2020-06-30": "26.35700", "2020-03-31": "25.34500", "2019-12-31": "25.65500", "2019-09-30": "23.96900", "2019-06-30": "23.79000", "2019-03-31": "25.54800", "2018-12-31": "23.96500", "2018-09-30": "22.71700", "2018-06-30": "21.27300", "2018-03-31": "21.27000", "2017-12-31": "17.70600", "2017-09-30": "19.39000", "2017-06-30": "16.93100", "2017-03-31": "16.32500", "2016-12-31": "16.34900", "2016-09-30": "18.05200", "2016-06-30": "15.66000", "2016-03-31": "14.22500", "2015-12-31": "13.75500", "2015-09-30": "11.56900", "2015-06-30": "10.21000", "2015-03-31": "9.85300", "2014-12-31": "8.36500", "2014-09-30": "8.69300", "2014-06-30": "9.06200", "2014-03-31": "7.92000", "2013-12-31": "7.77900", "2013-09-30": "7.72100", "2013-06-30": "7.28700", "2013-03-31": "6.82200", "2012-12-31": "6.25900", "2012-09-30": "5.85400", "2012-06-30": "6.71200", "2012-03-31": "7.23600", "2011-12-31": "6.14000", "2011-09-30": "6.45900", "2011-06-30": "7.32400", "2011-03-31": "6.84300", "2010-12-31": "6.59200", "2010-09-30": "6.58900", "2010-06-30": "6.65300", "2010-03-31": "6.78800", "2009-12-31": "6.39700", "2009-09-30": "6.78600", "2009-06-30": "5.98300", "2009-03-31": "7.13100", "2008-12-31": "5.20300", "2008-09-30": "6.85000", "2008-06-30": "6.14400", "2008-03-31": "6.68600", "2007-12-31": "6.88300", "2007-09-30": "5.83200", "2007-06-30": "5.51600", "2007-03-31": "5.96300", "2006-12-31": "5.62500", "2006-09-30": "5.28500", "2006-06-30": "5.41900", "2006-03-31": "4.22200", "2005-12-31": "4.22600", "2005-09-30": "4.32700", "2005-06-30": "3.96400", "2005-03-31": "3.24500"}, "SG&A Expenses": {"2020-12-31": "86.19800", "2020-09-30": "79.16700", "2020-06-30": "68.44400", "2020-03-31": "83.89200", "2019-12-31": "85.67400", "2019-09-30": "85.95600", "2019-06-30": "86.07800", "2019-03-31": "81.29600", "2018-12-31": "80.22000", "2018-09-30": "78.89500", "2018-06-30": "81.13900", "2018-03-31": "75.50100", "2017-12-31": "66.55600", "2017-09-30": "60.08000", "2017-06-30": "60.59700", "2017-03-31": "60.10000", "2016-12-31": "53.93500", "2016-09-30": "53.08600", "2016-06-30": "51.03200", "2016-03-31": "45.25600", "2015-12-31": "41.85300", "2015-09-30": "39.82900", "2015-06-30": "37.32300", "2015-03-31": "34.53500", "2014-12-31": "30.13900", "2014-09-30": "29.45500", "2014-06-30": "31.59800", "2014-03-31": "28.72100", "2013-12-31": "24.36400", "2013-09-30": "26.19900", "2013-06-30": "27.96700", "2013-03-31": "23.89400", "2012-12-31": "20.94300", "2012-09-30": "18.43700", "2012-06-30": "20.95300", "2012-03-31": "20.02800", "2011-12-31": "17.18400", "2011-09-30": "16.32300", "2011-06-30": "18.17600", "2011-03-31": "16.88800", "2010-12-31": "15.59200", "2010-09-30": "14.05400", "2010-06-30": "15.75300", "2010-03-31": "14.86400", "2009-12-31": "15.19000", "2009-09-30": "14.81600", "2009-06-30": "15.96700", "2009-03-31": "14.71800", "2008-12-31": "13.22700", "2008-09-30": "13.89800", "2008-06-30": "13.51400", "2008-03-31": "14.42000", "2007-12-31": "13.54000", "2007-09-30": "12.25700", "2007-06-30": "12.44100", "2007-03-31": "11.09300", "2006-12-31": "10.91700", "2006-09-30": "11.04600", "2006-06-30": "9.39200", "2006-03-31": "9.36400", "2005-12-31": "7.41100", "2005-09-30": "6.84400", "2005-06-30": "7.30400", "2005-03-31": "5.07300"}, "Other Operating Income Or Expenses": {"2020-12-31": "", "2020-09-30": "", "2020-06-30": "", "2020-03-31": "", "2019-12-31": "", "2019-09-30": "", "2019-06-30": "", "2019-03-31": "", "2018-12-31": "", "2018-09-30": "", "2018-06-30": "", "2018-03-31": "", "2017-12-31": "", "2017-09-30": "", "2017-06-30": "", "2017-03-31": "", "2016-12-31": "", "2016-09-30": "", "2016-06-30": "", "2016-03-31": "", "2015-12-31": "", "2015-09-30": "", "2015-06-30": "", "2015-03-31": "", "2014-12-31": "", "2014-09-30": "", "2014-06-30": "", "2014-03-31": "", "2013-12-31": "", "2013-09-30": "", "2013-06-30": "", "2013-03-31": "", "2012-12-31": "", "2012-09-30": "", "2012-06-30": "", "2012-03-31": "", "2011-12-31": "", "2011-09-30": "", "2011-06-30": "", "2011-03-31": "", "2010-12-31": "", "2010-09-30": "", "2010-06-30": "", "2010-03-31": "", "2009-12-31": "", "2009-09-30": "", "2009-06-30": "", "2009-03-31": "", "2008-12-31": "", "2008-09-30": "", "2008-06-30": "", "2008-03-31": "", "2007-12-31": "", "2007-09-30": "0.02600", "2007-06-30": "-1.23200", "2007-03-31": "", "2006-12-31": "", "2006-09-30": "", "2006-06-30": "", "2006-03-31": "", "2005-12-31": "", "2005-09-30": "", "2005-06-30": "", "2005-03-31": ""}, "Operating Expenses": {"2020-12-31": "160.31200", "2020-09-30": "148.42800", "2020-06-30": "130.78400", "2020-03-31": "148.60600", "2019-12-31": "151.32500", "2019-09-30": "144.79200", "2019-06-30": "146.94100", "2019-03-31": "141.69200", "2018-12-31": "138.20800", "2018-09-30": "131.45800", "2018-06-30": "133.26200", "2018-03-31": "126.86900", "2017-12-31": "109.25600", "2017-09-30": "101.09700", "2017-06-30": "99.39000", "2017-03-31": "95.68600", "2016-12-31": "89.27100", "2016-09-30": "88.44700", "2016-06-30": "81.76200", "2016-03-31": "74.14400", "2015-12-31": "68.35200", "2015-09-30": "63.54200", "2015-06-30": "58.40100", "2015-03-31": "55.19400", "2014-12-31": "48.34200", "2014-09-30": "47.76000", "2014-06-30": "50.34900", "2014-03-31": "46.75500", "2013-12-31": "41.60100", "2013-09-30": "42.94700", "2013-06-30": "43.97700", "2013-03-31": "39.54200", "2012-12-31": "35.33200", "2012-09-30": "31.48500", "2012-06-30": "35.22200", "2012-03-31": "34.40200", "2011-12-31": "29.96500", "2011-09-30": "28.71200", "2011-06-30": "31.77600", "2011-03-31": "29.94000", "2010-12-31": "27.91600", "2010-09-30": "26.42300", "2010-06-30": "28.05700", "2010-03-31": "28.25300", "2009-12-31": "27.74100", "2009-09-30": "27.41900", "2009-06-30": "27.37600", "2009-03-31": "27.75400", "2008-12-31": "23.31100", "2008-09-30": "25.95200", "2008-06-30": "25.71100", "2008-03-31": "26.40200", "2007-12-31": "24.59900", "2007-09-30": "21.32600", "2007-06-30": "23.10100", "2007-03-31": "20.15200", "2006-12-31": "19.78800", "2006-09-30": "19.76000", "2006-06-30": "19.46000", "2006-03-31": "17.77400", "2005-12-31": "15.05500", "2005-09-30": "13.97500", "2005-06-30": "27.15700", "2005-03-31": "11.22800"}, "Operating Income": {"2020-12-31": "71.35100", "2020-09-30": "61.33600", "2020-06-30": "34.06600", "2020-03-31": "58.05300", "2019-12-31": "70.25900", "2019-09-30": "60.18200", "2019-06-30": "60.72500", "2019-03-31": "65.38900", "2018-12-31": "62.35500", "2018-09-30": "50.32000", "2018-06-30": "46.74800", "2018-03-31": "47.56700", "2017-12-31": "44.76600", "2017-09-30": "31.72600", "2017-06-30": "33.07800", "2017-03-31": "28.99390", "2016-12-31": "25.40300", "2016-09-30": "14.50800", "2016-06-30": "21.23300", "2016-03-31": "19.81300", "2015-12-31": "17.44300", "2015-09-30": "12.81700", "2015-06-30": "15.03100", "2015-03-31": "12.36300", "2014-12-31": "13.66300", "2014-09-30": "4.17800", "2014-06-30": "-1.53800", "2014-03-31": "3.67800", "2013-12-31": "4.59400", "2013-09-30": "1.39800", "2013-06-30": "-1.30700", "2013-03-31": "4.13200", "2012-12-31": "2.91800", "2012-09-30": "5.93200", "2012-06-30": "3.56100", "2012-03-31": "2.94200", "2011-12-31": "2.23300", "2011-09-30": "0.76600", "2011-06-30": "-4.42100", "2011-03-31": "-1.41100", "2010-12-31": "-0.67200", "2010-09-30": "-3.04700", "2010-06-30": "-6.05500", "2010-03-31": "-5.27400", "2009-12-31": "-4.94200", "2009-09-30": "-7.39700", "2009-06-30": "-7.46300", "2009-03-31": "-8.17100", "2008-12-31": "-6.04000", "2008-09-30": "-5.95300", "2008-06-30": "-9.35400", "2008-03-31": "-8.89400", "2007-12-31": "-8.58400", "2007-09-30": "-9.97100", "2007-06-30": "-9.03800", "2007-03-31": "-6.30100", "2006-12-31": "-6.88400", "2006-09-30": "-8.87400", "2006-06-30": "-6.45200", "2006-03-31": "-3.97800", "2005-12-31": "-4.54000", "2005-09-30": "-3.03900", "2005-06-30": "-18.73400", "2005-03-31": "-0.45600"}, "Total Non-Operating Income/Expense": {"2020-12-31": "9.38400", "2020-09-30": "11.57900", "2020-06-30": "27.01000", "2020-03-31": "-18.74000", "2019-12-31": "26.75700", "2019-09-30": "-42.82400", "2019-06-30": "42.41300", "2019-03-31": "33.14100", "2018-12-31": "2.15500", "2018-09-30": "1.51300", "2018-06-30": "1.73900", "2018-03-31": "0.94000", "2017-12-31": "0.88800", "2017-09-30": "0.75800", "2017-06-30": "0.71400", "2017-03-31": "0.36200", "2016-12-31": "0.42300", "2016-09-30": "0.22800", "2016-06-30": "0.19200", "2016-03-31": "0.41400", "2015-12-31": "0.05500", "2015-09-30": "0.14900", "2015-06-30": "0.11600", "2015-03-31": "0.00900", "2014-12-31": "0.03800", "2014-09-30": "-0.00300", "2014-06-30": "0.05500", "2014-03-31": "0.08400", "2013-12-31": "0.05700", "2013-09-30": "0.03100", "2013-06-30": "-0.00500", "2013-03-31": "0.00800", "2012-12-31": "0.32500", "2012-09-30": "-0.00800", "2012-06-30": "-0.00600", "2012-03-31": "-0.01400", "2011-12-31": "1.05400", "2011-09-30": "0.06000", "2011-06-30": "-0.07700", "2011-03-31": "-0.11800", "2010-12-31": "0.03400", "2010-09-30": "0.08800", "2010-06-30": "0.31800", "2010-03-31": "6.49200", "2009-12-31": "0.33700", "2009-09-30": "-0.03500", "2009-06-30": "-0.07100", "2009-03-31": "-0.13100", "2008-12-31": "-1.47700", "2008-09-30": "-0.10400", "2008-06-30": "0.38500", "2008-03-31": "-6.00800", "2007-12-31": "0.45000", "2007-09-30": "0.73400", "2007-06-30": "0.90800", "2007-03-31": "0.08300", "2006-12-31": "0.26200", "2006-09-30": "0.30100", "2006-06-30": "0.45900", "2006-03-31": "0.39900", "2005-12-31": "0.31300", "2005-09-30": "0.26000", "2005-06-30": "0.22600", "2005-03-31": "0.23500"}, "Pre-Tax Income": {"2020-12-31": "80.73500", "2020-09-30": "72.91500", "2020-06-30": "61.07600", "2020-03-31": "39.31300", "2019-12-31": "97.01600", "2019-09-30": "17.35800", "2019-06-30": "103.13800", "2019-03-31": "98.53000", "2018-12-31": "64.51000", "2018-09-30": "51.83300", "2018-06-30": "48.48700", "2018-03-31": "48.50700", "2017-12-31": "45.65400", "2017-09-30": "32.48400", "2017-06-30": "33.79200", "2017-03-31": "29.35600", "2016-12-31": "25.82600", "2016-09-30": "14.73600", "2016-06-30": "21.42500", "2016-03-31": "20.22700", "2015-12-31": "17.49800", "2015-09-30": "12.96600", "2015-06-30": "15.14700", "2015-03-31": "12.37200", "2014-12-31": "13.70100", "2014-09-30": "4.17500", "2014-06-30": "-1.48300", "2014-03-31": "3.76200", "2013-12-31": "4.65100", "2013-09-30": "1.42900", "2013-06-30": "-1.31200", "2013-03-31": "4.14000", "2012-12-31": "3.24300", "2012-09-30": "5.92400", "2012-06-30": "3.55500", "2012-03-31": "2.92800", "2011-12-31": "3.28700", "2011-09-30": "0.82600", "2011-06-30": "-4.49800", "2011-03-31": "-1.52900", "2010-12-31": "-0.63800", "2010-09-30": "-2.95900", "2010-06-30": "-5.73700", "2010-03-31": "1.21800", "2009-12-31": "-4.60500", "2009-09-30": "-7.43200", "2009-06-30": "-7.53400", "2009-03-31": "-8.30200", "2008-12-31": "-7.51700", "2008-09-30": "-6.05700", "2008-06-30": "-8.96900", "2008-03-31": "-14.90200", "2007-12-31": "-8.13400", "2007-09-30": "-9.23700", "2007-06-30": "-8.13000", "2007-03-31": "-6.21800", "2006-12-31": "-6.62200", "2006-09-30": "-8.57300", "2006-06-30": "-5.99300", "2006-03-31": "-3.57900", "2005-12-31": "-4.22700", "2005-09-30": "-2.77900", "2005-06-30": "-18.50800", "2005-03-31": "-0.22100"}, "Income Taxes": {"2020-12-31": "18.86700", "2020-09-30": "10.70200", "2020-06-30": "16.48800", "2020-03-31": "7.51500", "2019-12-31": "27.79900", "2019-09-30": "4.28700", "2019-06-30": "14.21500", "2019-03-31": "24.56900", "2018-12-31": "19.64800", "2018-09-30": "1.70600", "2018-06-30": "-41.57900", "2018-03-31": "11.66000", "2017-12-31": "32.20800", "2017-09-30": "7.98100", "2017-06-30": "-3.58200", "2017-03-31": "14.45700", "2016-12-31": "10.39400", "2016-09-30": "5.86100", "2016-06-30": "8.51500", "2016-03-31": "9.22900", "2015-12-31": "6.94300", "2015-09-30": "5.23100", "2015-06-30": "6.28800", "2015-03-31": "-86.50200", "2014-12-31": "1.01700", "2014-09-30": "0.33600", "2014-06-30": "0.22600", "2014-03-31": "0.14000", "2013-12-31": "0.25800", "2013-09-30": "0.37000", "2013-06-30": "0.41100", "2013-03-31": "0.39800", "2012-12-31": "0.55900", "2012-09-30": "0.45500", "2012-06-30": "0.43600", "2012-03-31": "0.36100", "2011-12-31": "0.36600", "2011-09-30": "0.22500", "2011-06-30": "0.09600", "2011-03-31": "0.24300", "2010-12-31": "0.16400", "2010-09-30": "0.24200", "2010-06-30": "0.24300", "2010-03-31": "0.24300", "2009-12-31": "-0.04000", "2009-09-30": "0.24200", "2009-06-30": "0.22600", "2009-03-31": "0.15200", "2008-12-31": "0.18200", "2008-09-30": "0.27300", "2008-06-30": "0.14500", "2008-03-31": "0.07000", "2007-12-31": "0.16700", "2007-09-30": "0.14500", "2007-06-30": "0.14500", "2007-03-31": "0.13100", "2006-12-31": "0.10300", "2006-09-30": "0.10300", "2006-06-30": "0.13800", "2006-03-31": "0.10300", "2005-12-31": "0.25300", "2005-09-30": "", "2005-06-30": "", "2005-03-31": ""}, "Income After Taxes": {"2020-12-31": "61.86800", "2020-09-30": "62.21300", "2020-06-30": "44.58800", "2020-03-31": "31.79800", "2019-12-31": "69.21700", "2019-09-30": "13.07100", "2019-06-30": "88.92300", "2019-03-31": "73.96100", "2018-12-31": "44.86200", "2018-09-30": "50.12700", "2018-06-30": "90.06600", "2018-03-31": "36.84700", "2017-12-31": "13.44600", "2017-09-30": "24.50300", "2017-06-30": "37.37400", "2017-03-31": "14.89900", "2016-12-31": "15.43200", "2016-09-30": "8.87500", "2016-06-30": "12.91000", "2016-03-31": "10.99800", "2015-12-31": "10.55500", "2015-09-30": "7.73500", "2015-06-30": "8.85900", "2015-03-31": "98.87400", "2014-12-31": "12.68400", "2014-09-30": "3.83900", "2014-06-30": "-1.70900", "2014-03-31": "3.62200", "2013-12-31": "4.39300", "2013-09-30": "1.05900", "2013-06-30": "-1.72300", "2013-03-31": "3.74200", "2012-12-31": "2.68400", "2012-09-30": "5.46900", "2012-06-30": "3.11900", "2012-03-31": "2.56700", "2011-12-31": "2.92100", "2011-09-30": "0.60100", "2011-06-30": "-4.59400", "2011-03-31": "-1.77200", "2010-12-31": "-0.80200", "2010-09-30": "-3.20100", "2010-06-30": "-5.98000", "2010-03-31": "0.97500", "2009-12-31": "-4.56500", "2009-09-30": "-7.67400", "2009-06-30": "-7.76000", "2009-03-31": "-8.45400", "2008-12-31": "-7.69900", "2008-09-30": "-6.33000", "2008-06-30": "-9.11400", "2008-03-31": "-14.97200", "2007-12-31": "-8.30100", "2007-09-30": "-9.38200", "2007-06-30": "-8.27500", "2007-03-31": "-6.34900", "2006-12-31": "-6.72500", "2006-09-30": "-8.67600", "2006-06-30": "-6.13100", "2006-03-31": "-3.68200", "2005-12-31": "-4.48000", "2005-09-30": "-2.77900", "2005-06-30": "-18.50800", "2005-03-31": "-0.22100"}, "Other Income": {"2020-12-31": "", "2020-09-30": "", "2020-06-30": "", "2020-03-31": "", "2019-12-31": "", "2019-09-30": "", "2019-06-30": "", "2019-03-31": "", "2018-12-31": "", "2018-09-30": "", "2018-06-30": "", "2018-03-31": "", "2017-12-31": "", "2017-09-30": "", "2017-06-30": "", "2017-03-31": "", "2016-12-31": "", "2016-09-30": "", "2016-06-30": "", "2016-03-31": "", "2015-12-31": "", "2015-09-30": "", "2015-06-30": "", "2015-03-31": "", "2014-12-31": "", "2014-09-30": "", "2014-06-30": "", "2014-03-31": "", "2013-12-31": "", "2013-09-30": "", "2013-06-30": "", "2013-03-31": "", "2012-12-31": "", "2012-09-30": "", "2012-06-30": "", "2012-03-31": "", "2011-12-31": "", "2011-09-30": "", "2011-06-30": "", "2011-03-31": "", "2010-12-31": "", "2010-09-30": "", "2010-06-30": "", "2010-03-31": "", "2009-12-31": "", "2009-09-30": "", "2009-06-30": "", "2009-03-31": "", "2008-12-31": "", "2008-09-30": "", "2008-06-30": "", "2008-03-31": "", "2007-12-31": "", "2007-09-30": "", "2007-06-30": "", "2007-03-31": "", "2006-12-31": "", "2006-09-30": "", "2006-06-30": "", "2006-03-31": "", "2005-12-31": "", "2005-09-30": "", "2005-06-30": "", "2005-03-31": ""}, "Income From Continuous Operations": {"2020-12-31": "61.86800", "2020-09-30": "62.21300", "2020-06-30": "44.58800", "2020-03-31": "31.79800", "2019-12-31": "69.21700", "2019-09-30": "13.07100", "2019-06-30": "88.92300", "2019-03-31": "73.96100", "2018-12-31": "44.86200", "2018-09-30": "50.12700", "2018-06-30": "90.06600", "2018-03-31": "36.84700", "2017-12-31": "13.44600", "2017-09-30": "24.50300", "2017-06-30": "37.37400", "2017-03-31": "14.89900", "2016-12-31": "15.43200", "2016-09-30": "8.87500", "2016-06-30": "12.91000", "2016-03-31": "10.99800", "2015-12-31": "10.55500", "2015-09-30": "7.73500", "2015-06-30": "8.85900", "2015-03-31": "98.87400", "2014-12-31": "12.68400", "2014-09-30": "3.83900", "2014-06-30": "-1.70900", "2014-03-31": "3.62200", "2013-12-31": "4.39300", "2013-09-30": "1.05900", "2013-06-30": "-1.72300", "2013-03-31": "3.74200", "2012-12-31": "2.68400", "2012-09-30": "5.46900", "2012-06-30": "3.11900", "2012-03-31": "2.56700", "2011-12-31": "2.92100", "2011-09-30": "0.60100", "2011-06-30": "-4.59400", "2011-03-31": "-1.77200", "2010-12-31": "-0.80200", "2010-09-30": "-3.20100", "2010-06-30": "-5.98000", "2010-03-31": "0.97500", "2009-12-31": "-4.56500", "2009-09-30": "-7.67400", "2009-06-30": "-7.76000", "2009-03-31": "-8.45400", "2008-12-31": "-7.69900", "2008-09-30": "-6.33000", "2008-06-30": "-9.11400", "2008-03-31": "-14.97200", "2007-12-31": "-8.30100", "2007-09-30": "-9.38200", "2007-06-30": "-8.27500", "2007-03-31": "-6.34900", "2006-12-31": "-6.72500", "2006-09-30": "-8.67600", "2006-06-30": "-6.13100", "2006-03-31": "-3.68200", "2005-12-31": "-4.48000", "2005-09-30": "-2.77900", "2005-06-30": "-18.50800", "2005-03-31": "-0.22100"}, "Income From Discontinued Operations": {"2020-12-31": "", "2020-09-30": "", "2020-06-30": "", "2020-03-31": "", "2019-12-31": "", "2019-09-30": "", "2019-06-30": "", "2019-03-31": "", "2018-12-31": "", "2018-09-30": "", "2018-06-30": "", "2018-03-31": "", "2017-12-31": "", "2017-09-30": "", "2017-06-30": "", "2017-03-31": "", "2016-12-31": "", "2016-09-30": "", "2016-06-30": "", "2016-03-31": "", "2015-12-31": "", "2015-09-30": "", "2015-06-30": "", "2015-03-31": "", "2014-12-31": "", "2014-09-30": "", "2014-06-30": "", "2014-03-31": "", "2013-12-31": "", "2013-09-30": "", "2013-06-30": "", "2013-03-31": "", "2012-12-31": "", "2012-09-30": "", "2012-06-30": "", "2012-03-31": "", "2011-12-31": "", "2011-09-30": "", "2011-06-30": "", "2011-03-31": "", "2010-12-31": "", "2010-09-30": "", "2010-06-30": "", "2010-03-31": "", "2009-12-31": "", "2009-09-30": "", "2009-06-30": "", "2009-03-31": "", "2008-12-31": "", "2008-09-30": "", "2008-06-30": "", "2008-03-31": "", "2007-12-31": "", "2007-09-30": "", "2007-06-30": "", "2007-03-31": "", "2006-12-31": "", "2006-09-30": "", "2006-06-30": "", "2006-03-31": "", "2005-12-31": "", "2005-09-30": "", "2005-06-30": "", "2005-03-31": ""}, "Net Income": {"2020-12-31": "61.86800", "2020-09-30": "62.21300", "2020-06-30": "44.58800", "2020-03-31": "31.79800", "2019-12-31": "69.21700", "2019-09-30": "13.07100", "2019-06-30": "88.92300", "2019-03-31": "73.96100", "2018-12-31": "44.86200", "2018-09-30": "50.12700", "2018-06-30": "90.06600", "2018-03-31": "36.84700", "2017-12-31": "13.44600", "2017-09-30": "24.50300", "2017-06-30": "37.37400", "2017-03-31": "14.89900", "2016-12-31": "15.43200", "2016-09-30": "8.87500", "2016-06-30": "12.91000", "2016-03-31": "10.99800", "2015-12-31": "10.55500", "2015-09-30": "7.73500", "2015-06-30": "8.85900", "2015-03-31": "98.87400", "2014-12-31": "12.68400", "2014-09-30": "3.83900", "2014-06-30": "-1.70900", "2014-03-31": "3.62200", "2013-12-31": "4.39300", "2013-09-30": "1.05900", "2013-06-30": "-1.72300", "2013-03-31": "3.74200", "2012-12-31": "2.68400", "2012-09-30": "5.46900", "2012-06-30": "3.11900", "2012-03-31": "2.56700", "2011-12-31": "2.92100", "2011-09-30": "0.60100", "2011-06-30": "-4.59400", "2011-03-31": "-1.77200", "2010-12-31": "-0.80200", "2010-09-30": "-3.20100", "2010-06-30": "-5.98000", "2010-03-31": "0.97500", "2009-12-31": "-4.56500", "2009-09-30": "-7.67400", "2009-06-30": "-7.76000", "2009-03-31": "-8.45400", "2008-12-31": "-7.69900", "2008-09-30": "-6.33000", "2008-06-30": "-9.11400", "2008-03-31": "-14.97200", "2007-12-31": "-8.30100", "2007-09-30": "-9.38200", "2007-06-30": "-8.27500", "2007-03-31": "-6.34900", "2006-12-31": "-6.72500", "2006-09-30": "-8.67600", "2006-06-30": "-6.13100", "2006-03-31": "-3.68200", "2005-12-31": "-4.48000", "2005-09-30": "-2.77900", "2005-06-30": "-18.50800", "2005-03-31": "-0.22100"}, "EBITDA": {"2020-12-31": "77.48500", "2020-09-30": "66.99300", "2020-06-30": "39.54600", "2020-03-31": "64.05600", "2019-12-31": "75.63400", "2019-09-30": "64.86900", "2019-06-30": "65.09000", "2019-03-31": "69.57400", "2018-12-31": "65.94400", "2018-09-30": "53.70800", "2018-06-30": "49.70700", "2018-03-31": "50.47200", "2017-12-31": "47.54600", "2017-09-30": "34.58300", "2017-06-30": "35.54100", "2017-03-31": "30.70790", "2016-12-31": "26.93300", "2016-09-30": "16.06000", "2016-06-30": "22.63900", "2016-03-31": "20.87600", "2015-12-31": "18.30500", "2015-09-30": "13.50600", "2015-06-30": "15.69400", "2015-03-31": "13.33700", "2014-12-31": "14.26300", "2014-09-30": "4.75300", "2014-06-30": "-0.91700", "2014-03-31": "4.32300", "2013-12-31": "5.13500", "2013-09-30": "2.06800", "2013-06-30": "-0.65500", "2013-03-31": "4.76900", "2012-12-31": "3.55500", "2012-09-30": "6.53900", "2012-06-30": "4.40300", "2012-03-31": "4.19500", "2011-12-31": "3.19100", "2011-09-30": "1.84500", "2011-06-30": "-3.37500", "2011-03-31": "-0.47100", "2010-12-31": "0.23200", "2010-09-30": "-1.90200", "2010-06-30": "-5.09600", "2010-03-31": "-4.14400", "2009-12-31": "-3.78500", "2009-09-30": "-6.23100", "2009-06-30": "-6.01800", "2009-03-31": "-6.84600", "2008-12-31": "-4.91900", "2008-09-30": "-4.79700", "2008-06-30": "-7.94000", "2008-03-31": "-6.60600", "2007-12-31": "-6.93900", "2007-09-30": "-8.87000", "2007-06-30": "-7.94800", "2007-03-31": "-5.27700", "2006-12-31": "-5.92300", "2006-09-30": "-7.81400", "2006-06-30": "-5.58200", "2006-03-31": "-3.10700", "2005-12-31": "-3.80300", "2005-09-30": "-2.16800", "2005-06-30": "-18.18300", "2005-03-31": "0.12900"}, "EBIT": {"2020-12-31": "71.35100", "2020-09-30": "61.33600", "2020-06-30": "34.06600", "2020-03-31": "58.05300", "2019-12-31": "70.25900", "2019-09-30": "60.18200", "2019-06-30": "60.72500", "2019-03-31": "65.38900", "2018-12-31": "62.35500", "2018-09-30": "50.32000", "2018-06-30": "46.74800", "2018-03-31": "47.56700", "2017-12-31": "44.76600", "2017-09-30": "31.72600", "2017-06-30": "33.07800", "2017-03-31": "28.99400", "2016-12-31": "25.40300", "2016-09-30": "14.50800", "2016-06-30": "21.23300", "2016-03-31": "19.81300", "2015-12-31": "17.44300", "2015-09-30": "12.81700", "2015-06-30": "15.03100", "2015-03-31": "12.36300", "2014-12-31": "13.66300", "2014-09-30": "4.17800", "2014-06-30": "-1.53800", "2014-03-31": "3.67800", "2013-12-31": "4.59400", "2013-09-30": "1.39800", "2013-06-30": "-1.30700", "2013-03-31": "4.13200", "2012-12-31": "2.91800", "2012-09-30": "5.93200", "2012-06-30": "3.56100", "2012-03-31": "2.94200", "2011-12-31": "2.23300", "2011-09-30": "0.76600", "2011-06-30": "-4.42100", "2011-03-31": "-1.41100", "2010-12-31": "-0.67200", "2010-09-30": "-3.04700", "2010-06-30": "-6.05500", "2010-03-31": "-5.27400", "2009-12-31": "-4.94200", "2009-09-30": "-7.39700", "2009-06-30": "-7.46300", "2009-03-31": "-8.17100", "2008-12-31": "-6.04000", "2008-09-30": "-5.95300", "2008-06-30": "-9.35400", "2008-03-31": "-8.89400", "2007-12-31": "-8.58400", "2007-09-30": "-9.97100", "2007-06-30": "-9.03800", "2007-03-31": "-6.30100", "2006-12-31": "-6.88400", "2006-09-30": "-8.87400", "2006-06-30": "-6.45200", "2006-03-31": "-3.97800", "2005-12-31": "-4.54000", "2005-09-30": "-3.03900", "2005-06-30": "-18.73400", "2005-03-31": "-0.45600"}, "Basic Shares Outstanding": {"2020-12-31": "45.20100", "2020-09-30": "45.10400", "2020-06-30": "45.01000", "2020-03-31": "45.17900", "2019-12-31": "45.14000", "2019-09-30": "45.31900", "2019-06-30": "45.21500", "2019-03-31": "44.91100", "2018-12-31": "45.04600", "2018-09-30": "44.96100", "2018-06-30": "44.54600", "2018-03-31": "44.15300", "2017-12-31": "44.24700", "2017-09-30": "44.14100", "2017-06-30": "43.89500", "2017-03-31": "43.23800", "2016-12-31": "43.43100", "2016-09-30": "43.12900", "2016-06-30": "42.81100", "2016-03-31": "42.20400", "2015-12-31": "42.42700", "2015-09-30": "42.22800", "2015-06-30": "41.69600", "2015-03-31": "40.63200", "2014-12-31": "40.85600", "2014-09-30": "40.44800", "2014-06-30": "40.06200", "2014-03-31": "39.33400", "2013-12-31": "39.59200", "2013-09-30": "39.26000", "2013-06-30": "38.67800", "2013-03-31": "39.11300", "2012-12-31": "39.41700", "2012-09-30": "39.43100", "2012-06-30": "39.14400", "2012-03-31": "38.37400", "2011-12-31": "38.49800", "2011-09-30": "38.25600", "2011-06-30": "38.26800", "2011-03-31": "37.16700", "2010-12-31": "37.19500", "2010-09-30": "37.15600", "2010-06-30": "37.08600", "2010-03-31": "36.87500", "2009-12-31": "37.01100", "2009-09-30": "36.92400", "2009-06-30": "36.54900", "2009-03-31": "34.88200", "2008-12-31": "36.05100", "2008-09-30": "34.47500", "2008-06-30": "32.84500", "2008-03-31": "32.46500", "2007-12-31": "32.48800", "2007-09-30": "32.42200", "2007-06-30": "32.33800", "2007-03-31": "27.12400", "2006-12-31": "26.71200", "2006-09-30": "26.61100", "2006-06-30": "26.48800", "2006-03-31": "25.64900", "2005-12-31": "26.35100", "2005-09-30": "26.25100", "2005-06-30": "24.13400", "2005-03-31": "21.84500"}, "Shares Outstanding": {"2020-12-31": "45.70600", "2020-09-30": "45.66100", "2020-06-30": "45.54900", "2020-03-31": "45.81600", "2019-12-31": "45.69500", "2019-09-30": "45.91200", "2019-06-30": "46.09200", "2019-03-31": "46.15100", "2018-12-31": "46.13600", "2018-09-30": "46.15300", "2018-06-30": "46.16900", "2018-03-31": "45.84900", "2017-12-31": "45.86900", "2017-09-30": "45.69800", "2017-06-30": "45.60800", "2017-03-31": "44.65800", "2016-12-31": "44.77000", "2016-09-30": "44.58000", "2016-06-30": "45.17800", "2016-03-31": "44.89500", "2015-12-31": "44.94900", "2015-09-30": "44.92200", "2015-06-30": "44.41000", "2015-03-31": "42.85800", "2014-12-31": "42.88400", "2014-09-30": "42.23900", "2014-06-30": "40.06200", "2014-03-31": "41.60600", "2013-12-31": "41.72600", "2013-09-30": "41.33700", "2013-06-30": "38.67800", "2013-03-31": "41.05200", "2012-12-31": "40.86500", "2012-09-30": "41.72200", "2012-06-30": "41.54900", "2012-03-31": "40.17200", "2011-12-31": "40.27000", "2011-09-30": "39.36600", "2011-06-30": "38.26800", "2011-03-31": "37.16700", "2010-12-31": "37.19500", "2010-09-30": "37.15600", "2010-06-30": "37.08600", "2010-03-31": "36.87500", "2009-12-31": "37.01100", "2009-09-30": "36.92400", "2009-06-30": "36.54900", "2009-03-31": "34.88200", "2008-12-31": "36.05100", "2008-09-30": "34.47500", "2008-06-30": "32.84500", "2008-03-31": "32.46500", "2007-12-31": "32.48800", "2007-09-30": "32.42200", "2007-06-30": "32.33800", "2007-03-31": "27.12400", "2006-12-31": "26.71200", "2006-09-30": "26.61100", "2006-06-30": "26.48800", "2006-03-31": "25.64900", "2005-12-31": "26.35100", "2005-09-30": "26.25100", "2005-06-30": "24.13400", "2005-03-31": "21.84500"}, "Basic EPS": {"2020-12-31": "1.37000", "2020-09-30": "1.38000", "2020-06-30": "0.99000", "2020-03-31": "0.70000", "2019-12-31": "1.53000", "2019-09-30": "0.29000", "2019-06-30": "1.97000", "2019-03-31": "1.64000", "2018-12-31": "1.00000", "2018-09-30": "1.11000", "2018-06-30": "2.02000", "2018-03-31": "0.83000", "2017-12-31": "0.30000", "2017-09-30": "0.56000", "2017-06-30": "0.85000", "2017-03-31": "0.34000", "2016-12-31": "0.36000", "2016-09-30": "0.21000", "2016-06-30": "0.30000", "2016-03-31": "0.26000", "2015-12-31": "0.25000", "2015-09-30": "0.18000", "2015-06-30": "0.21000", "2015-03-31": "2.44000", "2014-12-31": "0.31000", "2014-09-30": "0.09000", "2014-06-30": "-0.04000", "2014-03-31": "0.09000", "2013-12-31": "0.11000", "2013-09-30": "0.03000", "2013-06-30": "-0.04000", "2013-03-31": "0.09000", "2012-12-31": "0.07000", "2012-09-30": "0.14000", "2012-06-30": "0.08000", "2012-03-31": "0.06000", "2011-12-31": "0.08000", "2011-09-30": "0.02000", "2011-06-30": "-0.12000", "2011-03-31": "-0.05000", "2010-12-31": "-0.02000", "2010-09-30": "-0.09000", "2010-06-30": "-0.16000", "2010-03-31": "0.02000", "2009-12-31": "-0.12000", "2009-09-30": "-0.21000", "2009-06-30": "-0.21000", "2009-03-31": "-0.24000", "2008-12-31": "-0.21000", "2008-09-30": "-0.18000", "2008-06-30": "-0.28000", "2008-03-31": "-0.45000", "2007-12-31": "-0.26000", "2007-09-30": "-0.29000", "2007-06-30": "-0.26000", "2007-03-31": "-0.22000", "2006-12-31": "-0.25000", "2006-09-30": "-0.33000", "2006-06-30": "-0.23000", "2006-03-31": "-0.10000", "2005-12-31": "-0.17000", "2005-09-30": "-0.11000", "2005-06-30": "-0.77000", "2005-03-31": "-0.01000"}, "EPS - Earnings Per Share": {"2020-12-31": "1.35000", "2020-09-30": "1.36000", "2020-06-30": "0.98000", "2020-03-31": "0.71000", "2019-12-31": "1.51000", "2019-09-30": "0.28000", "2019-06-30": "1.93000", "2019-03-31": "1.60000", "2018-12-31": "0.97000", "2018-09-30": "1.09000", "2018-06-30": "1.95000", "2018-03-31": "0.80000", "2017-12-31": "0.29000", "2017-09-30": "0.54000", "2017-06-30": "0.82000", "2017-03-31": "0.34000", "2016-12-31": "0.34000", "2016-09-30": "0.20000", "2016-06-30": "0.29000", "2016-03-31": "0.25000", "2015-12-31": "0.23000", "2015-09-30": "0.17000", "2015-06-30": "0.20000", "2015-03-31": "2.30000", "2014-12-31": "0.30000", "2014-09-30": "0.09000", "2014-06-30": "-0.04000", "2014-03-31": "0.08000", "2013-12-31": "0.11000", "2013-09-30": "0.03000", "2013-06-30": "-0.04000", "2013-03-31": "0.09000", "2012-12-31": "0.07000", "2012-09-30": "0.13000", "2012-06-30": "0.08000", "2012-03-31": "0.07000", "2011-12-31": "0.07000", "2011-09-30": "0.02000", "2011-06-30": "-0.12000", "2011-03-31": "-0.05000", "2010-12-31": "-0.02000", "2010-09-30": "-0.09000", "2010-06-30": "-0.16000", "2010-03-31": "0.02000", "2009-12-31": "-0.12000", "2009-09-30": "-0.21000", "2009-06-30": "-0.21000", "2009-03-31": "-0.24000", "2008-12-31": "-0.21000", "2008-09-30": "-0.18000", "2008-06-30": "-0.28000", "2008-03-31": "-0.45000", "2007-12-31": "-0.26000", "2007-09-30": "-0.29000", "2007-06-30": "-0.26000", "2007-03-31": "-0.22000", "2006-12-31": "-0.25000", "2006-09-30": "-0.33000", "2006-06-30": "-0.23000", "2006-03-31": "-0.10000", "2005-12-31": "-0.17000", "2005-09-30": "-0.11000", "2005-06-30": "-0.77000", "2005-03-31": "-0.01000"}}, "balance sheet": {"Cash On Hand": {"2020-03-31": "443.11600", "2019-03-31": "491.69800", "2018-03-31": "362.24900", "2017-03-31": "229.94800", "2016-03-31": "212.05300", "2015-03-31": "131.95800", "2014-03-31": "76.57900", "2013-03-31": "76.70700", "2012-03-31": "77.22300", "2011-03-31": "60.31200", "2010-03-31": "58.26500", "2009-03-31": "57.17900", "2008-03-31": "38.29900", "2007-03-31": "75.12500", "2006-03-31": "30.83500", "2005-03-31": "41.50500"}, "Receivables": {"2020-03-31": "84.65000", "2019-03-31": "90.80900", "2018-03-31": "70.01000", "2017-03-31": "54.05500", "2016-03-31": "42.82100", "2015-03-31": "31.82800", "2014-03-31": "24.35700", "2013-03-31": "22.94600", "2012-03-31": "20.45800", "2011-03-31": "15.37600", "2010-03-31": "13.51600", "2009-03-31": "15.72400", "2008-03-31": "14.07100", "2007-03-31": "10.93200", "2006-03-31": "8.88000", "2005-03-31": "8.63500"}, "Inventory": {"2020-03-31": "90.08800", "2019-03-31": "80.94200", "2018-03-31": "50.20400", "2017-03-31": "34.93100", "2016-03-31": "26.74000", "2015-03-31": "16.77400", "2014-03-31": "13.94800", "2013-03-31": "14.93000", "2012-03-31": "11.14200", "2011-03-31": "7.50500", "2010-03-31": "9.21100", "2009-03-31": "14.77700", "2008-03-31": "17.42800", "2007-03-31": "8.56700", "2006-03-31": "4.86800", "2005-03-31": "3.87700"}, "Pre-Paid Expenses": {"2020-03-31": "18.00900", "2019-03-31": "13.74800", "2018-03-31": "11.80800", "2017-03-31": "8.02400", "2016-03-31": "6.77800", "2015-03-31": "4.47900", "2014-03-31": "3.08200", "2013-03-31": "2.02200", "2012-03-31": "1.71600", "2011-03-31": "1.54400", "2010-03-31": "1.67600", "2009-03-31": "0.80900", "2008-03-31": "1.70500", "2007-03-31": "1.75800", "2006-03-31": "1.86000", "2005-03-31": "1.20700"}, "Other Current Assets": {"2020-03-31": "", "2019-03-31": "", "2018-03-31": "", "2017-03-31": "", "2016-03-31": "", "2015-03-31": "", "2014-03-31": "", "2013-03-31": "", "2012-03-31": "", "2011-03-31": "", "2010-03-31": "", "2009-03-31": "", "2008-03-31": "", "2007-03-31": "", "2006-03-31": "", "2005-03-31": ""}, "Total Current Assets": {"2020-03-31": "635.86300", "2019-03-31": "677.19700", "2018-03-31": "494.27100", "2017-03-31": "326.95800", "2016-03-31": "288.39200", "2015-03-31": "185.03900", "2014-03-31": "117.96600", "2013-03-31": "116.60500", "2012-03-31": "110.53900", "2011-03-31": "84.73700", "2010-03-31": "82.66800", "2009-03-31": "88.48900", "2008-03-31": "71.50300", "2007-03-31": "96.38200", "2006-03-31": "46.44300", "2005-03-31": "55.22400"}, "Property, Plant, And Equipment": {"2020-03-31": "164.93100", "2019-03-31": "145.00500", "2018-03-31": "117.16700", "2017-03-31": "87.77700", "2016-03-31": "23.18400", "2015-03-31": "9.12700", "2014-03-31": "6.88900", "2013-03-31": "6.54900", "2012-03-31": "6.37800", "2011-03-31": "6.27300", "2010-03-31": "6.75300", "2009-03-31": "7.79200", "2008-03-31": "7.55100", "2007-03-31": "5.76400", "2006-03-31": "4.82400", "2005-03-31": "2.80400"}, "Long-Term Investments": {"2020-03-31": "207.79500", "2019-03-31": "21.71800", "2018-03-31": "37.50200", "2017-03-31": "47.14300", "2016-03-31": "1.00000", "2015-03-31": "13.99600", "2014-03-31": "41.76100", "2013-03-31": "11.40600", "2012-03-31": "", "2011-03-31": "", "2010-03-31": "", "2009-03-31": "3.72100", "2008-03-31": "", "2007-03-31": "", "2006-03-31": "", "2005-03-31": "2.11200"}, "Goodwill And Intangible Assets": {"2020-03-31": "31.96900", "2019-03-31": "32.60100", "2018-03-31": "35.80800", "2017-03-31": "31.04500", "2016-03-31": "33.00300", "2015-03-31": "31.53400", "2014-03-31": "37.99000", "2013-03-31": "35.41000", "2012-03-31": "36.84600", "2011-03-31": "40.57800", "2010-03-31": "40.14900", "2009-03-31": "35.65400", "2008-03-31": "38.48400", "2007-03-31": "34.03700", "2006-03-31": "27.27000", "2005-03-31": "0.41800"}, "Other Long-Term Assets": {"2020-03-31": "117.65500", "2019-03-31": "85.11500", "2018-03-31": "14.17600", "2017-03-31": "8.28600", "2016-03-31": "4.42200", "2015-03-31": "3.65400", "2014-03-31": "0.80100", "2013-03-31": "0.02900", "2012-03-31": "0.14800", "2011-03-31": "", "2010-03-31": "", "2009-03-31": "0.30200", "2008-03-31": "0.49300", "2007-03-31": "", "2006-03-31": "", "2005-03-31": "0.50300"}, "Total Long-Term Assets": {"2020-03-31": "580.59900", "2019-03-31": "377.14900", "2018-03-31": "292.10400", "2017-03-31": "223.45600", "2016-03-31": "135.53900", "2015-03-31": "153.32800", "2014-03-31": "87.44100", "2013-03-31": "53.39400", "2012-03-31": "43.37200", "2011-03-31": "46.85100", "2010-03-31": "46.90200", "2009-03-31": "47.46900", "2008-03-31": "46.52800", "2007-03-31": "39.80100", "2006-03-31": "32.09400", "2005-03-31": "5.83700"}, "Total Assets": {"2020-03-31": "1216.46200", "2019-03-31": "1054.34600", "2018-03-31": "786.37500", "2017-03-31": "550.41400", "2016-03-31": "423.93100", "2015-03-31": "338.36700", "2014-03-31": "205.40700", "2013-03-31": "169.99900", "2012-03-31": "153.91100", "2011-03-31": "131.58800", "2010-03-31": "129.57000", "2009-03-31": "135.95800", "2008-03-31": "118.03100", "2007-03-31": "136.18300", "2006-03-31": "78.53700", "2005-03-31": "61.06100"}, "Total Current Liabilities": {"2020-03-31": "131.88500", "2019-03-31": "105.99800", "2018-03-31": "84.68200", "2017-03-31": "69.61700", "2016-03-31": "46.54100", "2015-03-31": "39.31900", "2014-03-31": "30.41100", "2013-03-31": "27.05600", "2012-03-31": "22.41500", "2011-03-31": "22.34300", "2010-03-31": "18.06400", "2009-03-31": "17.57900", "2008-03-31": "19.47600", "2007-03-31": "12.89700", "2006-03-31": "8.73900", "2005-03-31": "4.88200"}, "Long Term Debt": {"2020-03-31": "", "2019-03-31": "", "2018-03-31": "", "2017-03-31": "15.53900", "2016-03-31": "", "2015-03-31": "", "2014-03-31": "", "2013-03-31": "", "2012-03-31": "", "2011-03-31": "", "2010-03-31": "", "2009-03-31": "", "2008-03-31": "", "2007-03-31": "", "2006-03-31": "", "2005-03-31": ""}, "Other Non-Current Liabilities": {"2020-03-31": "18.30500", "2019-03-31": "10.63600", "2018-03-31": "11.26600", "2017-03-31": "12.40400", "2016-03-31": "7.78300", "2015-03-31": "6.69300", "2014-03-31": "6.64300", "2013-03-31": "0.30900", "2012-03-31": "0.40000", "2011-03-31": "0.49200", "2010-03-31": "0.51000", "2009-03-31": "0.31000", "2008-03-31": "0.22100", "2007-03-31": "", "2006-03-31": "", "2005-03-31": ""}, "Total Long Term Liabilities": {"2020-03-31": "19.11100", "2019-03-31": "11.45800", "2018-03-31": "12.16900", "2017-03-31": "28.72600", "2016-03-31": "8.61500", "2015-03-31": "7.48800", "2014-03-31": "6.64300", "2013-03-31": "5.86300", "2012-03-31": "5.19900", "2011-03-31": "4.50200", "2010-03-31": "3.55000", "2009-03-31": "2.39600", "2008-03-31": "4.96100", "2007-03-31": "1.19100", "2006-03-31": "0.31000", "2005-03-31": ""}, "Total Liabilities": {"2020-03-31": "150.99600", "2019-03-31": "117.45600", "2018-03-31": "96.85100", "2017-03-31": "98.34300", "2016-03-31": "55.15600", "2015-03-31": "46.80700", "2014-03-31": "37.05400", "2013-03-31": "32.91900", "2012-03-31": "27.61400", "2011-03-31": "26.84500", "2010-03-31": "21.61400", "2009-03-31": "19.97500", "2008-03-31": "24.43700", "2007-03-31": "14.08800", "2006-03-31": "9.04900", "2005-03-31": "4.88200"}, "Common Stock Net": {"2020-03-31": "0.45100", "2019-03-31": "0.45100", "2018-03-31": "0.44400", "2017-03-31": "0.43700", "2016-03-31": "0.42600", "2015-03-31": "0.41300", "2014-03-31": "0.41100", "2013-03-31": "0.39700", "2012-03-31": "0.39300", "2011-03-31": "0.37700", "2010-03-31": "0.37500", "2009-03-31": "0.36700", "2008-03-31": "0.32800", "2007-03-31": "0.32300", "2006-03-31": "0.26500", "2005-03-31": "0.22100"}, "Retained Earnings (Accumulated Deficit)": {"2020-03-31": "602.48200", "2019-03-31": "399.47300", "2018-03-31": "140.45700", "2017-03-31": "-46.95900", "2016-03-31": "-99.07500", "2015-03-31": "-137.22200", "2014-03-31": "-250.91000", "2013-03-31": "-258.26100", "2012-03-31": "-273.27500", "2011-03-31": "-274.77000", "2010-03-31": "-263.01500", "2009-03-31": "-243.99100", "2008-03-31": "-212.39400", "2007-03-31": "-171.18900", "2006-03-31": "-143.30800", "2005-03-31": "-113.85900"}, "Comprehensive Income": {"2020-03-31": "-11.18900", "2019-03-31": "-14.68900", "2018-03-31": "-4.20400", "2017-03-31": "-20.60600", "2016-03-31": "-14.54000", "2015-03-31": "-17.33000", "2014-03-31": "-0.73000", "2013-03-31": "-3.73700", "2012-03-31": "-1.76500", "2011-03-31": "0.74500", "2010-03-31": "-1.00200", "2009-03-31": "-1.66300", "2008-03-31": "4.98900", "2007-03-31": "0.61000", "2006-03-31": "-1.89800", "2005-03-31": ""}, "Other Share Holders Equity": {"2020-03-31": "", "2019-03-31": "", "2018-03-31": "", "2017-03-31": "", "2016-03-31": "", "2015-03-31": "", "2014-03-31": "", "2013-03-31": "", "2012-03-31": "", "2011-03-31": "", "2010-03-31": "", "2009-03-31": "", "2008-03-31": "", "2007-03-31": "", "2006-03-31": "", "2005-03-31": ""}, "Share Holder Equity": {"2020-03-31": "1065.46600", "2019-03-31": "936.89000", "2018-03-31": "689.52400", "2017-03-31": "452.07100", "2016-03-31": "368.77500", "2015-03-31": "291.56000", "2014-03-31": "168.35300", "2013-03-31": "137.08000", "2012-03-31": "126.29700", "2011-03-31": "104.74300", "2010-03-31": "107.95600", "2009-03-31": "115.98300", "2008-03-31": "93.59400", "2007-03-31": "122.09500", "2006-03-31": "69.48800", "2005-03-31": "56.17900"}, "Total Liabilities And Share Holders Equity": {"2020-03-31": "1216.46200", "2019-03-31": "1054.34600", "2018-03-31": "786.37500", "2017-03-31": "550.41400", "2016-03-31": "423.93100", "2015-03-31": "338.36700", "2014-03-31": "205.40700", "2013-03-31": "169.99900", "2012-03-31": "153.91100", "2011-03-31": "131.58800", "2010-03-31": "129.57000", "2009-03-31": "135.95800", "2008-03-31": "118.03100", "2007-03-31": "136.18300", "2006-03-31": "78.53700", "2005-03-31": "61.06100"}}, "balance sheet, quarterly": {"Cash On Hand": {"2020-12-31": "486.45200", "2020-09-30": "533.08400", "2020-06-30": "427.36300", "2020-03-31": "443.11600", "2019-12-31": "427.53900", "2019-09-30": "445.32000", "2019-06-30": "486.67200", "2019-03-31": "491.69800", "2018-12-31": "458.15600", "2018-09-30": "410.44600", "2018-06-30": "360.51600", "2018-03-31": "362.24900", "2017-12-31": "301.25300", "2017-09-30": "263.19700", "2017-06-30": "251.41100", "2017-03-31": "229.94800", "2016-12-31": "240.70900", "2016-09-30": "232.94500", "2016-06-30": "223.17400", "2016-03-31": "212.05300", "2015-12-31": "196.19400", "2015-09-30": "175.50800", "2015-06-30": "154.92000", "2015-03-31": "131.95800", "2014-12-31": "113.42400", "2014-09-30": "95.46400", "2014-06-30": "87.19800", "2014-03-31": "76.57900", "2013-12-31": "79.57600", "2013-09-30": "71.07000", "2013-06-30": "67.45200", "2013-03-31": "76.70700", "2012-12-31": "85.74200", "2012-09-30": "88.98100", "2012-06-30": "81.22200", "2012-03-31": "77.22300", "2011-12-31": "69.57400", "2011-09-30": "60.82000", "2011-06-30": "59.13300", "2011-03-31": "60.31200", "2010-12-31": "59.17300", "2010-09-30": "54.13000", "2010-06-30": "54.91900", "2010-03-31": "58.26500", "2009-12-31": "51.71200", "2009-09-30": "52.33000", "2009-06-30": "52.38800", "2009-03-31": "57.17900", "2008-12-31": "63.78000", "2008-09-30": "66.31100", "2008-06-30": "28.42800", "2008-03-31": "38.29900", "2007-12-31": "50.03400", "2007-09-30": "59.51800", "2007-06-30": "62.72600", "2007-03-31": "75.12500", "2006-12-31": "17.24100", "2006-09-30": "21.98300", "2006-06-30": "24.79700", "2006-03-31": "30.83500", "2005-12-31": "31.95600", "2005-09-30": "35.65700", "2005-06-30": "39.23100", "2005-03-31": "41.50500"}, "Receivables": {"2020-12-31": "92.99000", "2020-09-30": "80.90900", "2020-06-30": "82.08400", "2020-03-31": "84.65000", "2019-12-31": "100.99400", "2019-09-30": "94.31900", "2019-06-30": "86.20600", "2019-03-31": "90.80900", "2018-12-31": "88.21500", "2018-09-30": "74.20100", "2018-06-30": "67.51100", "2018-03-31": "70.01000", "2017-12-31": "64.86200", "2017-09-30": "57.32700", "2017-06-30": "53.55700", "2017-03-31": "54.05500", "2016-12-31": "50.17800", "2016-09-30": "46.60700", "2016-06-30": "41.28000", "2016-03-31": "42.82100", "2015-12-31": "36.84200", "2015-09-30": "37.11900", "2015-06-30": "34.37200", "2015-03-31": "31.82800", "2014-12-31": "28.37300", "2014-09-30": "23.07200", "2014-06-30": "22.76300", "2014-03-31": "24.35700", "2013-12-31": "22.95800", "2013-09-30": "21.11900", "2013-06-30": "20.98300", "2013-03-31": "22.94600", "2012-12-31": "19.91500", "2012-09-30": "18.80100", "2012-06-30": "18.34300", "2012-03-31": "20.45800", "2011-12-31": "17.30300", "2011-09-30": "15.49000", "2011-06-30": "14.54100", "2011-03-31": "15.37600", "2010-12-31": "12.87200", "2010-09-30": "14.98600", "2010-06-30": "12.57100", "2010-03-31": "13.51600", "2009-12-31": "14.40000", "2009-09-30": "13.40300", "2009-06-30": "14.47600", "2009-03-31": "15.72400", "2008-12-31": "14.17000", "2008-09-30": "14.60300", "2008-06-30": "13.88300", "2008-03-31": "14.07100", "2007-12-31": "11.67900", "2007-09-30": "8.61500", "2007-06-30": "13.82900", "2007-03-31": "10.93200", "2006-12-31": "9.23000", "2006-09-30": "8.30000", "2006-06-30": "9.67900", "2006-03-31": "8.88000", "2005-12-31": "8.41600", "2005-09-30": "7.94000", "2005-06-30": "7.11300", "2005-03-31": "8.63500"}, "Inventory": {"2020-12-31": "82.44800", "2020-09-30": "83.20900", "2020-06-30": "89.28400", "2020-03-31": "90.08800", "2019-12-31": "91.19300", "2019-09-30": "90.29500", "2019-06-30": "87.72600", "2019-03-31": "80.94200", "2018-12-31": "71.80800", "2018-09-30": "63.65600", "2018-06-30": "55.78100", "2018-03-31": "50.20400", "2017-12-31": "46.89100", "2017-09-30": "40.63200", "2017-06-30": "36.92600", "2017-03-31": "34.93100", "2016-12-31": "32.05300", "2016-09-30": "31.49100", "2016-06-30": "29.09300", "2016-03-31": "26.74000", "2015-12-31": "25.53500", "2015-09-30": "23.03200", "2015-06-30": "21.23000", "2015-03-31": "16.77400", "2014-12-31": "15.44400", "2014-09-30": "13.44500", "2014-06-30": "13.92000", "2014-03-31": "13.94800", "2013-12-31": "14.81900", "2013-09-30": "15.63600", "2013-06-30": "16.51300", "2013-03-31": "14.93000", "2012-12-31": "14.98800", "2012-09-30": "14.46100", "2012-06-30": "12.47700", "2012-03-31": "11.14200", "2011-12-31": "9.68800", "2011-09-30": "9.21100", "2011-06-30": "8.87900", "2011-03-31": "7.50500", "2010-12-31": "6.87800", "2010-09-30": "7.03100", "2010-06-30": "7.38800", "2010-03-31": "9.21100", "2009-12-31": "12.62900", "2009-09-30": "14.11100", "2009-06-30": "14.72400", "2009-03-31": "14.77700", "2008-12-31": "17.77600", "2008-09-30": "18.75800", "2008-06-30": "19.51400", "2008-03-31": "17.42800", "2007-12-31": "16.26900", "2007-09-30": "14.60000", "2007-06-30": "10.80000", "2007-03-31": "8.56700", "2006-12-31": "6.88300", "2006-09-30": "5.59000", "2006-06-30": "4.20900", "2006-03-31": "4.86800", "2005-12-31": "6.02000", "2005-09-30": "6.03900", "2005-06-30": "5.63800", "2005-03-31": "3.87700"}, "Pre-Paid Expenses": {"2020-12-31": "31.80100", "2020-09-30": "19.41900", "2020-06-30": "20.95800", "2020-03-31": "18.00900", "2019-12-31": "16.85000", "2019-09-30": "17.49800", "2019-06-30": "16.76100", "2019-03-31": "13.74800", "2018-12-31": "10.54900", "2018-09-30": "13.29600", "2018-06-30": "13.48900", "2018-03-31": "11.80800", "2017-12-31": "9.19200", "2017-09-30": "9.01400", "2017-06-30": "9.02100", "2017-03-31": "8.02400", "2016-12-31": "10.47900", "2016-09-30": "8.82700", "2016-06-30": "6.74100", "2016-03-31": "6.77800", "2015-12-31": "4.11500", "2015-09-30": "4.03000", "2015-06-30": "4.00300", "2015-03-31": "4.47900", "2014-12-31": "3.33100", "2014-09-30": "3.31000", "2014-06-30": "3.33400", "2014-03-31": "3.08200", "2013-12-31": "2.37600", "2013-09-30": "2.78900", "2013-06-30": "1.73700", "2013-03-31": "2.02200", "2012-12-31": "1.35700", "2012-09-30": "1.79100", "2012-06-30": "1.74900", "2012-03-31": "1.71600", "2011-12-31": "1.41700", "2011-09-30": "1.40700", "2011-06-30": "1.33900", "2011-03-31": "1.54400", "2010-12-31": "0.88100", "2010-09-30": "1.21500", "2010-06-30": "1.34400", "2010-03-31": "1.67600", "2009-12-31": "0.82200", "2009-09-30": "0.99200", "2009-06-30": "0.98300", "2009-03-31": "0.80900", "2008-12-31": "0.66600", "2008-09-30": "0.97100", "2008-06-30": "1.50600", "2008-03-31": "1.70500", "2007-12-31": "1.04400", "2007-09-30": "1.66100", "2007-06-30": "1.97200", "2007-03-31": "1.75800", "2006-12-31": "1.64000", "2006-09-30": "2.07100", "2006-06-30": "2.22600", "2006-03-31": "1.86000", "2005-12-31": "0.96700", "2005-09-30": "1.38500", "2005-06-30": "1.78200", "2005-03-31": "1.20700"}, "Other Current Assets": {"2020-12-31": "", "2020-09-30": "", "2020-06-30": "", "2020-03-31": "", "2019-12-31": "", "2019-09-30": "", "2019-06-30": "", "2019-03-31": "", "2018-12-31": "", "2018-09-30": "", "2018-06-30": "", "2018-03-31": "", "2017-12-31": "", "2017-09-30": "", "2017-06-30": "", "2017-03-31": "", "2016-12-31": "", "2016-09-30": "", "2016-06-30": "", "2016-03-31": "", "2015-12-31": "", "2015-09-30": "", "2015-06-30": "", "2015-03-31": "", "2014-12-31": "", "2014-09-30": "", "2014-06-30": "", "2014-03-31": "", "2013-12-31": "", "2013-09-30": "", "2013-06-30": "", "2013-03-31": "", "2012-12-31": "", "2012-09-30": "", "2012-06-30": "", "2012-03-31": "", "2011-12-31": "", "2011-09-30": "", "2011-06-30": "", "2011-03-31": "", "2010-12-31": "", "2010-09-30": "", "2010-06-30": "", "2010-03-31": "", "2009-12-31": "", "2009-09-30": "", "2009-06-30": "", "2009-03-31": "", "2008-12-31": "", "2008-09-30": "", "2008-06-30": "", "2008-03-31": "", "2007-12-31": "", "2007-09-30": "", "2007-06-30": "", "2007-03-31": "", "2006-12-31": "", "2006-09-30": "", "2006-06-30": "", "2006-03-31": "", "2005-12-31": "", "2005-09-30": "", "2005-06-30": "", "2005-03-31": ""}, "Total Current Assets": {"2020-12-31": "693.69100", "2020-09-30": "716.62100", "2020-06-30": "619.68900", "2020-03-31": "635.86300", "2019-12-31": "636.57600", "2019-09-30": "647.43200", "2019-06-30": "677.36500", "2019-03-31": "677.19700", "2018-12-31": "628.72800", "2018-09-30": "561.59900", "2018-06-30": "497.29700", "2018-03-31": "494.27100", "2017-12-31": "422.19800", "2017-09-30": "370.17000", "2017-06-30": "350.91500", "2017-03-31": "326.95800", "2016-12-31": "333.41900", "2016-09-30": "319.87000", "2016-06-30": "300.28800", "2016-03-31": "288.39200", "2015-12-31": "281.74500", "2015-09-30": "265.40400", "2015-06-30": "244.11200", "2015-03-31": "185.03900", "2014-12-31": "160.57200", "2014-09-30": "135.29100", "2014-06-30": "127.21500", "2014-03-31": "117.96600", "2013-12-31": "119.72900", "2013-09-30": "110.61400", "2013-06-30": "106.68500", "2013-03-31": "116.60500", "2012-12-31": "122.00200", "2012-09-30": "124.03400", "2012-06-30": "113.79100", "2012-03-31": "110.53900", "2011-12-31": "97.98200", "2011-09-30": "86.92800", "2011-06-30": "83.89200", "2011-03-31": "84.73700", "2010-12-31": "79.80400", "2010-09-30": "77.36200", "2010-06-30": "76.22200", "2010-03-31": "82.66800", "2009-12-31": "79.56300", "2009-09-30": "80.83600", "2009-06-30": "82.57100", "2009-03-31": "88.48900", "2008-12-31": "96.39200", "2008-09-30": "100.64300", "2008-06-30": "63.33100", "2008-03-31": "71.50300", "2007-12-31": "79.02600", "2007-09-30": "84.39400", "2007-06-30": "89.32700", "2007-03-31": "96.38200", "2006-12-31": "34.99400", "2006-09-30": "37.94400", "2006-06-30": "40.91100", "2006-03-31": "46.44300", "2005-12-31": "47.35900", "2005-09-30": "51.02100", "2005-06-30": "53.76400", "2005-03-31": "55.22400"}, "Property, Plant, And Equipment": {"2020-12-31": "179.36400", "2020-09-30": "175.58200", "2020-06-30": "170.34600", "2020-03-31": "164.93100", "2019-12-31": "162.06000", "2019-09-30": "157.89600", "2019-06-30": "151.65400", "2019-03-31": "145.00500", "2018-12-31": "138.45500", "2018-09-30": "134.06500", "2018-06-30": "127.32400", "2018-03-31": "117.16700", "2017-12-31": "107.97700", "2017-09-30": "97.69700", "2017-06-30": "92.80400", "2017-03-31": "87.77700", "2016-12-31": "60.90900", "2016-09-30": "50.20700", "2016-06-30": "25.95000", "2016-03-31": "23.18400", "2015-12-31": "15.02000", "2015-09-30": "11.42000", "2015-06-30": "10.21800", "2015-03-31": "9.12700", "2014-12-31": "7.58300", "2014-09-30": "7.35100", "2014-06-30": "6.71600", "2014-03-31": "6.88900", "2013-12-31": "7.02200", "2013-09-30": "6.44400", "2013-06-30": "6.47900", "2013-03-31": "6.54900", "2012-12-31": "6.47200", "2012-09-30": "6.26800", "2012-06-30": "6.33700", "2012-03-31": "6.37800", "2011-12-31": "6.41300", "2011-09-30": "6.27300", "2011-06-30": "6.21400", "2011-03-31": "6.27300", "2010-12-31": "6.06000", "2010-09-30": "6.17100", "2010-06-30": "6.11500", "2010-03-31": "6.75300", "2009-12-31": "7.22500", "2009-09-30": "7.54000", "2009-06-30": "7.67900", "2009-03-31": "7.79200", "2008-12-31": "7.64900", "2008-09-30": "6.86600", "2008-06-30": "7.23200", "2008-03-31": "7.55100", "2007-12-31": "7.44600", "2007-09-30": "7.03300", "2007-06-30": "6.18500", "2007-03-31": "5.76400", "2006-12-31": "5.57200", "2006-09-30": "5.49200", "2006-06-30": "5.45800", "2006-03-31": "4.82400", "2005-12-31": "3.87000", "2005-09-30": "3.63900", "2005-06-30": "3.74200", "2005-03-31": "2.80400"}, "Long-Term Investments": {"2020-12-31": "301.31500", "2020-09-30": "202.61300", "2020-06-30": "169.66800", "2020-03-31": "207.79500", "2019-12-31": "167.98100", "2019-09-30": "106.02500", "2019-06-30": "40.03200", "2019-03-31": "21.71800", "2018-12-31": "", "2018-09-30": "", "2018-06-30": "6.88700", "2018-03-31": "37.50200", "2017-12-31": "49.48500", "2017-09-30": "55.95400", "2017-06-30": "37.66900", "2017-03-31": "47.14300", "2016-12-31": "18.24000", "2016-09-30": "4.00400", "2016-06-30": "", "2016-03-31": "1.00000", "2015-12-31": "", "2015-09-30": "", "2015-06-30": "1.50100", "2015-03-31": "13.99600", "2014-12-31": "17.98200", "2014-09-30": "16.47300", "2014-06-30": "33.76000", "2014-03-31": "41.76100", "2013-12-31": "27.78400", "2013-09-30": "25.81100", "2013-06-30": "20.58800", "2013-03-31": "11.40600", "2012-12-31": "", "2012-09-30": "", "2012-06-30": "", "2012-03-31": "", "2011-12-31": "", "2011-09-30": "", "2011-06-30": "", "2011-03-31": "", "2010-12-31": "", "2010-09-30": "", "2010-06-30": "", "2010-03-31": "", "2009-12-31": "", "2009-09-30": "", "2009-06-30": "2.08000", "2009-03-31": "3.72100", "2008-12-31": "", "2008-09-30": "", "2008-06-30": "", "2008-03-31": "", "2007-12-31": "", "2007-09-30": "", "2007-06-30": "", "2007-03-31": "", "2006-12-31": "", "2006-09-30": "", "2006-06-30": "", "2006-03-31": "", "2005-12-31": "", "2005-09-30": "", "2005-06-30": "", "2005-03-31": "2.11200"}, "Goodwill And Intangible Assets": {"2020-12-31": "123.01800", "2020-09-30": "78.12200", "2020-06-30": "76.78300", "2020-03-31": "46.88200", "2019-12-31": "32.59400", "2019-09-30": "31.72700", "2019-06-30": "33.03500", "2019-03-31": "32.60100", "2018-12-31": "33.26000", "2018-09-30": "33.71900", "2018-06-30": "33.94800", "2018-03-31": "35.80800", "2017-12-31": "34.81400", "2017-09-30": "34.33200", "2017-06-30": "33.19900", "2017-03-31": "31.04500", "2016-12-31": "30.56200", "2016-09-30": "32.58200", "2016-06-30": "32.27200", "2016-03-31": "33.00300", "2015-12-31": "31.69700", "2015-09-30": "32.67600", "2015-06-30": "32.24300", "2015-03-31": "31.53400", "2014-12-31": "35.32700", "2014-09-30": "36.86700", "2014-06-30": "37.69400", "2014-03-31": "37.99000", "2013-12-31": "38.02900", "2013-09-30": "37.34900", "2013-06-30": "35.93200", "2013-03-31": "35.41000", "2012-12-31": "36.50600", "2012-09-30": "35.51200", "2012-06-30": "34.74100", "2012-03-31": "36.84600", "2011-12-31": "36.23100", "2011-09-30": "38.40900", "2011-06-30": "41.03100", "2011-03-31": "40.57800", "2010-12-31": "38.49800", "2010-09-30": "39.89800", "2010-06-30": "36.11400", "2010-03-31": "40.14900", "2009-12-31": "43.14400", "2009-09-30": "44.30600", "2009-06-30": "43.03000", "2009-03-31": "35.65400", "2008-12-31": "37.71300", "2008-09-30": "38.53400", "2008-06-30": "43.49900", "2008-03-31": "38.48400", "2007-12-31": "35.97100", "2007-09-30": "35.38500", "2007-06-30": "34.02400", "2007-03-31": "34.03700", "2006-12-31": "33.96800", "2006-09-30": "27.64300", "2006-06-30": "28.32500", "2006-03-31": "27.27000", "2005-12-31": "30.29500", "2005-09-30": "27.63900", "2005-06-30": "28.04000", "2005-03-31": "0.41800"}, "Other Long-Term Assets": {"2020-12-31": "109.81300", "2020-09-30": "82.59400", "2020-06-30": "139.92800", "2020-03-31": "117.65500", "2019-12-31": "135.16700", "2019-09-30": "99.19100", "2019-06-30": "140.82000", "2019-03-31": "85.11500", "2018-12-31": "44.70700", "2018-09-30": "25.80400", "2018-06-30": "15.69700", "2018-03-31": "14.17600", "2017-12-31": "13.68600", "2017-09-30": "13.68600", "2017-06-30": "8.68600", "2017-03-31": "8.28600", "2016-12-31": "4.57000", "2016-09-30": "4.42200", "2016-06-30": "4.45100", "2016-03-31": "4.42200", "2015-12-31": "4.42200", "2015-09-30": "4.42300", "2015-06-30": "3.68500", "2015-03-31": "3.65400", "2014-12-31": "2.05100", "2014-09-30": "1.55100", "2014-06-30": "0.80100", "2014-03-31": "0.80100", "2013-12-31": "0.80100", "2013-09-30": "0.80100", "2013-06-30": "0.77900", "2013-03-31": "0.02900", "2012-12-31": "0.02900", "2012-09-30": "0.03200", "2012-06-30": "0.03300", "2012-03-31": "0.14800", "2011-12-31": "", "2011-09-30": "", "2011-06-30": "", "2011-03-31": "", "2010-12-31": "", "2010-09-30": "", "2010-06-30": "", "2010-03-31": "", "2009-12-31": "0.30200", "2009-09-30": "0.30200", "2009-06-30": "0.30200", "2009-03-31": "0.30200", "2008-12-31": "0.35700", "2008-09-30": "0.48500", "2008-06-30": "0.56500", "2008-03-31": "0.49300", "2007-12-31": "2.54800", "2007-09-30": "", "2007-06-30": "", "2007-03-31": "", "2006-12-31": "", "2006-09-30": "", "2006-06-30": "", "2006-03-31": "", "2005-12-31": "0.32100", "2005-09-30": "0.35700", "2005-06-30": "0.18300", "2005-03-31": "0.50300"}, "Total Long-Term Assets": {"2020-12-31": "734.74300", "2020-09-30": "611.35300", "2020-06-30": "629.82290", "2020-03-31": "580.59900", "2019-12-31": "560.03500", "2019-09-30": "476.91600", "2019-06-30": "447.69500", "2019-03-31": "377.14900", "2018-12-31": "328.38800", "2018-09-30": "325.56600", "2018-06-30": "314.74200", "2018-03-31": "292.10400", "2017-12-31": "297.40400", "2017-09-30": "324.48300", "2017-06-30": "301.30200", "2017-03-31": "223.45600", "2016-12-31": "167.54500", "2016-09-30": "155.02800", "2016-06-30": "129.02400", "2016-03-31": "135.53900", "2015-12-31": "109.88100", "2015-09-30": "108.00200", "2015-06-30": "107.89400", "2015-03-31": "153.32800", "2014-12-31": "80.20100", "2014-09-30": "80.25300", "2014-06-30": "78.97100", "2014-03-31": "87.44100", "2013-12-31": "73.63600", "2013-09-30": "70.40500", "2013-06-30": "63.77800", "2013-03-31": "53.39400", "2012-12-31": "43.00700", "2012-09-30": "41.81200", "2012-06-30": "41.11100", "2012-03-31": "43.37200", "2011-12-31": "42.64400", "2011-09-30": "44.68200", "2011-06-30": "47.24500", "2011-03-31": "46.85100", "2010-12-31": "44.55800", "2010-09-30": "46.06900", "2010-06-30": "42.22900", "2010-03-31": "46.90200", "2009-12-31": "50.67100", "2009-09-30": "52.14800", "2009-06-30": "53.09100", "2009-03-31": "47.46900", "2008-12-31": "45.71900", "2008-09-30": "45.88500", "2008-06-30": "51.29600", "2008-03-31": "46.52800", "2007-12-31": "47.09100", "2007-09-30": "42.41800", "2007-06-30": "40.20900", "2007-03-31": "39.80100", "2006-12-31": "39.54000", "2006-09-30": "33.13500", "2006-06-30": "33.78300", "2006-03-31": "32.09400", "2005-12-31": "34.48600", "2005-09-30": "31.63500", "2005-06-30": "31.96500", "2005-03-31": "5.83700"}, "Total Assets": {"2020-12-31": "1428.43400", "2020-09-30": "1327.97400", "2020-06-30": "1249.51200", "2020-03-31": "1216.46200", "2019-12-31": "1196.61100", "2019-09-30": "1124.34800", "2019-06-30": "1125.06000", "2019-03-31": "1054.34600", "2018-12-31": "957.11600", "2018-09-30": "887.16500", "2018-06-30": "812.03900", "2018-03-31": "786.37500", "2017-12-31": "719.60200", "2017-09-30": "694.65300", "2017-06-30": "652.21700", "2017-03-31": "550.41400", "2016-12-31": "500.96400", "2016-09-30": "474.89800", "2016-06-30": "429.31200", "2016-03-31": "423.93100", "2015-12-31": "391.62600", "2015-09-30": "373.40600", "2015-06-30": "352.00600", "2015-03-31": "338.36700", "2014-12-31": "240.77300", "2014-09-30": "215.54400", "2014-06-30": "206.18600", "2014-03-31": "205.40700", "2013-12-31": "193.36500", "2013-09-30": "181.01900", "2013-06-30": "170.46300", "2013-03-31": "169.99900", "2012-12-31": "165.00900", "2012-09-30": "165.84600", "2012-06-30": "154.90200", "2012-03-31": "153.91100", "2011-12-31": "140.62600", "2011-09-30": "131.61000", "2011-06-30": "131.13700", "2011-03-31": "131.58800", "2010-12-31": "124.36200", "2010-09-30": "123.43100", "2010-06-30": "118.45100", "2010-03-31": "129.57000", "2009-12-31": "130.23400", "2009-09-30": "132.98400", "2009-06-30": "135.66200", "2009-03-31": "135.95800", "2008-12-31": "142.11100", "2008-09-30": "146.52800", "2008-06-30": "114.62700", "2008-03-31": "118.03100", "2007-12-31": "126.11700", "2007-09-30": "126.81200", "2007-06-30": "129.53600", "2007-03-31": "136.18300", "2006-12-31": "74.53400", "2006-09-30": "71.07900", "2006-06-30": "74.69400", "2006-03-31": "78.53700", "2005-12-31": "81.84500", "2005-09-30": "82.65600", "2005-06-30": "85.72900", "2005-03-31": "61.06100"}, "Total Current Liabilities": {"2020-12-31": "120.40000", "2020-09-30": "105.21300", "2020-06-30": "110.37900", "2020-03-31": "131.88500", "2019-12-31": "126.25900", "2019-09-30": "112.22900", "2019-06-30": "100.20100", "2019-03-31": "105.99800", "2018-12-31": "92.98000", "2018-09-30": "81.97900", "2018-06-30": "76.67800", "2018-03-31": "84.68200", "2017-12-31": "75.35300", "2017-09-30": "63.35800", "2017-06-30": "59.00500", "2017-03-31": "69.61700", "2016-12-31": "58.87100", "2016-09-30": "51.92200", "2016-06-30": "43.21900", "2016-03-31": "46.54100", "2015-12-31": "37.67000", "2015-09-30": "34.45200", "2015-06-30": "36.28300", "2015-03-31": "39.31900", "2014-12-31": "31.40500", "2014-09-30": "27.13400", "2014-06-30": "28.97400", "2014-03-31": "30.41100", "2013-12-31": "26.43500", "2013-09-30": "24.04600", "2013-06-30": "23.09200", "2013-03-31": "27.05600", "2012-12-31": "23.28900", "2012-09-30": "19.70300", "2012-06-30": "19.11500", "2012-03-31": "22.41500", "2011-12-31": "17.86000", "2011-09-30": "15.43400", "2011-06-30": "15.37900", "2011-03-31": "22.34300", "2010-12-31": "18.90000", "2010-09-30": "17.17300", "2010-06-30": "15.84500", "2010-03-31": "18.06400", "2009-12-31": "16.81500", "2009-09-30": "16.13000", "2009-06-30": "16.23400", "2009-03-31": "17.57900", "2008-12-31": "13.61300", "2008-09-30": "14.19800", "2008-06-30": "15.68300", "2008-03-31": "19.47600", "2007-12-31": "17.10200", "2007-09-30": "12.66800", "2007-06-30": "10.14400", "2007-03-31": "12.89700", "2006-12-31": "10.99900", "2006-09-30": "9.55200", "2006-06-30": "7.14200", "2006-03-31": "8.73900", "2005-12-31": "6.40700", "2005-09-30": "6.21500", "2005-06-30": "7.33700", "2005-03-31": "4.88200"}, "Long Term Debt": {"2020-12-31": "", "2020-09-30": "", "2020-06-30": "", "2020-03-31": "", "2019-12-31": "", "2019-09-30": "", "2019-06-30": "", "2019-03-31": "", "2018-12-31": "", "2018-09-30": "", "2018-06-30": "", "2018-03-31": "", "2017-12-31": "", "2017-09-30": "15.11000", "2017-06-30": "15.32500", "2017-03-31": "15.53900", "2016-12-31": "15.75000", "2016-09-30": "15.96100", "2016-06-30": "", "2016-03-31": "", "2015-12-31": "", "2015-09-30": "", "2015-06-30": "", "2015-03-31": "", "2014-12-31": "", "2014-09-30": "", "2014-06-30": "", "2014-03-31": "", "2013-12-31": "", "2013-09-30": "", "2013-06-30": "", "2013-03-31": "", "2012-12-31": "", "2012-09-30": "", "2012-06-30": "", "2012-03-31": "", "2011-12-31": "", "2011-09-30": "", "2011-06-30": "", "2011-03-31": "", "2010-12-31": "", "2010-09-30": "", "2010-06-30": "", "2010-03-31": "", "2009-12-31": "", "2009-09-30": "", "2009-06-30": "", "2009-03-31": "", "2008-12-31": "", "2008-09-30": "", "2008-06-30": "", "2008-03-31": "", "2007-12-31": "", "2007-09-30": "", "2007-06-30": "", "2007-03-31": "", "2006-12-31": "", "2006-09-30": "", "2006-06-30": "", "2006-03-31": "", "2005-12-31": "", "2005-09-30": "", "2005-06-30": "", "2005-03-31": ""}, "Other Non-Current Liabilities": {"2020-12-31": "42.29000", "2020-09-30": "36.10100", "2020-06-30": "33.08100", "2020-03-31": "18.30500", "2019-12-31": "22.66700", "2019-09-30": "19.86200", "2019-06-30": "21.43300", "2019-03-31": "10.63600", "2018-12-31": "11.76800", "2018-09-30": "11.38200", "2018-06-30": "11.14600", "2018-03-31": "11.26600", "2017-12-31": "10.88900", "2017-09-30": "10.43300", "2017-06-30": "10.00600", "2017-03-31": "12.40400", "2016-12-31": "8.19200", "2016-09-30": "7.75300", "2016-06-30": "7.95200", "2016-03-31": "7.78300", "2015-12-31": "7.62800", "2015-09-30": "7.03400", "2015-06-30": "6.85900", "2015-03-31": "6.69300", "2014-12-31": "6.56100", "2014-09-30": "6.00700", "2014-06-30": "0.22200", "2014-03-31": "6.64300", "2013-12-31": "0.23900", "2013-09-30": "0.26200", "2013-06-30": "0.28500", "2013-03-31": "0.30900", "2012-12-31": "0.33100", "2012-09-30": "0.35400", "2012-06-30": "0.37700", "2012-03-31": "0.40000", "2011-12-31": "0.42300", "2011-09-30": "0.44500", "2011-06-30": "0.46900", "2011-03-31": "0.49200", "2010-12-31": "0.51500", "2010-09-30": "0.53800", "2010-06-30": "0.56100", "2010-03-31": "0.51000", "2009-12-31": "0.46000", "2009-09-30": "0.41000", "2009-06-30": "0.36100", "2009-03-31": "0.31000", "2008-12-31": "0.26000", "2008-09-30": "", "2008-06-30": "0.07300", "2008-03-31": "0.22100", "2007-12-31": "0.29600", "2007-09-30": "0.27500", "2007-06-30": "0.27500", "2007-03-31": "", "2006-12-31": "5.58300", "2006-09-30": "", "2006-06-30": "0.44700", "2006-03-31": "", "2005-12-31": "", "2005-09-30": "", "2005-06-30": "", "2005-03-31": ""}, "Total Long Term Liabilities": {"2020-12-31": "46.59300", "2020-09-30": "40.35200", "2020-06-30": "37.28500", "2020-03-31": "19.11100", "2019-12-31": "23.48900", "2019-09-30": "20.66200", "2019-06-30": "22.26600", "2019-03-31": "11.45800", "2018-12-31": "12.60600", "2018-09-30": "12.23200", "2018-06-30": "12.00200", "2018-03-31": "12.16900", "2017-12-31": "11.76700", "2017-09-30": "26.40900", "2017-06-30": "26.16800", "2017-03-31": "28.72600", "2016-12-31": "24.71300", "2016-09-30": "24.53500", "2016-06-30": "8.76600", "2016-03-31": "8.61500", "2015-12-31": "8.42700", "2015-09-30": "7.85800", "2015-06-30": "7.67200", "2015-03-31": "7.48800", "2014-12-31": "13.65000", "2014-09-30": "12.87200", "2014-06-30": "6.86200", "2014-03-31": "6.64300", "2013-12-31": "6.47300", "2013-09-30": "6.26900", "2013-06-30": "6.06600", "2013-03-31": "5.86300", "2012-12-31": "5.67500", "2012-09-30": "5.47100", "2012-06-30": "5.26700", "2012-03-31": "5.19900", "2011-12-31": "4.98800", "2011-09-30": "4.77700", "2011-06-30": "4.57500", "2011-03-31": "4.50200", "2010-12-31": "4.28300", "2010-09-30": "4.06300", "2010-06-30": "3.84300", "2010-03-31": "3.55000", "2009-12-31": "3.25700", "2009-09-30": "2.96400", "2009-06-30": "2.67300", "2009-03-31": "2.39600", "2008-12-31": "2.15400", "2008-09-30": "4.87700", "2008-06-30": "4.87200", "2008-03-31": "4.96100", "2007-12-31": "5.01400", "2007-09-30": "2.73300", "2007-06-30": "1.76900", "2007-03-31": "1.19100", "2006-12-31": "6.45600", "2006-09-30": "0.55000", "2006-06-30": "0.44700", "2006-03-31": "0.31000", "2005-12-31": "3.73600", "2005-09-30": "", "2005-06-30": "", "2005-03-31": ""}, "Total Liabilities": {"2020-12-31": "166.99300", "2020-09-30": "145.56500", "2020-06-30": "147.66400", "2020-03-31": "150.99600", "2019-12-31": "149.74800", "2019-09-30": "132.89100", "2019-06-30": "122.46700", "2019-03-31": "117.45600", "2018-12-31": "105.58600", "2018-09-30": "94.21100", "2018-06-30": "88.68000", "2018-03-31": "96.85100", "2017-12-31": "87.12000", "2017-09-30": "89.76700", "2017-06-30": "85.17300", "2017-03-31": "98.34300", "2016-12-31": "83.58400", "2016-09-30": "76.45700", "2016-06-30": "51.98500", "2016-03-31": "55.15600", "2015-12-31": "46.09700", "2015-09-30": "42.31000", "2015-06-30": "43.95500", "2015-03-31": "46.80700", "2014-12-31": "45.05500", "2014-09-30": "40.00600", "2014-06-30": "35.83600", "2014-03-31": "37.05400", "2013-12-31": "32.90800", "2013-09-30": "30.31500", "2013-06-30": "29.15800", "2013-03-31": "32.91900", "2012-12-31": "28.96400", "2012-09-30": "25.17400", "2012-06-30": "24.38200", "2012-03-31": "27.61400", "2011-12-31": "22.84800", "2011-09-30": "20.21100", "2011-06-30": "19.95400", "2011-03-31": "26.84500", "2010-12-31": "23.18300", "2010-09-30": "21.23600", "2010-06-30": "19.68800", "2010-03-31": "21.61400", "2009-12-31": "20.07200", "2009-09-30": "19.09400", "2009-06-30": "18.90700", "2009-03-31": "19.97500", "2008-12-31": "15.76700", "2008-09-30": "19.07500", "2008-06-30": "20.55500", "2008-03-31": "24.43700", "2007-12-31": "22.11600", "2007-09-30": "15.40100", "2007-06-30": "11.91300", "2007-03-31": "14.08800", "2006-12-31": "17.45500", "2006-09-30": "10.10200", "2006-06-30": "7.58900", "2006-03-31": "9.04900", "2005-12-31": "10.14300", "2005-09-30": "6.21500", "2005-06-30": "7.33700", "2005-03-31": "4.88200"}, "Common Stock Net": {"2020-12-31": "0.45200", "2020-09-30": "0.45200", "2020-06-30": "0.45000", "2020-03-31": "0.45100", "2019-12-31": "0.45100", "2019-09-30": "0.45200", "2019-06-30": "0.45400", "2019-03-31": "0.45100", "2018-12-31": "0.45100", "2018-09-30": "0.45000", "2018-06-30": "0.44900", "2018-03-31": "0.44400", "2017-12-31": "0.44300", "2017-09-30": "0.44200", "2017-06-30": "0.44100", "2017-03-31": "0.43700", "2016-12-31": "0.43500", "2016-09-30": "0.43300", "2016-06-30": "0.43000", "2016-03-31": "0.42600", "2015-12-31": "0.42400", "2015-09-30": "0.42400", "2015-06-30": "0.42000", "2015-03-31": "0.41300", "2014-12-31": "0.42200", "2014-09-30": "0.41700", "2014-06-30": "0.41500", "2014-03-31": "0.41100", "2013-12-31": "0.40900", "2013-09-30": "0.40600", "2013-06-30": "0.40100", "2013-03-31": "0.39700", "2012-12-31": "0.39700", "2012-09-30": "0.39700", "2012-06-30": "0.39500", "2012-03-31": "0.39300", "2011-12-31": "0.39000", "2011-09-30": "0.38600", "2011-06-30": "0.38500", "2011-03-31": "0.37700", "2010-12-31": "0.37900", "2010-09-30": "0.37800", "2010-06-30": "0.37800", "2010-03-31": "0.37500", "2009-12-31": "0.37500", "2009-09-30": "0.37500", "2009-06-30": "0.37400", "2009-03-31": "0.36700", "2008-12-31": "0.36800", "2008-09-30": "0.36800", "2008-06-30": "0.33700", "2008-03-31": "0.32800", "2007-12-31": "0.32600", "2007-09-30": "0.32500", "2007-06-30": "0.32500", "2007-03-31": "0.32300", "2006-12-31": "0.26800", "2006-09-30": "0.26700", "2006-06-30": "0.26600", "2006-03-31": "0.26500", "2005-12-31": "0.26400", "2005-09-30": "0.26300", "2005-06-30": "0.26200", "2005-03-31": "0.22100"}, "Retained Earnings (Accumulated Deficit)": {"2020-12-31": "771.15100", "2020-09-30": "709.28300", "2020-06-30": "647.07000", "2020-03-31": "602.48200", "2019-12-31": "570.68300", "2019-09-30": "501.46700", "2019-06-30": "488.39600", "2019-03-31": "399.47300", "2018-12-31": "325.51300", "2018-09-30": "280.65000", "2018-06-30": "230.52300", "2018-03-31": "140.45700", "2017-12-31": "103.61000", "2017-09-30": "90.16400", "2017-06-30": "65.66100", "2017-03-31": "-46.95900", "2016-12-31": "-61.85800", "2016-09-30": "-77.29000", "2016-06-30": "-86.16500", "2016-03-31": "-99.07500", "2015-12-31": "-110.07300", "2015-09-30": "-120.62800", "2015-06-30": "-128.36300", "2015-03-31": "-137.22200", "2014-12-31": "-236.09600", "2014-09-30": "-248.78000", "2014-06-30": "-252.61900", "2014-03-31": "-250.91000", "2013-12-31": "-254.53200", "2013-09-30": "-258.92500", "2013-06-30": "-259.98400", "2013-03-31": "-258.26100", "2012-12-31": "-262.00300", "2012-09-30": "-264.68700", "2012-06-30": "-270.15600", "2012-03-31": "-273.27500", "2011-12-31": "-275.84200", "2011-09-30": "-278.76300", "2011-06-30": "-279.36400", "2011-03-31": "-274.77000", "2010-12-31": "-272.99800", "2010-09-30": "-272.19600", "2010-06-30": "-268.99500", "2010-03-31": "-263.01500", "2009-12-31": "-263.99000", "2009-09-30": "-259.42500", "2009-06-30": "-251.75100", "2009-03-31": "-243.99100", "2008-12-31": "-235.53700", "2008-09-30": "-227.83800", "2008-06-30": "-221.50800", "2008-03-31": "-212.39400", "2007-12-31": "-197.42200", "2007-09-30": "-189.12100", "2007-06-30": "-179.73900", "2007-03-31": "-171.18900", "2006-12-31": "-164.84000", "2006-09-30": "-158.11500", "2006-06-30": "-149.43900", "2006-03-31": "-143.30800", "2005-12-31": "-139.62600", "2005-09-30": "-135.14600", "2005-06-30": "-132.36700", "2005-03-31": "-113.85900"}, "Comprehensive Income": {"2020-12-31": "-4.16900", "2020-09-30": "-7.19900", "2020-06-30": "-8.53500", "2020-03-31": "-11.18900", "2019-12-31": "-16.99500", "2019-09-30": "-17.55600", "2019-06-30": "-11.75500", "2019-03-31": "-14.68900", "2018-12-31": "-12.31600", "2018-09-30": "-11.53500", "2018-06-30": "-10.91300", "2018-03-31": "-4.20400", "2017-12-31": "-10.64600", "2017-09-30": "-11.80200", "2017-06-30": "-14.50800", "2017-03-31": "-20.60600", "2016-12-31": "-21.43700", "2016-09-30": "-15.29500", "2016-06-30": "-16.08900", "2016-03-31": "-14.54000", "2015-12-31": "-17.55800", "2015-09-30": "-15.00600", "2015-06-30": "-15.72200", "2015-03-31": "-17.33000", "2014-12-31": "-8.93200", "2014-09-30": "-5.96500", "2014-06-30": "-1.13900", "2014-03-31": "-0.73000", "2013-12-31": "-0.62000", "2013-09-30": "-1.40600", "2013-06-30": "-3.23200", "2013-03-31": "-3.73700", "2012-12-31": "-2.34500", "2012-09-30": "-3.49200", "2012-06-30": "-4.34200", "2012-03-31": "-1.76500", "2011-12-31": "-3.03600", "2011-09-30": "-0.82900", "2011-06-30": "1.77200", "2011-03-31": "0.74500", "2010-12-31": "-2.38200", "2010-09-30": "-0.82300", "2010-06-30": "-5.68000", "2010-03-31": "-1.00200", "2009-12-31": "2.09700", "2009-09-30": "3.59800", "2009-06-30": "1.24800", "2009-03-31": "-1.66300", "2008-12-31": "2.22000", "2008-09-30": "-1.39200", "2008-06-30": "4.85600", "2008-03-31": "4.98900", "2007-12-31": "2.78600", "2007-09-30": "2.07500", "2007-06-30": "0.84700", "2007-03-31": "0.61000", "2006-12-31": "0.32900", "2006-09-30": "-0.61100", "2006-06-30": "-0.37900", "2006-03-31": "-1.89800", "2005-12-31": "-2.58200", "2005-09-30": "-2.04500", "2005-06-30": "-1.94200", "2005-03-31": ""}, "Other Share Holders Equity": {"2020-12-31": "", "2020-09-30": "", "2020-06-30": "", "2020-03-31": "", "2019-12-31": "", "2019-09-30": "", "2019-06-30": "", "2019-03-31": "", "2018-12-31": "", "2018-09-30": "", "2018-06-30": "", "2018-03-31": "", "2017-12-31": "", "2017-09-30": "", "2017-06-30": "", "2017-03-31": "", "2016-12-31": "", "2016-09-30": "", "2016-06-30": "", "2016-03-31": "", "2015-12-31": "", "2015-09-30": "", "2015-06-30": "", "2015-03-31": "", "2014-12-31": "", "2014-09-30": "", "2014-06-30": "", "2014-03-31": "", "2013-12-31": "", "2013-09-30": "", "2013-06-30": "", "2013-03-31": "", "2012-12-31": "", "2012-09-30": "", "2012-06-30": "", "2012-03-31": "", "2011-12-31": "", "2011-09-30": "", "2011-06-30": "", "2011-03-31": "", "2010-12-31": "", "2010-09-30": "", "2010-06-30": "", "2010-03-31": "", "2009-12-31": "", "2009-09-30": "", "2009-06-30": "", "2009-03-31": "", "2008-12-31": "", "2008-09-30": "", "2008-06-30": "", "2008-03-31": "", "2007-12-31": "", "2007-09-30": "", "2007-06-30": "", "2007-03-31": "", "2006-12-31": "", "2006-09-30": "", "2006-06-30": "", "2006-03-31": "", "2005-12-31": "", "2005-09-30": "", "2005-06-30": "", "2005-03-31": ""}, "Share Holder Equity": {"2020-12-31": "1261.44100", "2020-09-30": "1182.40900", "2020-06-30": "1101.84800", "2020-03-31": "1065.46600", "2019-12-31": "1046.86300", "2019-09-30": "991.45700", "2019-06-30": "1002.59300", "2019-03-31": "936.89000", "2018-12-31": "851.53000", "2018-09-30": "792.95400", "2018-06-30": "723.35900", "2018-03-31": "689.52400", "2017-12-31": "632.48200", "2017-09-30": "604.88600", "2017-06-30": "567.04400", "2017-03-31": "452.07100", "2016-12-31": "417.38000", "2016-09-30": "398.44100", "2016-06-30": "377.32700", "2016-03-31": "368.77500", "2015-12-31": "345.52900", "2015-09-30": "331.09600", "2015-06-30": "308.05100", "2015-03-31": "291.56000", "2014-12-31": "195.71800", "2014-09-30": "175.53800", "2014-06-30": "170.35000", "2014-03-31": "168.35300", "2013-12-31": "160.45700", "2013-09-30": "150.70400", "2013-06-30": "141.30500", "2013-03-31": "137.08000", "2012-12-31": "136.04500", "2012-09-30": "140.67200", "2012-06-30": "130.52000", "2012-03-31": "126.29700", "2011-12-31": "117.77800", "2011-09-30": "111.39900", "2011-06-30": "111.18300", "2011-03-31": "104.74300", "2010-12-31": "101.17900", "2010-09-30": "102.19500", "2010-06-30": "98.76300", "2010-03-31": "107.95600", "2009-12-31": "110.16200", "2009-09-30": "113.89000", "2009-06-30": "116.75500", "2009-03-31": "115.98300", "2008-12-31": "126.34400", "2008-09-30": "127.45300", "2008-06-30": "94.07200", "2008-03-31": "93.59400", "2007-12-31": "104.00100", "2007-09-30": "111.41100", "2007-06-30": "117.62300", "2007-03-31": "122.09500", "2006-12-31": "57.07900", "2006-09-30": "60.97700", "2006-06-30": "67.10500", "2006-03-31": "69.48800", "2005-12-31": "71.70200", "2005-09-30": "76.44100", "2005-06-30": "78.39200", "2005-03-31": "56.17900"}, "Total Liabilities And Share Holders Equity": {"2020-12-31": "1428.43400", "2020-09-30": "1327.97400", "2020-06-30": "1249.51200", "2020-03-31": "1216.46200", "2019-12-31": "1196.61100", "2019-09-30": "1124.34800", "2019-06-30": "1125.06000", "2019-03-31": "1054.34600", "2018-12-31": "957.11600", "2018-09-30": "887.16500", "2018-06-30": "812.03900", "2018-03-31": "786.37500", "2017-12-31": "719.60200", "2017-09-30": "694.65300", "2017-06-30": "652.21700", "2017-03-31": "550.41400", "2016-12-31": "500.96400", "2016-09-30": "474.89800", "2016-06-30": "429.31200", "2016-03-31": "423.93100", "2015-12-31": "391.62600", "2015-09-30": "373.40600", "2015-06-30": "352.00600", "2015-03-31": "338.36700", "2014-12-31": "240.77300", "2014-09-30": "215.54400", "2014-06-30": "206.18600", "2014-03-31": "205.40700", "2013-12-31": "193.36500", "2013-09-30": "181.01900", "2013-06-30": "170.46300", "2013-03-31": "169.99900", "2012-12-31": "165.00900", "2012-09-30": "165.84600", "2012-06-30": "154.90200", "2012-03-31": "153.91100", "2011-12-31": "140.62600", "2011-09-30": "131.61000", "2011-06-30": "131.13700", "2011-03-31": "131.58800", "2010-12-31": "124.36200", "2010-09-30": "123.43100", "2010-06-30": "118.45100", "2010-03-31": "129.57000", "2009-12-31": "130.23400", "2009-09-30": "132.98400", "2009-06-30": "135.66200", "2009-03-31": "135.95800", "2008-12-31": "142.11100", "2008-09-30": "146.52800", "2008-06-30": "114.62700", "2008-03-31": "118.03100", "2007-12-31": "126.11700", "2007-09-30": "126.81200", "2007-06-30": "129.53600", "2007-03-31": "136.18300", "2006-12-31": "74.53400", "2006-09-30": "71.07900", "2006-06-30": "74.69400", "2006-03-31": "78.53700", "2005-12-31": "81.84500", "2005-09-30": "82.65600", "2005-06-30": "85.72900", "2005-03-31": "61.06100"}}, "cash flow statement": {"Net Income/Loss": {"2020-03-31": "203.00900", "2019-03-31": "259.01600", "2018-03-31": "112.17000", "2017-03-31": "52.11600", "2016-03-31": "38.14700", "2015-03-31": "113.68800", "2014-03-31": "7.35100", "2013-03-31": "15.01400", "2012-03-31": "1.49500", "2011-03-31": "-11.75500", "2010-03-31": "-19.02400", "2009-03-31": "-31.59700", "2008-03-31": "-40.93000", "2007-03-31": "-27.88100", "2006-03-31": "-29.44900", "2005-03-31": "-2.34200"}, "Total Depreciation And Amortization - Cash Flow": {"2020-03-31": "20.43000", "2019-03-31": "14.12100", "2018-03-31": "11.00500", "2017-03-31": "6.20200", "2016-03-31": "3.27700", "2015-03-31": "2.77000", "2014-03-31": "2.50800", "2013-03-31": "2.72300", "2012-03-31": "4.33600", "2011-03-31": "3.94800", "2010-03-31": "4.89800", "2009-03-31": "5.01600", "2008-03-31": "6.12400", "2007-03-31": "3.91500", "2006-03-31": "3.03000", "2005-03-31": "1.52900"}, "Other Non-Cash Items": {"2020-03-31": "83.45600", "2019-03-31": "17.90100", "2018-03-31": "88.29800", "2017-03-31": "51.46500", "2016-03-31": "50.97100", "2015-03-31": "-68.44400", "2014-03-31": "14.13700", "2013-03-31": "11.47100", "2012-03-31": "9.54800", "2011-03-31": "8.88400", "2010-03-31": "3.20000", "2009-03-31": "11.79900", "2008-03-31": "13.95700", "2007-03-31": "6.61200", "2006-03-31": "14.60300", "2005-03-31": "0.11600"}, "Total Non-Cash Items": {"2020-03-31": "103.88600", "2019-03-31": "32.02200", "2018-03-31": "99.30300", "2017-03-31": "57.66700", "2016-03-31": "54.24800", "2015-03-31": "-65.67400", "2014-03-31": "16.64500", "2013-03-31": "14.19400", "2012-03-31": "13.88400", "2011-03-31": "12.83200", "2010-03-31": "8.09800", "2009-03-31": "16.81500", "2008-03-31": "20.08100", "2007-03-31": "10.52700", "2006-03-31": "17.63300", "2005-03-31": "1.64500"}, "Change In Accounts Receivable": {"2020-03-31": "5.55100", "2019-03-31": "-22.02300", "2018-03-31": "-15.28900", "2017-03-31": "-11.55000", "2016-03-31": "-10.93000", "2015-03-31": "-7.97000", "2014-03-31": "-1.31200", "2013-03-31": "-2.58600", "2012-03-31": "-5.28400", "2011-03-31": "-1.92300", "2010-03-31": "2.21000", "2009-03-31": "-2.53900", "2008-03-31": "-2.79700", "2007-03-31": "-1.92000", "2006-03-31": "0.25800", "2005-03-31": "-2.56300"}, "Change In Inventories": {"2020-03-31": "-13.23700", "2019-03-31": "-37.18100", "2018-03-31": "-15.68600", "2017-03-31": "-12.28400", "2016-03-31": "-11.47300", "2015-03-31": "-6.96700", "2014-03-31": "-0.62200", "2013-03-31": "-5.31500", "2012-03-31": "-6.22900", "2011-03-31": "-1.50800", "2010-03-31": "0.92700", "2009-03-31": "-1.59800", "2008-03-31": "-11.07800", "2007-03-31": "-4.09500", "2006-03-31": "-0.46500", "2005-03-31": "-1.49100"}, "Change In Accounts Payable": {"2020-03-31": "2.58100", "2019-03-31": "7.97600", "2018-03-31": "4.41200", "2017-03-31": "7.56500", "2016-03-31": "-2.64500", "2015-03-31": "3.37200", "2014-03-31": "-0.05400", "2013-03-31": "1.18300", "2012-03-31": "0.28700", "2011-03-31": "2.48000", "2010-03-31": "-1.38700", "2009-03-31": "-2.40200", "2008-03-31": "3.23700", "2007-03-31": "1.57200", "2006-03-31": "1.32600", "2005-03-31": "-0.23800"}, "Change In Assets/Liabilities": {"2020-03-31": "-2.54600", "2019-03-31": "-1.01900", "2018-03-31": "-0.08600", "2017-03-31": "-0.62100", "2016-03-31": "-0.57200", "2015-03-31": "0.83000", "2014-03-31": "-0.48000", "2013-03-31": "0.85200", "2012-03-31": "0.81100", "2011-03-31": "0.84300", "2010-03-31": "-0.48500", "2009-03-31": "1.06800", "2008-03-31": "0.28200", "2007-03-31": "0.35900", "2006-03-31": "0.53100", "2005-03-31": "-0.53000"}, "Total Change In Assets/Liabilities": {"2020-03-31": "8.02500", "2019-03-31": "-38.84100", "2018-03-31": "-18.92700", "2017-03-31": "5.33300", "2016-03-31": "-15.60000", "2015-03-31": "-4.72400", "2014-03-31": "-0.53000", "2013-03-31": "-2.80900", "2012-03-31": "-11.74500", "2011-03-31": "0.49700", "2010-03-31": "3.56400", "2009-03-31": "-3.52300", "2008-03-31": "-8.02500", "2007-03-31": "-2.46600", "2006-03-31": "2.47700", "2005-03-31": "-4.46700"}, "Cash Flow From Operating Activities": {"2020-03-31": "314.92000", "2019-03-31": "252.19700", "2018-03-31": "192.54600", "2017-03-31": "115.11600", "2016-03-31": "76.79500", "2015-03-31": "43.29000", "2014-03-31": "23.46600", "2013-03-31": "26.39900", "2012-03-31": "3.63400", "2011-03-31": "1.57400", "2010-03-31": "-7.36200", "2009-03-31": "-18.30500", "2008-03-31": "-28.87400", "2007-03-31": "-19.82000", "2006-03-31": "-9.33900", "2005-03-31": "-5.16400"}, "Net Change In Property, Plant, And Equipment": {"2020-03-31": "-44.00600", "2019-03-31": "-44.00400", "2018-03-31": "-55.86300", "2017-03-31": "-50.41500", "2016-03-31": "-15.62400", "2015-03-31": "-5.18800", "2014-03-31": "-2.76100", "2013-03-31": "-2.83600", "2012-03-31": "-1.74500", "2011-03-31": "-1.80400", "2010-03-31": "-1.80000", "2009-03-31": "-3.75100", "2008-03-31": "-3.76000", "2007-03-31": "-2.37300", "2006-03-31": "-2.92000", "2005-03-31": "-0.69700"}, "Net Change In Intangible Assets": {"2020-03-31": "", "2019-03-31": "", "2018-03-31": "", "2017-03-31": "", "2016-03-31": "", "2015-03-31": "", "2014-03-31": "", "2013-03-31": "", "2012-03-31": "", "2011-03-31": "", "2010-03-31": "", "2009-03-31": "", "2008-03-31": "-0.06900", "2007-03-31": "-0.04700", "2006-03-31": "-0.13300", "2005-03-31": "-0.03600"}, "Net Acquisitions/Divestitures": {"2020-03-31": "", "2019-03-31": "", "2018-03-31": "", "2017-03-31": "", "2016-03-31": "", "2015-03-31": "-15.69700", "2014-03-31": "", "2013-03-31": "", "2012-03-31": "", "2011-03-31": "", "2010-03-31": "-1.75000", "2009-03-31": "", "2008-03-31": "", "2007-03-31": "-0.00900", "2006-03-31": "-2.57300", "2005-03-31": ""}, "Net Change In Short-term Investments": {"2020-03-31": "-60.49200", "2019-03-31": "-29.71600", "2018-03-31": "-118.49900", "2017-03-31": "-73.01900", "2016-03-31": "-41.33600", "2015-03-31": "-26.12800", "2014-03-31": "-18.76100", "2013-03-31": "-7.42900", "2012-03-31": "-16.75200", "2011-03-31": "-1.00400", "2010-03-31": "5.97900", "2009-03-31": "-23.36700", "2008-03-31": "-31.93600", "2007-03-31": "17.52400", "2006-03-31": "12.99500", "2005-03-31": "2.64900"}, "Net Change In Long-Term Investments": {"2020-03-31": "-20.95700", "2019-03-31": "-42.73500", "2018-03-31": "-6.40000", "2017-03-31": "-2.89900", "2016-03-31": "-0.75000", "2015-03-31": "-2.85000", "2014-03-31": "-0.75000", "2013-03-31": "", "2012-03-31": "1.01700", "2011-03-31": "", "2010-03-31": "", "2009-03-31": "", "2008-03-31": "", "2007-03-31": "", "2006-03-31": "", "2005-03-31": ""}, "Net Change In Investments - Total": {"2020-03-31": "-81.44900", "2019-03-31": "-72.45100", "2018-03-31": "-124.89900", "2017-03-31": "-75.91800", "2016-03-31": "-42.08600", "2015-03-31": "-28.97800", "2014-03-31": "-19.51100", "2013-03-31": "-7.42900", "2012-03-31": "-15.73500", "2011-03-31": "-1.00400", "2010-03-31": "5.97900", "2009-03-31": "-23.36700", "2008-03-31": "-31.93600", "2007-03-31": "17.52400", "2006-03-31": "12.99500", "2005-03-31": "2.64900"}, "Investing Activities - Other": {"2020-03-31": "", "2019-03-31": "", "2018-03-31": "", "2017-03-31": "", "2016-03-31": "", "2015-03-31": "", "2014-03-31": "", "2013-03-31": "", "2012-03-31": "", "2011-03-31": "0.45600", "2010-03-31": "6.38900", "2009-03-31": "0.31300", "2008-03-31": "-5.14000", "2007-03-31": "", "2006-03-31": "", "2005-03-31": ""}, "Cash Flow From Investing Activities": {"2020-03-31": "-125.45500", "2019-03-31": "-116.45500", "2018-03-31": "-180.76200", "2017-03-31": "-126.33300", "2016-03-31": "-57.71000", "2015-03-31": "-49.86300", "2014-03-31": "-22.27200", "2013-03-31": "-10.26500", "2012-03-31": "-17.48000", "2011-03-31": "-2.35200", "2010-03-31": "8.81800", "2009-03-31": "-26.80500", "2008-03-31": "-40.90500", "2007-03-31": "15.09500", "2006-03-31": "7.36900", "2005-03-31": "1.91600"}, "Net Long-Term Debt": {"2020-03-31": "", "2019-03-31": "", "2018-03-31": "-0.51700", "2017-03-31": "-0.44600", "2016-03-31": "", "2015-03-31": "", "2014-03-31": "", "2013-03-31": "", "2012-03-31": "", "2011-03-31": "", "2010-03-31": "", "2009-03-31": "", "2008-03-31": "", "2007-03-31": "", "2006-03-31": "", "2005-03-31": ""}, "Net Current Debt": {"2020-03-31": "", "2019-03-31": "", "2018-03-31": "", "2017-03-31": "", "2016-03-31": "", "2015-03-31": "", "2014-03-31": "", "2013-03-31": "", "2012-03-31": "", "2011-03-31": "", "2010-03-31": "", "2009-03-31": "", "2008-03-31": "", "2007-03-31": "", "2006-03-31": "", "2005-03-31": ""}, "Debt Issuance/Retirement Net - Total": {"2020-03-31": "", "2019-03-31": "", "2018-03-31": "-0.51700", "2017-03-31": "-0.44600", "2016-03-31": "", "2015-03-31": "", "2014-03-31": "", "2013-03-31": "", "2012-03-31": "", "2011-03-31": "", "2010-03-31": "", "2009-03-31": "", "2008-03-31": "", "2007-03-31": "", "2006-03-31": "", "2005-03-31": ""}, "Net Common Equity Issued/Repurchased": {"2020-03-31": "-76.02800", "2019-03-31": "16.00100", "2018-03-31": "11.69700", "2017-03-31": "12.38000", "2016-03-31": "10.90600", "2015-03-31": "11.72200", "2014-03-31": "10.05700", "2013-03-31": "-11.55400", "2012-03-31": "14.68000", "2011-03-31": "1.37400", "2010-03-31": "0.97900", "2009-03-31": "46.23000", "2008-03-31": "2.07000", "2007-03-31": "66.55700", "2006-03-31": "2.09300", "2005-03-31": "4.08700"}, "Net Total Equity Issued/Repurchased": {"2020-03-31": "-76.02800", "2019-03-31": "16.00100", "2018-03-31": "11.69700", "2017-03-31": "12.38000", "2016-03-31": "10.90600", "2015-03-31": "11.72200", "2014-03-31": "10.05700", "2013-03-31": "-11.55400", "2012-03-31": "14.68000", "2011-03-31": "1.37400", "2010-03-31": "0.97900", "2009-03-31": "46.23000", "2008-03-31": "2.07000", "2007-03-31": "66.55700", "2006-03-31": "2.09300", "2005-03-31": "4.08700"}, "Total Common And Preferred Stock Dividends Paid": {"2020-03-31": "", "2019-03-31": "", "2018-03-31": "", "2017-03-31": "", "2016-03-31": "", "2015-03-31": "", "2014-03-31": "", "2013-03-31": "", "2012-03-31": "", "2011-03-31": "", "2010-03-31": "", "2009-03-31": "", "2008-03-31": "", "2007-03-31": "", "2006-03-31": "", "2005-03-31": ""}, "Financial Activities - Other": {"2020-03-31": "-41.68700", "2019-03-31": "-71.77600", "2018-03-31": "-20.31700", "2017-03-31": "-8.06700", "2016-03-31": "-3.74600", "2015-03-31": "-2.19900", "2014-03-31": "-0.42500", "2013-03-31": "-0.25700", "2012-03-31": "", "2011-03-31": "", "2010-03-31": "", "2009-03-31": "", "2008-03-31": "", "2007-03-31": "", "2006-03-31": "", "2005-03-31": ""}, "Cash Flow From Financial Activities": {"2020-03-31": "-117.71500", "2019-03-31": "-55.77500", "2018-03-31": "-9.13700", "2017-03-31": "3.86700", "2016-03-31": "7.16000", "2015-03-31": "9.52300", "2014-03-31": "9.63200", "2013-03-31": "-11.81100", "2012-03-31": "14.68000", "2011-03-31": "1.37400", "2010-03-31": "0.97900", "2009-03-31": "46.23000", "2008-03-31": "2.07000", "2007-03-31": "66.55700", "2006-03-31": "2.09300", "2005-03-31": "4.08700"}, "Net Cash Flow": {"2020-03-31": "71.32000", "2019-03-31": "78.04600", "2018-03-31": "3.93500", "2017-03-31": "-9.19100", "2016-03-31": "25.83000", "2015-03-31": "1.48500", "2014-03-31": "11.46500", "2013-03-31": "3.46100", "2012-03-31": "0.15900", "2011-03-31": "1.04300", "2010-03-31": "3.00300", "2009-03-31": "-0.25700", "2008-03-31": "-67.60400", "2007-03-31": "61.81400", "2006-03-31": "0.21400", "2005-03-31": "0.78300"}, "Stock-Based Compensation": {"2020-03-31": "39.78100", "2019-03-31": "54.49400", "2018-03-31": "40.35300", "2017-03-31": "32.86600", "2016-03-31": "29.05300", "2015-03-31": "16.52000", "2014-03-31": "11.21800", "2013-03-31": "9.50100", "2012-03-31": "7.77300", "2011-03-31": "5.42100", "2010-03-31": "5.36500", "2009-03-31": "8.83400", "2008-03-31": "5.37600", "2007-03-31": "5.84800", "2006-03-31": "0.37100", "2005-03-31": "0.09800"}, "Common Stock Dividends Paid": {"2020-03-31": "", "2019-03-31": "", "2018-03-31": "", "2017-03-31": "", "2016-03-31": "", "2015-03-31": "", "2014-03-31": "", "2013-03-31": "", "2012-03-31": "", "2011-03-31": "", "2010-03-31": "", "2009-03-31": "", "2008-03-31": "", "2007-03-31": "", "2006-03-31": "", "2005-03-31": ""}}, "cash flow statement, quarterly": {"Net Income/Loss": {"2020-12-31": 61.868, "2020-09-30": 62.213, "2020-06-30": "44.58800", "2020-03-31": 31.798, "2019-12-31": 69.217, "2019-09-30": 13.071, "2019-06-30": "88.92300", "2019-03-31": 73.96, "2018-12-31": 44.863, "2018-09-30": 50.127, "2018-06-30": "90.06600", "2018-03-31": 36.847, "2017-12-31": 13.446, "2017-09-30": 24.503, "2017-06-30": "37.37400", "2017-03-31": 14.899, "2016-12-31": 15.432, "2016-09-30": 8.875, "2016-06-30": "12.91000", "2016-03-31": 10.998, "2015-12-31": 10.555, "2015-09-30": 7.735, "2015-06-30": "8.85900", "2015-03-31": 98.874, "2014-12-31": 12.684, "2014-09-30": 3.839, "2014-06-30": "-1.70900", "2014-03-31": 3.622, "2013-12-31": 4.393, "2013-09-30": 1.059, "2013-06-30": "-1.72300", "2013-03-31": 3.742, "2012-12-31": 2.684, "2012-09-30": 5.469, "2012-06-30": "3.11900", "2012-03-31": 2.567, "2011-12-31": 2.921, "2011-09-30": 0.601, "2011-06-30": "-4.59400", "2011-03-31": -1.772, "2010-12-31": -0.802, "2010-09-30": -3.201, "2010-06-30": "-5.98000", "2010-03-31": 0.975, "2009-12-31": -4.565, "2009-09-30": -7.674, "2009-06-30": "-7.76000", "2009-03-31": -8.454, "2008-12-31": -7.699, "2008-09-30": -6.33, "2008-06-30": "-9.11400", "2008-03-31": -14.972, "2007-12-31": -8.301, "2007-09-30": -9.382, "2007-06-30": "-8.27500", "2007-03-31": -6.349, "2006-12-31": -6.725, "2006-09-30": -8.676, "2006-06-30": "-6.13100", "2006-03-31": -3.682, "2005-12-31": -4.48, "2005-09-30": -2.779, "2005-06-30": "-18.50800", "2005-03-31": -2.342}, "Total Depreciation And Amortization - Cash Flow": {"2020-12-31": 6.134, "2020-09-30": 5.657, "2020-06-30": "5.48000", "2020-03-31": 6.003, "2019-12-31": 5.375, "2019-09-30": 4.687, "2019-06-30": "4.36500", "2019-03-31": 4.185, "2018-12-31": 3.589, "2018-09-30": 3.388, "2018-06-30": "2.95900", "2018-03-31": 2.905, "2017-12-31": 2.78, "2017-09-30": 2.857, "2017-06-30": "2.46300", "2017-03-31": 1.714, "2016-12-31": 1.53, "2016-09-30": 1.552, "2016-06-30": "1.40600", "2016-03-31": 1.063, "2015-12-31": 0.862, "2015-09-30": 0.689, "2015-06-30": "0.66300", "2015-03-31": 0.974, "2014-12-31": 0.6, "2014-09-30": 0.575, "2014-06-30": "0.62100", "2014-03-31": 0.645, "2013-12-31": 0.541, "2013-09-30": 0.67, "2013-06-30": "0.65200", "2013-03-31": 0.637, "2012-12-31": 0.637, "2012-09-30": 0.607, "2012-06-30": "0.84200", "2012-03-31": 1.253, "2011-12-31": 0.958, "2011-09-30": 1.079, "2011-06-30": "1.04600", "2011-03-31": 0.94, "2010-12-31": 0.904, "2010-09-30": 1.145, "2010-06-30": "0.95900", "2010-03-31": 1.13, "2009-12-31": 1.157, "2009-09-30": 1.166, "2009-06-30": "1.44500", "2009-03-31": 1.325, "2008-12-31": 1.121, "2008-09-30": 1.156, "2008-06-30": "1.41400", "2008-03-31": 2.288, "2007-12-31": 1.645, "2007-09-30": 1.101, "2007-06-30": "1.09000", "2007-03-31": 1.024, "2006-12-31": 0.961, "2006-09-30": 1.06, "2006-06-30": "0.87000", "2006-03-31": 0.871, "2005-12-31": 0.737, "2005-09-30": 0.871, "2005-06-30": "0.55100", "2005-03-31": 1.529}, "Other Non-Cash Items": {"2020-12-31": 60.393, "2020-09-30": 6.799, "2020-06-30": "1.72600", "2020-03-31": 10.307, "2019-12-31": 27.695, "2019-09-30": 59.92, "2019-06-30": "-14.46600", "2019-03-31": -2.043, "2018-12-31": 36.086, "2018-09-30": 15.513, "2018-06-30": "-31.65500", "2018-03-31": 19.914, "2017-12-31": 44.217, "2017-09-30": 18.608, "2017-06-30": "5.55900", "2017-03-31": 10.063, "2016-12-31": 15.682, "2016-09-30": 10.511, "2016-06-30": "15.20900", "2016-03-31": 10.03, "2015-12-31": 13.688, "2015-09-30": 16.317, "2015-06-30": "10.93600", "2015-03-31": -83.358, "2014-12-31": 5.345, "2014-09-30": 4.817, "2014-06-30": "4.75200", "2014-03-31": 4.439, "2013-12-31": 1.974, "2013-09-30": 3.355, "2013-06-30": "4.36900", "2013-03-31": 3.094, "2012-12-31": 2.493, "2012-09-30": 2.855, "2012-06-30": "3.02900", "2012-03-31": 2.913, "2011-12-31": 1.713, "2011-09-30": 2.323, "2011-06-30": "2.59900", "2011-03-31": 2.077, "2010-12-31": 2.536, "2010-09-30": 2.215, "2010-06-30": "2.05600", "2010-03-31": -5.25, "2009-12-31": 3.092, "2009-09-30": 3.073, "2009-06-30": "2.28500", "2009-03-31": 1.644, "2008-12-31": 3.33, "2008-09-30": 4.417, "2008-06-30": "2.40800", "2008-03-31": 7.537, "2007-12-31": 2.117, "2007-09-30": 1.57, "2007-06-30": "2.73300", "2007-03-31": 1.327, "2006-12-31": 0.655, "2006-09-30": 2.01, "2006-06-30": "2.62000", "2006-03-31": 0.494, "2005-12-31": 0.327, "2005-09-30": 0.248, "2005-06-30": "13.53400", "2005-03-31": 0.116}, "Total Non-Cash Items": {"2020-12-31": 66.527, "2020-09-30": 12.456, "2020-06-30": "7.20600", "2020-03-31": 16.31, "2019-12-31": 33.07, "2019-09-30": 64.607, "2019-06-30": "-10.10100", "2019-03-31": 2.142, "2018-12-31": 39.675, "2018-09-30": 18.901, "2018-06-30": "-28.69600", "2018-03-31": 22.819, "2017-12-31": 46.997, "2017-09-30": 21.465, "2017-06-30": "8.02200", "2017-03-31": 11.777, "2016-12-31": 17.212, "2016-09-30": 12.063, "2016-06-30": "16.61500", "2016-03-31": 11.093, "2015-12-31": 14.55, "2015-09-30": 17.006, "2015-06-30": "11.59900", "2015-03-31": -82.384, "2014-12-31": 5.945, "2014-09-30": 5.392, "2014-06-30": "5.37300", "2014-03-31": 5.084, "2013-12-31": 2.515, "2013-09-30": 4.025, "2013-06-30": "5.02100", "2013-03-31": 3.731, "2012-12-31": 3.13, "2012-09-30": 3.462, "2012-06-30": "3.87100", "2012-03-31": 4.166, "2011-12-31": 2.671, "2011-09-30": 3.402, "2011-06-30": "3.64500", "2011-03-31": 3.017, "2010-12-31": 3.44, "2010-09-30": 3.36, "2010-06-30": "3.01500", "2010-03-31": -4.12, "2009-12-31": 4.249, "2009-09-30": 4.239, "2009-06-30": "3.73000", "2009-03-31": 2.969, "2008-12-31": 4.451, "2008-09-30": 5.573, "2008-06-30": "3.82200", "2008-03-31": 9.825, "2007-12-31": 3.762, "2007-09-30": 2.671, "2007-06-30": "3.82300", "2007-03-31": 2.351, "2006-12-31": 1.616, "2006-09-30": 3.07, "2006-06-30": "3.49000", "2006-03-31": 1.365, "2005-12-31": 1.064, "2005-09-30": 1.119, "2005-06-30": "14.08500", "2005-03-31": 1.645}, "Change In Accounts Receivable": {"2020-12-31": -11.692, "2020-09-30": 1.753, "2020-06-30": "3.01400", "2020-03-31": 15.884, "2019-12-31": -6.505, "2019-09-30": -8.629, "2019-06-30": "4.80100", "2019-03-31": -2.755, "2018-12-31": -14.137, "2018-09-30": -7.061, "2018-06-30": "1.93000", "2018-03-31": -4.947, "2017-12-31": -7.518, "2017-09-30": -3.619, "2017-06-30": "0.79500", "2017-03-31": -3.995, "2016-12-31": -3.748, "2016-09-30": -5.324, "2016-06-30": "1.51700", "2016-03-31": -5.846, "2015-12-31": 0.13, "2015-09-30": -2.758, "2015-06-30": "-2.45600", "2015-03-31": -3.65, "2014-12-31": -5.428, "2014-09-30": -0.44, "2014-06-30": "1.54800", "2014-03-31": -1.435, "2013-12-31": -1.789, "2013-09-30": -0.059, "2013-06-30": "1.97100", "2013-03-31": -3.075, "2012-12-31": -1.117, "2012-09-30": -0.426, "2012-06-30": "2.03200", "2012-03-31": -3.16, "2011-12-31": -1.889, "2011-09-30": -1.082, "2011-06-30": "0.84700", "2011-03-31": -2.416, "2010-12-31": 2.075, "2010-09-30": -2.349, "2010-06-30": "0.76700", "2010-03-31": 0.783, "2009-12-31": -1.081, "2009-09-30": 1.091, "2009-06-30": "1.41700", "2009-03-31": -1.838, "2008-12-31": 0.355, "2008-09-30": -1.194, "2008-06-30": "0.13800", "2008-03-31": -2.228, "2007-12-31": -2.87, "2007-09-30": 5.244, "2007-06-30": "-2.94300", "2007-03-31": -1.913, "2006-12-31": -0.612, "2006-09-30": 1.328, "2006-06-30": "-0.72300", "2006-03-31": -0.517, "2005-12-31": -0.222, "2005-09-30": -1.019, "2005-06-30": "2.01600", "2005-03-31": -2.563}, "Change In Inventories": {"2020-12-31": 0.525, "2020-09-30": 6.282, "2020-06-30": "-0.21100", "2020-03-31": 0.024, "2019-12-31": -1.057, "2019-09-30": -4.965, "2019-06-30": "-7.23900", "2019-03-31": -10.659, "2018-12-31": -9.772, "2018-09-30": -8.956, "2018-06-30": "-7.79400", "2018-03-31": -3.712, "2017-12-31": -6.611, "2017-09-30": -4.061, "2017-06-30": "-1.30200", "2017-03-31": -3.669, "2016-12-31": -2.331, "2016-09-30": -2.891, "2016-06-30": "-3.39300", "2016-03-31": -1.381, "2015-12-31": -3.237, "2015-09-30": -2.306, "2015-06-30": "-4.54900", "2015-03-31": -3.385, "2014-12-31": -2.929, "2014-09-30": -0.419, "2014-06-30": "-0.23400", "2014-03-31": -0.553, "2013-12-31": 0.807, "2013-09-30": 0.813, "2013-06-30": "-1.68900", "2013-03-31": -0.417, "2012-12-31": -0.69, "2012-09-30": -2.226, "2012-06-30": "-1.98200", "2012-03-31": -2.192, "2011-12-31": -1.475, "2011-09-30": -0.961, "2011-06-30": "-1.60100", "2011-03-31": -0.844, "2010-12-31": -1.115, "2010-09-30": -0.194, "2010-06-30": "0.64500", "2010-03-31": 1.339, "2009-12-31": 0.157, "2009-09-30": 0.085, "2009-06-30": "-0.65400", "2009-03-31": 2.187, "2008-12-31": 0.51, "2008-09-30": -1.054, "2008-06-30": "-3.24100", "2008-03-31": -2.595, "2007-12-31": -2.121, "2007-09-30": -3.872, "2007-06-30": "-2.49000", "2007-03-31": -1.679, "2006-12-31": -1.366, "2006-09-30": -1.722, "2006-06-30": "0.67200", "2006-03-31": 0.964, "2005-12-31": -0.344, "2005-09-30": -0.563, "2005-06-30": "-0.52200", "2005-03-31": -1.491}, "Change In Accounts Payable": {"2020-12-31": 1.981, "2020-09-30": -5.67, "2020-06-30": "-4.45800", "2020-03-31": 1.74, "2019-12-31": 0.06, "2019-09-30": 2.244, "2019-06-30": "-1.46300", "2019-03-31": 3.067, "2018-12-31": 4.148, "2018-09-30": -1.923, "2018-06-30": "2.68400", "2018-03-31": 1.817, "2017-12-31": 2.296, "2017-09-30": 4.69, "2017-06-30": "-4.39100", "2017-03-31": 4.023, "2016-12-31": 1.636, "2016-09-30": 2.051, "2016-06-30": "-0.14500", "2016-03-31": -0.905, "2015-12-31": 0.077, "2015-09-30": -0.05, "2015-06-30": "-1.76700", "2015-03-31": 3.004, "2014-12-31": 0.949, "2014-09-30": 0.468, "2014-06-30": "-1.04900", "2014-03-31": 1.625, "2013-12-31": -0.185, "2013-09-30": -0.192, "2013-06-30": "-1.30200", "2013-03-31": 1.469, "2012-12-31": 0.869, "2012-09-30": -0.855, "2012-06-30": "-0.30000", "2012-03-31": 1.195, "2011-12-31": 0.946, "2011-09-30": -0.494, "2011-06-30": "-1.36000", "2011-03-31": 2.59, "2010-12-31": -0.118, "2010-09-30": -0.697, "2010-06-30": "0.70500", "2010-03-31": -1.005, "2009-12-31": -0.212, "2009-09-30": 0.152, "2009-06-30": "-0.32200", "2009-03-31": 1.967, "2008-12-31": -1.729, "2008-09-30": -0.794, "2008-06-30": "-1.84600", "2008-03-31": 1.583, "2007-12-31": 1.543, "2007-09-30": 1.746, "2007-06-30": "-1.63500", "2007-03-31": 0.098, "2006-12-31": 1.085, "2006-09-30": 1.137, "2006-06-30": "-0.74800", "2006-03-31": 1.251, "2005-12-31": 0.184, "2005-09-30": -0.606, "2005-06-30": "0.49700", "2005-03-31": -0.238}, "Change In Assets/Liabilities": {"2020-12-31": -52.062, "2020-09-30": 2.579, "2020-06-30": "1.20400", "2020-03-31": 16.354, "2019-12-31": -17.806, "2019-09-30": 2.556, "2019-06-30": "-3.65000", "2019-03-31": -1.861, "2018-12-31": 3.755, "2018-09-30": 2.07, "2018-06-30": "-4.98300", "2018-03-31": -0.273, "2017-12-31": 1.038, "2017-09-30": 0.917, "2017-06-30": "-1.76800", "2017-03-31": 3.037, "2016-12-31": -1.959, "2016-09-30": -1.527, "2016-06-30": "-0.17200", "2016-03-31": -0.79, "2015-12-31": 0.001, "2015-09-30": -1.074, "2015-06-30": "1.29100", "2015-03-31": -0.846, "2014-12-31": 0.811, "2014-09-30": 0.685, "2014-06-30": "0.18000", "2014-03-31": -0.282, "2013-12-31": 0.626, "2013-09-30": -0.91, "2013-06-30": "0.08600", "2013-03-31": 0.417, "2012-12-31": 0.654, "2012-09-30": 0.179, "2012-06-30": "-0.39800", "2012-03-31": 0.824, "2011-12-31": 0.031, "2011-09-30": 0.006, "2011-06-30": "-0.05000", "2011-03-31": -0.654, "2010-12-31": 0.792, "2010-09-30": 0.335, "2010-06-30": "0.37000", "2010-03-31": -0.363, "2009-12-31": 0.025, "2009-09-30": 0.024, "2009-06-30": "-0.17100", "2009-03-31": -0.099, "2008-12-31": 0.728, "2008-09-30": 0.405, "2008-06-30": "0.03400", "2008-03-31": -0.111, "2007-12-31": 0.186, "2007-09-30": 0.391, "2007-06-30": "-0.18400", "2007-03-31": -0.124, "2006-12-31": 0.482, "2006-09-30": 0.105, "2006-06-30": "-0.10400", "2006-03-31": -0.467, "2005-12-31": 0.757, "2005-09-30": 0.299, "2005-06-30": "-0.05800", "2005-03-31": -0.53}, "Total Change In Assets/Liabilities": {"2020-12-31": -49.26, "2020-09-30": 2.54, "2020-06-30": "-20.03500", "2020-03-31": 38.485, "2019-12-31": -12.847, "2019-09-30": -3.419, "2019-06-30": "-14.19400", "2019-03-31": -5.711, "2018-12-31": -9.923, "2018-09-30": -8.468, "2018-06-30": "-14.73900", "2018-03-31": -3.267, "2017-12-31": -3.747, "2017-09-30": -2.811, "2017-06-30": "-9.10200", "2017-03-31": 10.579, "2016-12-31": 1.481, "2016-09-30": -3.582, "2016-06-30": "-3.14500", "2016-03-31": 0.466, "2015-12-31": 0.277, "2015-09-30": -6.799, "2015-06-30": "-9.54400", "2015-03-31": 1.773, "2014-12-31": -3.504, "2014-09-30": -2.519, "2014-06-30": "-0.47400", "2014-03-31": 1.189, "2013-12-31": 1.541, "2013-09-30": 0.071, "2013-06-30": "-3.33100", "2013-03-31": 0.085, "2012-12-31": 1.895, "2012-09-30": -2.117, "2012-06-30": "-2.67200", "2012-03-31": -1.74, "2011-12-31": -0.661, "2011-09-30": -1.737, "2011-06-30": "-7.60700", "2011-03-31": -1.099, "2010-12-31": 3.225, "2010-09-30": -1.947, "2010-06-30": "0.31800", "2010-03-31": 3.104, "2009-12-31": 0.19, "2009-09-30": 0.902, "2009-06-30": "-0.63200", "2009-03-31": 5.063, "2008-12-31": 0.72, "2008-09-30": -2.693, "2008-06-30": "-6.61300", "2008-03-31": -2.409, "2007-12-31": -1.44, "2007-09-30": 4.161, "2007-06-30": "-8.33700", "2007-03-31": -2.51, "2006-12-31": 0.306, "2006-09-30": 2.036, "2006-06-30": "-2.29800", "2006-03-31": 2.041, "2005-12-31": 0.486, "2005-09-30": -1.158, "2005-06-30": "1.10800", "2005-03-31": -4.467}, "Cash Flow From Operating Activities": {"2020-12-31": 79.135, "2020-09-30": 77.209, "2020-06-30": "31.75900", "2020-03-31": 86.593, "2019-12-31": 89.44, "2019-09-30": 74.259, "2019-06-30": "64.62800", "2019-03-31": 70.391, "2018-12-31": 74.615, "2018-09-30": 60.56, "2018-06-30": "46.63100", "2018-03-31": 56.399, "2017-12-31": 56.696, "2017-09-30": 43.157, "2017-06-30": "36.29400", "2017-03-31": 37.255, "2016-12-31": 34.125, "2016-09-30": 17.356, "2016-06-30": "26.38000", "2016-03-31": 22.557, "2015-12-31": 25.382, "2015-09-30": 17.942, "2015-06-30": "10.91400", "2015-03-31": 18.263, "2014-12-31": 15.125, "2014-09-30": 6.712, "2014-06-30": "3.19000", "2014-03-31": 9.895, "2013-12-31": 8.449, "2013-09-30": 5.155, "2013-06-30": "-0.03300", "2013-03-31": 7.558, "2012-12-31": 7.709, "2012-09-30": 6.814, "2012-06-30": "4.31800", "2012-03-31": 4.993, "2011-12-31": 4.931, "2011-09-30": 2.266, "2011-06-30": "-8.55600", "2011-03-31": 0.146, "2010-12-31": 5.863, "2010-09-30": -1.788, "2010-06-30": "-2.64700", "2010-03-31": -0.041, "2009-12-31": -0.126, "2009-09-30": -2.533, "2009-06-30": "-4.66200", "2009-03-31": -0.422, "2008-12-31": -2.528, "2008-09-30": -3.45, "2008-06-30": "-11.90500", "2008-03-31": -7.556, "2007-12-31": -5.979, "2007-09-30": -2.55, "2007-06-30": "-12.78900", "2007-03-31": -6.508, "2006-12-31": -4.803, "2006-09-30": -3.57, "2006-06-30": "-4.93900", "2006-03-31": -0.276, "2005-12-31": -2.93, "2005-09-30": -2.818, "2005-06-30": "-3.31500", "2005-03-31": -5.164}, "Net Change In Property, Plant, And Equipment": {"2020-12-31": -7.722, "2020-09-30": -9.508, "2020-06-30": "-10.04400", "2020-03-31": -10.546, "2019-12-31": -8.853, "2019-09-30": -12.357, "2019-06-30": "-12.25000", "2019-03-31": -8.535, "2018-12-31": -8.124, "2018-09-30": -12.198, "2018-06-30": "-15.14700", "2018-03-31": -11.695, "2017-12-31": -26.493, "2017-09-30": -7.871, "2017-06-30": "-9.80400", "2017-03-31": -26.376, "2016-12-31": -13.586, "2016-09-30": -5.354, "2016-06-30": "-5.09900", "2016-03-31": -7.691, "2015-12-31": -4.514, "2015-09-30": -1.556, "2015-06-30": "-1.86300", "2015-03-31": -2.956, "2014-12-31": -0.736, "2014-09-30": -1.116, "2014-06-30": "-0.38000", "2014-03-31": -0.46, "2013-12-31": -1.065, "2013-09-30": -0.525, "2013-06-30": "-0.71100", "2013-03-31": -0.764, "2012-12-31": -0.449, "2012-09-30": -1.153, "2012-06-30": "-0.47000", "2012-03-31": 0.192, "2011-12-31": -0.8, "2011-09-30": -0.665, "2011-06-30": "-0.47200", "2011-03-31": -0.75, "2010-12-31": -0.463, "2010-09-30": -0.302, "2010-06-30": "-0.28900", "2010-03-31": -0.389, "2009-12-31": 0.006, "2009-09-30": -0.735, "2009-06-30": "-0.68200", "2009-03-31": -1.149, "2008-12-31": -1.192, "2008-09-30": -0.766, "2008-06-30": "-0.64400", "2008-03-31": -0.776, "2007-12-31": -0.661, "2007-09-30": -1.36, "2007-06-30": "-0.96300", "2007-03-31": -0.307, "2006-12-31": -0.516, "2006-09-30": -0.541, "2006-06-30": "-1.00900", "2006-03-31": -1.373, "2005-12-31": -0.576, "2005-09-30": -0.275, "2005-06-30": "-0.69600", "2005-03-31": -0.697}, "Net Change In Intangible Assets": {"2020-12-31": 0, "2020-09-30": 0, "2020-06-30": "", "2020-03-31": 0, "2019-12-31": 0, "2019-09-30": 0, "2019-06-30": "", "2019-03-31": 0, "2018-12-31": 0, "2018-09-30": 0, "2018-06-30": "", "2018-03-31": 0, "2017-12-31": 0, "2017-09-30": 0, "2017-06-30": "", "2017-03-31": 0, "2016-12-31": 0, "2016-09-30": 0, "2016-06-30": "", "2016-03-31": 0, "2015-12-31": 0, "2015-09-30": 0, "2015-06-30": "", "2015-03-31": 0, "2014-12-31": 0, "2014-09-30": 0, "2014-06-30": "", "2014-03-31": 0, "2013-12-31": 0, "2013-09-30": 0, "2013-06-30": "", "2013-03-31": 0, "2012-12-31": 0, "2012-09-30": 0, "2012-06-30": "", "2012-03-31": 0, "2011-12-31": 0, "2011-09-30": 0, "2011-06-30": "", "2011-03-31": 0, "2010-12-31": 0, "2010-09-30": 0, "2010-06-30": "", "2010-03-31": 0, "2009-12-31": 0, "2009-09-30": 0, "2009-06-30": "", "2009-03-31": 0, "2008-12-31": 0, "2008-09-30": 0, "2008-06-30": "", "2008-03-31": -0.011, "2007-12-31": -0.043, "2007-09-30": -0.015, "2007-06-30": "", "2007-03-31": 0.003, "2006-12-31": 0.779, "2006-09-30": -0.021, "2006-06-30": "-0.80800", "2006-03-31": -0.021, "2005-12-31": -0.007, "2005-09-30": -0.043, "2005-06-30": "-0.06200", "2005-03-31": -0.036}, "Net Acquisitions/Divestitures": {"2020-12-31": 0, "2020-09-30": -0.236, "2020-06-30": "-51.94700", "2020-03-31": 0, "2019-12-31": 0, "2019-09-30": 0, "2019-06-30": "", "2019-03-31": 0, "2018-12-31": 0, "2018-09-30": 0, "2018-06-30": "", "2018-03-31": 0, "2017-12-31": 0, "2017-09-30": 0, "2017-06-30": "", "2017-03-31": 0, "2016-12-31": 0, "2016-09-30": 0, "2016-06-30": "", "2016-03-31": 0, "2015-12-31": 0, "2015-09-30": 0, "2015-06-30": "", "2015-03-31": 0, "2014-12-31": 0, "2014-09-30": -15.697, "2014-06-30": "", "2014-03-31": 0, "2013-12-31": 0, "2013-09-30": 0, "2013-06-30": "", "2013-03-31": 0, "2012-12-31": 0, "2012-09-30": 0, "2012-06-30": "", "2012-03-31": 0, "2011-12-31": 0, "2011-09-30": 0, "2011-06-30": "", "2011-03-31": 0, "2010-12-31": 0, "2010-09-30": 0, "2010-06-30": "", "2010-03-31": 0, "2009-12-31": 0, "2009-09-30": 0.006, "2009-06-30": "-1.75600", "2009-03-31": 0, "2008-12-31": 0, "2008-09-30": 0, "2008-06-30": "", "2008-03-31": 0, "2007-12-31": 0, "2007-09-30": 0, "2007-06-30": "", "2007-03-31": -0.009, "2006-12-31": 0, "2006-09-30": 0, "2006-06-30": "", "2006-03-31": -0.011, "2005-12-31": -0.386, "2005-09-30": -0.556, "2005-06-30": "-1.62000", "2005-03-31": 0}, "Net Change In Short-term Investments": {"2020-12-31": -75.061, "2020-09-30": -152.108, "2020-06-30": "77.74700", "2020-03-31": 20.565, "2019-12-31": -75.453, "2019-09-30": 25.283, "2019-06-30": "-30.88700", "2019-03-31": -14.92, "2018-12-31": -38.684, "2018-09-30": -27.192, "2018-06-30": "51.08000", "2018-03-31": -56.76, "2017-12-31": -25.221, "2017-09-30": -29.514, "2017-06-30": "-7.00400", "2017-03-31": -40.098, "2016-12-31": -15.371, "2016-09-30": 2.678, "2016-06-30": "-20.22800", "2016-03-31": -21.936, "2015-12-31": -21.851, "2015-09-30": -5.151, "2015-06-30": "7.60200", "2015-03-31": -11.607, "2014-12-31": -17.491, "2014-09-30": -8.236, "2014-06-30": "11.20600", "2014-03-31": -12.695, "2013-12-31": 2.033, "2013-09-30": -10.448, "2013-06-30": "2.34900", "2013-03-31": -3.677, "2012-12-31": 9.498, "2012-09-30": -7.25, "2012-06-30": "-6.00000", "2012-03-31": -6.75, "2011-12-31": -9.001, "2011-09-30": -0.5, "2011-06-30": "-0.50100", "2011-03-31": 0.499, "2010-12-31": -5.001, "2010-09-30": 0.999, "2010-06-30": "2.49900", "2010-03-31": -5.001, "2009-12-31": 1.035, "2009-09-30": 2.867, "2009-06-30": "7.07800", "2009-03-31": 2.576, "2008-12-31": 1.013, "2008-09-30": -36.609, "2008-06-30": "9.65300", "2008-03-31": 7.608, "2007-12-31": -45.023, "2007-09-30": 0.499, "2007-06-30": "4.98000", "2007-03-31": 5.681, "2006-12-31": 3.77, "2006-09-30": 0.135, "2006-06-30": "7.93800", "2006-03-31": 1.046, "2005-12-31": -3.656, "2005-09-30": 12.05, "2005-06-30": "3.55500", "2005-03-31": 2.649}, "Net Change In Long-Term Investments": {"2020-12-31": -23.004, "2020-09-30": -1.1, "2020-06-30": "-2.00000", "2020-03-31": -0.058, "2019-12-31": -13.099, "2019-09-30": -5, "2019-06-30": "-2.80000", "2019-03-31": -12.299, "2018-12-31": -19.01, "2018-09-30": -10.26, "2018-06-30": "-1.16600", "2018-03-31": -6.4, "2017-12-31": 6.4, "2017-09-30": -6, "2017-06-30": "-0.40000", "2017-03-31": -2.75, "2016-12-31": -0.149, "2016-09-30": 0, "2016-06-30": "", "2016-03-31": 0, "2015-12-31": 0, "2015-09-30": -0.75, "2015-06-30": "", "2015-03-31": -1.6, "2014-12-31": -0.5, "2014-09-30": -0.75, "2014-06-30": "", "2014-03-31": 0, "2013-12-31": 0, "2013-09-30": 0, "2013-06-30": "-0.75000", "2013-03-31": 0, "2012-12-31": 0, "2012-09-30": 0, "2012-06-30": "", "2012-03-31": 0, "2011-12-31": 1.017, "2011-09-30": 0, "2011-06-30": "", "2011-03-31": 0, "2010-12-31": 0, "2010-09-30": 0, "2010-06-30": "", "2010-03-31": 0, "2009-12-31": 0, "2009-09-30": 0, "2009-06-30": "", "2009-03-31": 0, "2008-12-31": 0, "2008-09-30": 0, "2008-06-30": "", "2008-03-31": 0, "2007-12-31": 0, "2007-09-30": 0, "2007-06-30": "", "2007-03-31": 0, "2006-12-31": 0, "2006-09-30": 0, "2006-06-30": "", "2006-03-31": 0, "2005-12-31": 0, "2005-09-30": 0, "2005-06-30": "", "2005-03-31": 0}, "Net Change In Investments - Total": {"2020-12-31": -98.065, "2020-09-30": -153.208, "2020-06-30": "75.74700", "2020-03-31": 20.507, "2019-12-31": -88.552, "2019-09-30": 20.283, "2019-06-30": "-33.68700", "2019-03-31": -27.219, "2018-12-31": -57.694, "2018-09-30": -37.452, "2018-06-30": "49.91400", "2018-03-31": -63.16, "2017-12-31": -18.821, "2017-09-30": -35.514, "2017-06-30": "-7.40400", "2017-03-31": -42.848, "2016-12-31": -15.52, "2016-09-30": 2.678, "2016-06-30": "-20.22800", "2016-03-31": -21.936, "2015-12-31": -21.851, "2015-09-30": -5.901, "2015-06-30": "7.60200", "2015-03-31": -13.207, "2014-12-31": -17.991, "2014-09-30": -8.986, "2014-06-30": "11.20600", "2014-03-31": -12.695, "2013-12-31": 2.033, "2013-09-30": -10.448, "2013-06-30": "1.59900", "2013-03-31": -3.677, "2012-12-31": 9.498, "2012-09-30": -7.25, "2012-06-30": "-6.00000", "2012-03-31": -6.75, "2011-12-31": -7.984, "2011-09-30": -0.5, "2011-06-30": "-0.50100", "2011-03-31": 0.499, "2010-12-31": -5.001, "2010-09-30": 0.999, "2010-06-30": "2.49900", "2010-03-31": -5.001, "2009-12-31": 1.035, "2009-09-30": 2.867, "2009-06-30": "7.07800", "2009-03-31": 2.576, "2008-12-31": 1.013, "2008-09-30": -36.609, "2008-06-30": "9.65300", "2008-03-31": 7.608, "2007-12-31": -45.023, "2007-09-30": 0.499, "2007-06-30": "4.98000", "2007-03-31": 5.681, "2006-12-31": 3.77, "2006-09-30": 0.135, "2006-06-30": "7.93800", "2006-03-31": 1.046, "2005-12-31": -3.656, "2005-09-30": 12.05, "2005-06-30": "3.55500", "2005-03-31": 2.649}, "Investing Activities - Other": {"2020-12-31": 0, "2020-09-30": 67.882, "2020-06-30": "", "2020-03-31": 0, "2019-12-31": 0, "2019-09-30": 0, "2019-06-30": "", "2019-03-31": 0, "2018-12-31": 0, "2018-09-30": 0, "2018-06-30": "", "2018-03-31": 6.4, "2017-12-31": -6.4, "2017-09-30": 0, "2017-06-30": "", "2017-03-31": 0, "2016-12-31": 0, "2016-09-30": 0, "2016-06-30": "", "2016-03-31": 0, "2015-12-31": 0, "2015-09-30": 0, "2015-06-30": "", "2015-03-31": 0, "2014-12-31": 0, "2014-09-30": 0, "2014-06-30": "", "2014-03-31": 0, "2013-12-31": 0, "2013-09-30": 0, "2013-06-30": "", "2013-03-31": 0, "2012-12-31": 0, "2012-09-30": 0, "2012-06-30": "", "2012-03-31": 0, "2011-12-31": 0, "2011-09-30": 0, "2011-06-30": "", "2011-03-31": 0, "2010-12-31": 0, "2010-09-30": 0.217, "2010-06-30": "0.23900", "2010-03-31": 6.389, "2009-12-31": 0, "2009-09-30": 0, "2009-06-30": "", "2009-03-31": 0, "2008-12-31": 0.313, "2008-09-30": 0, "2008-06-30": "", "2008-03-31": -4, "2007-12-31": -1.14, "2007-09-30": 0, "2007-06-30": "", "2007-03-31": 0, "2006-12-31": 0, "2006-09-30": 0, "2006-06-30": "", "2006-03-31": 0, "2005-12-31": 0, "2005-09-30": 0, "2005-06-30": "", "2005-03-31": 0}, "Cash Flow From Investing Activities": {"2020-12-31": -105.787, "2020-09-30": -95.07, "2020-06-30": "13.75600", "2020-03-31": 9.961, "2019-12-31": -97.405, "2019-09-30": 7.926, "2019-06-30": "-45.93700", "2019-03-31": -35.754, "2018-12-31": -65.818, "2018-09-30": -49.65, "2018-06-30": "34.76700", "2018-03-31": -68.455, "2017-12-31": -51.714, "2017-09-30": -43.385, "2017-06-30": "-17.20800", "2017-03-31": -69.224, "2016-12-31": -29.106, "2016-09-30": -2.676, "2016-06-30": "-25.32700", "2016-03-31": -29.627, "2015-12-31": -26.365, "2015-09-30": -7.457, "2015-06-30": "5.73900", "2015-03-31": -16.163, "2014-12-31": -18.727, "2014-09-30": -25.799, "2014-06-30": "10.82600", "2014-03-31": -13.155, "2013-12-31": 0.968, "2013-09-30": -10.973, "2013-06-30": "0.88800", "2013-03-31": -4.441, "2012-12-31": 9.049, "2012-09-30": -8.403, "2012-06-30": "-6.47000", "2012-03-31": -6.558, "2011-12-31": -8.784, "2011-09-30": -1.165, "2011-06-30": "-0.97300", "2011-03-31": -0.251, "2010-12-31": -5.464, "2010-09-30": 0.914, "2010-06-30": "2.44900", "2010-03-31": 0.999, "2009-12-31": 1.041, "2009-09-30": 2.138, "2009-06-30": "4.64000", "2009-03-31": 1.427, "2008-12-31": 0.134, "2008-09-30": -37.375, "2008-06-30": "9.00900", "2008-03-31": 2.821, "2007-12-31": -46.867, "2007-09-30": -0.876, "2007-06-30": "4.01700", "2007-03-31": 5.368, "2006-12-31": 4.033, "2006-09-30": -0.427, "2006-06-30": "6.12100", "2006-03-31": -0.359, "2005-12-31": -4.625, "2005-09-30": 11.176, "2005-06-30": "1.17700", "2005-03-31": 1.916}, "Net Long-Term Debt": {"2020-12-31": 0, "2020-09-30": 0, "2020-06-30": "", "2020-03-31": 0, "2019-12-31": 0, "2019-09-30": 0, "2019-06-30": "", "2019-03-31": 0, "2018-12-31": 0, "2018-09-30": 0, "2018-06-30": "", "2018-03-31": 0, "2017-12-31": -0.14, "2017-09-30": -0.193, "2017-06-30": "-0.18400", "2017-03-31": -0.182, "2016-12-31": -0.181, "2016-09-30": -0.083, "2016-06-30": "", "2016-03-31": 0, "2015-12-31": 0, "2015-09-30": 0, "2015-06-30": "", "2015-03-31": 0, "2014-12-31": 0, "2014-09-30": 0, "2014-06-30": "", "2014-03-31": 0, "2013-12-31": 0, "2013-09-30": 0, "2013-06-30": "", "2013-03-31": 0, "2012-12-31": 0, "2012-09-30": 0, "2012-06-30": "", "2012-03-31": 0, "2011-12-31": 0, "2011-09-30": 0, "2011-06-30": "", "2011-03-31": 0, "2010-12-31": 0, "2010-09-30": 0, "2010-06-30": "", "2010-03-31": 0, "2009-12-31": 0, "2009-09-30": 0, "2009-06-30": "", "2009-03-31": 0, "2008-12-31": 0, "2008-09-30": 0, "2008-06-30": "", "2008-03-31": 0, "2007-12-31": 0, "2007-09-30": 0, "2007-06-30": "", "2007-03-31": 0, "2006-12-31": 0, "2006-09-30": 0, "2006-06-30": "", "2006-03-31": 0, "2005-12-31": 0, "2005-09-30": 0, "2005-06-30": "", "2005-03-31": 0}, "Net Current Debt": {"2020-12-31": 0, "2020-09-30": 0, "2020-06-30": "", "2020-03-31": 0, "2019-12-31": 0, "2019-09-30": 0, "2019-06-30": "", "2019-03-31": 0, "2018-12-31": 0, "2018-09-30": 0, "2018-06-30": "", "2018-03-31": 0, "2017-12-31": 0, "2017-09-30": 0, "2017-06-30": "", "2017-03-31": 0, "2016-12-31": 0, "2016-09-30": 0, "2016-06-30": "", "2016-03-31": 0, "2015-12-31": 0, "2015-09-30": 0, "2015-06-30": "", "2015-03-31": 0, "2014-12-31": 0, "2014-09-30": 0, "2014-06-30": "", "2014-03-31": 0, "2013-12-31": 0, "2013-09-30": 0, "2013-06-30": "", "2013-03-31": 0, "2012-12-31": 0, "2012-09-30": 0, "2012-06-30": "", "2012-03-31": 0, "2011-12-31": 0, "2011-09-30": 0, "2011-06-30": "", "2011-03-31": 0, "2010-12-31": 0, "2010-09-30": 0, "2010-06-30": "", "2010-03-31": 0, "2009-12-31": 0, "2009-09-30": 0, "2009-06-30": "", "2009-03-31": 0, "2008-12-31": 0, "2008-09-30": 0, "2008-06-30": "", "2008-03-31": 0, "2007-12-31": 0, "2007-09-30": 0, "2007-06-30": "", "2007-03-31": 0, "2006-12-31": 0, "2006-09-30": 0, "2006-06-30": "", "2006-03-31": 0, "2005-12-31": 0, "2005-09-30": -0.829, "2005-06-30": "0.82900", "2005-03-31": 0}, "Debt Issuance/Retirement Net - Total": {"2020-12-31": 0, "2020-09-30": 0, "2020-06-30": "", "2020-03-31": 0, "2019-12-31": 0, "2019-09-30": 0, "2019-06-30": "", "2019-03-31": 0, "2018-12-31": 0, "2018-09-30": 0, "2018-06-30": "", "2018-03-31": 0, "2017-12-31": -0.14, "2017-09-30": -0.193, "2017-06-30": "-0.18400", "2017-03-31": -0.182, "2016-12-31": -0.181, "2016-09-30": -0.083, "2016-06-30": "", "2016-03-31": 0, "2015-12-31": 0, "2015-09-30": 0, "2015-06-30": "", "2015-03-31": 0, "2014-12-31": 0, "2014-09-30": 0, "2014-06-30": "", "2014-03-31": 0, "2013-12-31": 0, "2013-09-30": 0, "2013-06-30": "", "2013-03-31": 0, "2012-12-31": 0, "2012-09-30": 0, "2012-06-30": "", "2012-03-31": 0, "2011-12-31": 0, "2011-09-30": 0, "2011-06-30": "", "2011-03-31": 0, "2010-12-31": 0, "2010-09-30": 0, "2010-06-30": "", "2010-03-31": 0, "2009-12-31": 0, "2009-09-30": 0, "2009-06-30": "", "2009-03-31": 0, "2008-12-31": 0, "2008-09-30": 0, "2008-06-30": "", "2008-03-31": 0, "2007-12-31": 0, "2007-09-30": 0, "2007-06-30": "", "2007-03-31": 0, "2006-12-31": 0, "2006-09-30": 0, "2006-06-30": "", "2006-03-31": 0, "2005-12-31": 0, "2005-09-30": -0.829, "2005-06-30": "0.82900", "2005-03-31": 0}, "Net Common Equity Issued/Repurchased": {"2020-12-31": 1.521, "2020-09-30": 6.523, "2020-06-30": "-10.30000", "2020-03-31": -21.685, "2019-12-31": -24.544, "2019-09-30": -31.059, "2019-06-30": "1.26000", "2019-03-31": 3.582, "2018-12-31": 0.431, "2018-09-30": 6.19, "2018-06-30": "5.79800", "2018-03-31": 3.008, "2017-12-31": 2.369, "2017-09-30": 2.765, "2017-06-30": "3.55500", "2017-03-31": 3.346, "2016-12-31": 2.501, "2016-09-30": 3.763, "2016-06-30": "2.77000", "2016-03-31": 2.218, "2015-12-31": 0.266, "2015-09-30": 3.828, "2015-06-30": "4.59400", "2015-03-31": 2.701, "2014-12-31": 6.064, "2014-09-30": 2.137, "2014-06-30": "0.82000", "2014-03-31": 1.944, "2013-12-31": 2.909, "2013-09-30": 3.699, "2013-06-30": "1.50500", "2013-03-31": -3.671, "2012-12-31": -10.408, "2012-09-30": 1.535, "2012-06-30": "0.99000", "2012-03-31": 2.697, "2011-12-31": 3.986, "2011-09-30": 0.368, "2011-06-30": "7.62900", "2011-03-31": 0.805, "2010-12-31": 0.073, "2010-09-30": 0.402, "2010-06-30": "0.09400", "2010-03-31": 0.254, "2009-12-31": 0.172, "2009-09-30": 0.461, "2009-06-30": "0.09200", "2009-03-31": 0.186, "2008-12-31": 1.051, "2008-09-30": 42.557, "2008-06-30": "2.43600", "2008-03-31": 1.196, "2007-12-31": -1.172, "2007-09-30": 0.68, "2007-06-30": "1.36600", "2007-03-31": 64.622, "2006-12-31": 0.177, "2006-09-30": 1.191, "2006-06-30": "0.56700", "2006-03-31": 0.599, "2005-12-31": 0.187, "2005-09-30": 0.878, "2005-06-30": "0.42900", "2005-03-31": 4.087}, "Net Total Equity Issued/Repurchased": {"2020-12-31": 1.521, "2020-09-30": 6.523, "2020-06-30": "-10.30000", "2020-03-31": -21.685, "2019-12-31": -24.544, "2019-09-30": -31.059, "2019-06-30": "1.26000", "2019-03-31": 3.582, "2018-12-31": 0.431, "2018-09-30": 6.19, "2018-06-30": "5.79800", "2018-03-31": 3.008, "2017-12-31": 2.369, "2017-09-30": 2.765, "2017-06-30": "3.55500", "2017-03-31": 3.346, "2016-12-31": 2.501, "2016-09-30": 3.763, "2016-06-30": "2.77000", "2016-03-31": 2.218, "2015-12-31": 0.266, "2015-09-30": 3.828, "2015-06-30": "4.59400", "2015-03-31": 2.701, "2014-12-31": 6.064, "2014-09-30": 2.137, "2014-06-30": "0.82000", "2014-03-31": 1.944, "2013-12-31": 2.909, "2013-09-30": 3.699, "2013-06-30": "1.50500", "2013-03-31": -3.671, "2012-12-31": -10.408, "2012-09-30": 1.535, "2012-06-30": "0.99000", "2012-03-31": 2.697, "2011-12-31": 3.986, "2011-09-30": 0.368, "2011-06-30": "7.62900", "2011-03-31": 0.805, "2010-12-31": 0.073, "2010-09-30": 0.402, "2010-06-30": "0.09400", "2010-03-31": 0.254, "2009-12-31": 0.172, "2009-09-30": 0.461, "2009-06-30": "0.09200", "2009-03-31": 0.186, "2008-12-31": 1.051, "2008-09-30": 42.557, "2008-06-30": "2.43600", "2008-03-31": 1.196, "2007-12-31": -1.172, "2007-09-30": 0.68, "2007-06-30": "1.36600", "2007-03-31": 64.622, "2006-12-31": 0.177, "2006-09-30": 1.191, "2006-06-30": "0.56700", "2006-03-31": 0.599, "2005-12-31": 0.187, "2005-09-30": 0.878, "2005-06-30": "0.42900", "2005-03-31": 4.087}, "Total Common And Preferred Stock Dividends Paid": {"2020-12-31": 0, "2020-09-30": 0, "2020-06-30": "", "2020-03-31": 0, "2019-12-31": 0, "2019-09-30": 0, "2019-06-30": "", "2019-03-31": 0, "2018-12-31": 0, "2018-09-30": 0, "2018-06-30": "", "2018-03-31": 0, "2017-12-31": 0, "2017-09-30": 0, "2017-06-30": "", "2017-03-31": 0, "2016-12-31": 0, "2016-09-30": 0, "2016-06-30": "", "2016-03-31": 0, "2015-12-31": 0, "2015-09-30": 0, "2015-06-30": "", "2015-03-31": 0, "2014-12-31": 0, "2014-09-30": 0, "2014-06-30": "", "2014-03-31": 0, "2013-12-31": 0, "2013-09-30": 0, "2013-06-30": "", "2013-03-31": 0, "2012-12-31": 0, "2012-09-30": 0, "2012-06-30": "", "2012-03-31": 0, "2011-12-31": 0, "2011-09-30": 0, "2011-06-30": "", "2011-03-31": 0, "2010-12-31": 0, "2010-09-30": 0, "2010-06-30": "", "2010-03-31": 0, "2009-12-31": 0, "2009-09-30": 0, "2009-06-30": "", "2009-03-31": 0, "2008-12-31": 0, "2008-09-30": 0, "2008-06-30": "", "2008-03-31": 0, "2007-12-31": 0, "2007-09-30": 0, "2007-06-30": "", "2007-03-31": 0, "2006-12-31": 0, "2006-09-30": 0, "2006-06-30": "", "2006-03-31": 0, "2005-12-31": 0, "2005-09-30": 0, "2005-06-30": "", "2005-03-31": 0}, "Financial Activities - Other": {"2020-12-31": -0.242, "2020-09-30": -1.077, "2020-06-30": "-9.85700", "2020-03-31": -0.08, "2019-12-31": -0.401, "2019-09-30": -0.67, "2019-06-30": "-40.53600", "2019-03-31": -0.563, "2018-12-31": -1.547, "2018-09-30": -2.068, "2018-06-30": "-67.59800", "2018-03-31": -0.457, "2017-12-31": -0.623, "2017-09-30": -1.432, "2017-06-30": "-17.80500", "2017-03-31": 7.236, "2016-12-31": 0.674, "2016-09-30": -1.985, "2016-06-30": "-13.99200", "2016-03-31": -0.326, "2015-12-31": 0.007, "2015-09-30": -0.043, "2015-06-30": "-3.38400", "2015-03-31": -1.186, "2014-12-31": 0, "2014-09-30": 0, "2014-06-30": "-1.01300", "2014-03-31": -0.425, "2013-12-31": 0, "2013-09-30": 0, "2013-06-30": "", "2013-03-31": -0.257, "2012-12-31": 0, "2012-09-30": 0, "2012-06-30": "", "2012-03-31": 0, "2011-12-31": 0, "2011-09-30": 0, "2011-06-30": "", "2011-03-31": 0, "2010-12-31": 0, "2010-09-30": 0, "2010-06-30": "", "2010-03-31": 0, "2009-12-31": 0, "2009-09-30": 0, "2009-06-30": "", "2009-03-31": 0, "2008-12-31": 0, "2008-09-30": 0, "2008-06-30": "", "2008-03-31": 0, "2007-12-31": 0, "2007-09-30": 0, "2007-06-30": "", "2007-03-31": 0, "2006-12-31": 0, "2006-09-30": 0, "2006-06-30": "", "2006-03-31": 0, "2005-12-31": 0, "2005-09-30": 0, "2005-06-30": "", "2005-03-31": 0}, "Cash Flow From Financial Activities": {"2020-12-31": 1.279, "2020-09-30": 5.446, "2020-06-30": "-20.15700", "2020-03-31": -21.765, "2019-12-31": -24.945, "2019-09-30": -31.729, "2019-06-30": "-39.27600", "2019-03-31": 3.019, "2018-12-31": -1.116, "2018-09-30": 4.122, "2018-06-30": "-61.80000", "2018-03-31": 2.551, "2017-12-31": 1.606, "2017-09-30": 1.14, "2017-06-30": "-14.43400", "2017-03-31": 10.4, "2016-12-31": 2.994, "2016-09-30": 1.695, "2016-06-30": "-11.22200", "2016-03-31": 1.892, "2015-12-31": 0.273, "2015-09-30": 3.785, "2015-06-30": "1.21000", "2015-03-31": 1.515, "2014-12-31": 6.064, "2014-09-30": 2.137, "2014-06-30": "-0.19300", "2014-03-31": 1.519, "2013-12-31": 2.909, "2013-09-30": 3.699, "2013-06-30": "1.50500", "2013-03-31": -3.928, "2012-12-31": -10.408, "2012-09-30": 1.535, "2012-06-30": "0.99000", "2012-03-31": 2.697, "2011-12-31": 3.986, "2011-09-30": 0.368, "2011-06-30": "7.62900", "2011-03-31": 0.805, "2010-12-31": 0.073, "2010-09-30": 0.402, "2010-06-30": "0.09400", "2010-03-31": 0.254, "2009-12-31": 0.172, "2009-09-30": 0.461, "2009-06-30": "0.09200", "2009-03-31": 0.186, "2008-12-31": 1.051, "2008-09-30": 42.557, "2008-06-30": "2.43600", "2008-03-31": 1.196, "2007-12-31": -1.172, "2007-09-30": 0.68, "2007-06-30": "1.36600", "2007-03-31": 64.622, "2006-12-31": 0.177, "2006-09-30": 1.191, "2006-06-30": "0.56700", "2006-03-31": 0.599, "2005-12-31": 0.187, "2005-09-30": 0.049, "2005-06-30": "1.25800", "2005-03-31": 4.087}, "Net Cash Flow": {"2020-12-31": -21.223, "2020-09-30": -12.586, "2020-06-30": "22.48600", "2020-03-31": 74.371, "2019-12-31": -32.309, "2019-09-30": 49.231, "2019-06-30": "-19.97300", "2019-03-31": 36.84, "2018-12-31": 7.799, "2018-09-30": 15.094, "2018-06-30": "18.31300", "2018-03-31": -7.527, "2017-12-31": 5.966, "2017-09-30": 0.566, "2017-06-30": "4.93000", "2017-03-31": -22.029, "2016-12-31": 6.36, "2016-09-30": 16.435, "2016-06-30": "-9.95700", "2016-03-31": -4.995, "2015-12-31": -1.195, "2015-09-30": 13.99, "2015-06-30": "18.03000", "2015-03-31": 2.923, "2014-12-31": 1.995, "2014-09-30": -17.257, "2014-06-30": "13.82400", "2014-03-31": -1.716, "2013-12-31": 12.512, "2013-09-30": -1.607, "2013-06-30": "2.27600", "2013-03-31": -1.306, "2012-12-31": 6.26, "2012-09-30": 0.508, "2012-06-30": "-2.00100", "2012-03-31": 0.898, "2011-12-31": -0.246, "2011-09-30": 1.187, "2011-06-30": "-1.68000", "2011-03-31": 1.638, "2010-12-31": 0.042, "2010-09-30": 0.21, "2010-06-30": "-0.84700", "2010-03-31": 1.552, "2009-12-31": 0.454, "2009-09-30": 0.811, "2009-06-30": "0.18600", "2009-03-31": -0.949, "2008-12-31": -0.182, "2008-09-30": 1.289, "2008-06-30": "-0.41500", "2008-03-31": -3.534, "2007-12-31": -53.942, "2007-09-30": -2.709, "2007-06-30": "-7.41900", "2007-03-31": 63.565, "2006-12-31": -0.971, "2006-09-30": -2.68, "2006-06-30": "1.90000", "2006-03-31": -0.075, "2005-12-31": -7.357, "2005-09-30": 8.476, "2005-06-30": "-0.83000", "2005-03-31": 0.783}, "Stock-Based Compensation": {"2020-12-31": 12.856, "2020-09-30": 11.565, "2020-06-30": "9.29800", "2020-03-31": 2.762, "2019-12-31": 10.574, "2019-09-30": 13.324, "2019-06-30": "13.12100", "2019-03-31": 10.737, "2018-12-31": 15.578, "2018-09-30": 15.934, "2018-06-30": "12.24500", "2018-03-31": 11.183, "2017-12-31": 11.232, "2017-09-30": 9.282, "2017-06-30": "8.65600", "2017-03-31": 8.345, "2016-12-31": 6.474, "2016-09-30": 9.65, "2016-06-30": "8.39700", "2016-03-31": 7.322, "2015-12-31": 6.139, "2015-09-30": 10.793, "2015-06-30": "4.79900", "2015-03-31": 3.824, "2014-12-31": 4.382, "2014-09-30": 4.024, "2014-06-30": "4.29000", "2014-03-31": 2.851, "2013-12-31": 1.648, "2013-09-30": 2.798, "2013-06-30": "3.92100", "2013-03-31": 2.602, "2012-12-31": 1.936, "2012-09-30": 2.284, "2012-06-30": "2.67900", "2012-03-31": 1.869, "2011-12-31": 1.773, "2011-09-30": 1.799, "2011-06-30": "2.33200", "2011-03-31": 1.403, "2010-12-31": 1.272, "2010-09-30": 1.375, "2010-06-30": "1.37100", "2010-03-31": -0.499, "2009-12-31": 2.166, "2009-09-30": 1.998, "2009-06-30": "1.70000", "2009-03-31": 1.79, "2008-12-31": 1.93, "2008-09-30": 3.398, "2008-06-30": "1.71600", "2008-03-31": 1.09, "2007-12-31": 1.352, "2007-09-30": 1.262, "2007-06-30": "1.67200", "2007-03-31": 1.196, "2006-12-31": 1.401, "2006-09-30": 1.589, "2006-06-30": "1.66200", "2006-03-31": 0.192, "2005-12-31": 0.089, "2005-09-30": 0.055, "2005-06-30": "0.03500", "2005-03-31": 0.098}, "Common Stock Dividends Paid": {"2020-12-31": 0, "2020-09-30": 0, "2020-06-30": "", "2020-03-31": 0, "2019-12-31": 0, "2019-09-30": 0, "2019-06-30": "", "2019-03-31": 0, "2018-12-31": 0, "2018-09-30": 0, "2018-06-30": "", "2018-03-31": 0, "2017-12-31": 0, "2017-09-30": 0, "2017-06-30": "", "2017-03-31": 0, "2016-12-31": 0, "2016-09-30": 0, "2016-06-30": "", "2016-03-31": 0, "2015-12-31": 0, "2015-09-30": 0, "2015-06-30": "", "2015-03-31": 0, "2014-12-31": 0, "2014-09-30": 0, "2014-06-30": "", "2014-03-31": 0, "2013-12-31": 0, "2013-09-30": 0, "2013-06-30": "", "2013-03-31": 0, "2012-12-31": 0, "2012-09-30": 0, "2012-06-30": "", "2012-03-31": 0, "2011-12-31": 0, "2011-09-30": 0, "2011-06-30": "", "2011-03-31": 0, "2010-12-31": 0, "2010-09-30": 0, "2010-06-30": "", "2010-03-31": 0, "2009-12-31": 0, "2009-09-30": 0, "2009-06-30": "", "2009-03-31": 0, "2008-12-31": 0, "2008-09-30": 0, "2008-06-30": "", "2008-03-31": 0, "2007-12-31": 0, "2007-09-30": 0, "2007-06-30": "", "2007-03-31": 0, "2006-12-31": 0, "2006-09-30": 0, "2006-06-30": "", "2006-03-31": 0, "2005-12-31": 0, "2005-09-30": 0, "2005-06-30": "", "2005-03-31": 0}}, "financial ratios": {"Current Ratio": {"2020-03-31": "4.82130", "2019-03-31": "6.38880", "2018-03-31": "5.83680", "2017-03-31": "4.69650", "2016-03-31": "6.19650", "2015-03-31": "4.70610", "2014-03-31": "3.87910", "2013-03-31": "4.30980", "2012-03-31": "4.93150", "2011-03-31": "3.79260", "2010-03-31": "4.57640", "2009-03-31": "5.03380", "2008-03-31": "3.67130", "2007-03-31": "7.47320", "2006-03-31": "5.31450", "2005-03-31": "11.31180"}, "Long-term Debt / Capital": {"2020-03-31": "", "2019-03-31": "", "2018-03-31": "", "2017-03-31": "0.03320", "2016-03-31": "", "2015-03-31": "", "2014-03-31": "", "2013-03-31": "", "2012-03-31": "", "2011-03-31": "", "2010-03-31": "", "2009-03-31": "", "2008-03-31": "", "2007-03-31": "", "2006-03-31": "", "2005-03-31": ""}, "Debt/Equity Ratio": {"2020-03-31": "", "2019-03-31": "", "2018-03-31": "", "2017-03-31": "0.03610", "2016-03-31": "", "2015-03-31": "", "2014-03-31": "", "2013-03-31": "", "2012-03-31": "", "2011-03-31": "", "2010-03-31": "", "2009-03-31": "", "2008-03-31": "", "2007-03-31": "", "2006-03-31": "", "2005-03-31": ""}, "Gross Margin": {"2020-03-31": "82.00640", "2019-03-31": "83.16070", "2018-03-31": "83.39690", "2017-03-31": "84.13960", "2016-03-31": "84.70030", "2015-03-31": "82.65610", "2014-03-31": "79.67690", "2013-03-31": "80.01820", "2012-03-31": "80.60770", "2011-03-31": "78.27310", "2010-03-31": "73.71580", "2009-03-31": "72.08440", "2008-03-31": "74.44050", "2007-03-31": "76.28380", "2006-03-31": "73.24250", "2005-03-31": "75.49190"}, "Operating Margin": {"2020-03-31": "29.63780", "2019-03-31": "29.21790", "2018-03-31": "26.46520", "2017-03-31": "20.24190", "2016-03-31": "19.75580", "2015-03-31": "12.44670", "2014-03-31": "4.55390", "2013-03-31": "10.46200", "2012-03-31": "1.20280", "2011-03-31": "-11.05770", "2010-03-31": "-29.25580", "2009-03-31": "-40.31960", "2008-03-31": "-61.90430", "2007-03-31": "-56.29140", "2006-03-31": "-69.36340", "2005-03-31": "-8.51210"}, "EBIT Margin": {"2020-03-31": "29.63780", "2019-03-31": "29.21790", "2018-03-31": "26.46520", "2017-03-31": "20.24190", "2016-03-31": "19.75580", "2015-03-31": "12.44670", "2014-03-31": "4.55390", "2013-03-31": "10.46200", "2012-03-31": "1.20280", "2011-03-31": "-11.05770", "2010-03-31": "-29.25580", "2009-03-31": "-40.31960", "2008-03-31": "-61.90430", "2007-03-31": "-56.29140", "2006-03-31": "-69.36340", "2005-03-31": "-8.51210"}, "EBITDA Margin": {"2020-03-31": "32.06740", "2019-03-31": "31.05320", "2018-03-31": "28.31870", "2017-03-31": "21.63470", "2016-03-31": "20.75030", "2015-03-31": "13.64940", "2014-03-31": "5.91960", "2013-03-31": "12.18410", "2012-03-31": "4.63380", "2011-03-31": "-7.15460", "2010-03-31": "-23.54140", "2009-03-31": "-33.46810", "2008-03-31": "-51.51420", "2007-03-31": "-48.56170", "2006-03-31": "-62.42500", "2005-03-31": "-4.51120"}, "Pre-Tax Profit Margin": {"2020-03-31": "30.54230", "2019-03-31": "34.22780", "2018-03-31": "27.02100", "2017-03-31": "20.51250", "2016-03-31": "19.97860", "2015-03-31": "12.48960", "2014-03-31": "4.64490", "2013-03-31": "10.66380", "2012-03-31": "2.01230", "2011-03-31": "-10.73940", "2010-03-31": "-21.41220", "2009-03-31": "-42.13220", "2008-03-31": "-68.54820", "2007-03-31": "-54.10970", "2006-03-31": "-66.62010", "2005-03-31": "-6.12830"}, "Net Profit Margin": {"2020-03-31": "24.14240", "2019-03-31": "33.66330", "2018-03-31": "18.89180", "2017-03-31": "11.70350", "2016-03-31": "11.57570", "2015-03-31": "49.36280", "2014-03-31": "4.00290", "2013-03-31": "9.49510", "2012-03-31": "1.18300", "2011-03-31": "-11.62120", "2010-03-31": "-22.19500", "2009-03-31": "-43.15940", "2008-03-31": "-69.44230", "2007-03-31": "-55.04750", "2006-03-31": "-67.43530", "2005-03-31": "-6.12830"}, "Asset Turnover": {"2020-03-31": "0.69130", "2019-03-31": "0.72980", "2018-03-31": "0.75500", "2017-03-31": "0.80900", "2016-03-31": "0.77740", "2015-03-31": "0.68070", "2014-03-31": "0.89400", "2013-03-31": "0.93010", "2012-03-31": "0.82110", "2011-03-31": "0.76870", "2010-03-31": "0.66150", "2009-03-31": "0.53850", "2008-03-31": "0.49940", "2007-03-31": "0.37190", "2006-03-31": "0.55600", "2005-03-31": "0.62590"}, "Inventory Turnover Ratio": {"2020-03-31": "1.67950", "2019-03-31": "1.60070", "2018-03-31": "1.96360", "2017-03-31": "2.02190", "2016-03-31": "1.88550", "2015-03-31": "2.38140", "2014-03-31": "2.67580", "2013-03-31": "2.11630", "2012-03-31": "2.19950", "2011-03-31": "2.92830", "2010-03-31": "2.44590", "2009-03-31": "1.38300", "2008-03-31": "0.86440", "2007-03-31": "1.40210", "2006-03-31": "2.40040", "2005-03-31": "2.41580"}, "Receiveable Turnover": {"2020-03-31": "9.93360", "2019-03-31": "8.47310", "2018-03-31": "8.48090", "2017-03-31": "8.23800", "2016-03-31": "7.69580", "2015-03-31": "7.23610", "2014-03-31": "7.53960", "2013-03-31": "6.89110", "2012-03-31": "6.17730", "2011-03-31": "6.57850", "2010-03-31": "6.34160", "2009-03-31": "4.65590", "2008-03-31": "4.18880", "2007-03-31": "4.63310", "2006-03-31": "4.91780", "2005-03-31": "4.42570"}, "Days Sales In Receivables": {"2020-03-31": "36.74380", "2019-03-31": "43.07760", "2018-03-31": "43.03780", "2017-03-31": "44.30700", "2016-03-31": "47.42830", "2015-03-31": "50.44140", "2014-03-31": "48.41080", "2013-03-31": "52.96660", "2012-03-31": "59.08740", "2011-03-31": "55.48380", "2010-03-31": "57.55650", "2009-03-31": "78.39450", "2008-03-31": "87.13650", "2007-03-31": "78.78100", "2006-03-31": "74.22030", "2005-03-31": "82.47270"}, "ROE - Return On Equity": {"2020-03-31": "19.05350", "2019-03-31": "27.64640", "2018-03-31": "16.26770", "2017-03-31": "11.52830", "2016-03-31": "10.34430", "2015-03-31": "38.99300", "2014-03-31": "4.36640", "2013-03-31": "10.95270", "2012-03-31": "1.18370", "2011-03-31": "-11.22270", "2010-03-31": "-17.62200", "2009-03-31": "-27.24280", "2008-03-31": "-43.73140", "2007-03-31": "-22.83550", "2006-03-31": "-42.38000", "2005-03-31": "-4.16880"}, "Return On Tangible Equity": {"2020-03-31": "19.64290", "2019-03-31": "28.64310", "2018-03-31": "17.15880", "2017-03-31": "12.37830", "2016-03-31": "11.36100", "2015-03-31": "43.72180", "2014-03-31": "5.63890", "2013-03-31": "14.76740", "2012-03-31": "1.67130", "2011-03-31": "-18.32000", "2010-03-31": "-28.05610", "2009-03-31": "-39.33450", "2008-03-31": "-74.26970", "2007-03-31": "-31.66210", "2006-03-31": "-69.75460", "2005-03-31": "-4.20010"}, "ROA - Return On Assets": {"2020-03-31": "16.68850", "2019-03-31": "24.56650", "2018-03-31": "14.26420", "2017-03-31": "9.46850", "2016-03-31": "8.99840", "2015-03-31": "33.59900", "2014-03-31": "3.57870", "2013-03-31": "8.83180", "2012-03-31": "0.97130", "2011-03-31": "-8.93320", "2010-03-31": "-14.68240", "2009-03-31": "-23.24030", "2008-03-31": "-34.67730", "2007-03-31": "-20.47320", "2006-03-31": "-37.49700", "2005-03-31": "-3.83550"}, "ROI - Return On Investment": {"2020-03-31": "19.05350", "2019-03-31": "27.64640", "2018-03-31": "16.26770", "2017-03-31": "11.14520", "2016-03-31": "10.34430", "2015-03-31": "38.99300", "2014-03-31": "4.36640", "2013-03-31": "10.95270", "2012-03-31": "1.18370", "2011-03-31": "-11.22270", "2010-03-31": "-17.62200", "2009-03-31": "-27.24280", "2008-03-31": "-43.73140", "2007-03-31": "-22.83550", "2006-03-31": "-42.38000", "2005-03-31": "-4.16880"}, "Book Value Per Share": {"2020-03-31": "23.67230", "2019-03-31": "20.76300", "2018-03-31": "15.53860", "2017-03-31": "10.35130", "2016-03-31": "8.65750", "2015-03-31": "7.05340", "2014-03-31": "4.21770", "2013-03-31": "3.55120", "2012-03-31": "3.21590", "2011-03-31": "2.77790", "2010-03-31": "2.88400", "2009-03-31": "3.16150", "2008-03-31": "2.85630", "2007-03-31": "3.78660", "2006-03-31": "2.62540", "2005-03-31": "2.54450"}, "Operating Cash Flow Per Share": {"2020-03-31": 1.409, "2019-03-31": 1.265, "2018-03-31": 1.6219, "2017-03-31": 0.8672, "2016-03-31": 0.7004, "2015-03-31": 0.4461, "2014-03-31": -0.0791, "2013-03-31": 0.5526, "2012-03-31": 0.0482, "2011-03-31": 0.2419, "2010-03-31": 0.3252, "2009-03-31": 0.3646, "2008-03-31": -0.1587, "2007-03-31": -0.3666, "2006-03-31": -0.1277, "2005-03-31": -0.2364}, "Free Cash Flow Per Share": {"2020-03-31": 1.402, "2019-03-31": 1.5299, "2018-03-31": 1.5324, "2017-03-31": 0.0863, "2016-03-31": 0.4735, "2015-03-31": 0.3914, "2014-03-31": -0.0764, "2013-03-31": 0.527, "2012-03-31": 0.0532, "2011-03-31": 0.2423, "2010-03-31": 0.3838, "2009-03-31": 0.3729, "2008-03-31": -0.187, "2007-03-31": -0.3402, "2006-03-31": -0.2097, "2005-03-31": -0.2683}}, "financial ratios, quarterly": {"Current Ratio": {"2020-12-31": "5.76160", "2020-09-30": "6.81110", "2020-06-30": "5.61420", "2020-03-31": "4.82130", "2019-12-31": "5.04180", "2019-09-30": "5.76880", "2019-06-30": "6.76010", "2019-03-31": "6.38880", "2018-12-31": "6.76200", "2018-09-30": "6.85050", "2018-06-30": "6.48550", "2018-03-31": "5.83680", "2017-12-31": "5.60290", "2017-09-30": "5.84250", "2017-06-30": "5.94720", "2017-03-31": "4.69650", "2016-12-31": "5.66360", "2016-09-30": "6.16060", "2016-06-30": "6.94810", "2016-03-31": "6.19650", "2015-12-31": "7.47930", "2015-09-30": "7.70360", "2015-06-30": "6.72800", "2015-03-31": "4.70610", "2014-12-31": "5.11290", "2014-09-30": "4.98600", "2014-06-30": "4.39070", "2014-03-31": "3.87910", "2013-12-31": "4.52920", "2013-09-30": "4.60010", "2013-06-30": "4.62000", "2013-03-31": "4.30980", "2012-12-31": "5.23860", "2012-09-30": "6.29520", "2012-06-30": "5.95300", "2012-03-31": "4.93150", "2011-12-31": "5.48610", "2011-09-30": "5.63220", "2011-06-30": "5.45500", "2011-03-31": "3.79260", "2010-12-31": "4.22240", "2010-09-30": "4.50490", "2010-06-30": "4.81050", "2010-03-31": "4.57640", "2009-12-31": "4.73170", "2009-09-30": "5.01150", "2009-06-30": "5.08630", "2009-03-31": "5.03380", "2008-12-31": "7.08090", "2008-09-30": "7.08850", "2008-06-30": "4.03820", "2008-03-31": "3.67130", "2007-12-31": "4.62090", "2007-09-30": "6.66200", "2007-06-30": "8.80590", "2007-03-31": "7.47320", "2006-12-31": "3.18160", "2006-09-30": "3.97240", "2006-06-30": "5.72820", "2006-03-31": "5.31450", "2005-12-31": "7.39180", "2005-09-30": "8.20930", "2005-06-30": "7.32780", "2005-03-31": "11.31180"}, "Long-term Debt / Capital": {"2020-12-31": "", "2020-09-30": "", "2020-06-30": "", "2020-03-31": "", "2019-12-31": "", "2019-09-30": "", "2019-06-30": "", "2019-03-31": "", "2018-12-31": "", "2018-09-30": "", "2018-06-30": "", "2018-03-31": "", "2017-12-31": "", "2017-09-30": "0.02440", "2017-06-30": "0.02630", "2017-03-31": "0.03320", "2016-12-31": "0.03640", "2016-09-30": "0.03850", "2016-06-30": "", "2016-03-31": "", "2015-12-31": "", "2015-09-30": "", "2015-06-30": "", "2015-03-31": "", "2014-12-31": "", "2014-09-30": "", "2014-06-30": "", "2014-03-31": "", "2013-12-31": "", "2013-09-30": "", "2013-06-30": "", "2013-03-31": "", "2012-12-31": "", "2012-09-30": "", "2012-06-30": "", "2012-03-31": "", "2011-12-31": "", "2011-09-30": "", "2011-06-30": "", "2011-03-31": "", "2010-12-31": "", "2010-09-30": "", "2010-06-30": "", "2010-03-31": "", "2009-12-31": "", "2009-09-30": "", "2009-06-30": "", "2009-03-31": "", "2008-12-31": "", "2008-09-30": "", "2008-06-30": "", "2008-03-31": "", "2007-12-31": "", "2007-09-30": "", "2007-06-30": "", "2007-03-31": "", "2006-12-31": "", "2006-09-30": "", "2006-06-30": "", "2006-03-31": "", "2005-12-31": "", "2005-09-30": "", "2005-06-30": "", "2005-03-31": ""}, "Debt/Equity Ratio": {"2020-12-31": "", "2020-09-30": "", "2020-06-30": "", "2020-03-31": "", "2019-12-31": "", "2019-09-30": "", "2019-06-30": "", "2019-03-31": "", "2018-12-31": "", "2018-09-30": "", "2018-06-30": "", "2018-03-31": "", "2017-12-31": "", "2017-09-30": "0.02640", "2017-06-30": "0.02850", "2017-03-31": "0.03610", "2016-12-31": "0.03960", "2016-09-30": "0.04190", "2016-06-30": "", "2016-03-31": "", "2015-12-31": "", "2015-09-30": "", "2015-06-30": "", "2015-03-31": "", "2014-12-31": "", "2014-09-30": "", "2014-06-30": "", "2014-03-31": "", "2013-12-31": "", "2013-09-30": "", "2013-06-30": "", "2013-03-31": "", "2012-12-31": "", "2012-09-30": "", "2012-06-30": "", "2012-03-31": "", "2011-12-31": "", "2011-09-30": "", "2011-06-30": "", "2011-03-31": "", "2010-12-31": "", "2010-09-30": "", "2010-06-30": "", "2010-03-31": "", "2009-12-31": "", "2009-09-30": "", "2009-06-30": "", "2009-03-31": "", "2008-12-31": "", "2008-09-30": "", "2008-06-30": "", "2008-03-31": "", "2007-12-31": "", "2007-09-30": "", "2007-06-30": "", "2007-03-31": "", "2006-12-31": "", "2006-09-30": "", "2006-06-30": "", "2006-03-31": "", "2005-12-31": "", "2005-09-30": "", "2005-06-30": "", "2005-03-31": ""}, "Gross Margin": {"2020-12-31": "82.25440", "2020-09-30": "81.53350", "2020-06-30": "78.17230", "2020-03-31": "80.94980", "2019-12-31": "81.95000", "2019-09-30": "82.98960", "2019-06-30": "82.14780", "2019-03-31": "83.17180", "2018-12-31": "83.03630", "2018-09-30": "83.58110", "2018-06-30": "82.86210", "2018-03-31": "82.74550", "2017-12-31": "83.77250", "2017-09-30": "83.71740", "2017-06-30": "83.49640", "2017-03-31": "84.55170", "2016-12-31": "83.44260", "2016-09-30": "83.18780", "2016-06-30": "85.36820", "2016-03-31": "84.39390", "2015-12-31": "85.14600", "2015-09-30": "84.09620", "2015-06-30": "85.19990", "2015-03-31": "84.00460", "2014-12-31": "84.13350", "2014-09-30": "81.49330", "2014-06-30": "80.15000", "2014-03-31": "79.94570", "2013-12-31": "79.52590", "2013-09-30": "79.64370", "2013-06-30": "79.55710", "2013-03-31": "79.79120", "2012-12-31": "78.74510", "2012-09-30": "80.77350", "2012-06-30": "80.80090", "2012-03-31": "81.82840", "2011-12-31": "80.49880", "2011-09-30": "81.16900", "2011-06-30": "78.46460", "2011-03-31": "79.50160", "2010-12-31": "80.04330", "2010-09-30": "76.86520", "2010-06-30": "75.98400", "2010-03-31": "72.84910", "2009-12-31": "74.68310", "2009-09-30": "72.79990", "2009-06-30": "74.52920", "2009-03-31": "71.92460", "2008-12-31": "73.83480", "2008-09-30": "76.03380", "2008-06-30": "65.59880", "2008-03-31": "72.10990", "2007-12-31": "76.44080", "2007-09-30": "74.66320", "2007-06-30": "74.88450", "2007-03-31": "80.28300", "2006-12-31": "77.73560", "2006-09-30": "73.13060", "2006-06-30": "73.22420", "2006-03-31": "72.20930", "2005-12-31": "70.80360", "2005-09-30": "77.61520", "2005-06-30": "72.30200", "2005-03-31": "74.72150"}, "Operating Margin": {"2020-12-31": "30.79950", "2020-09-30": "29.24050", "2020-06-30": "20.66490", "2020-03-31": "28.09120", "2019-12-31": "31.70760", "2019-09-30": "29.36080", "2019-06-30": "29.24170", "2019-03-31": "31.57650", "2018-12-31": "31.09000", "2018-09-30": "27.68210", "2018-06-30": "25.96970", "2018-03-31": "27.26900", "2017-12-31": "29.06470", "2017-09-30": "23.88590", "2017-06-30": "24.97060", "2017-03-31": "23.25470", "2016-12-31": "22.15240", "2016-09-30": "14.09160", "2016-06-30": "20.61560", "2016-03-31": "21.08730", "2015-12-31": "20.33100", "2015-09-30": "16.78520", "2015-06-30": "20.46930", "2015-03-31": "18.30010", "2014-12-31": "22.03530", "2014-09-30": "8.04420", "2014-06-30": "-3.15090", "2014-03-31": "7.29280", "2013-12-31": "9.94480", "2013-09-30": "3.15260", "2013-06-30": "-3.06300", "2013-03-31": "9.46100", "2012-12-31": "7.62880", "2012-09-30": "15.85380", "2012-06-30": "9.18190", "2012-03-31": "7.87810", "2011-12-31": "6.93520", "2011-09-30": "2.59860", "2011-06-30": "-16.16160", "2011-03-31": "-4.94580", "2010-12-31": "-2.46660", "2010-09-30": "-13.03470", "2010-06-30": "-27.52020", "2010-03-31": "-22.95140", "2009-12-31": "-21.67640", "2009-09-30": "-36.94440", "2009-06-30": "-37.47800", "2009-03-31": "-41.72490", "2008-12-31": "-34.97190", "2008-09-30": "-29.76650", "2008-06-30": "-57.18650", "2008-03-31": "-50.79960", "2007-12-31": "-53.59980", "2007-09-30": "-87.81160", "2007-06-30": "-64.26790", "2007-03-31": "-45.49130", "2006-12-31": "-53.34780", "2006-09-30": "-81.51750", "2006-06-30": "-49.60020", "2006-03-31": "-28.83450", "2005-12-31": "-43.17640", "2005-09-30": "-27.78900", "2005-06-30": "-222.41480", "2005-03-31": "-4.23320"}, "EBIT Margin": {"2020-12-31": "30.79950", "2020-09-30": "29.24050", "2020-06-30": "20.66490", "2020-03-31": "28.09120", "2019-12-31": "31.70760", "2019-09-30": "29.36080", "2019-06-30": "29.24170", "2019-03-31": "31.57650", "2018-12-31": "31.09000", "2018-09-30": "27.68210", "2018-06-30": "25.96970", "2018-03-31": "27.26900", "2017-12-31": "29.06470", "2017-09-30": "23.88590", "2017-06-30": "24.97060", "2017-03-31": "23.25470", "2016-12-31": "22.15240", "2016-09-30": "14.09160", "2016-06-30": "20.61560", "2016-03-31": "21.08730", "2015-12-31": "20.33100", "2015-09-30": "16.78520", "2015-06-30": "20.46930", "2015-03-31": "18.30010", "2014-12-31": "22.03530", "2014-09-30": "8.04420", "2014-06-30": "-3.15090", "2014-03-31": "7.29280", "2013-12-31": "9.94480", "2013-09-30": "3.15260", "2013-06-30": "-3.06300", "2013-03-31": "9.46100", "2012-12-31": "7.62880", "2012-09-30": "15.85380", "2012-06-30": "9.18190", "2012-03-31": "7.87810", "2011-12-31": "6.93520", "2011-09-30": "2.59860", "2011-06-30": "-16.16160", "2011-03-31": "-4.94580", "2010-12-31": "-2.46660", "2010-09-30": "-13.03470", "2010-06-30": "-27.52020", "2010-03-31": "-22.95140", "2009-12-31": "-21.67640", "2009-09-30": "-36.94440", "2009-06-30": "-37.47800", "2009-03-31": "-41.72500", "2008-12-31": "-34.97190", "2008-09-30": "-29.76650", "2008-06-30": "-57.18650", "2008-03-31": "-50.79960", "2007-12-31": "-53.59980", "2007-09-30": "-87.81160", "2007-06-30": "-64.26790", "2007-03-31": "-45.49140", "2006-12-31": "-53.34780", "2006-09-30": "-81.51750", "2006-06-30": "-49.60020", "2006-03-31": "-28.83450", "2005-12-31": "-43.17640", "2005-09-30": "-27.78900", "2005-06-30": "-222.41480", "2005-03-31": "-4.23320"}, "EBITDA Margin": {"2020-12-31": "", "2020-09-30": "", "2020-06-30": "", "2020-03-31": "", "2019-12-31": "", "2019-09-30": "", "2019-06-30": "", "2019-03-31": "", "2018-12-31": "", "2018-09-30": "", "2018-06-30": "", "2018-03-31": "", "2017-12-31": "", "2017-09-30": "", "2017-06-30": "", "2017-03-31": "", "2016-12-31": "", "2016-09-30": "", "2016-06-30": "", "2016-03-31": "", "2015-12-31": "", "2015-09-30": "", "2015-06-30": "", "2015-03-31": "", "2014-12-31": "", "2014-09-30": "", "2014-06-30": "", "2014-03-31": "", "2013-12-31": "", "2013-09-30": "", "2013-06-30": "", "2013-03-31": "", "2012-12-31": "", "2012-09-30": "", "2012-06-30": "", "2012-03-31": "", "2011-12-31": "", "2011-09-30": "", "2011-06-30": "", "2011-03-31": "", "2010-12-31": "", "2010-09-30": "", "2010-06-30": "", "2010-03-31": "", "2009-12-31": "", "2009-09-30": "", "2009-06-30": "", "2009-03-31": "", "2008-12-31": "", "2008-09-30": "", "2008-06-30": "", "2008-03-31": "", "2007-12-31": "", "2007-09-30": "", "2007-06-30": "", "2007-03-31": "", "2006-12-31": "", "2006-09-30": "", "2006-06-30": "", "2006-03-31": "", "2005-12-31": "", "2005-09-30": "", "2005-06-30": "", "2005-03-31": ""}, "Pre-Tax Profit Margin": {"2020-12-31": "34.85020", "2020-09-30": "34.76050", "2020-06-30": "37.04940", "2020-03-31": "19.02310", "2019-12-31": "43.78290", "2019-09-30": "8.46840", "2019-06-30": "49.66530", "2019-03-31": "47.58040", "2018-12-31": "32.16450", "2018-09-30": "28.51450", "2018-06-30": "26.93570", "2018-03-31": "27.80790", "2017-12-31": "29.64120", "2017-09-30": "24.45660", "2017-06-30": "25.50960", "2017-03-31": "23.54510", "2016-12-31": "22.52120", "2016-09-30": "14.31310", "2016-06-30": "20.80200", "2016-03-31": "21.52790", "2015-12-31": "20.39510", "2015-09-30": "16.98030", "2015-06-30": "20.62730", "2015-03-31": "18.31340", "2014-12-31": "22.09660", "2014-09-30": "8.03840", "2014-06-30": "-3.03820", "2014-03-31": "7.45940", "2013-12-31": "10.06820", "2013-09-30": "3.22250", "2013-06-30": "-3.07480", "2013-03-31": "9.47930", "2012-12-31": "8.47840", "2012-09-30": "15.83240", "2012-06-30": "9.16640", "2012-03-31": "7.84060", "2011-12-31": "10.20870", "2011-09-30": "2.80210", "2011-06-30": "-16.44310", "2011-03-31": "-5.35950", "2010-12-31": "-2.34180", "2010-09-30": "-12.65830", "2010-06-30": "-26.07490", "2010-03-31": "5.30050", "2009-12-31": "-20.19830", "2009-09-30": "-37.11920", "2009-06-30": "-37.83460", "2009-03-31": "-42.39390", "2008-12-31": "-43.52380", "2008-09-30": "-30.28650", "2008-06-30": "-54.83280", "2008-03-31": "-85.11540", "2007-12-31": "-50.78990", "2007-09-30": "-81.34740", "2007-06-30": "-57.81130", "2007-03-31": "-44.89210", "2006-12-31": "-51.31740", "2006-09-30": "-78.75250", "2006-06-30": "-46.07170", "2006-03-31": "-25.94230", "2005-12-31": "-40.19970", "2005-09-30": "-25.41150", "2005-06-30": "-219.73170", "2005-03-31": "-2.05160"}, "Net Profit Margin": {"2020-12-31": "26.70600", "2020-09-30": "29.65860", "2020-06-30": "27.04760", "2020-03-31": "15.38670", "2019-12-31": "31.23740", "2019-09-30": "6.37690", "2019-06-30": "42.82020", "2019-03-31": "35.71600", "2018-12-31": "22.36800", "2018-09-30": "27.57590", "2018-06-30": "50.03390", "2018-03-31": "21.12350", "2017-12-31": "8.72990", "2017-09-30": "18.44790", "2017-06-30": "28.21360", "2017-03-31": "11.94980", "2016-12-31": "13.45730", "2016-09-30": "8.62030", "2016-06-30": "12.53460", "2016-03-31": "11.70540", "2015-12-31": "12.30260", "2015-09-30": "10.12980", "2015-06-30": "12.06420", "2015-03-31": "146.35640", "2014-12-31": "20.45640", "2014-09-30": "7.39150", "2014-06-30": "-3.50130", "2014-03-31": "7.18180", "2013-12-31": "9.50970", "2013-09-30": "2.38810", "2013-06-30": "-4.03800", "2013-03-31": "8.56800", "2012-12-31": "7.01700", "2012-09-30": "14.61640", "2012-06-30": "8.04220", "2012-03-31": "6.87390", "2011-12-31": "9.07200", "2011-09-30": "2.03880", "2011-06-30": "-16.79400", "2011-03-31": "-6.21120", "2010-12-31": "-2.94380", "2010-09-30": "-13.69350", "2010-06-30": "-27.17940", "2010-03-31": "4.24300", "2009-12-31": "-20.02280", "2009-09-30": "-38.32780", "2009-06-30": "-38.96950", "2009-03-31": "-43.17010", "2008-12-31": "-44.57760", "2008-09-30": "-31.65160", "2008-06-30": "-55.71930", "2008-03-31": "-85.51520", "2007-12-31": "-51.83270", "2007-09-30": "-82.62440", "2007-06-30": "-58.84240", "2007-03-31": "-45.83790", "2006-12-31": "-52.11560", "2006-09-30": "-79.69870", "2006-06-30": "-47.13250", "2006-03-31": "-26.68890", "2005-12-31": "-42.60580", "2005-09-30": "-25.41150", "2005-06-30": "-219.73170", "2005-03-31": "-2.05160"}, "Asset Turnover": {"2020-12-31": "0.16220", "2020-09-30": "0.15800", "2020-06-30": "0.13190", "2020-03-31": "0.16990", "2019-12-31": "0.18520", "2019-09-30": "0.18230", "2019-06-30": "0.18460", "2019-03-31": "0.19640", "2018-12-31": "0.20950", "2018-09-30": "0.20490", "2018-06-30": "0.22170", "2018-03-31": "0.22180", "2017-12-31": "0.21400", "2017-09-30": "0.19120", "2017-06-30": "0.20310", "2017-03-31": "0.22650", "2016-12-31": "0.22890", "2016-09-30": "0.21680", "2016-06-30": "0.23990", "2016-03-31": "0.22160", "2015-12-31": "0.21910", "2015-09-30": "0.20450", "2015-06-30": "0.20860", "2015-03-31": "0.19970", "2014-12-31": "0.25750", "2014-09-30": "0.24100", "2014-06-30": "0.23670", "2014-03-31": "0.24550", "2013-12-31": "0.23890", "2013-09-30": "0.24500", "2013-06-30": "0.25030", "2013-03-31": "0.25690", "2012-12-31": "0.23180", "2012-09-30": "0.22560", "2012-06-30": "0.25040", "2012-03-31": "0.24260", "2011-12-31": "0.22900", "2011-09-30": "0.22400", "2011-06-30": "0.20860", "2011-03-31": "0.21680", "2010-12-31": "0.21910", "2010-09-30": "0.18940", "2010-06-30": "0.18570", "2010-03-31": "0.17730", "2009-12-31": "0.17510", "2009-09-30": "0.15060", "2009-06-30": "0.14680", "2009-03-31": "0.14400", "2008-12-31": "0.12150", "2008-09-30": "0.13650", "2008-06-30": "0.14270", "2008-03-31": "0.14830", "2007-12-31": "0.12700", "2007-09-30": "0.08950", "2007-06-30": "0.10860", "2007-03-31": "0.10170", "2006-12-31": "0.17310", "2006-09-30": "0.15320", "2006-06-30": "0.17420", "2006-03-31": "0.17570", "2005-12-31": "0.12850", "2005-09-30": "0.13230", "2005-06-30": "0.09830", "2005-03-31": "0.17640"}, "Inventory Turnover Ratio": {"2020-12-31": "0.49860", "2020-09-30": "0.46550", "2020-06-30": "0.40300", "2020-03-31": "0.43700", "2019-12-31": "0.43860", "2019-09-30": "0.38610", "2019-06-30": "0.42260", "2019-03-31": "0.43050", "2018-12-31": "0.47380", "2018-09-30": "0.46890", "2018-06-30": "0.55310", "2018-03-31": "0.59950", "2017-12-31": "0.53300", "2017-09-30": "0.53230", "2017-06-30": "0.59200", "2017-03-31": "0.55140", "2016-12-31": "0.59240", "2016-09-30": "0.54960", "2016-06-30": "0.51800", "2016-03-31": "0.54840", "2015-12-31": "0.49910", "2015-09-30": "0.52730", "2015-06-30": "0.51190", "2015-03-31": "0.64420", "2014-12-31": "0.63700", "2014-09-30": "0.71490", "2014-06-30": "0.69600", "2014-03-31": "0.72510", "2013-12-31": "0.63820", "2013-09-30": "0.57730", "2013-06-30": "0.52830", "2013-03-31": "0.59120", "2012-12-31": "0.54240", "2012-09-30": "0.49750", "2012-06-30": "0.59680", "2012-03-31": "0.60900", "2011-12-31": "0.64810", "2011-09-30": "0.60260", "2011-06-30": "0.66350", "2011-03-31": "0.77920", "2010-12-31": "0.79050", "2010-09-30": "0.76920", "2010-06-30": "0.71520", "2010-03-31": "0.67730", "2009-12-31": "0.45700", "2009-09-30": "0.38590", "2009-06-30": "0.34450", "2009-03-31": "0.37210", "2008-12-31": "0.25420", "2008-09-30": "0.25550", "2008-06-30": "0.28840", "2008-03-31": "0.28020", "2007-12-31": "0.23190", "2007-09-30": "0.19710", "2007-06-30": "0.32700", "2007-03-31": "0.31880", "2006-12-31": "0.41740", "2006-09-30": "0.52330", "2006-06-30": "0.82750", "2006-03-31": "0.78760", "2005-12-31": "0.51000", "2005-09-30": "0.40540", "2005-06-30": "0.41380", "2005-03-31": "0.70230"}, "Receiveable Turnover": {"2020-12-31": "2.49130", "2020-09-30": "2.59260", "2020-06-30": "2.00830", "2020-03-31": "2.44130", "2019-12-31": "2.19400", "2019-09-30": "2.17320", "2019-06-30": "2.40900", "2019-03-31": "2.28040", "2018-12-31": "2.27360", "2018-09-30": "2.44980", "2018-06-30": "2.66640", "2018-03-31": "2.49160", "2017-12-31": "2.37460", "2017-09-30": "2.31690", "2017-06-30": "2.47340", "2017-03-31": "2.30650", "2016-12-31": "2.28530", "2016-09-30": "2.20900", "2016-06-30": "2.49500", "2016-03-31": "2.19420", "2015-12-31": "2.32870", "2015-09-30": "2.05710", "2015-06-30": "2.13640", "2015-03-31": "2.12260", "2014-12-31": "2.18540", "2014-09-30": "2.25110", "2014-06-30": "2.14430", "2014-03-31": "2.07060", "2013-12-31": "2.01220", "2013-09-30": "2.09980", "2013-06-30": "2.03360", "2013-03-31": "1.90330", "2012-12-31": "1.92070", "2012-09-30": "1.99020", "2012-06-30": "2.11430", "2012-03-31": "1.82540", "2011-12-31": "1.86080", "2011-09-30": "1.90300", "2011-06-30": "1.88120", "2011-03-31": "1.85540", "2010-12-31": "2.11650", "2010-09-30": "1.55990", "2010-06-30": "1.75020", "2010-03-31": "1.70010", "2009-12-31": "1.58330", "2009-09-30": "1.49380", "2009-06-30": "1.37560", "2009-03-31": "1.24540", "2008-12-31": "1.21880", "2008-09-30": "1.36950", "2008-06-30": "1.17820", "2008-03-31": "1.24430", "2007-12-31": "1.37130", "2007-09-30": "1.31810", "2007-06-30": "1.01690", "2007-03-31": "1.26700", "2006-12-31": "1.39810", "2006-09-30": "1.31160", "2006-06-30": "1.34390", "2006-03-31": "1.55360", "2005-12-31": "1.24940", "2005-09-30": "1.37730", "2005-06-30": "1.18420", "2005-03-31": "1.24750"}, "Days Sales In Receivables": {"2020-12-31": "36.12620", "2020-09-30": "34.71430", "2020-06-30": "44.81380", "2020-03-31": "36.86510", "2019-12-31": "41.02040", "2019-09-30": "41.41360", "2019-06-30": "37.36070", "2019-03-31": "39.46670", "2018-12-31": "39.58530", "2018-09-30": "36.73760", "2018-06-30": "33.75360", "2018-03-31": "36.12160", "2017-12-31": "37.90100", "2017-09-30": "38.84440", "2017-06-30": "36.38710", "2017-03-31": "39.01950", "2016-12-31": "39.38140", "2016-09-30": "40.74240", "2016-06-30": "36.07170", "2016-03-31": "41.01760", "2015-12-31": "38.64770", "2015-09-30": "43.75010", "2015-06-30": "42.12710", "2015-03-31": "42.40150", "2014-12-31": "41.18330", "2014-09-30": "39.98000", "2014-06-30": "41.97150", "2014-03-31": "43.46620", "2013-12-31": "44.72820", "2013-09-30": "42.86190", "2013-06-30": "44.25760", "2013-03-31": "47.28540", "2012-12-31": "46.85880", "2012-09-30": "45.22250", "2012-06-30": "42.56690", "2012-03-31": "49.30430", "2011-12-31": "48.36540", "2011-09-30": "47.29290", "2011-06-30": "47.84100", "2011-03-31": "48.50640", "2010-12-31": "42.52240", "2010-09-30": "57.69760", "2010-06-30": "51.42210", "2010-03-31": "52.93700", "2009-12-31": "56.84460", "2009-09-30": "60.24720", "2009-06-30": "65.42660", "2009-03-31": "72.26470", "2008-12-31": "73.84060", "2008-09-30": "65.71680", "2008-06-30": "76.38750", "2008-03-31": "72.33210", "2007-12-31": "65.63290", "2007-09-30": "68.28270", "2007-06-30": "88.50250", "2007-03-31": "71.03310", "2006-12-31": "64.37540", "2006-09-30": "68.62030", "2006-06-30": "66.96730", "2006-03-31": "57.92990", "2005-12-31": "72.03420", "2005-09-30": "65.34380", "2005-06-30": "76.00260", "2005-03-31": "72.14540"}, "ROE - Return On Equity": {"2020-12-31": "4.90450", "2020-09-30": "5.26150", "2020-06-30": "4.04670", "2020-03-31": "2.98440", "2019-12-31": "6.61180", "2019-09-30": "1.31840", "2019-06-30": "8.86930", "2019-03-31": "7.89430", "2018-12-31": "5.26840", "2018-09-30": "6.32160", "2018-06-30": "12.45110", "2018-03-31": "5.34380", "2017-12-31": "2.12590", "2017-09-30": "4.05080", "2017-06-30": "6.59100", "2017-03-31": "3.29570", "2016-12-31": "3.69740", "2016-09-30": "2.22740", "2016-06-30": "3.42140", "2016-03-31": "2.98230", "2015-12-31": "3.05470", "2015-09-30": "2.33620", "2015-06-30": "2.87580", "2015-03-31": "33.91210", "2014-12-31": "6.48080", "2014-09-30": "2.18700", "2014-06-30": "-1.00320", "2014-03-31": "2.15140", "2013-12-31": "2.73780", "2013-09-30": "0.70270", "2013-06-30": "-1.21930", "2013-03-31": "2.72980", "2012-12-31": "1.97290", "2012-09-30": "3.88780", "2012-06-30": "2.38970", "2012-03-31": "2.03250", "2011-12-31": "2.48010", "2011-09-30": "0.53950", "2011-06-30": "-4.13190", "2011-03-31": "-1.69180", "2010-12-31": "-0.79270", "2010-09-30": "-3.13220", "2010-06-30": "-6.05490", "2010-03-31": "0.90310", "2009-12-31": "-4.14390", "2009-09-30": "-6.73810", "2009-06-30": "-6.64640", "2009-03-31": "-7.28900", "2008-12-31": "-6.09370", "2008-09-30": "-4.96650", "2008-06-30": "-9.68830", "2008-03-31": "-15.99680", "2007-12-31": "-7.98170", "2007-09-30": "-8.42110", "2007-06-30": "-7.03520", "2007-03-31": "-5.20000", "2006-12-31": "-11.78190", "2006-09-30": "-14.22830", "2006-06-30": "-9.13640", "2006-03-31": "-5.29880", "2005-12-31": "-6.24810", "2005-09-30": "-3.63550", "2005-06-30": "-23.60960", "2005-03-31": "-0.39340"}, "Return On Tangible Equity": {"2020-12-31": "5.43450", "2020-09-30": "5.63380", "2020-06-30": "4.34980", "2020-03-31": "3.12180", "2019-12-31": "6.82430", "2019-09-30": "1.36190", "2019-06-30": "9.17150", "2019-03-31": "8.17890", "2018-12-31": "5.48250", "2018-09-30": "6.60230", "2018-06-30": "13.06420", "2018-03-31": "5.63650", "2017-12-31": "2.24970", "2017-09-30": "4.29460", "2017-06-30": "7.00090", "2017-03-31": "3.53870", "2016-12-31": "3.98950", "2016-09-30": "2.42580", "2016-06-30": "3.74140", "2016-03-31": "3.27540", "2015-12-31": "3.36330", "2015-09-30": "2.59200", "2015-06-30": "3.21200", "2015-03-31": "38.02470", "2014-12-31": "7.90820", "2014-09-30": "2.76840", "2014-06-30": "-1.28830", "2014-03-31": "2.77840", "2013-12-31": "3.58820", "2013-09-30": "0.93420", "2013-06-30": "-1.63510", "2013-03-31": "3.68050", "2012-12-31": "2.69640", "2012-09-30": "5.20060", "2012-06-30": "3.25650", "2012-03-31": "2.86970", "2011-12-31": "3.58200", "2011-09-30": "0.82340", "2011-06-30": "-6.54860", "2011-03-31": "-2.76160", "2010-12-31": "-1.27950", "2010-09-30": "-5.13830", "2010-06-30": "-9.54520", "2010-03-31": "1.43790", "2009-12-31": "-6.81160", "2009-09-30": "-11.02840", "2009-06-30": "-10.52560", "2009-03-31": "-10.52420", "2008-12-31": "-8.68660", "2008-09-30": "-7.11880", "2008-06-30": "-18.02150", "2008-03-31": "-27.16750", "2007-12-31": "-12.20200", "2007-09-30": "-12.34050", "2007-06-30": "-9.89840", "2007-03-31": "-7.21000", "2006-12-31": "-29.09870", "2006-09-30": "-26.02750", "2006-06-30": "-15.80970", "2006-03-31": "-8.72140", "2005-12-31": "-10.81940", "2005-09-30": "-5.69440", "2005-06-30": "-36.75720", "2005-03-31": "-0.39630"}, "ROA - Return On Assets": {"2020-12-31": "4.33120", "2020-09-30": "4.68480", "2020-06-30": "3.56840", "2020-03-31": "2.61400", "2019-12-31": "5.78440", "2019-09-30": "1.16250", "2019-06-30": "7.90380", "2019-03-31": "7.01490", "2018-12-31": "4.68720", "2018-09-30": "5.65020", "2018-06-30": "11.09130", "2018-03-31": "4.68570", "2017-12-31": "1.86850", "2017-09-30": "3.52740", "2017-06-30": "5.73030", "2017-03-31": "2.70690", "2016-12-31": "3.08050", "2016-09-30": "1.86880", "2016-06-30": "3.00710", "2016-03-31": "2.59430", "2015-12-31": "2.69520", "2015-09-30": "2.07150", "2015-06-30": "2.51670", "2015-03-31": "29.22090", "2014-12-31": "5.26800", "2014-09-30": "1.78110", "2014-06-30": "-0.82890", "2014-03-31": "1.76330", "2013-12-31": "2.27190", "2013-09-30": "0.58500", "2013-06-30": "-1.01080", "2013-03-31": "2.20120", "2012-12-31": "1.62660", "2012-09-30": "3.29760", "2012-06-30": "2.01350", "2012-03-31": "1.66780", "2011-12-31": "2.07710", "2011-09-30": "0.45670", "2011-06-30": "-3.50320", "2011-03-31": "-1.34660", "2010-12-31": "-0.64490", "2010-09-30": "-2.59340", "2010-06-30": "-5.04850", "2010-03-31": "0.75250", "2009-12-31": "-3.50520", "2009-09-30": "-5.77060", "2009-06-30": "-5.72010", "2009-03-31": "-6.21810", "2008-12-31": "-5.41760", "2008-09-30": "-4.32000", "2008-06-30": "-7.95100", "2008-03-31": "-12.68480", "2007-12-31": "-6.58200", "2007-09-30": "-7.39840", "2007-06-30": "-6.38820", "2007-03-31": "-4.66210", "2006-12-31": "-9.02270", "2006-09-30": "-12.20610", "2006-06-30": "-8.20820", "2006-03-31": "-4.68820", "2005-12-31": "-5.47380", "2005-09-30": "-3.36210", "2005-06-30": "-21.58900", "2005-03-31": "-0.36190"}, "ROI - Return On Investment": {"2020-12-31": "4.90460", "2020-09-30": "5.26150", "2020-06-30": "4.04670", "2020-03-31": "2.98440", "2019-12-31": "6.61180", "2019-09-30": "1.31840", "2019-06-30": "8.86930", "2019-03-31": "7.89430", "2018-12-31": "5.26840", "2018-09-30": "6.32160", "2018-06-30": "12.45110", "2018-03-31": "5.34380", "2017-12-31": "2.12590", "2017-09-30": "3.95210", "2017-06-30": "6.41760", "2017-03-31": "3.18620", "2016-12-31": "3.56290", "2016-09-30": "2.14160", "2016-06-30": "3.42140", "2016-03-31": "2.98230", "2015-12-31": "3.05470", "2015-09-30": "2.33620", "2015-06-30": "2.87580", "2015-03-31": "33.91210", "2014-12-31": "6.48080", "2014-09-30": "2.18700", "2014-06-30": "-1.00320", "2014-03-31": "2.15140", "2013-12-31": "2.73780", "2013-09-30": "0.70270", "2013-06-30": "-1.21930", "2013-03-31": "2.72980", "2012-12-31": "1.97290", "2012-09-30": "3.88780", "2012-06-30": "2.38970", "2012-03-31": "2.03250", "2011-12-31": "2.48010", "2011-09-30": "0.53950", "2011-06-30": "-4.13190", "2011-03-31": "-1.69180", "2010-12-31": "-0.79270", "2010-09-30": "-3.13220", "2010-06-30": "-6.05490", "2010-03-31": "0.90310", "2009-12-31": "-4.14390", "2009-09-30": "-6.73810", "2009-06-30": "-6.64640", "2009-03-31": "-7.28900", "2008-12-31": "-6.09370", "2008-09-30": "-4.96650", "2008-06-30": "-9.68830", "2008-03-31": "-15.99680", "2007-12-31": "-7.98170", "2007-09-30": "-8.42110", "2007-06-30": "-7.03520", "2007-03-31": "-5.20000", "2006-12-31": "-11.78190", "2006-09-30": "-14.22830", "2006-06-30": "-9.13640", "2006-03-31": "-5.29880", "2005-12-31": "-6.24810", "2005-09-30": "-3.63550", "2005-06-30": "-23.60960", "2005-03-31": "-0.39340"}, "Book Value Per Share": {"2020-12-31": "27.89260", "2020-09-30": "26.16530", "2020-06-30": "24.46110", "2020-03-31": "23.67230", "2019-12-31": "23.20540", "2019-09-30": "21.91600", "2019-06-30": "22.09620", "2019-03-31": "20.76300", "2018-12-31": "18.89850", "2018-09-30": "17.60630", "2018-06-30": "16.11910", "2018-03-31": "15.53860", "2017-12-31": "14.28630", "2017-09-30": "13.68490", "2017-06-30": "12.86370", "2017-03-31": "10.35130", "2016-12-31": "9.59320", "2016-09-30": "9.19470", "2016-06-30": "8.77340", "2016-03-31": "8.65750", "2015-12-31": "8.14220", "2015-09-30": "7.80570", "2015-06-30": "7.33120", "2015-03-31": "7.05340", "2014-12-31": "4.76440", "2014-09-30": "4.32600", "2014-06-30": "4.22020", "2014-03-31": "4.21770", "2013-12-31": "4.03500", "2013-09-30": "3.81980", "2013-06-30": "3.62210", "2013-03-31": "3.55120", "2012-12-31": "3.49910", "2012-09-30": "3.54740", "2012-06-30": "3.30460", "2012-03-31": "3.21590", "2011-12-31": "3.02200", "2011-09-30": "2.88900", "2011-06-30": "2.88710", "2011-03-31": "2.77790", "2010-12-31": "2.67290", "2010-09-30": "2.70050", "2010-06-30": "2.61330", "2010-03-31": "2.88400", "2009-12-31": "2.93840", "2009-09-30": "3.03960", "2009-06-30": "3.12580", "2009-03-31": "3.16150", "2008-12-31": "3.44380", "2008-09-30": "3.48110", "2008-06-30": "2.79290", "2008-03-31": "2.85630", "2007-12-31": "3.18960", "2007-09-30": "3.42670", "2007-06-30": "3.62580", "2007-03-31": "3.78660", "2006-12-31": "2.13270", "2006-09-30": "2.28360", "2006-06-30": "2.52700", "2006-03-31": "2.62540", "2005-12-31": "2.71880", "2005-09-30": "2.90190", "2005-06-30": "2.99190", "2005-03-31": "2.54450"}, "Operating Cash Flow Per Share": {"2020-12-31": 1.729, "2020-09-30": 1.6893, "2020-06-30": "0.69720", "2020-03-31": 1.8768, "2019-12-31": 1.9717, "2019-09-30": 1.6229, "2019-06-30": "1.40220", "2019-03-31": 1.5239, "2018-12-31": 1.6182, "2018-09-30": 1.3125, "2018-06-30": "1.01000", "2018-03-31": 1.2314, "2017-12-31": 1.2296, "2017-09-30": 0.9428, "2017-06-30": "0.79580", "2017-03-31": 0.8386, "2016-12-31": 0.758, "2016-09-30": 0.3972, "2016-06-30": "0.58390", "2016-03-31": 0.5038, "2015-12-31": 0.5643, "2015-09-30": 0.3966, "2015-06-30": "0.24580", "2015-03-31": 0.4265, "2014-12-31": 0.3492, "2014-09-30": 0.1548, "2014-06-30": "0.07960", "2014-03-31": 0.2388, "2013-12-31": 0.2013, "2013-09-30": 0.1248, "2013-06-30": "-0.00090", "2013-03-31": 0.182, "2012-12-31": 0.1943, "2012-09-30": 0.1629, "2012-06-30": "0.10390", "2012-03-31": 0.1242, "2011-12-31": 0.1261, "2011-09-30": 0.0638, "2011-06-30": "-0.22360", "2011-03-31": 0.0039, "2010-12-31": 0.1578, "2010-09-30": -0.048, "2010-06-30": "-0.07140", "2010-03-31": -0.0018, "2009-12-31": -0.0029, "2009-09-30": -0.0673, "2009-06-30": "-0.12760", "2009-03-31": -0.0288, "2008-12-31": -0.0506, "2008-09-30": -0.0829, "2008-06-30": "-0.36250", "2008-03-31": -0.2332, "2007-12-31": -0.1831, "2007-09-30": -0.0776, "2007-06-30": "-0.39550", "2007-03-31": -0.2323, "2006-12-31": -0.1786, "2006-09-30": -0.1333, "2006-06-30": "-0.18650", "2006-03-31": -0.0202, "2005-12-31": -0.1103, "2005-09-30": -0.0962, "2005-06-30": "-0.13740", "2005-03-31": -0.2364}, "Free Cash Flow Per Share": {"2020-12-31": 1.5605, "2020-09-30": 1.4816, "2020-06-30": "0.47670", "2020-03-31": 1.6486, "2019-12-31": 1.7754, "2019-09-30": 1.3527, "2019-06-30": "1.13640", "2019-03-31": 1.3392, "2018-12-31": 1.4419, "2018-09-30": 1.0481, "2018-06-30": "0.68190", "2018-03-31": 0.9759, "2017-12-31": 0.6535, "2017-09-30": 0.771, "2017-06-30": "0.58080", "2017-03-31": 0.2466, "2016-12-31": 0.4556, "2016-09-30": 0.2756, "2016-06-30": "0.47100", "2016-03-31": 0.3323, "2015-12-31": 0.464, "2015-09-30": 0.3624, "2015-06-30": "0.20380", "2015-03-31": 0.3574, "2014-12-31": 0.3326, "2014-09-30": 0.1289, "2014-06-30": "0.07010", "2014-03-31": 0.2275, "2013-12-31": 0.1761, "2013-09-30": 0.1132, "2013-06-30": "-0.01920", "2013-03-31": 0.1636, "2012-12-31": 0.1825, "2012-09-30": 0.1353, "2012-06-30": "0.09260", "2012-03-31": 0.1288, "2011-12-31": 0.1069, "2011-09-30": 0.0472, "2011-06-30": "-0.23590", "2011-03-31": -0.0163, "2010-12-31": 0.1454, "2010-09-30": -0.0561, "2010-06-30": "-0.07920", "2010-03-31": -0.0126, "2009-12-31": -0.0027, "2009-09-30": -0.087, "2009-06-30": "-0.14620", "2009-03-31": -0.0641, "2008-12-31": -0.0819, "2008-09-30": -0.1042, "2008-06-30": "-0.38210", "2008-03-31": -0.2572, "2007-12-31": -0.2032, "2007-09-30": -0.1195, "2007-06-30": "-0.42530", "2007-03-31": -0.2425, "2006-12-31": -0.1977, "2006-09-30": -0.1534, "2006-06-30": "-0.22460", "2006-03-31": -0.0754, "2005-12-31": -0.132, "2005-09-30": -0.1044, "2005-06-30": "-0.16620", "2005-03-31": -0.2683}}, "revenue": {"ABIOMED Annual Revenue (Millions of US $)": {"2020": "$841", "2019": "$769", "2018": "$594", "2017": "$445", "2016": "$330", "2015": "$230", "2014": "$184", "2013": "$158", "2012": "$126", "2011": "$101", "2010": "$86", "2009": "$73", "2008": "$59", "2007": "$51", "2006": "$44", "2005": "$38"}, "ABIOMED Quarterly Revenue (Millions of US $)": {"2020-12-31": "$232", "2020-09-30": "$210", "2020-06-30": "$165", "2020-03-31": "$207", "2019-12-31": "$222", "2019-09-30": "$205", "2019-06-30": "$208", "2019-03-31": "$207", "2018-12-31": "$201", "2018-09-30": "$182", "2018-06-30": "$180", "2018-03-31": "$174", "2017-12-31": "$154", "2017-09-30": "$133", "2017-06-30": "$132", "2017-03-31": "$125", "2016-12-31": "$115", "2016-09-30": "$103", "2016-06-30": "$103", "2016-03-31": "$94", "2015-12-31": "$86", "2015-09-30": "$76", "2015-06-30": "$73", "2015-03-31": "$68", "2014-12-31": "$62", "2014-09-30": "$52", "2014-06-30": "$49", "2014-03-31": "$50", "2013-12-31": "$46", "2013-09-30": "$44", "2013-06-30": "$43", "2013-03-31": "$44", "2012-12-31": "$38", "2012-09-30": "$37", "2012-06-30": "$39", "2012-03-31": "$37", "2011-12-31": "$32", "2011-09-30": "$29", "2011-06-30": "$27", "2011-03-31": "$29", "2010-12-31": "$27", "2010-09-30": "$23", "2010-06-30": "$22", "2010-03-31": "$23", "2009-12-31": "$23", "2009-09-30": "$20", "2009-06-30": "$20", "2009-03-31": "$20", "2008-12-31": "$17", "2008-09-30": "$20", "2008-06-30": "$16", "2008-03-31": "$18", "2007-12-31": "$16", "2007-09-30": "$11", "2007-06-30": "$14", "2007-03-31": "$14", "2006-12-31": "$13", "2006-09-30": "$11", "2006-06-30": "$13", "2006-03-31": "$14", "2005-12-31": "$11", "2005-09-30": "$11", "2005-06-30": "$8", "2005-03-31": "$11"}}, "gross-profit": {"ABIOMED Annual Gross Profit (Millions of US $)": {"2020": "$690", "2019": "$640", "2018": "$495", "2017": "$375", "2016": "$279", "2015": "$190", "2014": "$146", "2013": "$127", "2012": "$102", "2011": "$79", "2010": "$63", "2009": "$53", "2008": "$44", "2007": "$39", "2006": "$32", "2005": "$29"}, "ABIOMED Quarterly Gross Profit (Millions of US $)": {"2020-12-31": "$191", "2020-09-30": "$171", "2020-06-30": "$129", "2020-03-31": "$167", "2019-12-31": "$182", "2019-09-30": "$170", "2019-06-30": "$171", "2019-03-31": "$172", "2018-12-31": "$167", "2018-09-30": "$152", "2018-06-30": "$149", "2018-03-31": "$144", "2017-12-31": "$129", "2017-09-30": "$111", "2017-06-30": "$111", "2017-03-31": "$105", "2016-12-31": "$96", "2016-09-30": "$86", "2016-06-30": "$88", "2016-03-31": "$79", "2015-12-31": "$73", "2015-09-30": "$64", "2015-06-30": "$63", "2015-03-31": "$57", "2014-12-31": "$52", "2014-09-30": "$42", "2014-06-30": "$39", "2014-03-31": "$40", "2013-12-31": "$37", "2013-09-30": "$35", "2013-06-30": "$34", "2013-03-31": "$35", "2012-12-31": "$30", "2012-09-30": "$30", "2012-06-30": "$31", "2012-03-31": "$31", "2011-12-31": "$26", "2011-09-30": "$24", "2011-06-30": "$21", "2011-03-31": "$23", "2010-12-31": "$22", "2010-09-30": "$18", "2010-06-30": "$17", "2010-03-31": "$17", "2009-12-31": "$17", "2009-09-30": "$15", "2009-06-30": "$15", "2009-03-31": "$14", "2008-12-31": "$13", "2008-09-30": "$15", "2008-06-30": "$11", "2008-03-31": "$13", "2007-12-31": "$12", "2007-09-30": "$8", "2007-06-30": "$11", "2007-03-31": "$11", "2006-12-31": "$10", "2006-09-30": "$8", "2006-06-30": "$10", "2006-03-31": "$10", "2005-12-31": "$7", "2005-09-30": "$8", "2005-06-30": "$6", "2005-03-31": "$8"}}, "operating-income": {"ABIOMED Annual Operating Income (Millions of US $)": {"2020": "$249", "2019": "$225", "2018": "$157", "2017": "$90", "2016": "$65", "2015": "$29", "2014": "$8", "2013": "$17", "2012": "$2", "2011": "$-11", "2010": "$-25", "2009": "$-30", "2008": "$-36", "2007": "$-29", "2006": "$-30", "2005": "$-3"}, "ABIOMED Quarterly Operating Income (Millions of US $)": {"2020-12-31": "$71", "2020-09-30": "$61", "2020-06-30": "$34", "2020-03-31": "$58", "2019-12-31": "$70", "2019-09-30": "$60", "2019-06-30": "$61", "2019-03-31": "$65", "2018-12-31": "$62", "2018-09-30": "$50", "2018-06-30": "$47", "2018-03-31": "$48", "2017-12-31": "$45", "2017-09-30": "$32", "2017-06-30": "$33", "2017-03-31": "$29", "2016-12-31": "$25", "2016-09-30": "$15", "2016-06-30": "$21", "2016-03-31": "$20", "2015-12-31": "$17", "2015-09-30": "$13", "2015-06-30": "$15", "2015-03-31": "$12", "2014-12-31": "$14", "2014-09-30": "$4", "2014-06-30": "$-2", "2014-03-31": "$4", "2013-12-31": "$5", "2013-09-30": "$1", "2013-06-30": "$-1", "2013-03-31": "$4", "2012-12-31": "$3", "2012-09-30": "$6", "2012-06-30": "$4", "2012-03-31": "$3", "2011-12-31": "$2", "2011-09-30": "$1", "2011-06-30": "$-4", "2011-03-31": "$-1", "2010-12-31": "$-1", "2010-09-30": "$-3", "2010-06-30": "$-6", "2010-03-31": "$-5", "2009-12-31": "$-5", "2009-09-30": "$-7", "2009-06-30": "$-7", "2009-03-31": "$-8", "2008-12-31": "$-6", "2008-09-30": "$-6", "2008-06-30": "$-9", "2008-03-31": "$-9", "2007-12-31": "$-9", "2007-09-30": "$-10", "2007-06-30": "$-9", "2007-03-31": "$-6", "2006-12-31": "$-7", "2006-09-30": "$-9", "2006-06-30": "$-6", "2006-03-31": "$-4", "2005-12-31": "$-5", "2005-09-30": "$-3", "2005-06-30": "$-19", "2005-03-31": "$-0"}}, "ebitda": {"ABIOMED Annual EBITDA (Millions of US $)": {"2020": "$270", "2019": "$239", "2018": "$168", "2017": "$96", "2016": "$68", "2015": "$31", "2014": "$11", "2013": "$19", "2012": "$6", "2011": "$-7", "2010": "$-20", "2009": "$-25", "2008": "$-30", "2007": "$-25", "2006": "$-27", "2005": "$-2"}, "ABIOMED Quarterly EBITDA (Millions of US $)": {"2020-12-31": "$77", "2020-09-30": "$67", "2020-06-30": "$40", "2020-03-31": "$64", "2019-12-31": "$76", "2019-09-30": "$65", "2019-06-30": "$65", "2019-03-31": "$70", "2018-12-31": "$66", "2018-09-30": "$54", "2018-06-30": "$50", "2018-03-31": "$50", "2017-12-31": "$48", "2017-09-30": "$35", "2017-06-30": "$36", "2017-03-31": "$31", "2016-12-31": "$27", "2016-09-30": "$16", "2016-06-30": "$23", "2016-03-31": "$21", "2015-12-31": "$18", "2015-09-30": "$14", "2015-06-30": "$16", "2015-03-31": "$13", "2014-12-31": "$14", "2014-09-30": "$5", "2014-06-30": "$-1", "2014-03-31": "$4", "2013-12-31": "$5", "2013-09-30": "$2", "2013-06-30": "$-1", "2013-03-31": "$5", "2012-12-31": "$4", "2012-09-30": "$7", "2012-06-30": "$4", "2012-03-31": "$4", "2011-12-31": "$3", "2011-09-30": "$2", "2011-06-30": "$-3", "2011-03-31": "$-0", "2010-12-31": "$0", "2010-09-30": "$-2", "2010-06-30": "$-5", "2010-03-31": "$-4", "2009-12-31": "$-4", "2009-09-30": "$-6", "2009-06-30": "$-6", "2009-03-31": "$-7", "2008-12-31": "$-5", "2008-09-30": "$-5", "2008-06-30": "$-8", "2008-03-31": "$-7", "2007-12-31": "$-7", "2007-09-30": "$-9", "2007-06-30": "$-8", "2007-03-31": "$-5", "2006-12-31": "$-6", "2006-09-30": "$-8", "2006-06-30": "$-6", "2006-03-31": "$-3", "2005-12-31": "$-4", "2005-09-30": "$-2", "2005-06-30": "$-18", "2005-03-31": "$0"}}, "net-income": {"ABIOMED Annual Net Income (Millions of US $)": {"2020": "$203", "2019": "$259", "2018": "$112", "2017": "$52", "2016": "$38", "2015": "$114", "2014": "$7", "2013": "$15", "2012": "$1", "2011": "$-12", "2010": "$-19", "2009": "$-32", "2008": "$-41", "2007": "$-28", "2006": "$-29", "2005": "$-2"}, "ABIOMED Quarterly Net Income (Millions of US $)": {"2020-12-31": "$62", "2020-09-30": "$62", "2020-06-30": "$45", "2020-03-31": "$32", "2019-12-31": "$69", "2019-09-30": "$13", "2019-06-30": "$89", "2019-03-31": "$74", "2018-12-31": "$45", "2018-09-30": "$50", "2018-06-30": "$90", "2018-03-31": "$37", "2017-12-31": "$13", "2017-09-30": "$25", "2017-06-30": "$37", "2017-03-31": "$15", "2016-12-31": "$15", "2016-09-30": "$9", "2016-06-30": "$13", "2016-03-31": "$11", "2015-12-31": "$11", "2015-09-30": "$8", "2015-06-30": "$9", "2015-03-31": "$99", "2014-12-31": "$13", "2014-09-30": "$4", "2014-06-30": "$-2", "2014-03-31": "$4", "2013-12-31": "$4", "2013-09-30": "$1", "2013-06-30": "$-2", "2013-03-31": "$4", "2012-12-31": "$3", "2012-09-30": "$5", "2012-06-30": "$3", "2012-03-31": "$3", "2011-12-31": "$3", "2011-09-30": "$1", "2011-06-30": "$-5", "2011-03-31": "$-2", "2010-12-31": "$-1", "2010-09-30": "$-3", "2010-06-30": "$-6", "2010-03-31": "$1", "2009-12-31": "$-5", "2009-09-30": "$-8", "2009-06-30": "$-8", "2009-03-31": "$-8", "2008-12-31": "$-8", "2008-09-30": "$-6", "2008-06-30": "$-9", "2008-03-31": "$-15", "2007-12-31": "$-8", "2007-09-30": "$-9", "2007-06-30": "$-8", "2007-03-31": "$-6", "2006-12-31": "$-7", "2006-09-30": "$-9", "2006-06-30": "$-6", "2006-03-31": "$-4", "2005-12-31": "$-4", "2005-09-30": "$-3", "2005-06-30": "$-19", "2005-03-31": "$-0"}}, "eps-earnings-per-share-diluted": {"ABIOMED Annual EPS": {"2020": "$4.43", "2019": "$5.61", "2018": "$2.45", "2017": "$1.17", "2016": "$0.85", "2015": "$2.65", "2014": "$0.18", "2013": "$0.37", "2012": "$0.04", "2011": "$-0.32", "2010": "$-0.52", "2009": "$-0.91", "2008": "$-1.26", "2007": "$-1.03", "2006": "$-1.15", "2005": "$-0.11"}, "ABIOMED Quarterly EPS": {"2020-12-31": "$1.35", "2020-09-30": "$1.36", "2020-06-30": "$0.98", "2020-03-31": "$0.71", "2019-12-31": "$1.51", "2019-09-30": "$0.28", "2019-06-30": "$1.93", "2019-03-31": "$1.60", "2018-12-31": "$0.97", "2018-09-30": "$1.09", "2018-06-30": "$1.95", "2018-03-31": "$0.80", "2017-12-31": "$0.29", "2017-09-30": "$0.54", "2017-06-30": "$0.82", "2017-03-31": "$0.34", "2016-12-31": "$0.34", "2016-09-30": "$0.20", "2016-06-30": "$0.29", "2016-03-31": "$0.25", "2015-12-31": "$0.23", "2015-09-30": "$0.17", "2015-06-30": "$0.20", "2015-03-31": "$2.30", "2014-12-31": "$0.30", "2014-09-30": "$0.09", "2014-06-30": "$-0.04", "2014-03-31": "$0.08", "2013-12-31": "$0.11", "2013-09-30": "$0.03", "2013-06-30": "$-0.04", "2013-03-31": "$0.09", "2012-12-31": "$0.07", "2012-09-30": "$0.13", "2012-06-30": "$0.08", "2012-03-31": "$0.07", "2011-12-31": "$0.07", "2011-09-30": "$0.02", "2011-06-30": "$-0.12", "2011-03-31": "$-0.05", "2010-12-31": "$-0.02", "2010-09-30": "$-0.09", "2010-06-30": "$-0.16", "2010-03-31": "$0.02", "2009-12-31": "$-0.12", "2009-09-30": "$-0.21", "2009-06-30": "$-0.21", "2009-03-31": "$-0.24", "2008-12-31": "$-0.21", "2008-09-30": "$-0.18", "2008-06-30": "$-0.28", "2008-03-31": "$-0.45", "2007-12-31": "$-0.26", "2007-09-30": "$-0.29", "2007-06-30": "$-0.26", "2007-03-31": "$-0.22", "2006-12-31": "$-0.25", "2006-09-30": "$-0.33", "2006-06-30": "$-0.23", "2006-03-31": "$-0.10", "2005-12-31": "$-0.17", "2005-09-30": "$-0.11", "2005-06-30": "$-0.77", "2005-03-31": "$-0.01"}}, "shares-outstanding": {"ABIOMED Annual Shares Outstanding (Millions of Shares)": {"2020": "46", "2019": "46", "2018": "46", "2017": "45", "2016": "45", "2015": "43", "2014": "42", "2013": "41", "2012": "40", "2011": "37", "2010": "37", "2009": "35", "2008": "32", "2007": "27", "2006": "26", "2005": "22"}, "ABIOMED Quarterly Shares Outstanding (Millions of Shares)": {"2020-12-31": "46", "2020-09-30": "46", "2020-06-30": "46", "2020-03-31": "46", "2019-12-31": "46", "2019-09-30": "46", "2019-06-30": "46", "2019-03-31": "46", "2018-12-31": "46", "2018-09-30": "46", "2018-06-30": "46", "2018-03-31": "46", "2017-12-31": "46", "2017-09-30": "46", "2017-06-30": "46", "2017-03-31": "45", "2016-12-31": "45", "2016-09-30": "45", "2016-06-30": "45", "2016-03-31": "45", "2015-12-31": "45", "2015-09-30": "45", "2015-06-30": "44", "2015-03-31": "43", "2014-12-31": "43", "2014-09-30": "42", "2014-06-30": "40", "2014-03-31": "42", "2013-12-31": "42", "2013-09-30": "41", "2013-06-30": "39", "2013-03-31": "41", "2012-12-31": "41", "2012-09-30": "42", "2012-06-30": "42", "2012-03-31": "40", "2011-12-31": "40", "2011-09-30": "39", "2011-06-30": "38", "2011-03-31": "37", "2010-12-31": "37", "2010-09-30": "37", "2010-06-30": "37", "2010-03-31": "37", "2009-12-31": "37", "2009-09-30": "37", "2009-06-30": "37", "2009-03-31": "35", "2008-12-31": "36", "2008-09-30": "34", "2008-06-30": "33", "2008-03-31": "32", "2007-12-31": "32", "2007-09-30": "32", "2007-06-30": "32", "2007-03-31": "27", "2006-12-31": "27", "2006-09-30": "27", "2006-06-30": "26", "2006-03-31": "26", "2005-12-31": "26", "2005-09-30": "26", "2005-06-30": "24", "2005-03-31": "22"}}, "total-assets": {"ABIOMED Annual Total Assets (Millions of US $)": {"2020": "$1,216", "2019": "$1,054", "2018": "$786", "2017": "$550", "2016": "$424", "2015": "$338", "2014": "$205", "2013": "$170", "2012": "$154", "2011": "$132", "2010": "$130", "2009": "$136", "2008": "$118", "2007": "$136", "2006": "$79", "2005": "$61"}, "ABIOMED Quarterly Total Assets (Millions of US $)": {"2020-12-31": "$1,428", "2020-09-30": "$1,328", "2020-06-30": "$1,250", "2020-03-31": "$1,216", "2019-12-31": "$1,197", "2019-09-30": "$1,124", "2019-06-30": "$1,125", "2019-03-31": "$1,054", "2018-12-31": "$957", "2018-09-30": "$887", "2018-06-30": "$812", "2018-03-31": "$786", "2017-12-31": "$720", "2017-09-30": "$695", "2017-06-30": "$652", "2017-03-31": "$550", "2016-12-31": "$501", "2016-09-30": "$475", "2016-06-30": "$429", "2016-03-31": "$424", "2015-12-31": "$392", "2015-09-30": "$373", "2015-06-30": "$352", "2015-03-31": "$338", "2014-12-31": "$241", "2014-09-30": "$216", "2014-06-30": "$206", "2014-03-31": "$205", "2013-12-31": "$193", "2013-09-30": "$181", "2013-06-30": "$170", "2013-03-31": "$170", "2012-12-31": "$165", "2012-09-30": "$166", "2012-06-30": "$155", "2012-03-31": "$154", "2011-12-31": "$141", "2011-09-30": "$132", "2011-06-30": "$131", "2011-03-31": "$132", "2010-12-31": "$124", "2010-09-30": "$123", "2010-06-30": "$118", "2010-03-31": "$130", "2009-12-31": "$130", "2009-09-30": "$133", "2009-06-30": "$136", "2009-03-31": "$136", "2008-12-31": "$142", "2008-09-30": "$147", "2008-06-30": "$115", "2008-03-31": "$118", "2007-12-31": "$126", "2007-09-30": "$127", "2007-06-30": "$130", "2007-03-31": "$136", "2006-12-31": "$75", "2006-09-30": "$71", "2006-06-30": "$75", "2006-03-31": "$79", "2005-12-31": "$82", "2005-09-30": "$83", "2005-06-30": "$86", "2005-03-31": "$61"}}, "cash-on-hand": {"ABIOMED Annual Cash on Hand (Millions of US $)": {"2020": "$443", "2019": "$492", "2018": "$362", "2017": "$230", "2016": "$212", "2015": "$132", "2014": "$77", "2013": "$77", "2012": "$77", "2011": "$60", "2010": "$58", "2009": "$57", "2008": "$38", "2007": "$75", "2006": "$31", "2005": "$42"}, "ABIOMED Quarterly Cash on Hand (Millions of US $)": {"2020-12-31": "$486", "2020-09-30": "$533", "2020-06-30": "$427", "2020-03-31": "$443", "2019-12-31": "$428", "2019-09-30": "$445", "2019-06-30": "$487", "2019-03-31": "$492", "2018-12-31": "$458", "2018-09-30": "$410", "2018-06-30": "$361", "2018-03-31": "$362", "2017-12-31": "$301", "2017-09-30": "$263", "2017-06-30": "$251", "2017-03-31": "$230", "2016-12-31": "$241", "2016-09-30": "$233", "2016-06-30": "$223", "2016-03-31": "$212", "2015-12-31": "$196", "2015-09-30": "$176", "2015-06-30": "$155", "2015-03-31": "$132", "2014-12-31": "$113", "2014-09-30": "$95", "2014-06-30": "$87", "2014-03-31": "$77", "2013-12-31": "$80", "2013-09-30": "$71", "2013-06-30": "$67", "2013-03-31": "$77", "2012-12-31": "$86", "2012-09-30": "$89", "2012-06-30": "$81", "2012-03-31": "$77", "2011-12-31": "$70", "2011-09-30": "$61", "2011-06-30": "$59", "2011-03-31": "$60", "2010-12-31": "$59", "2010-09-30": "$54", "2010-06-30": "$55", "2010-03-31": "$58", "2009-12-31": "$52", "2009-09-30": "$52", "2009-06-30": "$52", "2009-03-31": "$57", "2008-12-31": "$64", "2008-09-30": "$66", "2008-06-30": "$28", "2008-03-31": "$38", "2007-12-31": "$50", "2007-09-30": "$60", "2007-06-30": "$63", "2007-03-31": "$75", "2006-12-31": "$17", "2006-09-30": "$22", "2006-06-30": "$25", "2006-03-31": "$31", "2005-12-31": "$32", "2005-09-30": "$36", "2005-06-30": "$39", "2005-03-31": "$42"}}, "long-term-debt": {"ABIOMED Annual Long Term Debt (Millions of US $)": {"2020": "$", "2019": "$", "2018": "$", "2017": "$16", "2016": "$", "2015": "$", "2014": "$", "2013": "$", "2012": "$", "2011": "$", "2010": "$", "2009": "$", "2008": "$", "2007": "$", "2006": "$", "2005": "$"}, "ABIOMED Quarterly Long Term Debt (Millions of US $)": {"2020-12-31": "", "2020-09-30": "", "2020-06-30": "", "2020-03-31": "", "2019-12-31": "", "2019-09-30": "", "2019-06-30": "", "2019-03-31": "", "2018-12-31": "", "2018-09-30": "", "2018-06-30": "", "2018-03-31": "", "2017-12-31": "", "2017-09-30": "$15", "2017-06-30": "$15", "2017-03-31": "$16", "2016-12-31": "$16", "2016-09-30": "$16", "2016-06-30": "", "2016-03-31": "", "2015-12-31": "", "2015-09-30": "", "2015-06-30": "", "2015-03-31": "", "2014-12-31": "", "2014-09-30": "", "2014-06-30": "", "2014-03-31": "", "2013-12-31": "", "2013-09-30": "", "2013-06-30": "", "2013-03-31": "", "2012-12-31": "", "2012-09-30": "", "2012-06-30": "", "2012-03-31": "", "2011-12-31": "", "2011-09-30": "", "2011-06-30": "", "2011-03-31": "", "2010-12-31": "", "2010-09-30": "", "2010-06-30": "", "2010-03-31": "", "2009-12-31": "", "2009-09-30": "", "2009-06-30": "", "2009-03-31": "", "2008-12-31": "", "2008-09-30": "", "2008-06-30": "", "2008-03-31": "", "2007-12-31": "", "2007-09-30": "", "2007-06-30": "", "2007-03-31": "", "2006-12-31": "", "2006-09-30": "", "2006-06-30": "", "2006-03-31": "", "2005-12-31": "", "2005-09-30": "", "2005-06-30": "", "2005-03-31": ""}}, "total-liabilities": {"ABIOMED Annual Total Liabilities (Millions of US $)": {"2020": "$151", "2019": "$117", "2018": "$97", "2017": "$98", "2016": "$55", "2015": "$47", "2014": "$37", "2013": "$33", "2012": "$28", "2011": "$27", "2010": "$22", "2009": "$20", "2008": "$24", "2007": "$14", "2006": "$9", "2005": "$5"}, "ABIOMED Quarterly Total Liabilities (Millions of US $)": {"2020-12-31": "$167", "2020-09-30": "$146", "2020-06-30": "$148", "2020-03-31": "$151", "2019-12-31": "$150", "2019-09-30": "$133", "2019-06-30": "$122", "2019-03-31": "$117", "2018-12-31": "$106", "2018-09-30": "$94", "2018-06-30": "$89", "2018-03-31": "$97", "2017-12-31": "$87", "2017-09-30": "$90", "2017-06-30": "$85", "2017-03-31": "$98", "2016-12-31": "$84", "2016-09-30": "$76", "2016-06-30": "$52", "2016-03-31": "$55", "2015-12-31": "$46", "2015-09-30": "$42", "2015-06-30": "$44", "2015-03-31": "$47", "2014-12-31": "$45", "2014-09-30": "$40", "2014-06-30": "$36", "2014-03-31": "$37", "2013-12-31": "$33", "2013-09-30": "$30", "2013-06-30": "$29", "2013-03-31": "$33", "2012-12-31": "$29", "2012-09-30": "$25", "2012-06-30": "$24", "2012-03-31": "$28", "2011-12-31": "$23", "2011-09-30": "$20", "2011-06-30": "$20", "2011-03-31": "$27", "2010-12-31": "$23", "2010-09-30": "$21", "2010-06-30": "$20", "2010-03-31": "$22", "2009-12-31": "$20", "2009-09-30": "$19", "2009-06-30": "$19", "2009-03-31": "$20", "2008-12-31": "$16", "2008-09-30": "$19", "2008-06-30": "$21", "2008-03-31": "$24", "2007-12-31": "$22", "2007-09-30": "$15", "2007-06-30": "$12", "2007-03-31": "$14", "2006-12-31": "$17", "2006-09-30": "$10", "2006-06-30": "$8", "2006-03-31": "$9", "2005-12-31": "$10", "2005-09-30": "$6", "2005-06-30": "$7", "2005-03-31": "$5"}}, "total-share-holder-equity": {"ABIOMED Annual Share Holder Equity (Millions of US $)": {"2020": "$1,065", "2019": "$937", "2018": "$690", "2017": "$452", "2016": "$369", "2015": "$292", "2014": "$168", "2013": "$137", "2012": "$126", "2011": "$105", "2010": "$108", "2009": "$116", "2008": "$94", "2007": "$122", "2006": "$69", "2005": "$56"}, "ABIOMED Quarterly Share Holder Equity (Millions of US $)": {"2020-12-31": "$1,261", "2020-09-30": "$1,182", "2020-06-30": "$1,102", "2020-03-31": "$1,065", "2019-12-31": "$1,047", "2019-09-30": "$991", "2019-06-30": "$1,003", "2019-03-31": "$937", "2018-12-31": "$852", "2018-09-30": "$793", "2018-06-30": "$723", "2018-03-31": "$690", "2017-12-31": "$632", "2017-09-30": "$605", "2017-06-30": "$567", "2017-03-31": "$452", "2016-12-31": "$417", "2016-09-30": "$398", "2016-06-30": "$377", "2016-03-31": "$369", "2015-12-31": "$346", "2015-09-30": "$331", "2015-06-30": "$308", "2015-03-31": "$292", "2014-12-31": "$196", "2014-09-30": "$176", "2014-06-30": "$170", "2014-03-31": "$168", "2013-12-31": "$160", "2013-09-30": "$151", "2013-06-30": "$141", "2013-03-31": "$137", "2012-12-31": "$136", "2012-09-30": "$141", "2012-06-30": "$131", "2012-03-31": "$126", "2011-12-31": "$118", "2011-09-30": "$111", "2011-06-30": "$111", "2011-03-31": "$105", "2010-12-31": "$101", "2010-09-30": "$102", "2010-06-30": "$99", "2010-03-31": "$108", "2009-12-31": "$110", "2009-09-30": "$114", "2009-06-30": "$117", "2009-03-31": "$116", "2008-12-31": "$126", "2008-09-30": "$127", "2008-06-30": "$94", "2008-03-31": "$94", "2007-12-31": "$104", "2007-09-30": "$111", "2007-06-30": "$118", "2007-03-31": "$122", "2006-12-31": "$57", "2006-09-30": "$61", "2006-06-30": "$67", "2006-03-31": "$69", "2005-12-31": "$72", "2005-09-30": "$76", "2005-06-30": "$78", "2005-03-31": "$56"}}, "profit-margins": {"current": "24.66%"}, "gross margin": {"2020-12-31": "80.84%", "2020-09-30": "80.72%", "2020-06-30": "81.10%", "2020-03-31": "81.95%", "2019-12-31": "82.54%", "2019-09-30": "82.83%", "2019-06-30": "82.96%", "2019-03-31": "83.12%", "2018-12-31": "83.04%", "2018-09-30": "83.19%", "2018-06-30": "83.15%", "2018-03-31": "83.47%", "2017-12-31": "83.82%", "2017-09-30": "83.76%", "2017-06-30": "83.79%", "2017-03-31": "84.08%", "2016-12-31": "84.10%", "2016-09-30": "84.46%", "2016-06-30": "84.68%", "2016-03-31": "84.80%", "2015-12-31": "84.82%", "2015-09-30": "84.59%", "2015-06-30": "83.92%", "2015-03-31": "82.25%", "2014-12-31": "81.22%", "2014-09-30": "80.20%", "2014-06-30": "79.89%", "2014-03-31": "79.78%", "2013-12-31": "79.66%", "2013-09-30": "79.29%", "2013-06-30": "79.63%", "2013-03-31": "79.75%", "2012-12-31": "80.79%", "2012-09-30": "81.38%", "2012-06-30": "81.75%", "2012-03-31": "81.60%", "2011-12-31": "80.34%", "2011-09-30": "80.36%", "2011-06-30": "79.25%", "2011-03-31": "79.21%", "2010-12-31": "77.89%", "2010-09-30": "75.82%", "2010-06-30": "75.00%", "2010-03-31": "74.42%", "2009-12-31": "73.49%", "2009-09-30": "74.03%", "2009-06-30": "74.03%", "2009-03-31": "72.60%", "2008-12-31": "73.24%", "2008-09-30": "72.86%", "2008-06-30": "72.13%", "2008-03-31": "74.58%", "2007-12-31": "76.36%", "2007-09-30": "76.92%", "2007-06-30": "76.92%", "2007-03-31": "76.47%", "2006-12-31": "74.51%", "2006-09-30": "71.43%", "2006-06-30": "71.43%", "2006-03-31": "70.45%", "2005-12-31": "70.73%"}, "operating margin": {"2020-12-31": "27.52%", "2020-09-30": "27.74%", "2020-06-30": "27.78%", "2020-03-31": "29.57%", "2019-12-31": "30.40%", "2019-09-30": "30.21%", "2019-06-30": "29.82%", "2019-03-31": "29.09%", "2018-12-31": "28.09%", "2018-09-30": "27.54%", "2018-06-30": "26.83%", "2018-03-31": "26.64%", "2017-12-31": "25.55%", "2017-09-30": "23.56%", "2017-06-30": "21.47%", "2017-03-31": "20.18%", "2016-12-31": "19.52%", "2016-09-30": "18.91%", "2016-06-30": "19.78%", "2016-03-31": "19.76%", "2015-12-31": "18.81%", "2015-09-30": "19.35%", "2015-06-30": "17.65%", "2015-03-31": "12.12%", "2014-12-31": "9.39%", "2014-09-30": "5.58%", "2014-06-30": "4.23%", "2014-03-31": "4.92%", "2013-12-31": "5.08%", "2013-09-30": "4.14%", "2013-06-30": "7.41%", "2013-03-31": "10.76%", "2012-12-31": "10.60%", "2012-09-30": "10.34%", "2012-06-30": "7.30%", "2012-03-31": "1.60%", "2011-12-31": "-1.71%", "2011-09-30": "-4.46%", "2011-06-30": "-8.49%", "2011-03-31": "-10.89%", "2010-12-31": "-15.79%", "2010-09-30": "-20.88%", "2010-06-30": "-26.14%", "2010-03-31": "-27.91%", "2009-12-31": "-32.53%", "2009-09-30": "-36.36%", "2009-06-30": "-35.06%", "2009-03-31": "-39.73%", "2008-12-31": "-42.25%", "2008-09-30": "-47.14%", "2008-06-30": "-60.66%", "2008-03-31": "-62.71%", "2007-12-31": "-61.82%", "2007-09-30": "-61.54%", "2007-06-30": "-59.62%", "2007-03-31": "-54.90%", "2006-12-31": "-50.98%", "2006-09-30": "-48.98%", "2006-06-30": "-36.73%", "2006-03-31": "-70.45%", "2005-12-31": "-65.85%"}, "ebitda margin": {"2020-12-31": "30.47%", "2020-09-30": "30.72%", "2020-06-30": "30.66%", "2020-03-31": "32.07%", "2019-12-31": "32.78%", "2019-09-30": "32.40%", "2019-06-30": "31.95%", "2019-03-31": "31.17%", "2018-12-31": "29.85%", "2018-09-30": "29.28%", "2018-06-30": "28.55%", "2018-03-31": "28.50%", "2017-12-31": "27.57%", "2017-09-30": "25.54%", "2017-06-30": "23.16%", "2017-03-31": "21.75%", "2016-12-31": "20.96%", "2016-09-30": "20.21%", "2016-06-30": "21.17%", "2016-03-31": "20.97%", "2015-12-31": "20.13%", "2015-09-30": "20.43%", "2015-06-30": "18.82%", "2015-03-31": "13.42%", "2014-12-31": "10.33%", "2014-09-30": "6.60%", "2014-06-30": "5.29%", "2014-03-31": "5.46%", "2013-12-31": "6.21%", "2013-09-30": "5.92%", "2013-06-30": "9.26%", "2013-03-31": "12.66%", "2012-12-31": "12.58%", "2012-09-30": "12.41%", "2012-06-30": "9.49%", "2012-03-31": "4.80%", "2011-12-31": "1.71%", "2011-09-30": "-0.89%", "2011-06-30": "-4.72%", "2011-03-31": "-6.93%", "2010-12-31": "-11.58%", "2010-09-30": "-16.48%", "2010-06-30": "-21.59%", "2010-03-31": "-23.26%", "2009-12-31": "-27.71%", "2009-09-30": "-31.17%", "2009-06-30": "-29.87%", "2009-03-31": "-34.25%", "2008-12-31": "-35.21%", "2008-09-30": "-38.57%", "2008-06-30": "-50.82%", "2008-03-31": "-52.54%", "2007-12-31": "-52.73%", "2007-09-30": "-53.85%", "2007-06-30": "-51.92%", "2007-03-31": "-49.02%", "2006-12-31": "-45.10%", "2006-09-30": "-42.86%", "2006-06-30": "-30.61%", "2006-03-31": "-61.36%", "2005-12-31": "-58.54%"}, "pre tax profit margin": {"2020-12-31": "31.20%", "2020-09-30": "33.58%", "2020-06-30": "26.78%", "2020-03-31": "30.40%", "2019-12-31": "37.53%", "2019-09-30": "34.59%", "2019-06-30": "39.97%", "2019-03-31": "34.29%", "2018-12-31": "29.04%", "2018-09-30": "28.26%", "2018-06-30": "27.30%", "2018-03-31": "27.15%", "2017-12-31": "25.92%", "2017-09-30": "23.96%", "2017-06-30": "21.89%", "2017-03-31": "20.40%", "2016-12-31": "19.76%", "2016-09-30": "18.91%", "2016-06-30": "19.78%", "2016-03-31": "19.76%", "2015-12-31": "18.81%", "2015-09-30": "19.35%", "2015-06-30": "17.65%", "2015-03-31": "12.55%", "2014-12-31": "9.86%", "2014-09-30": "6.09%", "2014-06-30": "4.76%", "2014-03-31": "4.92%", "2013-12-31": "5.08%", "2013-09-30": "4.14%", "2013-06-30": "7.41%", "2013-03-31": "10.76%", "2012-12-31": "10.60%", "2012-09-30": "11.03%", "2012-06-30": "8.03%", "2012-03-31": "2.40%", "2011-12-31": "-1.71%", "2011-09-30": "-5.36%", "2011-06-30": "-9.43%", "2011-03-31": "-11.88%", "2010-12-31": "-9.47%", "2010-09-30": "-14.29%", "2010-06-30": "-19.32%", "2010-03-31": "-22.09%", "2009-12-31": "-33.73%", "2009-09-30": "-40.26%", "2009-06-30": "-38.96%", "2009-03-31": "-42.47%", "2008-12-31": "-53.52%", "2008-09-30": "-54.29%", "2008-06-30": "-67.21%", "2008-03-31": "-67.80%", "2007-12-31": "-56.36%", "2007-09-30": "-57.69%", "2007-06-30": "-57.69%", "2007-03-31": "-54.90%", "2006-12-31": "-50.98%", "2006-09-30": "-46.94%", "2006-06-30": "-34.69%", "2006-03-31": "-68.18%", "2005-12-31": "-63.41%"}, "net profit margin": {"2020-12-31": "24.69%", "2020-09-30": "25.87%", "2020-06-30": "19.90%", "2020-03-31": "24.11%", "2019-12-31": "29.10%", "2019-09-30": "26.92%", "2019-06-30": "32.33%", "2019-03-31": "33.64%", "2018-12-31": "30.12%", "2018-09-30": "27.54%", "2018-06-30": "25.74%", "2018-03-31": "18.89%", "2017-12-31": "16.54%", "2017-09-30": "18.22%", "2017-06-30": "16.00%", "2017-03-31": "11.66%", "2016-12-31": "11.57%", "2016-09-30": "11.40%", "2016-06-30": "11.98%", "2016-03-31": "11.85%", "2015-12-31": "41.91%", "2015-09-30": "46.24%", "2015-06-30": "49.02%", "2015-03-31": "49.35%", "2014-12-31": "8.92%", "2014-09-30": "5.08%", "2014-06-30": "3.70%", "2014-03-31": "3.83%", "2013-12-31": "3.95%", "2013-09-30": "3.55%", "2013-06-30": "6.17%", "2013-03-31": "9.49%", "2012-12-31": "9.27%", "2012-09-30": "9.66%", "2012-06-30": "7.30%", "2012-03-31": "1.60%", "2011-12-31": "-2.56%", "2011-09-30": "-6.25%", "2011-06-30": "-10.38%", "2011-03-31": "-11.88%", "2010-12-31": "-9.47%", "2010-09-30": "-14.29%", "2010-06-30": "-20.45%", "2010-03-31": "-23.26%", "2009-12-31": "-34.94%", "2009-09-30": "-41.56%", "2009-06-30": "-38.96%", "2009-03-31": "-42.47%", "2008-12-31": "-53.52%", "2008-09-30": "-54.29%", "2008-06-30": "-67.21%", "2008-03-31": "-67.80%", "2007-12-31": "-56.36%", "2007-09-30": "-57.69%", "2007-06-30": "-57.69%", "2007-03-31": "-54.90%", "2006-12-31": "-50.98%", "2006-09-30": "-46.94%", "2006-06-30": "-34.69%", "2006-03-31": "-68.18%", "2005-12-31": "-63.41%"}, "pe ratio": {"current": "86.30", "2021-02-11": "73.56", "2020-12-31": "73.85", "2020-09-30": "60.89", "2020-06-30": "69.61", "2020-03-31": "32.84", "2019-12-31": "32.07", "2019-09-30": "37.22", "2019-06-30": "46.60", "2019-03-31": "50.91", "2018-12-31": "67.58", "2018-09-30": "108.90", "2018-06-30": "114.26", "2018-03-31": "118.77", "2017-12-31": "94.65", "2017-09-30": "83.05", "2017-06-30": "84.79", "2017-03-31": "107.93", "2016-12-31": "105.31", "2016-09-30": "133.94", "2016-06-30": "117.52", "2016-03-31": "112.87", "2015-12-31": "31.79", "2015-09-30": "31.88", "2015-06-30": "23.23", "2015-03-31": "27.64", "2014-12-31": "86.50", "2014-09-30": "99.32", "2014-06-30": "132.32", "2014-03-31": "137.05", "2013-12-31": "140.74", "2013-09-30": "127.07", "2013-06-30": "86.24", "2013-03-31": "50.46", "2012-12-31": "39.53", "2012-09-30": "61.74", "2012-06-30": "99.22", "2012-03-31": "739.67", "2011-12-31": "0.00", "2011-09-30": "0.00", "2011-06-30": "0.00", "2011-03-31": "0.00", "2010-12-31": "0.00", "2010-09-30": "0.00", "2010-06-30": "0.00", "2010-03-31": "0.00", "2009-12-31": "0.00", "2009-09-30": "0.00", "2009-06-30": "0.00", "2009-03-31": "0.00", "2008-12-31": "0.00", "2008-09-30": "0.00", "2008-06-30": "0.00", "2008-03-31": "0.00", "2007-12-31": "0.00", "2007-09-30": "0.00", "2007-06-30": "0.00", "2007-03-31": "0.00", "2006-12-31": "0.00"}, "price sales": {"2021-02-11": "18.15", "2020-12-31": "18.22", "2020-09-30": "15.77", "2020-06-30": "13.85", "2020-03-31": "7.92", "2019-12-31": "9.32", "2019-09-30": "9.99", "2019-06-30": "15.08", "2019-03-31": "17.13", "2018-12-31": "20.33", "2018-09-30": "29.98", "2018-06-30": "29.28", "2018-03-31": "22.43", "2017-12-31": "15.67", "2017-09-30": "15.10", "2017-06-30": "13.56", "2017-03-31": "12.59", "2016-12-31": "12.19", "2016-09-30": "14.97", "2016-06-30": "13.69", "2016-03-31": "12.89", "2015-12-31": "13.20", "2015-09-30": "14.55", "2015-06-30": "11.13", "2015-03-31": "13.09", "2014-12-31": "7.45", "2014-09-30": "5.21", "2014-06-30": "5.45", "2014-03-31": "5.79", "2013-12-31": "6.15", "2013-09-30": "4.56", "2013-06-30": "5.39", "2013-03-31": "4.87", "2012-12-31": "3.64", "2012-09-30": "5.90", "2012-06-30": "6.69", "2012-03-31": "6.95", "2011-12-31": "6.09", "2011-09-30": "3.72", "2011-06-30": "5.70", "2011-03-31": "5.34", "2010-12-31": "3.73", "2010-09-30": "4.31", "2010-06-30": "4.08", "2010-03-31": "4.44", "2009-12-31": "3.86", "2009-09-30": "4.56", "2009-06-30": "4.07", "2009-03-31": "2.31", "2008-12-31": "7.83", "2008-09-30": "8.41", "2008-06-30": "9.44", "2008-03-31": "7.23", "2007-12-31": "8.69", "2007-09-30": "6.99", "2007-06-30": "5.87", "2007-03-31": "7.21", "2006-12-31": "7.34"}, "price book": {"current": "11.64", "2021-02-11": "11.58", "2020-12-31": "11.62", "2020-09-30": "10.59", "2020-06-30": "9.88", "2020-03-31": "6.13", "2019-12-31": "7.35", "2019-09-30": "8.12", "2019-06-30": "11.79", "2019-03-31": "13.75", "2018-12-31": "17.20", "2018-09-30": "25.54", "2018-06-30": "25.38", "2018-03-31": "18.73", "2017-12-31": "13.12", "2017-09-30": "12.32", "2017-06-30": "11.14", "2017-03-31": "12.10", "2016-12-31": "11.75", "2016-09-30": "13.98", "2016-06-30": "12.46", "2016-03-31": "10.95", "2015-12-31": "11.09", "2015-09-30": "11.88", "2015-06-30": "8.97", "2015-03-31": "10.15", "2014-12-31": "7.99", "2014-09-30": "5.74", "2014-06-30": "5.96", "2014-03-31": "6.17", "2013-12-31": "6.63", "2013-09-30": "4.99", "2013-06-30": "5.95", "2013-03-31": "5.26", "2012-12-31": "3.84", "2012-09-30": "5.92", "2012-06-30": "6.91", "2012-03-31": "6.90", "2011-12-31": "6.11", "2011-09-30": "3.82", "2011-06-30": "5.61", "2011-03-31": "5.23", "2010-12-31": "3.60", "2010-09-30": "3.93", "2010-06-30": "3.70", "2010-03-31": "3.58", "2009-12-31": "2.97", "2009-09-30": "3.19", "2009-06-30": "2.82", "2009-03-31": "1.55", "2008-12-31": "4.77", "2008-09-30": "5.10", "2008-06-30": "6.36", "2008-03-31": "4.60", "2007-12-31": "4.87", "2007-09-30": "3.63", "2007-06-30": "2.97", "2007-03-31": "3.61", "2006-12-31": "6.61", "2006-09-30": "6.47", "2006-06-30": "5.13", "2006-03-31": "4.91"}, "price fcf": {"2021-02-11": "", "2020-12-31": "$5.17", "2020-09-30": "$5.38", "2020-06-30": "$5.25", "2020-03-31": "$5.91", "2019-12-31": "$5.60", "2019-09-30": "$5.27", "2019-06-30": "$4.97", "2019-03-31": "$4.51", "2018-12-31": "$4.15", "2018-09-30": "$3.36", "2018-06-30": "$3.08", "2018-03-31": "$2.98", "2017-12-31": "$2.25", "2017-09-30": "$2.05", "2017-06-30": "$1.56", "2017-03-31": "$1.45", "2016-12-31": "$1.53", "2016-09-30": "$1.54", "2016-06-30": "$1.63", "2016-03-31": "$1.36", "2015-12-31": "$1.39", "2015-09-30": "$1.26", "2015-06-30": "$1.02", "2015-03-31": "$0.89", "2014-12-31": "$0.76", "2014-09-30": "$0.60", "2014-06-30": "$0.59", "2014-03-31": "$0.50", "2013-12-31": "$0.43", "2013-09-30": "$0.44", "2013-06-30": "$0.46", "2013-03-31": "$0.57", "2012-12-31": "$0.54", "2012-09-30": "$0.46", "2012-06-30": "$0.38", "2012-03-31": "$0.05", "2011-12-31": "$-0.10", "2011-09-30": "$-0.06", "2011-06-30": "$-0.16", "2011-03-31": "$-0.01", "2010-12-31": "$-0.00", "2010-09-30": "$-0.15", "2010-06-30": "$-0.18", "2010-03-31": "$-0.25", "2009-12-31": "$-0.30", "2009-09-30": "$-0.38", "2009-06-30": "$-0.40", "2009-03-31": "$-0.63", "2008-12-31": "$-0.83", "2008-09-30": "$-0.95", "2008-06-30": "$-0.96", "2008-03-31": "$-1.01", "2007-12-31": "$-0.99", "2007-09-30": "$-0.99", "2007-06-30": "$-1.02", "2007-03-31": "$-0.82", "2006-12-31": "$-1.05"}, "net worth": {"value": "$14.68B"}, "current ratio": {"current": "5.76", "2020-12-31": "5.76", "2020-09-30": "6.81", "2020-06-30": "5.61", "2020-03-31": "4.82", "2019-12-31": "5.04", "2019-09-30": "5.77", "2019-06-30": "6.76", "2019-03-31": "6.39", "2018-12-31": "6.76", "2018-09-30": "6.85", "2018-06-30": "6.49", "2018-03-31": "5.84", "2017-12-31": "5.60", "2017-09-30": "5.84", "2017-06-30": "5.95", "2017-03-31": "4.70", "2016-12-31": "5.66", "2016-09-30": "6.16", "2016-06-30": "6.95", "2016-03-31": "6.20", "2015-12-31": "7.48", "2015-09-30": "7.70", "2015-06-30": "6.73", "2015-03-31": "4.71", "2014-12-31": "5.11", "2014-09-30": "4.99", "2014-06-30": "4.39", "2014-03-31": "3.88", "2013-12-31": "4.53", "2013-09-30": "4.60", "2013-06-30": "4.62", "2013-03-31": "4.31", "2012-12-31": "5.24", "2012-09-30": "6.30", "2012-06-30": "5.95", "2012-03-31": "4.93", "2011-12-31": "5.49", "2011-09-30": "5.63", "2011-06-30": "5.46", "2011-03-31": "3.79", "2010-12-31": "4.22", "2010-09-30": "4.51", "2010-06-30": "4.81", "2010-03-31": "4.58", "2009-12-31": "4.73", "2009-09-30": "5.01", "2009-06-30": "5.09", "2009-03-31": "5.03", "2008-12-31": "7.08", "2008-09-30": "7.09", "2008-06-30": "4.04", "2008-03-31": "3.67", "2007-12-31": "4.62", "2007-09-30": "6.66", "2007-06-30": "8.81", "2007-03-31": "7.47", "2006-12-31": "3.18", "2006-09-30": "3.97", "2006-06-30": "5.73", "2006-03-31": "5.31", "2005-12-31": "7.39", "2005-09-30": "8.21", "2005-06-30": "7.33", "2005-03-31": "11.31"}, "quick ratio": {"2020-12-31": "5.08", "2020-09-30": "6.02", "2020-06-30": "4.81", "2020-03-31": "4.14", "2019-12-31": "4.32", "2019-09-30": "4.96", "2019-06-30": "5.89", "2019-03-31": "5.63", "2018-12-31": "5.99", "2018-09-30": "6.07", "2018-06-30": "5.76", "2018-03-31": "5.24", "2017-12-31": "4.98", "2017-09-30": "5.20", "2017-06-30": "5.32", "2017-03-31": "4.20", "2016-12-31": "5.12", "2016-09-30": "5.55", "2016-06-30": "6.28", "2016-03-31": "5.62", "2015-12-31": "6.80", "2015-09-30": "7.04", "2015-06-30": "6.14", "2015-03-31": "4.28", "2014-12-31": "4.62", "2014-09-30": "4.49", "2014-06-30": "3.91", "2014-03-31": "3.42", "2013-12-31": "3.97", "2013-09-30": "3.95", "2013-06-30": "3.91", "2013-03-31": "3.76", "2012-12-31": "4.60", "2012-09-30": "5.56", "2012-06-30": "5.30", "2012-03-31": "4.43", "2011-12-31": "4.94", "2011-09-30": "5.04", "2011-06-30": "4.88", "2011-03-31": "3.46", "2010-12-31": "3.86", "2010-09-30": "4.10", "2010-06-30": "4.34", "2010-03-31": "4.07", "2009-12-31": "3.98", "2009-09-30": "4.14", "2009-06-30": "4.18", "2009-03-31": "4.19", "2008-12-31": "5.78", "2008-09-30": "5.77", "2008-06-30": "2.79", "2008-03-31": "2.78", "2007-12-31": "3.67", "2007-09-30": "5.51", "2007-06-30": "7.74", "2007-03-31": "6.81", "2006-12-31": "2.56", "2006-09-30": "3.39", "2006-06-30": "5.14", "2006-03-31": "4.76", "2005-12-31": "6.45", "2005-09-30": "7.24", "2005-06-30": "6.56", "2005-03-31": "10.52"}, "debt equity ratio": {"current": "0.00", "2020-12-31": "0.13", "2020-09-30": "0.12", "2020-06-30": "0.13", "2020-03-31": "0.14", "2019-12-31": "0.14", "2019-09-30": "0.13", "2019-06-30": "0.12", "2019-03-31": "0.13", "2018-12-31": "0.12", "2018-09-30": "0.12", "2018-06-30": "0.12", "2018-03-31": "0.14", "2017-12-31": "0.14", "2017-09-30": "0.15", "2017-06-30": "0.15", "2017-03-31": "0.22", "2016-12-31": "0.20", "2016-09-30": "0.19", "2016-06-30": "0.14", "2016-03-31": "0.15", "2015-12-31": "0.13", "2015-09-30": "0.13", "2015-06-30": "0.14", "2015-03-31": "0.16", "2014-12-31": "0.23", "2014-09-30": "0.23", "2014-06-30": "0.21", "2014-03-31": "0.22", "2013-12-31": "0.21", "2013-09-30": "0.20", "2013-06-30": "0.21", "2013-03-31": "0.24", "2012-12-31": "0.21", "2012-09-30": "0.18", "2012-06-30": "0.19", "2012-03-31": "0.22", "2011-12-31": "0.19", "2011-09-30": "0.18", "2011-06-30": "0.18", "2011-03-31": "0.26", "2010-12-31": "0.23", "2010-09-30": "0.21", "2010-06-30": "0.20", "2010-03-31": "0.20", "2009-12-31": "0.18", "2009-09-30": "0.17", "2009-06-30": "0.16", "2009-03-31": "0.17", "2008-12-31": "0.13", "2008-09-30": "0.15", "2008-06-30": "0.22", "2008-03-31": "0.26", "2007-12-31": "0.21", "2007-09-30": "0.14", "2007-06-30": "0.10", "2007-03-31": "0.12", "2006-12-31": "0.31", "2006-09-30": "0.17", "2006-06-30": "0.11", "2006-03-31": "0.13", "2005-12-31": "0.14", "2005-09-30": "0.08", "2005-06-30": "0.09", "2005-03-31": "0.09"}, "return on equity": {"2020-12-31": "17.44%", "2020-09-30": "18.93%", "2020-06-30": "15.12%", "2020-03-31": "19.78%", "2019-12-31": "24.64%", "2019-09-30": "23.37%", "2019-06-30": "28.79%", "2019-03-31": "31.35%", "2018-12-31": "29.04%", "2018-09-30": "26.78%", "2018-06-30": "24.91%", "2018-03-31": "17.96%", "2017-12-31": "15.96%", "2017-09-30": "18.03%", "2017-06-30": "16.58%", "2017-03-31": "12.65%", "2016-12-31": "12.30%", "2016-09-30": "11.81%", "2016-06-30": "12.09%", "2016-03-31": "11.52%", "2015-12-31": "39.78%", "2015-09-30": "45.79%", "2015-06-30": "51.44%", "2015-03-31": "54.68%", "2014-12-31": "10.70%", "2014-09-30": "5.93%", "2014-06-30": "4.31%", "2014-03-31": "4.52%", "2013-12-31": "4.75%", "2013-09-30": "4.25%", "2013-06-30": "7.21%", "2013-03-31": "11.01%", "2012-12-31": "10.49%", "2012-09-30": "10.85%", "2012-06-30": "8.23%", "2012-03-31": "1.72%", "2011-12-31": "-2.70%", "2011-09-30": "-6.54%", "2011-06-30": "-10.50%", "2011-03-31": "-11.79%", "2010-12-31": "-8.78%", "2010-09-30": "-12.41%", "2010-06-30": "-16.71%", "2010-03-31": "-17.82%", "2009-12-31": "-25.38%", "2009-09-30": "-27.06%", "2009-06-30": "-24.69%", "2009-03-31": "-26.78%", "2008-12-31": "-34.47%", "2008-09-30": "-36.28%", "2008-06-30": "-40.69%", "2008-03-31": "-37.47%", "2007-12-31": "-27.25%", "2007-09-30": "-29.41%", "2007-06-30": "-33.52%", "2007-03-31": "-36.48%", "2006-12-31": "-40.94%", "2006-09-30": "-34.20%", "2006-06-30": "-23.94%", "2006-03-31": "-40.68%", "2005-12-31": "-36.88%"}, "return on assets": {"2020-12-31": "15.40%", "2020-09-30": "16.67%", "2020-06-30": "13.29%", "2020-03-31": "17.42%", "2019-12-31": "21.78%", "2019-09-30": "20.75%", "2019-06-30": "25.65%", "2019-03-31": "27.92%", "2018-12-31": "25.80%", "2018-09-30": "23.71%", "2018-06-30": "21.91%", "2018-03-31": "15.70%", "2017-12-31": "13.76%", "2017-09-30": "15.35%", "2017-06-30": "13.96%", "2017-03-31": "10.64%", "2016-12-31": "10.50%", "2016-09-30": "10.23%", "2016-06-30": "10.63%", "2016-03-31": "10.12%", "2015-12-31": "34.91%", "2015-09-30": "39.57%", "2015-06-30": "43.59%", "2015-03-31": "45.55%", "2014-12-31": "8.76%", "2014-09-30": "4.88%", "2014-06-30": "3.57%", "2014-03-31": "3.74%", "2013-12-31": "3.92%", "2013-09-30": "3.50%", "2013-06-30": "5.96%", "2013-03-31": "9.15%", "2012-12-31": "8.75%", "2012-09-30": "9.09%", "2012-06-30": "6.87%", "2012-03-31": "1.43%", "2011-12-31": "-2.24%", "2011-09-30": "-5.39%", "2011-06-30": "-8.63%", "2011-03-31": "-9.66%", "2010-12-31": "-7.27%", "2010-09-30": "-10.38%", "2010-06-30": "-14.09%", "2010-03-31": "-15.12%", "2009-12-31": "-21.68%", "2009-09-30": "-23.40%", "2009-06-30": "-21.39%", "2009-03-31": "-22.96%", "2008-12-31": "-29.12%", "2008-09-30": "-30.04%", "2008-06-30": "-33.74%", "2008-03-31": "-31.94%", "2007-12-31": "-23.89%", "2007-09-30": "-25.64%", "2007-06-30": "-29.13%", "2007-03-31": "-31.37%", "2006-12-31": "-34.67%", "2006-09-30": "-29.97%", "2006-06-30": "-21.32%", "2006-03-31": "-36.36%", "2005-12-31": "-33.33%"}, "return on investments": {"2020-12-31": "inf%", "2020-09-30": "inf%", "2020-06-30": "inf%", "2020-03-31": "inf%", "2019-12-31": "inf%", "2019-09-30": "inf%", "2019-06-30": "inf%", "2019-03-31": "inf%", "2018-12-31": "inf%", "2018-09-30": "inf%", "2018-06-30": "110.97%", "2018-03-31": "52.58%", "2017-12-31": "33.29%", "2017-09-30": "22.63%", "2017-06-30": "21.51%", "2017-03-31": "27.38%", "2016-12-31": "38.25%", "2016-09-30": "70.53%", "2016-06-30": "inf%", "2016-03-31": "inf%", "2015-12-31": "inf%", "2015-09-30": "inf%", "2015-06-30": "inf%", "2015-03-31": "inf%", "2014-12-31": "inf%", "2014-09-30": "inf%", "2014-06-30": "inf%", "2014-03-31": "inf%", "2013-12-31": "inf%", "2013-09-30": "inf%", "2013-06-30": "inf%", "2013-03-31": "inf%", "2012-12-31": "inf%", "2012-09-30": "inf%", "2012-06-30": "inf%", "2012-03-31": "inf%", "2011-12-31": "inf%", "2011-09-30": "inf%", "2011-06-30": "inf%", "2011-03-31": "inf%", "2010-12-31": "inf%", "2010-09-30": "inf%", "2010-06-30": "inf%", "2010-03-31": "inf%", "2009-12-31": "inf%", "2009-09-30": "inf%", "2009-06-30": "inf%", "2009-03-31": "inf%", "2008-12-31": "inf%", "2008-09-30": "inf%", "2008-06-30": "inf%", "2008-03-31": "inf%", "2007-12-31": "inf%", "2007-09-30": "inf%", "2007-06-30": "inf%", "2007-03-31": "inf%", "2006-12-31": "inf%", "2006-09-30": "inf%", "2006-06-30": "inf%", "2006-03-31": "inf%", "2005-12-31": "inf%"}, "return on tangible equity": {"2020-12-31": "18.76%", "2020-09-30": "19.99%", "2020-06-30": "15.83%", "2020-03-31": "20.49%", "2019-12-31": "25.47%", "2019-09-30": "24.21%", "2019-06-30": "29.90%", "2019-03-31": "32.68%", "2018-12-31": "30.41%", "2018-09-30": "28.15%", "2018-06-30": "26.27%", "2018-03-31": "19.01%", "2017-12-31": "16.95%", "2017-09-30": "19.24%", "2017-06-30": "17.80%", "2017-03-31": "13.69%", "2016-12-31": "13.39%", "2016-09-30": "12.93%", "2016-06-30": "13.30%", "2016-03-31": "12.75%", "2015-12-31": "44.25%", "2015-09-30": "51.91%", "2015-06-30": "59.88%", "2015-03-31": "65.90%", "2014-12-31": "13.52%", "2014-09-30": "7.63%", "2014-06-30": "5.62%", "2014-03-31": "5.96%", "2013-12-31": "6.33%", "2013-09-30": "5.71%", "2013-06-30": "9.71%", "2013-03-31": "14.89%", "2012-12-31": "14.36%", "2012-09-30": "15.05%", "2012-06-30": "11.76%", "2012-03-31": "2.55%", "2011-12-31": "-4.15%", "2011-09-30": "-10.37%", "2011-06-30": "-16.99%", "2011-03-31": "-19.05%", "2010-12-31": "-14.06%", "2010-09-30": "-20.00%", "2010-06-30": "-26.87%", "2010-03-31": "-28.67%", "2009-12-31": "-39.86%", "2009-09-30": "-40.89%", "2009-06-30": "-36.14%", "2009-03-31": "-40.13%", "2008-12-31": "-53.52%", "2008-09-30": "-57.79%", "2008-06-30": "-65.60%", "2008-03-31": "-56.54%", "2007-12-31": "-39.24%", "2007-09-30": "-44.28%", "2007-06-30": "-52.63%", "2007-03-31": "-61.20%", "2006-12-31": "-75.91%", "2006-09-30": "-59.35%", "2006-06-30": "-39.77%", "2006-03-31": "-65.93%", "2005-12-31": "-53.06%"}, "dividend yield history": {"last payout": "$0.00", "last yield": "0.00%"}}