{"ticker": "ABT", "price": {"title": "Abbott Laboratories Historical Annual Stock Price Data", "value": 126.84, "historical": {"2021": {"Average Stock Price": "116.1929", "Year Open": "109.1100", "Year High": "126.8400", "Year Low": "108.8400", "Year Close": "126.8400", "Annual % Change": "15.85%"}, "2020": {"Average Stock Price": "96.1008", "Year Open": "86.9500", "Year High": "114.4200", "Year Low": "62.8200", "Year Close": "109.4900", "Annual % Change": "26.05%"}, "2019": {"Average Stock Price": "80.5399", "Year Open": "69.5000", "Year High": "88.7400", "Year Low": "66.2200", "Year Close": "86.8600", "Annual % Change": "20.09%"}, "2018": {"Average Stock Price": "64.2198", "Year Open": "58.7900", "Year High": "74.2700", "Year Low": "56.2700", "Year Close": "72.3300", "Annual % Change": "26.74%"}, "2017": {"Average Stock Price": "48.5437", "Year Open": "39.0500", "Year High": "57.4700", "Year Low": "39.0500", "Year Close": "57.0700", "Annual % Change": "48.58%"}, "2016": {"Average Stock Price": "40.4946", "Year Open": "42.9300", "Year High": "45.2900", "Year Low": "36.3400", "Year Close": "38.4100", "Annual % Change": "-14.47%"}, "2015": {"Average Stock Price": "46.3063", "Year Open": "44.9000", "Year High": "51.2000", "Year Low": "39.0600", "Year Close": "44.9100", "Annual % Change": "-0.24%"}, "2014": {"Average Stock Price": "40.9545", "Year Open": "38.2300", "Year High": "46.3700", "Year Low": "35.8500", "Year Close": "45.0200", "Annual % Change": "17.45%"}, "2013": {"Average Stock Price": "35.6540", "Year Open": "32.0500", "Year High": "38.7100", "Year Low": "32.0500", "Year Close": "38.3300", "Annual % Change": "-41.48%"}, "2012": {"Average Stock Price": "62.7592", "Year Open": "56.7200", "Year High": "72.1300", "Year Low": "54.1500", "Year Close": "65.5000", "Annual % Change": "16.49%"}, "2011": {"Average Stock Price": "51.0656", "Year Open": "47.8200", "Year High": "56.3300", "Year Low": "45.1600", "Year Close": "56.2300", "Annual % Change": "17.37%"}, "2010": {"Average Stock Price": "50.7320", "Year Open": "54.4600", "Year High": "56.2400", "Year Low": "45.8600", "Year Close": "47.9100", "Annual % Change": "-11.26%"}, "2009": {"Average Stock Price": "48.4288", "Year Open": "53.5600", "Year High": "57.2500", "Year Low": "41.5200", "Year Close": "53.9900", "Annual % Change": "1.16%"}, "2008": {"Average Stock Price": "55.1625", "Year Open": "55.8100", "Year High": "60.5000", "Year Low": "49.4500", "Year Close": "53.3700", "Annual % Change": "-4.95%"}, "2007": {"Average Stock Price": "54.4193", "Year Open": "48.9700", "Year High": "59.4300", "Year Low": "48.9700", "Year Close": "56.1500", "Annual % Change": "15.27%"}, "2006": {"Average Stock Price": "45.0284", "Year Open": "39.5500", "Year High": "49.4800", "Year Low": "39.5500", "Year Close": "48.7100", "Annual % Change": "23.54%"}, "2005": {"Average Stock Price": "45.3700", "Year Open": "46.6700", "Year High": "49.9900", "Year Low": "37.6300", "Year Close": "39.4300", "Annual % Change": "-15.48%"}, "2004": {"Average Stock Price": "42.3562", "Year Open": "46.7500", "Year High": "46.9900", "Year Low": "38.3600", "Year Close": "46.6500", "Annual % Change": "0.11%"}, "2003": {"Average Stock Price": "41.2709", "Year Open": "40.0500", "Year High": "47.1500", "Year Low": "34.3800", "Year Close": "46.6000", "Annual % Change": "16.50%"}, "2002": {"Average Stock Price": "45.8684", "Year Open": "55.8400", "Year High": "57.7000", "Year Low": "31.0000", "Year Close": "40.0000", "Annual % Change": "-28.25%"}, "2001": {"Average Stock Price": "50.0663", "Year Open": "48.1300", "Year High": "56.7700", "Year Low": "42.0600", "Year Close": "55.7500", "Annual % Change": "15.09%"}, "2000": {"Average Stock Price": "41.6982", "Year Open": "35.0000", "Year High": "55.7500", "Year Low": "29.6300", "Year Close": "48.4400", "Annual % Change": "33.41%"}, "1999": {"Average Stock Price": "43.6333", "Year Open": "48.7500", "Year High": "52.9400", "Year Low": "33.3100", "Year Close": "36.3100", "Annual % Change": "-25.90%"}, "1998": {"Average Stock Price": "40.9077", "Year Open": "33.7200", "Year High": "49.7500", "Year Low": "33.3450", "Year Close": "49.0000", "Annual % Change": "49.62%"}, "1997": {"Average Stock Price": "30.8148", "Year Open": "25.1900", "Year High": "34.3150", "Year Low": "25.1900", "Year Close": "32.7500", "Annual % Change": "29.06%"}, "1996": {"Average Stock Price": "22.6483", "Year Open": "20.8750", "Year High": "28.3750", "Year Low": "19.3750", "Year Close": "25.3750", "Annual % Change": "21.91%"}, "1995": {"Average Stock Price": "19.2416", "Year Open": "16.3150", "Year High": "22.3150", "Year Low": "15.6250", "Year Close": "20.8150", "Annual % Change": "27.58%"}, "1994": {"Average Stock Price": "14.8357", "Year Open": "14.4400", "Year High": "16.8150", "Year Low": "13.0650", "Year Close": "16.3150", "Annual % Change": "10.12%"}, "1993": {"Average Stock Price": "13.4211", "Year Open": "15.1900", "Year High": "15.1900", "Year Low": "11.5000", "Year Close": "14.8150", "Annual % Change": "-2.47%"}, "1992": {"Average Stock Price": "15.3475", "Year Open": "16.8125", "Year High": "17.0300", "Year Low": "13.5000", "Year Close": "15.1900", "Annual % Change": "-11.78%"}, "1991": {"Average Stock Price": "13.0176", "Year Open": "10.8125", "Year High": "17.2175", "Year Low": "9.9375", "Year Close": "17.2175", "Annual % Change": "53.04%"}, "1990": {"Average Stock Price": "9.5320", "Year Open": "8.6563", "Year High": "11.3750", "Year Low": "7.8750", "Year Close": "11.2500", "Annual % Change": "32.35%"}, "1989": {"Average Stock Price": "7.3855", "Year Open": "5.9688", "Year High": "8.7663", "Year Low": "5.8288", "Year Close": "8.5000", "Annual % Change": "41.28%"}, "1988": {"Average Stock Price": "5.8545", "Year Open": "6.0788", "Year High": "6.5000", "Year Low": "5.3750", "Year Close": "6.0163", "Annual % Change": "-0.25%"}, "1987": {"Average Stock Price": "7.1870", "Year Open": "5.9375", "Year High": "8.3600", "Year Low": "5.3750", "Year Close": "6.0313", "Annual % Change": "5.74%"}, "1986": {"Average Stock Price": "5.4847", "Year Open": "4.2500", "Year High": "6.7963", "Year Low": "3.9844", "Year Close": "5.7038", "Annual % Change": "33.48%"}, "1985": {"Average Stock Price": "3.4075", "Year Open": "2.5394", "Year High": "4.3831", "Year Low": "2.5000", "Year Close": "4.2731", "Annual % Change": "63.76%"}, "1984": {"Average Stock Price": "2.6840", "Year Open": "2.8750", "Year High": "3.0000", "Year Low": "2.3750", "Year Close": "2.6094", "Annual % Change": "-7.73%"}}}, "market cap": {"value": "$221.81B"}, "income statement": {"Revenue": {"2020-12-31": "34608.00000", "2019-12-31": "31904.00000", "2018-12-31": "30578.00000", "2017-12-31": "27390.00000", "2016-12-31": "20853.00000", "2015-12-31": "20405.00000", "2014-12-31": "20247.00000", "2013-12-31": "19657.00000", "2012-12-31": "19050.00000", "2011-12-31": "21407.00000", "2010-12-31": "35166.72000", "2009-12-31": "30764.71000", "2008-12-31": "29527.55000", "2007-12-31": "25914.24000", "2006-12-31": "22476.32000", "2005-12-31": "22337.81000"}, "Cost Of Goods Sold": {"2020-12-31": "15003.00000", "2019-12-31": "13231.00000", "2018-12-31": "12706.00000", "2017-12-31": "12409.00000", "2016-12-31": "9094.00000", "2015-12-31": "8747.00000", "2014-12-31": "9218.00000", "2013-12-31": "9193.00000", "2012-12-31": "8899.00000", "2011-12-31": "10017.00000", "2010-12-31": "14665.19000", "2009-12-31": "13209.33000", "2008-12-31": "12612.02000", "2007-12-31": "11422.05000", "2006-12-31": "9815.14700", "2005-12-31": "10641.11000"}, "Gross Profit": {"2020-12-31": "19605.00000", "2019-12-31": "18673.00000", "2018-12-31": "17872.00000", "2017-12-31": "14981.00000", "2016-12-31": "11759.00000", "2015-12-31": "11658.00000", "2014-12-31": "11029.00000", "2013-12-31": "10464.00000", "2012-12-31": "10151.00000", "2011-12-31": "11390.00000", "2010-12-31": "20501.53000", "2009-12-31": "17555.38000", "2008-12-31": "16915.53000", "2007-12-31": "14492.19000", "2006-12-31": "12661.17000", "2005-12-31": "11696.70000"}, "Research And Development Expenses": {"2020-12-31": "2420.00000", "2019-12-31": "2440.00000", "2018-12-31": "2300.00000", "2017-12-31": "2260.00000", "2016-12-31": "1447.00000", "2015-12-31": "1405.00000", "2014-12-31": "1345.00000", "2013-12-31": "1371.00000", "2012-12-31": "1461.00000", "2011-12-31": "1512.00000", "2010-12-31": "3724.42400", "2009-12-31": "2743.73300", "2008-12-31": "2688.81100", "2007-12-31": "2505.64900", "2006-12-31": "2255.27100", "2005-12-31": "1821.17500"}, "SG&A Expenses": {"2020-12-31": "9696.00000", "2019-12-31": "9765.00000", "2018-12-31": "9744.00000", "2017-12-31": "9182.00000", "2016-12-31": "6736.00000", "2015-12-31": "6785.00000", "2014-12-31": "6530.00000", "2013-12-31": "6372.00000", "2012-12-31": "6735.00000", "2011-12-31": "7365.00000", "2010-12-31": "10376.32000", "2009-12-31": "8405.90400", "2008-12-31": "8435.62400", "2007-12-31": "7407.99800", "2006-12-31": "6349.68500", "2005-12-31": "5496.12300"}, "Other Operating Income Or Expenses": {"2020-12-31": "", "2019-12-31": "", "2018-12-31": "", "2017-12-31": "", "2016-12-31": "", "2015-12-31": "", "2014-12-31": "", "2013-12-31": "", "2012-12-31": "", "2011-12-31": "", "2010-12-31": "", "2009-12-31": "", "2008-12-31": "", "2007-12-31": "", "2006-12-31": "", "2005-12-31": ""}, "Operating Expenses": {"2020-12-31": "29251.00000", "2019-12-31": "27372.00000", "2018-12-31": "26928.00000", "2017-12-31": "25826.00000", "2016-12-31": "17827.00000", "2015-12-31": "17538.00000", "2014-12-31": "17648.00000", "2013-12-31": "17524.00000", "2012-12-31": "17690.00000", "2011-12-31": "19778.00000", "2010-12-31": "29079.14000", "2009-12-31": "24528.97000", "2008-12-31": "23833.71000", "2007-12-31": "21335.69000", "2006-12-31": "20434.10000", "2005-12-31": "17975.54000"}, "Operating Income": {"2020-12-31": "5357.00000", "2019-12-31": "4532.00000", "2018-12-31": "3650.00000", "2017-12-31": "1564.00000", "2016-12-31": "3026.00000", "2015-12-31": "2867.00000", "2014-12-31": "2599.00000", "2013-12-31": "2133.00000", "2012-12-31": "1360.00000", "2011-12-31": "1629.00000", "2010-12-31": "6087.58200", "2009-12-31": "6235.74000", "2008-12-31": "5693.83800", "2007-12-31": "4578.54500", "2006-12-31": "2042.21900", "2005-12-31": "4362.27000"}, "Total Non-Operating Income/Expense": {"2020-12-31": "-389.00000", "2019-12-31": "-455.00000", "2018-12-31": "-777.00000", "2017-12-31": "667.00000", "2016-12-31": "-1613.00000", "2015-12-31": "316.00000", "2014-12-31": "-81.00000", "2013-12-31": "-92.00000", "2012-12-31": "-1580.00000", "2011-12-31": "-393.00000", "2010-12-31": "-374.74700", "2009-12-31": "958.03300", "2008-12-31": "162.44700", "2007-12-31": "-108.89700", "2006-12-31": "234.15100", "2005-12-31": "257.65200"}, "Pre-Tax Income": {"2020-12-31": "4968.00000", "2019-12-31": "4077.00000", "2018-12-31": "2873.00000", "2017-12-31": "2231.00000", "2016-12-31": "1413.00000", "2015-12-31": "3183.00000", "2014-12-31": "2518.00000", "2013-12-31": "2041.00000", "2012-12-31": "-220.00000", "2011-12-31": "1236.00000", "2010-12-31": "5712.83400", "2009-12-31": "7193.77400", "2008-12-31": "5856.28600", "2007-12-31": "4469.64800", "2006-12-31": "2276.37000", "2005-12-31": "4619.92000"}, "Income Taxes": {"2020-12-31": "497.00000", "2019-12-31": "390.00000", "2018-12-31": "539.00000", "2017-12-31": "1878.00000", "2016-12-31": "350.00000", "2015-12-31": "577.00000", "2014-12-31": "797.00000", "2013-12-31": "53.00000", "2012-12-31": "-457.00000", "2011-12-31": "110.00000", "2010-12-31": "1086.66200", "2009-12-31": "1447.93600", "2008-12-31": "1122.07000", "2007-12-31": "863.33400", "2006-12-31": "559.61500", "2005-12-31": "1247.85500"}, "Income After Taxes": {"2020-12-31": "4471.00000", "2019-12-31": "3687.00000", "2018-12-31": "2334.00000", "2017-12-31": "353.00000", "2016-12-31": "1063.00000", "2015-12-31": "2606.00000", "2014-12-31": "1721.00000", "2013-12-31": "1988.00000", "2012-12-31": "237.00000", "2011-12-31": "1126.00000", "2010-12-31": "4626.17200", "2009-12-31": "5745.83800", "2008-12-31": "4734.21600", "2007-12-31": "3606.31400", "2006-12-31": "1716.75500", "2005-12-31": "3372.06500"}, "Other Income": {"2020-12-31": "", "2019-12-31": "", "2018-12-31": "", "2017-12-31": "", "2016-12-31": "", "2015-12-31": "", "2014-12-31": "", "2013-12-31": "", "2012-12-31": "", "2011-12-31": "", "2010-12-31": "", "2009-12-31": "", "2008-12-31": "", "2007-12-31": "", "2006-12-31": "", "2005-12-31": ""}, "Income From Continuous Operations": {"2020-12-31": "4471.00000", "2019-12-31": "3687.00000", "2018-12-31": "2334.00000", "2017-12-31": "353.00000", "2016-12-31": "1063.00000", "2015-12-31": "2606.00000", "2014-12-31": "1721.00000", "2013-12-31": "1988.00000", "2012-12-31": "237.00000", "2011-12-31": "1126.00000", "2010-12-31": "4626.17200", "2009-12-31": "5745.83800", "2008-12-31": "4734.21600", "2007-12-31": "3606.31400", "2006-12-31": "1716.75500", "2005-12-31": "3372.06500"}, "Income From Discontinued Operations": {"2020-12-31": "24.00000", "2019-12-31": "", "2018-12-31": "34.00000", "2017-12-31": "124.00000", "2016-12-31": "337.00000", "2015-12-31": "1817.00000", "2014-12-31": "563.00000", "2013-12-31": "588.00000", "2012-12-31": "5726.00000", "2011-12-31": "3602.00000", "2010-12-31": "", "2009-12-31": "", "2008-12-31": "146.50300", "2007-12-31": "", "2006-12-31": "", "2005-12-31": ""}, "Net Income": {"2020-12-31": "4495.00000", "2019-12-31": "3687.00000", "2018-12-31": "2368.00000", "2017-12-31": "477.00000", "2016-12-31": "1400.00000", "2015-12-31": "4423.00000", "2014-12-31": "2284.00000", "2013-12-31": "2576.00000", "2012-12-31": "5963.00000", "2011-12-31": "4728.00000", "2010-12-31": "4626.17200", "2009-12-31": "5745.83800", "2008-12-31": "4880.71900", "2007-12-31": "3606.31400", "2006-12-31": "1716.75500", "2005-12-31": "3372.06500"}, "EBITDA": {"2020-12-31": "5357.00000", "2019-12-31": "7546.00000", "2018-12-31": "6960.00000", "2017-12-31": "5497.00000", "2016-12-31": "4544.00000", "2015-12-31": "4339.00000", "2014-12-31": "4147.00000", "2013-12-31": "3852.00000", "2012-12-31": "4142.00000", "2011-12-31": "4673.00000", "2010-12-31": "8711.88700", "2009-12-31": "8325.25000", "2008-12-31": "7532.66700", "2007-12-31": "6433.43100", "2006-12-31": "3600.96900", "2005-12-31": "5721.20800"}, "EBIT": {"2020-12-31": "5357.00000", "2019-12-31": "4532.00000", "2018-12-31": "3650.00000", "2017-12-31": "1564.00000", "2016-12-31": "3026.00000", "2015-12-31": "2867.00000", "2014-12-31": "2599.00000", "2013-12-31": "2133.00000", "2012-12-31": "1360.00000", "2011-12-31": "1629.00000", "2010-12-31": "6087.58200", "2009-12-31": "6235.74000", "2008-12-31": "5693.83800", "2007-12-31": "4578.54500", "2006-12-31": "2042.21900", "2005-12-31": "4362.27000"}, "Basic Shares Outstanding": {"2020-12-31": "", "2019-12-31": "1768.00000", "2018-12-31": "1758.00000", "2017-12-31": "1740.00000", "2016-12-31": "1477.00000", "2015-12-31": "1496.00000", "2014-12-31": "1516.00000", "2013-12-31": "1558.00000", "2012-12-31": "1575.00000", "2011-12-31": "1557.00000", "2010-12-31": "1546.40000", "2009-12-31": "1546.98300", "2008-12-31": "1545.35500", "2007-12-31": "1543.08200", "2006-12-31": "1529.84800", "2005-12-31": "1552.45700"}, "Shares Outstanding": {"2020-12-31": "1786.00000", "2019-12-31": "1781.00000", "2018-12-31": "1770.00000", "2017-12-31": "1749.00000", "2016-12-31": "1483.00000", "2015-12-31": "1506.00000", "2014-12-31": "1527.00000", "2013-12-31": "1574.00000", "2012-12-31": "1592.00000", "2011-12-31": "1567.00000", "2010-12-31": "1556.02200", "2009-12-31": "1555.12600", "2008-12-31": "1560.75300", "2007-12-31": "1560.05700", "2006-12-31": "1536.72400", "2005-12-31": "1564.10300"}, "Basic EPS": {"2020-12-31": "", "2019-12-31": "2.07000", "2018-12-31": "1.34000", "2017-12-31": "0.27000", "2016-12-31": "0.94000", "2015-12-31": "2.94000", "2014-12-31": "1.50000", "2013-12-31": "1.64000", "2012-12-31": "3.76000", "2011-12-31": "3.03000", "2010-12-31": "2.98000", "2009-12-31": "3.71000", "2008-12-31": "3.16000", "2007-12-31": "2.34000", "2006-12-31": "1.12000", "2005-12-31": "2.17000"}, "EPS - Earnings Per Share": {"2020-12-31": "2.50000", "2019-12-31": "2.06000", "2018-12-31": "1.33000", "2017-12-31": "0.27000", "2016-12-31": "0.94000", "2015-12-31": "2.92000", "2014-12-31": "1.49000", "2013-12-31": "1.62000", "2012-12-31": "3.72000", "2011-12-31": "3.01000", "2010-12-31": "2.96000", "2009-12-31": "3.69000", "2008-12-31": "3.12000", "2007-12-31": "2.31000", "2006-12-31": "1.12000", "2005-12-31": "2.16000"}}, "income statement, quarterly": {"Revenue": {"2020-12-31": "10701.00000", "2020-09-30": "8853.00000", "2020-06-30": "7328.00000", "2020-03-31": "7726.00000", "2019-12-31": "8314.00000", "2019-09-30": "8076.00000", "2019-06-30": "7979.00000", "2019-03-31": "7535.00000", "2018-12-31": "7765.00000", "2018-09-30": "7656.00000", "2018-06-30": "7767.00000", "2018-03-31": "7390.00000", "2017-12-31": "7589.00000", "2017-09-30": "6829.00000", "2017-06-30": "6637.00000", "2017-03-31": "6335.00000", "2016-12-31": "5333.00000", "2016-09-30": "5302.00000", "2016-06-30": "5333.00000", "2016-03-31": "4885.00000", "2015-12-31": "5188.00000", "2015-09-30": "5150.00000", "2015-06-30": "5170.00000", "2015-03-31": "4897.00000", "2014-12-31": "5356.00000", "2014-09-30": "5079.00000", "2014-06-30": "5057.00000", "2014-03-31": "4755.00000", "2013-12-31": "4008.00000", "2013-09-30": "4825.00000", "2013-06-30": "5446.00000", "2013-03-31": "5378.00000", "2012-12-31": "3188.23100", "2012-09-30": "5264.78700", "2012-06-30": "5313.29700", "2012-03-31": "5283.68500", "2011-12-31": "10377.00000", "2011-09-30": "9816.66500", "2011-06-30": "9616.29100", "2011-03-31": "9040.85000", "2010-12-31": "9967.85200", "2010-09-30": "8674.50500", "2010-06-30": "8826.01400", "2010-03-31": "7698.35400", "2009-12-31": "8790.12700", "2009-09-30": "7761.33600", "2009-06-30": "7494.87600", "2009-03-31": "6718.36800", "2008-12-31": "7950.26800", "2008-09-30": "7497.66000", "2008-06-30": "7314.02100", "2008-03-31": "6765.60300", "2007-12-31": "7221.35000", "2007-09-30": "6376.70600", "2007-06-30": "6370.62000", "2007-03-31": "5945.56100", "2006-12-31": "6820.96400", "2006-09-30": "5573.77000", "2006-06-30": "5501.12400", "2006-03-31": "4580.46500", "2005-12-31": "6047.33300", "2005-09-30": "5383.99500", "2005-06-30": "5523.80000", "2005-03-31": "5382.67900"}, "Cost Of Goods Sold": {"2020-12-31": "4493.00000", "2020-09-30": "3966.00000", "2020-06-30": "3263.00000", "2020-03-31": "3281.00000", "2019-12-31": "3434.00000", "2019-09-30": "3358.00000", "2019-06-30": "3279.00000", "2019-03-31": "3160.00000", "2018-12-31": "3191.00000", "2018-09-30": "3166.00000", "2018-06-30": "3282.00000", "2018-03-31": "3067.00000", "2017-12-31": "3282.00000", "2017-09-30": "2876.00000", "2017-06-30": "3189.00000", "2017-03-31": "3062.00000", "2016-12-31": "2382.00000", "2016-09-30": "2285.00000", "2016-06-30": "2287.00000", "2016-03-31": "2140.00000", "2015-12-31": "2206.00000", "2015-09-30": "2242.00000", "2015-06-30": "2218.00000", "2015-03-31": "2081.00000", "2014-12-31": "2337.00000", "2014-09-30": "2319.00000", "2014-06-30": "2288.00000", "2014-03-31": "2274.00000", "2013-12-31": "1961.00000", "2013-09-30": "2255.00000", "2013-06-30": "2545.00000", "2013-03-31": "2432.00000", "2012-12-31": "1680.86700", "2012-09-30": "2488.91300", "2012-06-30": "2370.05600", "2012-03-31": "2359.16400", "2011-12-31": "3838.00000", "2011-09-30": "3973.25000", "2011-06-30": "3870.47200", "2011-03-31": "3858.98300", "2010-12-31": "4045.04100", "2010-09-30": "3741.11600", "2010-06-30": "3543.93200", "2010-03-31": "3335.10400", "2009-12-31": "3784.22400", "2009-09-30": "3360.18700", "2009-06-30": "3128.99800", "2009-03-31": "2935.92100", "2008-12-31": "3178.38100", "2008-09-30": "3352.86900", "2008-06-30": "3119.70000", "2008-03-31": "2961.07200", "2007-12-31": "3161.67800", "2007-09-30": "2864.03000", "2007-06-30": "2804.32600", "2007-03-31": "2592.01100", "2006-12-31": "3275.73300", "2006-09-30": "2391.21800", "2006-06-30": "2388.61300", "2006-03-31": "1759.58300", "2005-12-31": "2809.55700", "2005-09-30": "2677.18800", "2005-06-30": "2631.83500", "2005-03-31": "2522.53100"}, "Gross Profit": {"2020-12-31": "6208.00000", "2020-09-30": "4887.00000", "2020-06-30": "4065.00000", "2020-03-31": "4445.00000", "2019-12-31": "4880.00000", "2019-09-30": "4718.00000", "2019-06-30": "4700.00000", "2019-03-31": "4375.00000", "2018-12-31": "4574.00000", "2018-09-30": "4490.00000", "2018-06-30": "4485.00000", "2018-03-31": "4323.00000", "2017-12-31": "4307.00000", "2017-09-30": "3953.00000", "2017-06-30": "3448.00000", "2017-03-31": "3273.00000", "2016-12-31": "2951.00000", "2016-09-30": "3017.00000", "2016-06-30": "3046.00000", "2016-03-31": "2745.00000", "2015-12-31": "2982.00000", "2015-09-30": "2908.00000", "2015-06-30": "2952.00000", "2015-03-31": "2816.00000", "2014-12-31": "3019.00000", "2014-09-30": "2760.00000", "2014-06-30": "2769.00000", "2014-03-31": "2481.00000", "2013-12-31": "2047.00000", "2013-09-30": "2570.00000", "2013-06-30": "2901.00000", "2013-03-31": "2946.00000", "2012-12-31": "1507.36400", "2012-09-30": "2775.87400", "2012-06-30": "2943.24100", "2012-03-31": "2924.52100", "2011-12-31": "6539.00000", "2011-09-30": "5843.41500", "2011-06-30": "5745.81900", "2011-03-31": "5181.86700", "2010-12-31": "5922.81100", "2010-09-30": "4933.38900", "2010-06-30": "5282.08200", "2010-03-31": "4363.25000", "2009-12-31": "5005.90300", "2009-09-30": "4401.14900", "2009-06-30": "4365.87800", "2009-03-31": "3782.44700", "2008-12-31": "4771.88700", "2008-09-30": "4144.79100", "2008-06-30": "4194.32100", "2008-03-31": "3804.53100", "2007-12-31": "4059.67200", "2007-09-30": "3512.67600", "2007-06-30": "3566.29400", "2007-03-31": "3353.55000", "2006-12-31": "3545.23000", "2006-09-30": "3182.55200", "2006-06-30": "3112.51100", "2006-03-31": "2820.88200", "2005-12-31": "3237.77600", "2005-09-30": "2706.80700", "2005-06-30": "2891.96500", "2005-03-31": "2860.14800"}, "Research And Development Expenses": {"2020-12-31": "698.00000", "2020-09-30": "580.00000", "2020-06-30": "564.00000", "2020-03-31": "578.00000", "2019-12-31": "595.00000", "2019-09-30": "596.00000", "2019-06-30": "577.00000", "2019-03-31": "672.00000", "2018-12-31": "562.00000", "2018-09-30": "574.00000", "2018-06-30": "575.00000", "2018-03-31": "589.00000", "2017-12-31": "619.00000", "2017-09-30": "568.00000", "2017-06-30": "520.00000", "2017-03-31": "553.00000", "2016-12-31": "368.00000", "2016-09-30": "352.00000", "2016-06-30": "348.00000", "2016-03-31": "379.00000", "2015-12-31": "369.00000", "2015-09-30": "378.00000", "2015-06-30": "345.00000", "2015-03-31": "313.00000", "2014-12-31": "361.00000", "2014-09-30": "305.00000", "2014-06-30": "310.00000", "2014-03-31": "369.00000", "2013-12-31": "323.00000", "2013-09-30": "339.00000", "2013-06-30": "363.00000", "2013-03-31": "346.00000", "2012-12-31": "376.02800", "2012-09-30": "350.65300", "2012-06-30": "370.60500", "2012-03-31": "363.71400", "2011-12-31": "1152.00000", "2011-09-30": "1009.62700", "2011-06-30": "1037.78000", "2011-03-31": "930.40000", "2010-12-31": "1057.43200", "2010-09-30": "1078.92700", "2010-06-30": "857.69800", "2010-03-31": "730.36700", "2009-12-31": "747.04780", "2009-09-30": "675.73600", "2009-06-30": "670.20600", "2009-03-31": "650.74300", "2008-12-31": "731.63120", "2008-09-30": "680.36000", "2008-06-30": "656.86300", "2008-03-31": "619.95700", "2007-12-31": "662.40090", "2007-09-30": "640.71800", "2007-06-30": "583.47400", "2007-03-31": "619.05600", "2006-12-31": "642.73010", "2006-09-30": "617.62500", "2006-06-30": "556.33700", "2006-03-31": "438.57900", "2005-12-31": "490.39200", "2005-09-30": "448.86900", "2005-06-30": "445.25800", "2005-03-31": "436.65600"}, "SG&A Expenses": {"2020-12-31": "2570.00000", "2020-09-30": "2302.00000", "2020-06-30": "2276.00000", "2020-03-31": "2548.00000", "2019-12-31": "2413.00000", "2019-09-30": "2440.00000", "2019-06-30": "2434.00000", "2019-03-31": "2478.00000", "2018-12-31": "2359.00000", "2018-09-30": "2377.00000", "2018-06-30": "2466.00000", "2018-03-31": "2542.00000", "2017-12-31": "2477.00000", "2017-09-30": "2115.00000", "2017-06-30": "2150.00000", "2017-03-31": "2440.00000", "2016-12-31": "1673.00000", "2016-09-30": "1628.00000", "2016-06-30": "1737.00000", "2016-03-31": "1698.00000", "2015-12-31": "1655.00000", "2015-09-30": "1666.00000", "2015-06-30": "1727.00000", "2015-03-31": "1737.00000", "2014-12-31": "1666.00000", "2014-09-30": "1595.00000", "2014-06-30": "1649.00000", "2014-03-31": "1620.00000", "2013-12-31": "1260.00000", "2013-09-30": "1612.00000", "2013-06-30": "1714.00000", "2013-03-31": "1786.00000", "2012-12-31": "1159.23000", "2012-09-30": "1920.11500", "2012-06-30": "1813.62300", "2012-03-31": "1842.03200", "2011-12-31": "2905.00000", "2011-09-30": "4238.91000", "2011-06-30": "2762.08600", "2011-03-31": "2850.31800", "2010-12-31": "2797.22900", "2010-09-30": "2673.27700", "2010-06-30": "2743.41800", "2010-03-31": "2162.40000", "2009-12-31": "2225.04700", "2009-09-30": "2085.66000", "2009-06-30": "2024.25200", "2009-03-31": "2070.94500", "2008-12-31": "2297.36000", "2008-09-30": "2067.91400", "2008-06-30": "2052.31700", "2008-03-31": "2018.03300", "2007-12-31": "1879.26900", "2007-09-30": "1945.40400", "2007-06-30": "1796.45600", "2007-03-31": "1786.86900", "2006-12-31": "1827.98500", "2006-09-30": "1661.76100", "2006-06-30": "1520.39700", "2006-03-31": "1339.54200", "2005-12-31": "1446.58300", "2005-09-30": "1410.12700", "2005-06-30": "1351.79200", "2005-03-31": "1287.62100"}, "Other Operating Income Or Expenses": {"2020-12-31": "", "2020-09-30": "", "2020-06-30": "", "2020-03-31": "", "2019-12-31": "", "2019-09-30": "", "2019-06-30": "", "2019-03-31": "", "2018-12-31": "", "2018-09-30": "", "2018-06-30": "", "2018-03-31": "", "2017-12-31": "", "2017-09-30": "", "2017-06-30": "", "2017-03-31": "", "2016-12-31": "", "2016-09-30": "", "2016-06-30": "", "2016-03-31": "", "2015-12-31": "", "2015-09-30": "", "2015-06-30": "", "2015-03-31": "", "2014-12-31": "", "2014-09-30": "", "2014-06-30": "", "2014-03-31": "", "2013-12-31": "", "2013-09-30": "", "2013-06-30": "", "2013-03-31": "", "2012-12-31": "", "2012-09-30": "", "2012-06-30": "", "2012-03-31": "", "2011-12-31": "", "2011-09-30": "", "2011-06-30": "", "2011-03-31": "", "2010-12-31": "", "2010-09-30": "", "2010-06-30": "", "2010-03-31": "", "2009-12-31": "", "2009-09-30": "", "2009-06-30": "", "2009-03-31": "", "2008-12-31": "", "2008-09-30": "", "2008-06-30": "", "2008-03-31": "", "2007-12-31": "", "2007-09-30": "", "2007-06-30": "", "2007-03-31": "", "2006-12-31": "", "2006-09-30": "", "2006-06-30": "", "2006-03-31": "", "2005-12-31": "", "2005-09-30": "", "2005-06-30": "", "2005-03-31": ""}, "Operating Expenses": {"2020-12-31": "8269.00000", "2020-09-30": "7358.00000", "2020-06-30": "6656.00000", "2020-03-31": "6968.00000", "2019-12-31": "6925.00000", "2019-09-30": "6878.00000", "2019-06-30": "6773.00000", "2019-03-31": "6796.00000", "2018-12-31": "6600.00000", "2018-09-30": "6661.00000", "2018-06-30": "6885.00000", "2018-03-31": "6782.00000", "2017-12-31": "6938.00000", "2017-09-30": "6060.00000", "2017-06-30": "6251.00000", "2017-03-31": "6577.00000", "2016-12-31": "4544.00000", "2016-09-30": "4405.00000", "2016-06-30": "4517.00000", "2016-03-31": "4361.00000", "2015-12-31": "4373.00000", "2015-09-30": "4437.00000", "2015-06-30": "4441.00000", "2015-03-31": "4287.00000", "2014-12-31": "4527.00000", "2014-09-30": "4351.00000", "2014-06-30": "4380.00000", "2014-03-31": "4390.00000", "2013-12-31": "3590.00000", "2013-09-30": "4352.00000", "2013-06-30": "4819.00000", "2013-03-31": "4763.00000", "2012-12-31": "3211.62300", "2012-09-30": "4954.77100", "2012-06-30": "4749.10700", "2012-03-31": "4774.50000", "2011-12-31": "8295.00000", "2011-09-30": "9221.78700", "2011-06-30": "7842.83800", "2011-03-31": "7739.70100", "2010-12-31": "8137.90100", "2010-09-30": "7493.32000", "2010-06-30": "7220.04800", "2010-03-31": "6227.87100", "2009-12-31": "6926.31800", "2009-09-30": "6121.58300", "2009-06-30": "5823.45600", "2009-03-31": "5657.60900", "2008-12-31": "6207.37500", "2008-09-30": "6101.14300", "2008-06-30": "5907.43600", "2008-03-31": "5617.76200", "2007-12-31": "5703.34900", "2007-09-30": "5450.15200", "2007-06-30": "5184.25600", "2007-03-31": "4997.93600", "2006-12-31": "7053.44900", "2006-09-30": "4884.60400", "2006-06-30": "4958.34700", "2006-03-31": "3537.70400", "2005-12-31": "4746.53200", "2005-09-30": "4553.31500", "2005-06-30": "4428.88500", "2005-03-31": "4246.80800"}, "Operating Income": {"2020-12-31": "2432.00000", "2020-09-30": "1495.00000", "2020-06-30": "672.00000", "2020-03-31": "758.00000", "2019-12-31": "1389.00000", "2019-09-30": "1198.00000", "2019-06-30": "1206.00000", "2019-03-31": "739.00000", "2018-12-31": "1165.00000", "2018-09-30": "995.00000", "2018-06-30": "882.00000", "2018-03-31": "608.00000", "2017-12-31": "651.00000", "2017-09-30": "769.00000", "2017-06-30": "386.00000", "2017-03-31": "-242.00000", "2016-12-31": "789.00000", "2016-09-30": "897.00000", "2016-06-30": "816.00000", "2016-03-31": "524.00000", "2015-12-31": "815.00000", "2015-09-30": "713.00000", "2015-06-30": "729.00000", "2015-03-31": "610.00000", "2014-12-31": "829.00000", "2014-09-30": "728.00000", "2014-06-30": "677.00000", "2014-03-31": "365.00000", "2013-12-31": "418.00000", "2013-09-30": "473.00000", "2013-06-30": "627.00000", "2013-03-31": "615.00000", "2012-12-31": "-23.39160", "2012-09-30": "310.01660", "2012-06-30": "564.18990", "2012-03-31": "509.18510", "2011-12-31": "2082.00000", "2011-09-30": "594.87790", "2011-06-30": "1773.45300", "2011-03-31": "1301.14800", "2010-12-31": "1829.95000", "2010-09-30": "1181.18500", "2010-06-30": "1605.96600", "2010-03-31": "1470.48300", "2009-12-31": "1863.80900", "2009-09-30": "1639.75300", "2009-06-30": "1671.42000", "2009-03-31": "1060.75900", "2008-12-31": "1742.89300", "2008-09-30": "1396.51700", "2008-06-30": "1406.58500", "2008-03-31": "1147.84100", "2007-12-31": "1518.00100", "2007-09-30": "926.55370", "2007-06-30": "1186.36400", "2007-03-31": "947.62500", "2006-12-31": "-232.48540", "2006-09-30": "689.16600", "2006-06-30": "542.77730", "2006-03-31": "1042.76100", "2005-12-31": "1300.80200", "2005-09-30": "830.68020", "2005-06-30": "1094.91500", "2005-03-31": "1135.87100"}, "Total Non-Operating Income/Expense": {"2020-12-31": "-44.00000", "2020-09-30": "-74.00000", "2020-06-30": "-146.00000", "2020-03-31": "-125.00000", "2019-12-31": "-149.00000", "2019-09-30": "-95.00000", "2019-06-30": "-104.00000", "2019-03-31": "-107.00000", "2018-12-31": "-218.00000", "2018-09-30": "-277.00000", "2018-06-30": "-105.00000", "2018-03-31": "-177.00000", "2017-12-31": "-77.00000", "2017-09-30": "-143.00000", "2017-06-30": "-91.00000", "2017-03-31": "978.00000", "2016-12-31": "86.00000", "2016-09-30": "-1076.00000", "2016-06-30": "-101.00000", "2016-03-31": "-522.00000", "2015-12-31": "15.00000", "2015-09-30": "1.00000", "2015-06-30": "257.00000", "2015-03-31": "43.00000", "2014-12-31": "-25.00000", "2014-09-30": "-13.00000", "2014-06-30": "-19.00000", "2014-03-31": "-24.00000", "2013-12-31": "-13.00000", "2013-09-30": "8.00000", "2013-06-30": "-26.00000", "2013-03-31": "-61.00000", "2012-12-31": "-1420.79900", "2012-09-30": "-78.70600", "2012-06-30": "-34.68600", "2012-03-31": "-45.80900", "2011-12-31": "-128.00000", "2011-09-30": "-93.28300", "2011-06-30": "-98.89700", "2011-03-31": "-232.36300", "2010-12-31": "-62.11700", "2010-09-30": "-117.07500", "2010-06-30": "-47.27900", "2010-03-31": "-148.27600", "2009-12-31": "-40.92700", "2009-09-30": "231.62200", "2009-06-30": "-104.38200", "2009-03-31": "871.72000", "2008-12-31": "-56.69000", "2008-09-30": "-23.48100", "2008-06-30": "229.73300", "2008-03-31": "12.88500", "2007-12-31": "-35.07600", "2007-09-30": "-33.13500", "2007-06-30": "66.27400", "2007-03-31": "-106.96000", "2006-12-31": "12.03300", "2006-09-30": "37.15100", "2006-06-30": "114.35900", "2006-03-31": "70.60800", "2005-12-31": "99.12200", "2005-09-30": "64.99000", "2005-06-30": "51.55500", "2005-03-31": "41.98500"}, "Pre-Tax Income": {"2020-12-31": "2388.00000", "2020-09-30": "1421.00000", "2020-06-30": "526.00000", "2020-03-31": "633.00000", "2019-12-31": "1240.00000", "2019-09-30": "1103.00000", "2019-06-30": "1102.00000", "2019-03-31": "632.00000", "2018-12-31": "947.00000", "2018-09-30": "718.00000", "2018-06-30": "777.00000", "2018-03-31": "431.00000", "2017-12-31": "574.00000", "2017-09-30": "626.00000", "2017-06-30": "295.00000", "2017-03-31": "736.00000", "2016-12-31": "875.00000", "2016-09-30": "-179.00000", "2016-06-30": "715.00000", "2016-03-31": "2.00000", "2015-12-31": "830.00000", "2015-09-30": "714.00000", "2015-06-30": "986.00000", "2015-03-31": "653.00000", "2014-12-31": "804.00000", "2014-09-30": "715.00000", "2014-06-30": "658.00000", "2014-03-31": "341.00000", "2013-12-31": "405.00000", "2013-09-30": "481.00000", "2013-06-30": "601.00000", "2013-03-31": "554.00000", "2012-12-31": "-1444.19100", "2012-09-30": "231.31100", "2012-06-30": "529.50400", "2012-03-31": "463.37600", "2011-12-31": "1954.00000", "2011-09-30": "501.59500", "2011-06-30": "1674.55600", "2011-03-31": "1068.78600", "2010-12-31": "1767.83000", "2010-09-30": "1064.11000", "2010-06-30": "1558.68700", "2010-03-31": "1322.20700", "2009-12-31": "1822.88200", "2009-09-30": "1871.37500", "2009-06-30": "1567.03800", "2009-03-31": "1932.47900", "2008-12-31": "1686.20600", "2008-09-30": "1373.03600", "2008-06-30": "1636.31800", "2008-03-31": "1160.72600", "2007-12-31": "1482.92600", "2007-09-30": "893.41900", "2007-06-30": "1252.63800", "2007-03-31": "840.66500", "2006-12-31": "-220.45190", "2006-09-30": "726.31700", "2006-06-30": "657.13600", "2006-03-31": "1113.36900", "2005-12-31": "1399.92400", "2005-09-30": "895.67000", "2005-06-30": "1146.47000", "2005-03-31": "1177.85600"}, "Income Taxes": {"2020-12-31": "230.00000", "2020-09-30": "189.00000", "2020-06-30": "-11.00000", "2020-03-31": "89.00000", "2019-12-31": "191.00000", "2019-09-30": "143.00000", "2019-06-30": "96.00000", "2019-03-31": "-40.00000", "2018-12-31": "292.00000", "2018-09-30": "166.00000", "2018-06-30": "59.00000", "2018-03-31": "22.00000", "2017-12-31": "1438.00000", "2017-09-30": "65.00000", "2017-06-30": "25.00000", "2017-03-31": "350.00000", "2016-12-31": "110.00000", "2016-09-30": "178.00000", "2016-06-30": "116.00000", "2016-03-31": "-54.00000", "2015-12-31": "135.00000", "2015-09-30": "118.00000", "2015-06-30": "200.00000", "2015-03-31": "124.00000", "2014-12-31": "170.00000", "2014-09-30": "277.00000", "2014-06-30": "233.00000", "2014-03-31": "117.00000", "2013-12-31": "81.00000", "2013-09-30": "-163.00000", "2013-06-30": "125.00000", "2013-03-31": "10.00000", "2012-12-31": "-580.21400", "2012-09-30": "-107.61000", "2012-06-30": "118.66300", "2012-03-31": "112.16100", "2011-12-31": "335.00000", "2011-09-30": "198.41400", "2011-06-30": "-268.22600", "2011-03-31": "204.96800", "2010-12-31": "326.98300", "2010-09-30": "173.45000", "2010-06-30": "267.03700", "2010-03-31": "319.19200", "2009-12-31": "284.15300", "2009-09-30": "391.00800", "2009-06-30": "278.93300", "2009-03-31": "493.84200", "2008-12-31": "296.48290", "2008-09-30": "288.42400", "2008-06-30": "314.30400", "2008-03-31": "222.85900", "2007-12-31": "279.89790", "2007-09-30": "176.41400", "2007-06-30": "263.89400", "2007-03-31": "143.12800", "2006-12-31": "239.43900", "2006-09-30": "10.47500", "2006-06-30": "44.89200", "2006-03-31": "264.80900", "2005-12-31": "423.50810", "2005-09-30": "214.96100", "2005-06-30": "269.41800", "2005-03-31": "339.96800"}, "Income After Taxes": {"2020-12-31": "2158.00000", "2020-09-30": "1232.00000", "2020-06-30": "537.00000", "2020-03-31": "544.00000", "2019-12-31": "1049.00000", "2019-09-30": "960.00000", "2019-06-30": "1006.00000", "2019-03-31": "672.00000", "2018-12-31": "655.00000", "2018-09-30": "552.00000", "2018-06-30": "718.00000", "2018-03-31": "409.00000", "2017-12-31": "-864.00000", "2017-09-30": "561.00000", "2017-06-30": "270.00000", "2017-03-31": "386.00000", "2016-12-31": "765.00000", "2016-09-30": "-357.00000", "2016-06-30": "599.00000", "2016-03-31": "56.00000", "2015-12-31": "695.00000", "2015-09-30": "596.00000", "2015-06-30": "786.00000", "2015-03-31": "529.00000", "2014-12-31": "634.00000", "2014-09-30": "438.00000", "2014-06-30": "425.00000", "2014-03-31": "224.00000", "2013-12-31": "324.00000", "2013-09-30": "644.00000", "2013-06-30": "476.00000", "2013-03-31": "544.00000", "2012-12-31": "-863.97710", "2012-09-30": "338.92100", "2012-06-30": "410.84100", "2012-03-31": "351.21500", "2011-12-31": "1619.00000", "2011-09-30": "303.18100", "2011-06-30": "1942.78200", "2011-03-31": "863.81800", "2010-12-31": "1440.84700", "2010-09-30": "890.66000", "2010-06-30": "1291.65000", "2010-03-31": "1003.01500", "2009-12-31": "1538.72900", "2009-09-30": "1480.36700", "2009-06-30": "1288.10500", "2009-03-31": "1438.63700", "2008-12-31": "1389.72300", "2008-09-30": "1084.61200", "2008-06-30": "1322.01400", "2008-03-31": "937.86690", "2007-12-31": "1203.02800", "2007-09-30": "717.00500", "2007-06-30": "988.74390", "2007-03-31": "697.53700", "2006-12-31": "-459.89100", "2006-09-30": "715.84200", "2006-06-30": "612.24400", "2006-03-31": "848.56010", "2005-12-31": "976.41600", "2005-09-30": "680.70900", "2005-06-30": "877.05200", "2005-03-31": "837.88790"}, "Other Income": {"2020-12-31": "", "2020-09-30": "", "2020-06-30": "", "2020-03-31": "", "2019-12-31": "", "2019-09-30": "", "2019-06-30": "", "2019-03-31": "", "2018-12-31": "", "2018-09-30": "", "2018-06-30": "", "2018-03-31": "", "2017-12-31": "", "2017-09-30": "", "2017-06-30": "", "2017-03-31": "", "2016-12-31": "", "2016-09-30": "", "2016-06-30": "", "2016-03-31": "", "2015-12-31": "", "2015-09-30": "", "2015-06-30": "", "2015-03-31": "", "2014-12-31": "", "2014-09-30": "", "2014-06-30": "", "2014-03-31": "", "2013-12-31": "", "2013-09-30": "", "2013-06-30": "", "2013-03-31": "", "2012-12-31": "", "2012-09-30": "", "2012-06-30": "", "2012-03-31": "", "2011-12-31": "", "2011-09-30": "", "2011-06-30": "", "2011-03-31": "", "2010-12-31": "", "2010-09-30": "", "2010-06-30": "", "2010-03-31": "", "2009-12-31": "", "2009-09-30": "", "2009-06-30": "", "2009-03-31": "", "2008-12-31": "", "2008-09-30": "", "2008-06-30": "", "2008-03-31": "", "2007-12-31": "", "2007-09-30": "", "2007-06-30": "", "2007-03-31": "", "2006-12-31": "", "2006-09-30": "", "2006-06-30": "", "2006-03-31": "", "2005-12-31": "", "2005-09-30": "", "2005-06-30": "", "2005-03-31": ""}, "Income From Continuous Operations": {"2020-12-31": "2158.00000", "2020-09-30": "1232.00000", "2020-06-30": "537.00000", "2020-03-31": "544.00000", "2019-12-31": "1049.00000", "2019-09-30": "960.00000", "2019-06-30": "1006.00000", "2019-03-31": "672.00000", "2018-12-31": "655.00000", "2018-09-30": "552.00000", "2018-06-30": "718.00000", "2018-03-31": "409.00000", "2017-12-31": "-864.00000", "2017-09-30": "561.00000", "2017-06-30": "270.00000", "2017-03-31": "386.00000", "2016-12-31": "765.00000", "2016-09-30": "-357.00000", "2016-06-30": "599.00000", "2016-03-31": "56.00000", "2015-12-31": "695.00000", "2015-09-30": "596.00000", "2015-06-30": "786.00000", "2015-03-31": "529.00000", "2014-12-31": "634.00000", "2014-09-30": "438.00000", "2014-06-30": "425.00000", "2014-03-31": "224.00000", "2013-12-31": "324.00000", "2013-09-30": "644.00000", "2013-06-30": "476.00000", "2013-03-31": "544.00000", "2012-12-31": "-863.97690", "2012-09-30": "338.92100", "2012-06-30": "410.84100", "2012-03-31": "351.21500", "2011-12-31": "1619.00000", "2011-09-30": "303.18100", "2011-06-30": "1942.78200", "2011-03-31": "863.81800", "2010-12-31": "1440.84700", "2010-09-30": "890.66000", "2010-06-30": "1291.65000", "2010-03-31": "1003.01500", "2009-12-31": "1538.72900", "2009-09-30": "1480.36700", "2009-06-30": "1288.10500", "2009-03-31": "1438.63700", "2008-12-31": "1389.72300", "2008-09-30": "1084.61200", "2008-06-30": "1322.01400", "2008-03-31": "937.86690", "2007-12-31": "1203.02800", "2007-09-30": "717.00500", "2007-06-30": "988.74390", "2007-03-31": "697.53700", "2006-12-31": "-459.89110", "2006-09-30": "715.84200", "2006-06-30": "612.24400", "2006-03-31": "848.56000", "2005-12-31": "976.41600", "2005-09-30": "680.70900", "2005-06-30": "877.05200", "2005-03-31": "837.88790"}, "Income From Discontinued Operations": {"2020-12-31": "4.00000", "2020-09-30": "", "2020-06-30": "", "2020-03-31": "20.00000", "2019-12-31": "", "2019-09-30": "", "2019-06-30": "", "2019-03-31": "0.00000", "2018-12-31": "-1.00000", "2018-09-30": "11.00000", "2018-06-30": "15.00000", "2018-03-31": "9.00000", "2017-12-31": "36.00000", "2017-09-30": "42.00000", "2017-06-30": "13.00000", "2017-03-31": "33.00000", "2016-12-31": "33.00000", "2016-09-30": "28.00000", "2016-06-30": "16.00000", "2016-03-31": "260.00000", "2015-12-31": "72.00000", "2015-09-30": "-16.00000", "2015-06-30": "-2.00000", "2015-03-31": "1763.00000", "2014-12-31": "271.00000", "2014-09-30": "100.00000", "2014-06-30": "41.00000", "2014-03-31": "151.00000", "2013-12-31": "266.00000", "2013-09-30": "322.00000", "2013-06-30": "0.00000", "2013-03-31": "0.00000", "2012-12-31": "1917.43500", "2012-09-30": "1603.88500", "2012-06-30": "1313.77100", "2012-03-31": "890.90900", "2011-12-31": "", "2011-09-30": "", "2011-06-30": "", "2011-03-31": "", "2010-12-31": "", "2010-09-30": "", "2010-06-30": "", "2010-03-31": "", "2009-12-31": "", "2009-09-30": "", "2009-06-30": "", "2009-03-31": "", "2008-12-31": "", "2008-09-30": "", "2008-06-30": "", "2008-03-31": "", "2007-12-31": "", "2007-09-30": "", "2007-06-30": "", "2007-03-31": "", "2006-12-31": "", "2006-09-30": "", "2006-06-30": "", "2006-03-31": "16.32300", "2005-12-31": "", "2005-09-30": "", "2005-06-30": "", "2005-03-31": ""}, "Net Income": {"2020-12-31": "2162.00000", "2020-09-30": "1232.00000", "2020-06-30": "537.00000", "2020-03-31": "564.00000", "2019-12-31": "1049.00000", "2019-09-30": "960.00000", "2019-06-30": "1006.00000", "2019-03-31": "672.00000", "2018-12-31": "654.00000", "2018-09-30": "563.00000", "2018-06-30": "733.00000", "2018-03-31": "418.00000", "2017-12-31": "-828.00000", "2017-09-30": "603.00000", "2017-06-30": "283.00000", "2017-03-31": "419.00000", "2016-12-31": "798.00000", "2016-09-30": "-329.00000", "2016-06-30": "615.00000", "2016-03-31": "316.00000", "2015-12-31": "767.00000", "2015-09-30": "580.00000", "2015-06-30": "784.00000", "2015-03-31": "2292.00000", "2014-12-31": "905.00000", "2014-09-30": "538.00000", "2014-06-30": "466.00000", "2014-03-31": "375.00000", "2013-12-31": "590.00000", "2013-09-30": "966.00000", "2013-06-30": "476.00000", "2013-03-31": "544.00000", "2012-12-31": "1053.45800", "2012-09-30": "1942.80600", "2012-06-30": "1724.61200", "2012-03-31": "1242.12400", "2011-12-31": "1619.00000", "2011-09-30": "303.18100", "2011-06-30": "1942.78200", "2011-03-31": "863.81800", "2010-12-31": "1440.84700", "2010-09-30": "890.66000", "2010-06-30": "1291.65000", "2010-03-31": "1003.01500", "2009-12-31": "1538.72900", "2009-09-30": "1480.36700", "2009-06-30": "1288.10500", "2009-03-31": "1438.63700", "2008-12-31": "1536.22600", "2008-09-30": "1084.61200", "2008-06-30": "1322.01400", "2008-03-31": "937.86700", "2007-12-31": "1203.02800", "2007-09-30": "717.00500", "2007-06-30": "988.74400", "2007-03-31": "697.53700", "2006-12-31": "-476.21400", "2006-09-30": "715.84200", "2006-06-30": "612.24400", "2006-03-31": "864.88300", "2005-12-31": "976.41600", "2005-09-30": "680.70900", "2005-06-30": "877.05200", "2005-03-31": "837.88800"}, "EBITDA": {"2020-12-31": "", "2020-09-30": "2303.00000", "2020-06-30": "1497.00000", "2020-03-31": "1586.00000", "2019-12-31": "2145.00000", "2019-09-30": "1952.00000", "2019-06-30": "1957.00000", "2019-03-31": "1492.00000", "2018-12-31": "1928.00000", "2018-09-30": "1808.00000", "2018-06-30": "1732.00000", "2018-03-31": "1492.00000", "2017-12-31": "1566.00000", "2017-09-30": "1543.00000", "2017-06-30": "1464.00000", "2017-03-31": "924.00000", "2016-12-31": "1273.00000", "2016-09-30": "1237.00000", "2016-06-30": "1163.00000", "2016-03-31": "871.00000", "2015-12-31": "1181.00000", "2015-09-30": "1096.00000", "2015-06-30": "1081.00000", "2015-03-31": "981.00000", "2014-12-31": "1224.00000", "2014-09-30": "1083.00000", "2014-06-30": "1077.00000", "2014-03-31": "763.00000", "2013-12-31": "844.00000", "2013-09-30": "909.00000", "2013-06-30": "1063.00000", "2013-03-31": "1036.00000", "2012-12-31": "564.17820", "2012-09-30": "1069.74500", "2012-06-30": "1255.62500", "2012-03-31": "1252.45200", "2011-12-31": "2730.53500", "2011-09-30": "1433.26400", "2011-06-30": "2584.86500", "2011-03-31": "2046.81500", "2010-12-31": "2539.52800", "2010-09-30": "1858.20900", "2010-06-30": "2281.16800", "2010-03-31": "2032.98400", "2009-12-31": "2411.16200", "2009-09-30": "2180.46700", "2009-06-30": "2208.81800", "2009-03-31": "1524.80400", "2008-12-31": "2165.44800", "2008-09-30": "1895.07700", "2008-06-30": "1872.44500", "2008-03-31": "1599.69500", "2007-12-31": "2001.19300", "2007-09-30": "1430.32300", "2007-06-30": "1621.86500", "2007-03-31": "1380.04900", "2006-12-31": "178.62060", "2006-09-30": "1070.60700", "2006-06-30": "995.79740", "2006-03-31": "1355.94400", "2005-12-31": "1638.51700", "2005-09-30": "1174.04700", "2005-06-30": "1427.89200", "2005-03-31": "1480.75100"}, "EBIT": {"2020-12-31": "2432.00000", "2020-09-30": "1495.00000", "2020-06-30": "672.00000", "2020-03-31": "758.00000", "2019-12-31": "1389.00000", "2019-09-30": "1198.00000", "2019-06-30": "1206.00000", "2019-03-31": "739.00000", "2018-12-31": "1165.00000", "2018-09-30": "995.00000", "2018-06-30": "882.00000", "2018-03-31": "608.00000", "2017-12-31": "651.00000", "2017-09-30": "769.00000", "2017-06-30": "386.00000", "2017-03-31": "-242.00000", "2016-12-31": "789.00000", "2016-09-30": "897.00000", "2016-06-30": "816.00000", "2016-03-31": "524.00000", "2015-12-31": "815.00000", "2015-09-30": "713.00000", "2015-06-30": "729.00000", "2015-03-31": "610.00000", "2014-12-31": "829.00000", "2014-09-30": "728.00000", "2014-06-30": "677.00000", "2014-03-31": "365.00000", "2013-12-31": "418.00000", "2013-09-30": "473.00000", "2013-06-30": "627.00000", "2013-03-31": "615.00000", "2012-12-31": "-23.39160", "2012-09-30": "310.01660", "2012-06-30": "564.18990", "2012-03-31": "509.18510", "2011-12-31": "2082.00000", "2011-09-30": "594.87790", "2011-06-30": "1773.45300", "2011-03-31": "1301.14800", "2010-12-31": "1829.94900", "2010-09-30": "1181.18500", "2010-06-30": "1605.96600", "2010-03-31": "1470.48300", "2009-12-31": "1863.80800", "2009-09-30": "1639.75300", "2009-06-30": "1671.42000", "2009-03-31": "1060.75900", "2008-12-31": "1742.89400", "2008-09-30": "1396.51700", "2008-06-30": "1406.58500", "2008-03-31": "1147.84100", "2007-12-31": "1518.00200", "2007-09-30": "926.55370", "2007-06-30": "1186.36400", "2007-03-31": "947.62500", "2006-12-31": "-232.48540", "2006-09-30": "689.16600", "2006-06-30": "542.77730", "2006-03-31": "1042.76100", "2005-12-31": "1300.80300", "2005-09-30": "830.68020", "2005-06-30": "1094.91500", "2005-03-31": "1135.87100"}, "Basic Shares Outstanding": {"2020-12-31": "", "2020-09-30": "1774.47500", "2020-06-30": "1772.95300", "2020-03-31": "1768.90100", "2019-12-31": "1768.00000", "2019-09-30": "1771.52100", "2019-06-30": "1768.90400", "2019-03-31": "1763.27800", "2018-12-31": "1758.00000", "2018-09-30": "1759.58500", "2018-06-30": "1757.83600", "2018-03-31": "1753.41200", "2017-12-31": "1740.00000", "2017-09-30": "1743.75700", "2017-06-30": "1740.52400", "2017-03-31": "1727.35600", "2016-12-31": "1477.00000", "2016-09-30": "1476.36600", "2016-06-30": "1474.50400", "2016-03-31": "1477.33200", "2015-12-31": "1496.00000", "2015-09-30": "1495.46500", "2015-06-30": "1493.77100", "2015-03-31": "1504.99500", "2014-12-31": "1516.00000", "2014-09-30": "1508.59600", "2014-06-30": "1506.59500", "2014-03-31": "1532.81000", "2013-12-31": "1558.00000", "2013-09-30": "1551.80300", "2013-06-30": "1560.51900", "2013-03-31": "1568.73000", "2012-12-31": "1575.00000", "2012-09-30": "1576.77100", "2012-06-30": "1572.09900", "2012-03-31": "1573.92100", "2011-12-31": "1557.00000", "2011-09-30": "1558.55600", "2011-06-30": "1556.86900", "2011-03-31": "1551.75500", "2010-12-31": "1546.40000", "2010-09-30": "1545.41300", "2010-06-30": "1544.41500", "2010-03-31": "1547.81500", "2009-12-31": "1546.98300", "2009-09-30": "1546.29100", "2009-06-30": "1545.64300", "2009-03-31": "1545.76700", "2008-12-31": "1545.35500", "2008-09-30": "1545.63900", "2008-06-30": "1539.78600", "2008-03-31": "1544.02200", "2007-12-31": "1543.08200", "2007-09-30": "1543.54400", "2007-06-30": "1541.71700", "2007-03-31": "1540.31500", "2006-12-31": "1529.84800", "2006-09-30": "1529.36700", "2006-06-30": "1524.58900", "2006-03-31": "1529.86200", "2005-12-31": "1552.45700", "2005-09-30": "1552.39700", "2005-06-30": "1552.82300", "2005-03-31": "1556.23200"}, "Shares Outstanding": {"2020-12-31": "1789.00000", "2020-09-30": "1787.85300", "2020-06-30": "1785.04000", "2020-03-31": "1780.57800", "2019-12-31": "1781.00000", "2019-09-30": "1784.16700", "2019-06-30": "1781.41700", "2019-03-31": "1776.57300", "2018-12-31": "1770.00000", "2018-09-30": "1771.68000", "2018-06-30": "1768.95000", "2018-03-31": "1765.27800", "2017-12-31": "1749.00000", "2017-09-30": "1754.15600", "2017-06-30": "1748.88300", "2017-03-31": "1735.19500", "2016-12-31": "1483.00000", "2016-09-30": "1476.36600", "2016-06-30": "1480.49200", "2016-03-31": "1483.67300", "2015-12-31": "1506.00000", "2015-09-30": "1505.16700", "2015-06-30": "1504.21500", "2015-03-31": "1515.53700", "2014-12-31": "1527.00000", "2014-09-30": "1519.78000", "2014-06-30": "1517.04600", "2014-03-31": "1547.69100", "2013-12-31": "1574.00000", "2013-09-30": "1566.69100", "2013-06-30": "1576.68400", "2013-03-31": "1586.01800", "2012-12-31": "1592.00000", "2012-09-30": "1594.27900", "2012-06-30": "1588.50200", "2012-03-31": "1589.51000", "2011-12-31": "1577.00000", "2011-09-30": "1568.28700", "2011-06-30": "1566.10300", "2011-03-31": "1558.64100", "2010-12-31": "1556.02200", "2010-09-30": "1554.05200", "2010-06-30": "1551.78200", "2010-03-31": "1561.32300", "2009-12-31": "1555.12600", "2009-09-30": "1552.48300", "2009-06-30": "1550.56400", "2009-03-31": "1556.38500", "2008-12-31": "1560.75300", "2008-09-30": "1563.73000", "2008-06-30": "1553.39500", "2008-03-31": "1560.56700", "2007-12-31": "1560.05700", "2007-09-30": "1557.75800", "2007-06-30": "1560.66700", "2007-03-31": "1558.23400", "2006-12-31": "1536.72400", "2006-09-30": "1541.98800", "2006-06-30": "1531.63700", "2006-03-31": "1537.69500", "2005-12-31": "1564.10300", "2005-09-30": "1563.52600", "2005-06-30": "1568.90600", "2005-03-31": "1569.50500"}, "Basic EPS": {"2020-12-31": "", "2020-09-30": "0.69000", "2020-06-30": "0.30000", "2020-03-31": "0.32000", "2019-12-31": "0.58000", "2019-09-30": "0.54000", "2019-06-30": "0.57000", "2019-03-31": "0.38000", "2018-12-31": "0.36000", "2018-09-30": "0.32000", "2018-06-30": "0.42000", "2018-03-31": "0.24000", "2017-12-31": "-0.47000", "2017-09-30": "0.34000", "2017-06-30": "0.16000", "2017-03-31": "0.24000", "2016-12-31": "0.54000", "2016-09-30": "-0.22000", "2016-06-30": "0.41000", "2016-03-31": "0.21000", "2015-12-31": "0.51000", "2015-09-30": "0.39000", "2015-06-30": "0.52000", "2015-03-31": "1.52000", "2014-12-31": "0.59000", "2014-09-30": "0.36000", "2014-06-30": "0.31000", "2014-03-31": "0.24000", "2013-12-31": "0.37000", "2013-09-30": "0.62000", "2013-06-30": "0.30000", "2013-03-31": "0.35000", "2012-12-31": "0.66000", "2012-09-30": "1.22000", "2012-06-30": "1.09000", "2012-03-31": "0.79000", "2011-12-31": "1.04000", "2011-09-30": "0.19000", "2011-06-30": "1.24000", "2011-03-31": "0.56000", "2010-12-31": "0.92000", "2010-09-30": "0.58000", "2010-06-30": "0.83000", "2010-03-31": "0.65000", "2009-12-31": "1.00000", "2009-09-30": "0.95000", "2009-06-30": "0.83000", "2009-03-31": "0.93000", "2008-12-31": "0.99000", "2008-09-30": "0.70000", "2008-06-30": "0.86000", "2008-03-31": "0.61000", "2007-12-31": "0.79000", "2007-09-30": "0.46000", "2007-06-30": "0.64000", "2007-03-31": "0.45000", "2006-12-31": "-0.32000", "2006-09-30": "0.47000", "2006-06-30": "0.40000", "2006-03-31": "0.57000", "2005-12-31": "0.63000", "2005-09-30": "0.44000", "2005-06-30": "0.56000", "2005-03-31": "0.54000"}, "EPS - Earnings Per Share": {"2020-12-31": "1.20000", "2020-09-30": "0.69000", "2020-06-30": "0.30000", "2020-03-31": "0.31000", "2019-12-31": "0.59000", "2019-09-30": "0.53000", "2019-06-30": "0.56000", "2019-03-31": "0.38000", "2018-12-31": "0.37000", "2018-09-30": "0.32000", "2018-06-30": "0.41000", "2018-03-31": "0.23000", "2017-12-31": "-0.47000", "2017-09-30": "0.34000", "2017-06-30": "0.16000", "2017-03-31": "0.24000", "2016-12-31": "0.54000", "2016-09-30": "-0.22000", "2016-06-30": "0.41000", "2016-03-31": "0.21000", "2015-12-31": "0.51000", "2015-09-30": "0.38000", "2015-06-30": "0.52000", "2015-03-31": "1.51000", "2014-12-31": "0.59000", "2014-09-30": "0.36000", "2014-06-30": "0.30000", "2014-03-31": "0.24000", "2013-12-31": "0.37000", "2013-09-30": "0.61000", "2013-06-30": "0.30000", "2013-03-31": "0.34000", "2012-12-31": "0.65000", "2012-09-30": "1.21000", "2012-06-30": "1.08000", "2012-03-31": "0.78000", "2011-12-31": "1.02000", "2011-09-30": "0.19000", "2011-06-30": "1.23000", "2011-03-31": "0.55000", "2010-12-31": "0.92000", "2010-09-30": "0.57000", "2010-06-30": "0.83000", "2010-03-31": "0.64000", "2009-12-31": "0.99000", "2009-09-30": "0.95000", "2009-06-30": "0.83000", "2009-03-31": "0.92000", "2008-12-31": "0.98000", "2008-09-30": "0.69000", "2008-06-30": "0.85000", "2008-03-31": "0.60000", "2007-12-31": "0.77000", "2007-09-30": "0.46000", "2007-06-30": "0.63000", "2007-03-31": "0.45000", "2006-12-31": "-0.30000", "2006-09-30": "0.46000", "2006-06-30": "0.40000", "2006-03-31": "0.56000", "2005-12-31": "0.63000", "2005-09-30": "0.44000", "2005-06-30": "0.56000", "2005-03-31": "0.53000"}}, "balance sheet": {"Cash On Hand": {"2020-12-31": "", "2019-12-31": "4140.00000", "2018-12-31": "4086.00000", "2017-12-31": "9610.00000", "2016-12-31": "18775.00000", "2015-12-31": "6125.00000", "2014-12-31": "4460.00000", "2013-12-31": "8098.00000", "2012-12-31": "15174.00000", "2011-12-31": "8097.35900", "2010-12-31": "5451.45000", "2009-12-31": "9932.04800", "2008-12-31": "5079.62500", "2007-12-31": "2820.82700", "2006-12-31": "1373.43500", "2005-12-31": "2956.09300"}, "Receivables": {"2020-12-31": "", "2019-12-31": "5425.00000", "2018-12-31": "5182.00000", "2017-12-31": "5249.00000", "2016-12-31": "3248.00000", "2015-12-31": "3418.00000", "2014-12-31": "3586.00000", "2013-12-31": "3986.00000", "2012-12-31": "7613.00000", "2011-12-31": "7683.92000", "2010-12-31": "7184.03400", "2009-12-31": "6541.94100", "2008-12-31": "5465.66000", "2007-12-31": "4946.87600", "2006-12-31": "4231.14200", "2005-12-31": "3576.79400"}, "Inventory": {"2020-12-31": "", "2019-12-31": "4316.00000", "2018-12-31": "3796.00000", "2017-12-31": "3601.00000", "2016-12-31": "2434.00000", "2015-12-31": "2599.00000", "2014-12-31": "2643.00000", "2013-12-31": "2693.00000", "2012-12-31": "3793.00000", "2011-12-31": "3284.24900", "2010-12-31": "3188.73400", "2009-12-31": "3264.87700", "2008-12-31": "2775.84900", "2007-12-31": "2951.44200", "2006-12-31": "2806.42100", "2005-12-31": "2541.97900"}, "Pre-Paid Expenses": {"2020-12-31": "", "2019-12-31": "1786.00000", "2018-12-31": "1568.00000", "2017-12-31": "1667.00000", "2016-12-31": "1806.00000", "2015-12-31": "1908.00000", "2014-12-31": "1975.00000", "2013-12-31": "1504.00000", "2012-12-31": "1757.00000", "2011-12-31": "2002.70600", "2010-12-31": "1544.77000", "2009-12-31": "1210.88300", "2008-12-31": "1258.55400", "2007-12-31": "1213.71600", "2006-12-31": "1153.96900", "2005-12-31": "1062.59300"}, "Other Current Assets": {"2020-12-31": "", "2019-12-31": "", "2018-12-31": "", "2017-12-31": "20.00000", "2016-12-31": "513.00000", "2015-12-31": "105.00000", "2014-12-31": "892.00000", "2013-12-31": "438.00000", "2012-12-31": "", "2011-12-31": "", "2010-12-31": "1872.49000", "2009-12-31": "", "2008-12-31": "", "2007-12-31": "", "2006-12-31": "", "2005-12-31": ""}, "Total Current Assets": {"2020-12-31": "", "2019-12-31": "15667.00000", "2018-12-31": "14632.00000", "2017-12-31": "20147.00000", "2016-12-31": "26776.00000", "2015-12-31": "14155.00000", "2014-12-31": "13556.00000", "2013-12-31": "19247.00000", "2012-12-31": "31323.00000", "2011-12-31": "23768.77000", "2010-12-31": "22317.53000", "2009-12-31": "23313.89000", "2008-12-31": "17042.56000", "2007-12-31": "14042.73000", "2006-12-31": "11281.88000", "2005-12-31": "11386.03000"}, "Property, Plant, And Equipment": {"2020-12-31": "", "2019-12-31": "8038.00000", "2018-12-31": "7563.00000", "2017-12-31": "7607.00000", "2016-12-31": "5705.00000", "2015-12-31": "5730.00000", "2014-12-31": "5935.00000", "2013-12-31": "5905.00000", "2012-12-31": "8063.00000", "2011-12-31": "7873.95500", "2010-12-31": "7970.95600", "2009-12-31": "7619.48900", "2008-12-31": "7219.16600", "2007-12-31": "7518.14900", "2006-12-31": "6946.43500", "2005-12-31": "6003.14100"}, "Long-Term Investments": {"2020-12-31": "", "2019-12-31": "883.00000", "2018-12-31": "897.00000", "2017-12-31": "883.00000", "2016-12-31": "2947.00000", "2015-12-31": "4041.00000", "2014-12-31": "229.00000", "2013-12-31": "119.00000", "2012-12-31": "274.00000", "2011-12-31": "378.22500", "2010-12-31": "302.04900", "2009-12-31": "1132.86600", "2008-12-31": "1073.73600", "2007-12-31": "1125.26200", "2006-12-31": "1229.87300", "2005-12-31": "134.01300"}, "Goodwill And Intangible Assets": {"2020-12-31": "", "2019-12-31": "40220.00000", "2018-12-31": "42196.00000", "2017-12-31": "45493.00000", "2016-12-31": "12222.00000", "2015-12-31": "15200.00000", "2014-12-31": "16265.00000", "2013-12-31": "15507.00000", "2012-12-31": "24362.00000", "2011-12-31": "25695.02000", "2010-12-31": "28081.71000", "2009-12-31": "19492.16000", "2008-12-31": "15138.47000", "2007-12-31": "15849.32000", "2006-12-31": "15852.90000", "2005-12-31": "9960.89500"}, "Other Long-Term Assets": {"2020-12-31": "", "2019-12-31": "", "2018-12-31": "", "2017-12-31": "176.00000", "2016-12-31": "2753.00000", "2015-12-31": "2.00000", "2014-12-31": "1934.00000", "2013-12-31": "66.00000", "2012-12-31": "", "2011-12-31": "", "2010-12-31": "", "2009-12-31": "", "2008-12-31": "", "2007-12-31": "", "2006-12-31": "", "2005-12-31": ""}, "Total Long-Term Assets": {"2020-12-31": "", "2019-12-31": "52220.00000", "2018-12-31": "52541.00000", "2017-12-31": "56103.00000", "2016-12-31": "25890.00000", "2015-12-31": "27092.00000", "2014-12-31": "27651.00000", "2013-12-31": "23706.00000", "2012-12-31": "35912.00000", "2011-12-31": "36508.12000", "2010-12-31": "38256.32000", "2009-12-31": "29267.73000", "2008-12-31": "25376.64000", "2007-12-31": "25671.19000", "2006-12-31": "24896.29000", "2005-12-31": "17755.18000"}, "Total Assets": {"2020-12-31": "0.00000", "2019-12-31": "67887.00000", "2018-12-31": "67173.00000", "2017-12-31": "76250.00000", "2016-12-31": "52666.00000", "2015-12-31": "41247.00000", "2014-12-31": "41207.00000", "2013-12-31": "42953.00000", "2012-12-31": "67235.00000", "2011-12-31": "60276.89000", "2010-12-31": "60573.85000", "2009-12-31": "52581.62000", "2008-12-31": "42419.20000", "2007-12-31": "39713.93000", "2006-12-31": "36178.17000", "2005-12-31": "29141.20000"}, "Total Current Liabilities": {"2020-12-31": "", "2019-12-31": "10863.00000", "2018-12-31": "9012.00000", "2017-12-31": "8912.00000", "2016-12-31": "6660.00000", "2015-12-31": "9186.00000", "2014-12-31": "10467.00000", "2013-12-31": "9507.00000", "2012-12-31": "13280.00000", "2011-12-31": "15480.23000", "2010-12-31": "17262.43000", "2009-12-31": "13049.49000", "2008-12-31": "11591.91000", "2007-12-31": "9103.27800", "2006-12-31": "11951.20000", "2005-12-31": "7415.51400"}, "Long Term Debt": {"2020-12-31": "", "2019-12-31": "16661.00000", "2018-12-31": "19359.00000", "2017-12-31": "27210.00000", "2016-12-31": "20681.00000", "2015-12-31": "5871.00000", "2014-12-31": "3393.00000", "2013-12-31": "3388.00000", "2012-12-31": "18085.00000", "2011-12-31": "12039.82000", "2010-12-31": "12523.52000", "2009-12-31": "11266.29000", "2008-12-31": "8713.32700", "2007-12-31": "9487.78900", "2006-12-31": "7009.66400", "2005-12-31": "4571.50400"}, "Other Non-Current Liabilities": {"2020-12-31": "", "2019-12-31": "", "2018-12-31": "", "2017-12-31": "", "2016-12-31": "59.00000", "2015-12-31": "", "2014-12-31": "108.00000", "2013-12-31": "7.00000", "2012-12-31": "", "2011-12-31": "", "2010-12-31": "", "2009-12-31": "", "2008-12-31": "", "2007-12-31": "", "2006-12-31": "", "2005-12-31": ""}, "Total Long Term Liabilities": {"2020-12-31": "", "2019-12-31": "25723.00000", "2018-12-31": "27439.00000", "2017-12-31": "36240.00000", "2016-12-31": "25289.00000", "2015-12-31": "10735.00000", "2014-12-31": "9101.00000", "2013-12-31": "8179.00000", "2012-12-31": "27142.00000", "2011-12-31": "20270.52000", "2010-12-31": "20546.29000", "2009-12-31": "16344.74000", "2008-12-31": "13308.61000", "2007-12-31": "12786.70000", "2006-12-31": "10172.79000", "2005-12-31": "7310.41800"}, "Total Liabilities": {"2020-12-31": "", "2019-12-31": "36586.00000", "2018-12-31": "36451.00000", "2017-12-31": "45152.00000", "2016-12-31": "31949.00000", "2015-12-31": "19921.00000", "2014-12-31": "19568.00000", "2013-12-31": "17686.00000", "2012-12-31": "40422.00000", "2011-12-31": "35750.75000", "2010-12-31": "37808.72000", "2009-12-31": "29394.23000", "2008-12-31": "24900.51000", "2007-12-31": "21889.98000", "2006-12-31": "22123.98000", "2005-12-31": "14725.93000"}, "Common Stock Net": {"2020-12-31": "", "2019-12-31": "23853.00000", "2018-12-31": "23512.00000", "2017-12-31": "23206.00000", "2016-12-31": "13027.00000", "2015-12-31": "12734.00000", "2014-12-31": "12383.00000", "2013-12-31": "12048.00000", "2012-12-31": "11755.00000", "2011-12-31": "9817.13400", "2010-12-31": "8744.70300", "2009-12-31": "8257.87300", "2008-12-31": "7444.41100", "2007-12-31": "6104.10200", "2006-12-31": "4290.92900", "2005-12-31": "3477.46000"}, "Retained Earnings (Accumulated Deficit)": {"2020-12-31": "", "2019-12-31": "25847.00000", "2018-12-31": "24560.00000", "2017-12-31": "23978.00000", "2016-12-31": "25565.00000", "2015-12-31": "25757.00000", "2014-12-31": "22874.00000", "2013-12-31": "21979.00000", "2012-12-31": "24151.00000", "2011-12-31": "20907.36000", "2010-12-31": "19215.77000", "2009-12-31": "17342.69000", "2008-12-31": "13825.38000", "2007-12-31": "10805.81000", "2006-12-31": "9568.72800", "2005-12-31": "10404.57000"}, "Comprehensive Income": {"2020-12-31": "", "2019-12-31": "-8465.00000", "2018-12-31": "-7586.00000", "2017-12-31": "-6062.00000", "2016-12-31": "-7263.00000", "2015-12-31": "-6658.00000", "2014-12-31": "-5053.00000", "2013-12-31": "-2012.00000", "2012-12-31": "-3594.00000", "2011-12-31": "-2597.18500", "2010-12-31": "-1366.84600", "2009-12-31": "854.07400", "2008-12-31": "-1163.83900", "2007-12-31": "2081.76300", "2006-12-31": "389.76600", "2005-12-31": "745.49800"}, "Other Share Holders Equity": {"2020-12-31": "", "2019-12-31": "", "2018-12-31": "", "2017-12-31": "", "2016-12-31": "", "2015-12-31": "", "2014-12-31": "", "2013-12-31": "", "2012-12-31": "", "2011-12-31": "", "2010-12-31": "", "2009-12-31": "", "2008-12-31": "", "2007-12-31": "", "2006-12-31": "", "2005-12-31": ""}, "Share Holder Equity": {"2020-12-31": "", "2019-12-31": "31301.00000", "2018-12-31": "30722.00000", "2017-12-31": "31098.00000", "2016-12-31": "20717.00000", "2015-12-31": "21326.00000", "2014-12-31": "21639.00000", "2013-12-31": "25267.00000", "2012-12-31": "26813.00000", "2011-12-31": "24526.14000", "2010-12-31": "22765.13000", "2009-12-31": "23187.40000", "2008-12-31": "17518.69000", "2007-12-31": "17823.95000", "2006-12-31": "14054.19000", "2005-12-31": "14415.27000"}, "Total Liabilities And Share Holders Equity": {"2020-12-31": "", "2019-12-31": "67887.00000", "2018-12-31": "67173.00000", "2017-12-31": "76250.00000", "2016-12-31": "52666.00000", "2015-12-31": "41247.00000", "2014-12-31": "41207.00000", "2013-12-31": "42953.00000", "2012-12-31": "67235.00000", "2011-12-31": "60276.89000", "2010-12-31": "60573.85000", "2009-12-31": "52581.62000", "2008-12-31": "42419.20000", "2007-12-31": "39713.93000", "2006-12-31": "36178.17000", "2005-12-31": "29141.20000"}}, "balance sheet, quarterly": {"Cash On Hand": {"2020-12-31": "", "2020-09-30": "4731.00000", "2020-06-30": "5037.00000", "2020-03-31": "3668.00000", "2019-12-31": "4140.00000", "2019-09-30": "4335.00000", "2019-06-30": "3376.00000", "2019-03-31": "3261.00000", "2018-12-31": "4086.00000", "2018-09-30": "7550.00000", "2018-06-30": "3264.00000", "2018-03-31": "4042.00000", "2017-12-31": "9610.00000", "2017-09-30": "11199.00000", "2017-06-30": "9835.00000", "2017-03-31": "8860.00000", "2016-12-31": "18775.00000", "2016-09-30": "4507.00000", "2016-06-30": "4438.00000", "2016-03-31": "3957.00000", "2015-12-31": "6125.00000", "2015-09-30": "6139.00000", "2015-06-30": "11177.00000", "2015-03-31": "9849.00000", "2014-12-31": "4460.00000", "2014-09-30": "4877.00000", "2014-06-30": "7062.00000", "2014-03-31": "7047.00000", "2013-12-31": "8098.00000", "2013-09-30": "8605.48400", "2013-06-30": "9393.59200", "2013-03-31": "8517.31300", "2012-12-31": "15174.00000", "2012-09-30": "11504.52000", "2012-06-30": "11002.14000", "2012-03-31": "9526.56100", "2011-12-31": "8097.35900", "2011-09-30": "7976.50200", "2011-06-30": "8893.49900", "2011-03-31": "6502.28000", "2010-12-31": "5451.45000", "2010-09-30": "3849.95100", "2010-06-30": "4372.77800", "2010-03-31": "1822.07300", "2009-12-31": "9932.04800", "2009-09-30": "8695.15200", "2009-06-30": "6887.94300", "2009-03-31": "5703.77700", "2008-12-31": "5079.62500", "2008-09-30": "3766.47000", "2008-06-30": "5178.27400", "2008-03-31": "3636.59900", "2007-12-31": "2820.82700", "2007-09-30": "2548.95000", "2007-06-30": "2237.07400", "2007-03-31": "1641.87900", "2006-12-31": "1373.43500", "2006-09-30": "1051.13400", "2006-06-30": "1096.84000", "2006-03-31": "2404.66200", "2005-12-31": "2956.09300", "2005-09-30": "2927.65800", "2005-06-30": "1534.70200", "2005-03-31": "1814.51900"}, "Receivables": {"2020-12-31": "", "2020-09-30": "5649.00000", "2020-06-30": "5140.00000", "2020-03-31": "5292.00000", "2019-12-31": "5425.00000", "2019-09-30": "5450.00000", "2019-06-30": "5548.00000", "2019-03-31": "5345.00000", "2018-12-31": "5182.00000", "2018-09-30": "5271.00000", "2018-06-30": "5192.00000", "2018-03-31": "5356.00000", "2017-12-31": "5249.00000", "2017-09-30": "4800.00000", "2017-06-30": "4633.00000", "2017-03-31": "4510.00000", "2016-12-31": "3248.00000", "2016-09-30": "3320.00000", "2016-06-30": "3567.00000", "2016-03-31": "3430.00000", "2015-12-31": "3418.00000", "2015-09-30": "3460.00000", "2015-06-30": "3553.00000", "2015-03-31": "3481.00000", "2014-12-31": "3586.00000", "2014-09-30": "3618.00000", "2014-06-30": "4056.00000", "2014-03-31": "3883.00000", "2013-12-31": "3986.00000", "2013-09-30": "3882.80300", "2013-06-30": "3938.99800", "2013-03-31": "3917.86500", "2012-12-31": "7613.00000", "2012-09-30": "6948.71400", "2012-06-30": "6767.95200", "2012-03-31": "7659.88200", "2011-12-31": "7683.92000", "2011-09-30": "7043.54200", "2011-06-30": "7038.06900", "2011-03-31": "7160.21900", "2010-12-31": "7184.03400", "2010-09-30": "6248.90800", "2010-06-30": "6338.35000", "2010-03-31": "6520.22200", "2009-12-31": "6541.94100", "2009-09-30": "5474.98700", "2009-06-30": "5452.76500", "2009-03-31": "5227.10200", "2008-12-31": "5465.66000", "2008-09-30": "4994.07500", "2008-06-30": "5189.05200", "2008-03-31": "4998.28000", "2007-12-31": "4946.87600", "2007-09-30": "4211.45700", "2007-06-30": "3395.03100", "2007-03-31": "3278.28300", "2006-12-31": "4231.14200", "2006-09-30": "3577.72900", "2006-06-30": "3673.17800", "2006-03-31": "3342.63700", "2005-12-31": "3576.79400", "2005-09-30": "3203.03800", "2005-06-30": "3345.24800", "2005-03-31": "3537.51100"}, "Inventory": {"2020-12-31": "", "2020-09-30": "5152.00000", "2020-06-30": "5202.00000", "2020-03-31": "4568.00000", "2019-12-31": "4316.00000", "2019-09-30": "4392.00000", "2019-06-30": "4352.00000", "2019-03-31": "4085.00000", "2018-12-31": "3796.00000", "2018-09-30": "3781.00000", "2018-06-30": "3714.00000", "2018-03-31": "3826.00000", "2017-12-31": "3601.00000", "2017-09-30": "3483.00000", "2017-06-30": "3603.00000", "2017-03-31": "3995.00000", "2016-12-31": "2434.00000", "2016-09-30": "2613.00000", "2016-06-30": "2813.00000", "2016-03-31": "2786.00000", "2015-12-31": "2599.00000", "2015-09-30": "2633.00000", "2015-06-30": "2735.00000", "2015-03-31": "2623.00000", "2014-12-31": "2643.00000", "2014-09-30": "2696.00000", "2014-06-30": "2823.00000", "2014-03-31": "2775.00000", "2013-12-31": "2693.00000", "2013-09-30": "2804.07000", "2013-06-30": "2725.17900", "2013-03-31": "2710.25000", "2012-12-31": "3793.00000", "2012-09-30": "3814.25600", "2012-06-30": "3518.45200", "2012-03-31": "3549.34800", "2011-12-31": "3284.24900", "2011-09-30": "3269.31700", "2011-06-30": "3475.00600", "2011-03-31": "3400.99600", "2010-12-31": "3188.73400", "2010-09-30": "3308.75800", "2010-06-30": "3168.64100", "2010-03-31": "3410.92100", "2009-12-31": "3264.87700", "2009-09-30": "3421.68000", "2009-06-30": "3520.83900", "2009-03-31": "3159.09300", "2008-12-31": "2775.84900", "2008-09-30": "3100.12200", "2008-06-30": "3161.20400", "2008-03-31": "3075.63600", "2007-12-31": "2951.44200", "2007-09-30": "2924.75400", "2007-06-30": "2146.06000", "2007-03-31": "2174.02500", "2006-12-31": "2806.42100", "2006-09-30": "2735.70900", "2006-06-30": "2632.27000", "2006-03-31": "2418.53700", "2005-12-31": "2541.97900", "2005-09-30": "2686.16800", "2005-06-30": "2539.28700", "2005-03-31": "2670.87800"}, "Pre-Paid Expenses": {"2020-12-31": "", "2020-09-30": "1858.00000", "2020-06-30": "1842.00000", "2020-03-31": "1970.00000", "2019-12-31": "1786.00000", "2019-09-30": "1942.00000", "2019-06-30": "1919.00000", "2019-03-31": "1718.00000", "2018-12-31": "1568.00000", "2018-09-30": "1582.00000", "2018-06-30": "1935.00000", "2018-03-31": "1720.00000", "2017-12-31": "1667.00000", "2017-09-30": "1895.00000", "2017-06-30": "1912.00000", "2017-03-31": "1964.00000", "2016-12-31": "1806.00000", "2016-09-30": "1986.00000", "2016-06-30": "2104.00000", "2016-03-31": "2157.00000", "2015-12-31": "1908.00000", "2015-09-30": "3523.00000", "2015-06-30": "3573.00000", "2015-03-31": "3859.00000", "2014-12-31": "1975.00000", "2014-09-30": "4173.00000", "2014-06-30": "4065.00000", "2014-03-31": "3977.00000", "2013-12-31": "1504.00000", "2013-09-30": "3917.61600", "2013-06-30": "3240.17200", "2013-03-31": "3414.20500", "2012-12-31": "1757.00000", "2012-09-30": "4996.75200", "2012-06-30": "4968.95000", "2012-03-31": "4866.34000", "2011-12-31": "2002.70600", "2011-09-30": "4805.05500", "2011-06-30": "4725.60400", "2011-03-31": "4710.07800", "2010-12-31": "1544.77000", "2010-09-30": "4167.99600", "2010-06-30": "4164.60200", "2010-03-31": "4067.46200", "2009-12-31": "1210.88300", "2009-09-30": "3824.02300", "2009-06-30": "3766.82900", "2009-03-31": "3917.92200", "2008-12-31": "1258.55400", "2008-09-30": "3366.06600", "2008-06-30": "3428.63800", "2008-03-31": "3401.22500", "2007-12-31": "1213.71600", "2007-09-30": "3153.03500", "2007-06-30": "2930.38100", "2007-03-31": "2855.53000", "2006-12-31": "1153.96900", "2006-09-30": "2706.00600", "2006-06-30": "2495.49700", "2006-03-31": "2341.46300", "2005-12-31": "1062.59300", "2005-09-30": "2033.70900", "2005-06-30": "2011.73500", "2005-03-31": "2095.19500"}, "Other Current Assets": {"2020-12-31": "", "2020-09-30": "", "2020-06-30": "", "2020-03-31": "", "2019-12-31": "", "2019-09-30": "", "2019-06-30": "", "2019-03-31": "", "2018-12-31": "", "2018-09-30": "12.00000", "2018-06-30": "17.00000", "2018-03-31": "20.00000", "2017-12-31": "20.00000", "2017-09-30": "", "2017-06-30": "", "2017-03-31": "", "2016-12-31": "513.00000", "2016-09-30": "552.00000", "2016-06-30": "66.00000", "2016-03-31": "76.00000", "2015-12-31": "105.00000", "2015-09-30": "139.00000", "2015-06-30": "93.00000", "2015-03-31": "173.00000", "2014-12-31": "892.00000", "2014-09-30": "1100.00000", "2014-06-30": "252.00000", "2014-03-31": "249.00000", "2013-12-31": "438.00000", "2013-09-30": "538.97600", "2013-06-30": "533.18300", "2013-03-31": "537.23500", "2012-12-31": "", "2012-09-30": "", "2012-06-30": "", "2012-03-31": "", "2011-12-31": "", "2011-09-30": "", "2011-06-30": "", "2011-03-31": "1873.55900", "2010-12-31": "1872.49000", "2010-09-30": "1871.80700", "2010-06-30": "1870.93600", "2010-03-31": "1870.00000", "2009-12-31": "", "2009-09-30": "", "2009-06-30": "", "2009-03-31": "", "2008-12-31": "", "2008-09-30": "", "2008-06-30": "", "2008-03-31": "", "2007-12-31": "", "2007-09-30": "", "2007-06-30": "1630.36300", "2007-03-31": "1554.50000", "2006-12-31": "", "2006-09-30": "", "2006-06-30": "", "2006-03-31": "101.53300", "2005-12-31": "", "2005-09-30": "138.10600", "2005-06-30": "232.27700", "2005-03-31": "233.02000"}, "Total Current Assets": {"2020-12-31": "", "2020-09-30": "17390.00000", "2020-06-30": "17221.00000", "2020-03-31": "15498.00000", "2019-12-31": "15667.00000", "2019-09-30": "16119.00000", "2019-06-30": "15195.00000", "2019-03-31": "14409.00000", "2018-12-31": "14632.00000", "2018-09-30": "18196.00000", "2018-06-30": "14122.00000", "2018-03-31": "14964.00000", "2017-12-31": "20147.00000", "2017-09-30": "21377.00000", "2017-06-30": "19983.00000", "2017-03-31": "19329.00000", "2016-12-31": "26776.00000", "2016-09-30": "12978.00000", "2016-06-30": "12988.00000", "2016-03-31": "12406.00000", "2015-12-31": "14155.00000", "2015-09-30": "15894.00000", "2015-06-30": "21131.00000", "2015-03-31": "19985.00000", "2014-12-31": "13556.00000", "2014-09-30": "16464.00000", "2014-06-30": "18258.00000", "2014-03-31": "17931.00000", "2013-12-31": "19247.00000", "2013-09-30": "19748.95000", "2013-06-30": "19831.12000", "2013-03-31": "19096.87000", "2012-12-31": "31323.00000", "2012-09-30": "27264.24000", "2012-06-30": "26257.49000", "2012-03-31": "25602.13000", "2011-12-31": "23768.77000", "2011-09-30": "23094.42000", "2011-06-30": "24132.18000", "2011-03-31": "23647.13000", "2010-12-31": "22317.53000", "2010-09-30": "19447.42000", "2010-06-30": "19915.31000", "2010-03-31": "17690.68000", "2009-12-31": "23313.89000", "2009-09-30": "21415.84000", "2009-06-30": "19628.38000", "2009-03-31": "18007.89000", "2008-12-31": "17042.56000", "2008-09-30": "15226.73000", "2008-06-30": "16957.17000", "2008-03-31": "15111.74000", "2007-12-31": "14042.73000", "2007-09-30": "12838.20000", "2007-06-30": "12338.91000", "2007-03-31": "11504.22000", "2006-12-31": "11281.88000", "2006-09-30": "10070.58000", "2006-06-30": "9897.78500", "2006-03-31": "10608.83000", "2005-12-31": "11386.03000", "2005-09-30": "10988.68000", "2005-06-30": "9663.24900", "2005-03-31": "10351.12000"}, "Property, Plant, And Equipment": {"2020-12-31": "", "2020-09-30": "8620.00000", "2020-06-30": "8343.00000", "2020-03-31": "7907.00000", "2019-12-31": "8038.00000", "2019-09-30": "7825.00000", "2019-06-30": "7825.00000", "2019-03-31": "7626.00000", "2018-12-31": "7563.00000", "2018-09-30": "7448.00000", "2018-06-30": "7432.00000", "2018-03-31": "7659.00000", "2017-12-31": "7607.00000", "2017-09-30": "7219.00000", "2017-06-30": "7286.00000", "2017-03-31": "7265.00000", "2016-12-31": "5705.00000", "2016-09-30": "5734.00000", "2016-06-30": "5826.00000", "2016-03-31": "5836.00000", "2015-12-31": "5730.00000", "2015-09-30": "5797.00000", "2015-06-30": "5738.00000", "2015-03-31": "5699.00000", "2014-12-31": "5935.00000", "2014-09-30": "5872.00000", "2014-06-30": "5935.00000", "2014-03-31": "5948.00000", "2013-12-31": "5905.00000", "2013-09-30": "5842.36900", "2013-06-30": "5768.64900", "2013-03-31": "5791.49200", "2012-12-31": "8063.00000", "2012-09-30": "7960.64800", "2012-06-30": "7831.27200", "2012-03-31": "7955.25700", "2011-12-31": "7873.95500", "2011-09-30": "7977.46000", "2011-06-30": "8128.45000", "2011-03-31": "8078.19500", "2010-12-31": "7970.95600", "2010-09-30": "7939.78700", "2010-06-30": "7875.60800", "2010-03-31": "8060.11400", "2009-12-31": "7619.48900", "2009-09-30": "7522.39900", "2009-06-30": "7448.30300", "2009-03-31": "7310.43300", "2008-12-31": "7219.16600", "2008-09-30": "7640.72100", "2008-06-30": "7791.88400", "2008-03-31": "7620.70400", "2007-12-31": "7518.14900", "2007-09-30": "7231.69900", "2007-06-30": "5824.60700", "2007-03-31": "5696.19500", "2006-12-31": "6946.43500", "2006-09-30": "6865.73800", "2006-06-30": "6797.67200", "2006-03-31": "6052.91300", "2005-12-31": "6003.14100", "2005-09-30": "5985.33500", "2005-06-30": "6018.09000", "2005-03-31": "6079.66700"}, "Long-Term Investments": {"2020-12-31": "", "2020-09-30": "803.00000", "2020-06-30": "776.00000", "2020-03-31": "790.00000", "2019-12-31": "883.00000", "2019-09-30": "874.00000", "2019-06-30": "851.00000", "2019-03-31": "867.00000", "2018-12-31": "897.00000", "2018-09-30": "971.00000", "2018-06-30": "940.00000", "2018-03-31": "913.00000", "2017-12-31": "883.00000", "2017-09-30": "1386.00000", "2017-06-30": "1545.00000", "2017-03-31": "1756.00000", "2016-12-31": "2947.00000", "2016-09-30": "2997.00000", "2016-06-30": "3339.00000", "2016-03-31": "3552.00000", "2015-12-31": "4041.00000", "2015-09-30": "3055.00000", "2015-06-30": "243.00000", "2015-03-31": "244.00000", "2014-12-31": "229.00000", "2014-09-30": "221.00000", "2014-06-30": "130.00000", "2014-03-31": "122.00000", "2013-12-31": "119.00000", "2013-09-30": "142.52700", "2013-06-30": "154.26800", "2013-03-31": "146.07600", "2012-12-31": "274.00000", "2012-09-30": "380.38300", "2012-06-30": "389.90100", "2012-03-31": "374.74600", "2011-12-31": "378.22500", "2011-09-30": "392.78800", "2011-06-30": "451.92800", "2011-03-31": "390.12200", "2010-12-31": "302.04900", "2010-09-30": "255.15300", "2010-06-30": "251.24000", "2010-03-31": "1120.48300", "2009-12-31": "1132.86600", "2009-09-30": "1110.76700", "2009-06-30": "1051.95200", "2009-03-31": "1053.85400", "2008-12-31": "1073.73600", "2008-09-30": "1081.99900", "2008-06-30": "1091.25400", "2008-03-31": "1084.13200", "2007-12-31": "1125.26200", "2007-09-30": "1062.58900", "2007-06-30": "1005.23200", "2007-03-31": "993.63600", "2006-12-31": "1229.87300", "2006-09-30": "1366.46600", "2006-06-30": "1774.21500", "2006-03-31": "138.30400", "2005-12-31": "134.01300", "2005-09-30": "135.24500", "2005-06-30": "127.99000", "2005-03-31": "118.48400"}, "Goodwill And Intangible Assets": {"2020-12-31": "", "2020-09-30": "38546.00000", "2020-06-30": "38865.00000", "2020-03-31": "39192.00000", "2019-12-31": "40220.00000", "2019-09-30": "40511.00000", "2019-06-30": "41420.00000", "2019-03-31": "41681.00000", "2018-12-31": "42196.00000", "2018-09-30": "42893.00000", "2018-06-30": "43795.00000", "2018-03-31": "45170.00000", "2017-12-31": "45493.00000", "2017-09-30": "40644.00000", "2017-06-30": "40785.00000", "2017-03-31": "40758.00000", "2016-12-31": "12222.00000", "2016-09-30": "12486.00000", "2016-06-30": "15063.00000", "2016-03-31": "15233.00000", "2015-12-31": "15200.00000", "2015-09-30": "15594.00000", "2015-06-30": "15681.00000", "2015-03-31": "15834.00000", "2014-12-31": "16265.00000", "2014-09-30": "16142.00000", "2014-06-30": "15179.00000", "2014-03-31": "15394.00000", "2013-12-31": "15507.00000", "2013-09-30": "15651.00000", "2013-06-30": "15000.33000", "2013-03-31": "15482.26000", "2012-12-31": "24362.00000", "2012-09-30": "24668.68000", "2012-06-30": "24340.47000", "2012-03-31": "25695.65000", "2011-12-31": "25695.02000", "2011-09-30": "27024.36000", "2011-06-30": "28496.53000", "2011-03-31": "28836.83000", "2010-12-31": "28081.71000", "2010-09-30": "28454.21000", "2010-06-30": "24484.50000", "2010-03-31": "25671.05000", "2009-12-31": "19492.16000", "2009-09-30": "18452.01000", "2009-06-30": "18214.36000", "2009-03-31": "17713.89000", "2008-12-31": "15138.47000", "2008-09-30": "16414.00000", "2008-06-30": "16800.90000", "2008-03-31": "15818.58000", "2007-12-31": "15849.32000", "2007-09-30": "15522.77000", "2007-06-30": "15162.22000", "2007-03-31": "15234.43000", "2006-12-31": "15852.90000", "2006-09-30": "13128.36000", "2006-06-30": "13520.23000", "2006-03-31": "9915.03500", "2005-12-31": "9960.89500", "2005-09-30": "10084.52000", "2005-06-30": "10321.11000", "2005-03-31": "10693.56000"}, "Other Long-Term Assets": {"2020-12-31": "", "2020-09-30": "", "2020-06-30": "", "2020-03-31": "", "2019-12-31": "", "2019-09-30": "", "2019-06-30": "", "2019-03-31": "", "2018-12-31": "", "2018-09-30": "19.00000", "2018-06-30": "121.00000", "2018-03-31": "120.00000", "2017-12-31": "176.00000", "2017-09-30": "57.00000", "2017-06-30": "", "2017-03-31": "", "2016-12-31": "2753.00000", "2016-09-30": "2779.00000", "2016-06-30": "2.00000", "2016-03-31": "2.00000", "2015-12-31": "2.00000", "2015-09-30": "2.00000", "2015-06-30": "2.00000", "2015-03-31": "3.00000", "2014-12-31": "1934.00000", "2014-09-30": "2043.00000", "2014-06-30": "52.00000", "2014-03-31": "53.00000", "2013-12-31": "66.00000", "2013-09-30": "76.90300", "2013-06-30": "71.11400", "2013-03-31": "71.95000", "2012-12-31": "", "2012-09-30": "", "2012-06-30": "", "2012-03-31": "", "2011-12-31": "", "2011-09-30": "", "2011-06-30": "", "2011-03-31": "", "2010-12-31": "", "2010-09-30": "", "2010-06-30": "", "2010-03-31": "", "2009-12-31": "", "2009-09-30": "", "2009-06-30": "", "2009-03-31": "", "2008-12-31": "", "2008-09-30": "", "2008-06-30": "", "2008-03-31": "", "2007-12-31": "", "2007-09-30": "", "2007-06-30": "1854.47000", "2007-03-31": "1842.07400", "2006-12-31": "", "2006-09-30": "", "2006-06-30": "2071.36100", "2006-03-31": "1816.41500", "2005-12-31": "", "2005-09-30": "1637.17800", "2005-06-30": "1686.77000", "2005-03-31": "1614.38300"}, "Total Long-Term Assets": {"2020-12-31": "", "2020-09-30": "51653.00000", "2020-06-30": "51555.00000", "2020-03-31": "51279.00000", "2019-12-31": "52220.00000", "2019-09-30": "52420.00000", "2019-06-30": "53232.00000", "2019-03-31": "53201.00000", "2018-12-31": "52541.00000", "2018-09-30": "53441.00000", "2018-06-30": "54293.00000", "2018-03-31": "55944.00000", "2017-12-31": "56103.00000", "2017-09-30": "50871.00000", "2017-06-30": "51168.00000", "2017-03-31": "51558.00000", "2016-12-31": "25890.00000", "2016-09-30": "26519.00000", "2016-06-30": "26843.00000", "2016-03-31": "27231.00000", "2015-12-31": "27092.00000", "2015-09-30": "25831.00000", "2015-06-30": "22994.00000", "2015-03-31": "23110.00000", "2014-12-31": "27651.00000", "2014-09-30": "26050.00000", "2014-06-30": "23217.00000", "2014-03-31": "23731.00000", "2013-12-31": "23706.00000", "2013-09-30": "24383.53000", "2013-06-30": "23072.22000", "2013-03-31": "23589.74000", "2012-12-31": "35912.00000", "2012-09-30": "35993.50000", "2012-06-30": "35602.30000", "2012-03-31": "36813.67000", "2011-12-31": "36508.12000", "2011-09-30": "36533.76000", "2011-06-30": "37872.06000", "2011-03-31": "38004.23000", "2010-12-31": "38256.32000", "2010-09-30": "37926.20000", "2010-06-30": "33466.09000", "2010-03-31": "35667.95000", "2009-12-31": "29267.73000", "2009-09-30": "28430.98000", "2009-06-30": "28001.64000", "2009-03-31": "27429.70000", "2008-12-31": "25376.64000", "2008-09-30": "26526.28000", "2008-06-30": "27116.55000", "2008-03-31": "26065.83000", "2007-12-31": "25671.19000", "2007-09-30": "24783.71000", "2007-06-30": "24814.31000", "2007-03-31": "24781.90000", "2006-12-31": "24896.29000", "2006-09-30": "23229.29000", "2006-06-30": "24163.48000", "2006-03-31": "17922.67000", "2005-12-31": "17755.18000", "2005-09-30": "17842.28000", "2005-06-30": "18153.96000", "2005-03-31": "18506.09000"}, "Total Assets": {"2020-12-31": "0.00000", "2020-09-30": "69043.00000", "2020-06-30": "68776.00000", "2020-03-31": "66777.00000", "2019-12-31": "67887.00000", "2019-09-30": "68539.00000", "2019-06-30": "68427.00000", "2019-03-31": "67610.00000", "2018-12-31": "67173.00000", "2018-09-30": "71637.00000", "2018-06-30": "68415.00000", "2018-03-31": "70908.00000", "2017-12-31": "76250.00000", "2017-09-30": "72248.00000", "2017-06-30": "71151.00000", "2017-03-31": "70887.00000", "2016-12-31": "52666.00000", "2016-09-30": "39497.00000", "2016-06-30": "39831.00000", "2016-03-31": "39637.00000", "2015-12-31": "41247.00000", "2015-09-30": "41725.00000", "2015-06-30": "44125.00000", "2015-03-31": "43095.00000", "2014-12-31": "41207.00000", "2014-09-30": "42514.00000", "2014-06-30": "41475.00000", "2014-03-31": "41662.00000", "2013-12-31": "42953.00000", "2013-09-30": "44132.48000", "2013-06-30": "42903.35000", "2013-03-31": "42686.61000", "2012-12-31": "67235.00000", "2012-09-30": "63257.74000", "2012-06-30": "61859.79000", "2012-03-31": "62415.80000", "2011-12-31": "60276.89000", "2011-09-30": "59628.18000", "2011-06-30": "62004.24000", "2011-03-31": "61651.36000", "2010-12-31": "60573.85000", "2010-09-30": "57373.62000", "2010-06-30": "53381.40000", "2010-03-31": "53358.62000", "2009-12-31": "52581.62000", "2009-09-30": "49846.82000", "2009-06-30": "47630.02000", "2009-03-31": "45437.60000", "2008-12-31": "42419.20000", "2008-09-30": "41753.01000", "2008-06-30": "44073.72000", "2008-03-31": "41177.57000", "2007-12-31": "39713.93000", "2007-09-30": "37621.91000", "2007-06-30": "37153.22000", "2007-03-31": "36286.12000", "2006-12-31": "36178.17000", "2006-09-30": "33299.87000", "2006-06-30": "34061.27000", "2006-03-31": "28531.50000", "2005-12-31": "29141.20000", "2005-09-30": "28830.96000", "2005-06-30": "27817.21000", "2005-03-31": "28857.21000"}, "Total Current Liabilities": {"2020-12-31": "", "2020-09-30": "10257.00000", "2020-06-30": "10959.00000", "2020-03-31": "10808.00000", "2019-12-31": "10863.00000", "2019-09-30": "10491.00000", "2019-06-30": "9062.00000", "2019-03-31": "9113.00000", "2018-12-31": "9012.00000", "2018-09-30": "12776.00000", "2018-06-30": "8951.00000", "2018-03-31": "9010.00000", "2017-12-31": "8912.00000", "2017-09-30": "7935.00000", "2017-06-30": "6803.00000", "2017-03-31": "6646.00000", "2016-12-31": "6660.00000", "2016-09-30": "8321.00000", "2016-06-30": "8673.00000", "2016-03-31": "8393.00000", "2015-12-31": "9186.00000", "2015-09-30": "8755.00000", "2015-06-30": "9185.00000", "2015-03-31": "9206.00000", "2014-12-31": "10467.00000", "2014-09-30": "10823.00000", "2014-06-30": "9853.00000", "2014-03-31": "10186.00000", "2013-12-31": "9507.00000", "2013-09-30": "11331.67000", "2013-06-30": "10919.61000", "2013-03-31": "10406.33000", "2012-12-31": "13280.00000", "2012-09-30": "16285.98000", "2012-06-30": "17120.47000", "2012-03-31": "16785.92000", "2011-12-31": "15480.23000", "2011-09-30": "15413.96000", "2011-06-30": "15839.93000", "2011-03-31": "17225.10000", "2010-12-31": "17262.43000", "2010-09-30": "15583.87000", "2010-06-30": "14689.26000", "2010-03-31": "15183.49000", "2009-12-31": "13049.49000", "2009-09-30": "12524.51000", "2009-06-30": "12042.38000", "2009-03-31": "11770.27000", "2008-12-31": "11591.91000", "2008-09-30": "9559.43900", "2008-06-30": "12016.55000", "2008-03-31": "10770.45000", "2007-12-31": "9103.27800", "2007-09-30": "12283.06000", "2007-06-30": "12010.22000", "2007-03-31": "12305.11000", "2006-12-31": "11951.20000", "2006-09-30": "7434.00100", "2006-06-30": "7694.18400", "2006-03-31": "7160.54000", "2005-12-31": "7415.51400", "2005-09-30": "8758.51500", "2005-06-30": "6083.03100", "2005-03-31": "7367.97800"}, "Long Term Debt": {"2020-12-31": "", "2020-09-30": "18349.00000", "2020-06-30": "18184.00000", "2020-03-31": "16804.00000", "2019-12-31": "16661.00000", "2019-09-30": "17639.00000", "2019-06-30": "18982.00000", "2019-03-31": "18845.00000", "2018-12-31": "19359.00000", "2018-09-30": "19284.00000", "2018-06-30": "19823.00000", "2018-03-31": "21154.00000", "2017-12-31": "27210.00000", "2017-09-30": "23310.00000", "2017-06-30": "23810.00000", "2017-03-31": "23764.00000", "2016-12-31": "20681.00000", "2016-09-30": "5975.00000", "2016-06-30": "6016.00000", "2016-03-31": "5977.00000", "2015-12-31": "5871.00000", "2015-09-30": "5953.00000", "2015-06-30": "5862.00000", "2015-03-31": "5931.00000", "2014-12-31": "3393.00000", "2014-09-30": "3719.00000", "2014-06-30": "3403.00000", "2014-03-31": "3387.00000", "2013-12-31": "3388.00000", "2013-09-30": "3403.06900", "2013-06-30": "3410.75900", "2013-03-31": "3466.57600", "2012-12-31": "18085.00000", "2012-09-30": "12054.64000", "2012-06-30": "12004.09000", "2012-03-31": "11861.50000", "2011-12-31": "12039.82000", "2011-09-30": "13096.77000", "2011-06-30": "12627.76000", "2011-03-31": "12530.25000", "2010-12-31": "12523.52000", "2010-09-30": "12910.68000", "2010-06-30": "12612.66000", "2010-03-31": "10878.65000", "2009-12-31": "11266.29000", "2009-09-30": "11576.56000", "2009-06-30": "11371.52000", "2009-03-31": "11675.95000", "2008-12-31": "8713.32700", "2008-09-30": "9265.16300", "2008-06-30": "9574.56600", "2008-03-31": "9042.85800", "2007-12-31": "9487.78900", "2007-09-30": "6477.91900", "2007-06-30": "6606.00500", "2007-03-31": "6541.16900", "2006-12-31": "7009.66400", "2006-09-30": "7508.19900", "2006-06-30": "8174.69500", "2006-03-31": "4151.77600", "2005-12-31": "4571.50400", "2005-09-30": "3049.16900", "2005-06-30": "4720.07300", "2005-03-31": "4697.83500"}, "Other Non-Current Liabilities": {"2020-12-31": "", "2020-09-30": "", "2020-06-30": "", "2020-03-31": "", "2019-12-31": "", "2019-09-30": "", "2019-06-30": "", "2019-03-31": "", "2018-12-31": "", "2018-09-30": "", "2018-06-30": "", "2018-03-31": "", "2017-12-31": "", "2017-09-30": "", "2017-06-30": "", "2017-03-31": "", "2016-12-31": "59.00000", "2016-09-30": "60.00000", "2016-06-30": "", "2016-03-31": "", "2015-12-31": "", "2015-09-30": "", "2015-06-30": "", "2015-03-31": "", "2014-12-31": "108.00000", "2014-09-30": "96.00000", "2014-06-30": "1.00000", "2014-03-31": "1.00000", "2013-12-31": "7.00000", "2013-09-30": "6.20500", "2013-06-30": "5.99500", "2013-03-31": "5.32500", "2012-12-31": "", "2012-09-30": "", "2012-06-30": "", "2012-03-31": "", "2011-12-31": "", "2011-09-30": "", "2011-06-30": "", "2011-03-31": "", "2010-12-31": "", "2010-09-30": "", "2010-06-30": "", "2010-03-31": "", "2009-12-31": "", "2009-09-30": "", "2009-06-30": "", "2009-03-31": "", "2008-12-31": "", "2008-09-30": "", "2008-06-30": "", "2008-03-31": "", "2007-12-31": "", "2007-09-30": "", "2007-06-30": "151.54900", "2007-03-31": "151.81800", "2006-12-31": "", "2006-09-30": "", "2006-06-30": "", "2006-03-31": "0.72200", "2005-12-31": "", "2005-09-30": "1.08400", "2005-06-30": "1.23000", "2005-03-31": "1.68000"}, "Total Long Term Liabilities": {"2020-12-31": "", "2020-09-30": "27191.00000", "2020-06-30": "27019.00000", "2020-03-31": "25542.00000", "2019-12-31": "25723.00000", "2019-09-30": "26029.00000", "2019-06-30": "27471.00000", "2019-03-31": "27368.00000", "2018-12-31": "27439.00000", "2018-09-30": "27963.00000", "2018-06-30": "28690.00000", "2018-03-31": "30297.00000", "2017-12-31": "36240.00000", "2017-09-30": "32095.00000", "2017-06-30": "32560.00000", "2017-03-31": "32694.00000", "2016-12-31": "25289.00000", "2016-09-30": "10280.00000", "2016-06-30": "10363.00000", "2016-03-31": "10402.00000", "2015-12-31": "10735.00000", "2015-09-30": "11751.00000", "2015-06-30": "11814.00000", "2015-03-31": "11901.00000", "2014-12-31": "9101.00000", "2014-09-30": "8698.00000", "2014-06-30": "7918.00000", "2014-03-31": "7987.00000", "2013-12-31": "8179.00000", "2013-09-30": "9012.88100", "2013-06-30": "9556.08600", "2013-03-31": "9597.01200", "2012-12-31": "27142.00000", "2012-09-30": "19867.42000", "2012-06-30": "20166.84000", "2012-03-31": "20086.45000", "2011-12-31": "20270.52000", "2011-09-30": "19525.24000", "2011-06-30": "19694.61000", "2011-03-31": "19705.93000", "2010-12-31": "20546.29000", "2010-09-30": "20307.03000", "2010-06-30": "18697.51000", "2010-03-31": "17162.80000", "2009-12-31": "16344.74000", "2009-09-30": "15947.56000", "2009-06-30": "15667.57000", "2009-03-31": "15684.19000", "2008-12-31": "13308.61000", "2008-09-30": "12847.74000", "2008-06-30": "13098.37000", "2008-03-31": "12427.58000", "2007-12-31": "12786.70000", "2007-09-30": "9730.68900", "2007-06-30": "9808.85200", "2007-03-31": "9661.87000", "2006-12-31": "10172.79000", "2006-09-30": "10232.47000", "2006-06-30": "11181.58000", "2006-03-31": "6928.81500", "2005-12-31": "7310.41800", "2005-09-30": "5809.41300", "2005-06-30": "7352.27100", "2005-03-31": "7311.68800"}, "Total Liabilities": {"2020-12-31": "", "2020-09-30": "37448.00000", "2020-06-30": "37978.00000", "2020-03-31": "36350.00000", "2019-12-31": "36586.00000", "2019-09-30": "36520.00000", "2019-06-30": "36533.00000", "2019-03-31": "36481.00000", "2018-12-31": "36451.00000", "2018-09-30": "40739.00000", "2018-06-30": "37641.00000", "2018-03-31": "39307.00000", "2017-12-31": "45152.00000", "2017-09-30": "40030.00000", "2017-06-30": "39363.00000", "2017-03-31": "39340.00000", "2016-12-31": "31949.00000", "2016-09-30": "18601.00000", "2016-06-30": "19036.00000", "2016-03-31": "18795.00000", "2015-12-31": "19921.00000", "2015-09-30": "20506.00000", "2015-06-30": "20999.00000", "2015-03-31": "21107.00000", "2014-12-31": "19568.00000", "2014-09-30": "19521.00000", "2014-06-30": "17771.00000", "2014-03-31": "18173.00000", "2013-12-31": "17686.00000", "2013-09-30": "20344.55000", "2013-06-30": "20475.70000", "2013-03-31": "20003.34000", "2012-12-31": "40422.00000", "2012-09-30": "36153.40000", "2012-06-30": "37287.30000", "2012-03-31": "36872.37000", "2011-12-31": "35750.75000", "2011-09-30": "34939.20000", "2011-06-30": "35534.54000", "2011-03-31": "36931.03000", "2010-12-31": "37808.72000", "2010-09-30": "35890.89000", "2010-06-30": "33386.77000", "2010-03-31": "32346.28000", "2009-12-31": "29394.23000", "2009-09-30": "28472.07000", "2009-06-30": "27709.95000", "2009-03-31": "27454.46000", "2008-12-31": "24900.51000", "2008-09-30": "22407.18000", "2008-06-30": "25114.92000", "2008-03-31": "23198.03000", "2007-12-31": "21889.98000", "2007-09-30": "22013.75000", "2007-06-30": "21819.07000", "2007-03-31": "21966.98000", "2006-12-31": "22123.98000", "2006-09-30": "17666.47000", "2006-06-30": "18875.76000", "2006-03-31": "14089.36000", "2005-12-31": "14725.93000", "2005-09-30": "14567.93000", "2005-06-30": "13435.30000", "2005-03-31": "14679.67000"}, "Common Stock Net": {"2020-12-31": "", "2020-09-30": "24037.00000", "2020-06-30": "23893.00000", "2020-03-31": "23731.00000", "2019-12-31": "23853.00000", "2019-09-30": "23771.00000", "2019-06-30": "23665.00000", "2019-03-31": "23461.00000", "2018-12-31": "23512.00000", "2018-09-30": "23428.00000", "2018-06-30": "23317.00000", "2018-03-31": "23223.00000", "2017-12-31": "23206.00000", "2017-09-30": "23118.00000", "2017-06-30": "23012.00000", "2017-03-31": "22886.00000", "2016-12-31": "13027.00000", "2016-09-30": "12939.00000", "2016-06-30": "12835.00000", "2016-03-31": "12744.00000", "2015-12-31": "12734.00000", "2015-09-30": "12641.00000", "2015-06-30": "12566.00000", "2015-03-31": "12462.00000", "2014-12-31": "12383.00000", "2014-09-30": "12207.00000", "2014-06-30": "12126.00000", "2014-03-31": "12032.00000", "2013-12-31": "12048.00000", "2013-09-30": "11793.44000", "2013-06-30": "11730.95000", "2013-03-31": "11615.37000", "2012-12-31": "11755.00000", "2012-09-30": "11418.61000", "2012-06-30": "10815.18000", "2012-03-31": "10378.07000", "2011-12-31": "9817.13400", "2011-09-30": "9102.85700", "2011-06-30": "9005.78800", "2011-03-31": "8842.67500", "2010-12-31": "8744.70300", "2010-09-30": "8624.34400", "2010-06-30": "8504.86500", "2010-03-31": "8413.59500", "2009-12-31": "8257.87300", "2009-09-30": "8005.56000", "2009-06-30": "7927.42600", "2009-03-31": "7853.11400", "2008-12-31": "7444.41100", "2008-09-30": "7309.27600", "2008-06-30": "6745.20500", "2008-03-31": "6526.51000", "2007-12-31": "6104.10200", "2007-09-30": "5791.74600", "2007-06-30": "5546.64700", "2007-03-31": "5195.01800", "2006-12-31": "4290.92900", "2006-09-30": "4131.24400", "2006-06-30": "3791.82700", "2006-03-31": "3666.01500", "2005-12-31": "3477.46000", "2005-09-30": "3515.08600", "2005-06-30": "3473.77100", "2005-03-31": "3329.27300"}, "Retained Earnings (Accumulated Deficit)": {"2020-12-31": "", "2020-09-30": "26266.00000", "2020-06-30": "25669.00000", "2020-03-31": "25786.00000", "2019-12-31": "25847.00000", "2019-09-30": "25440.00000", "2019-06-30": "25045.00000", "2019-03-31": "24613.00000", "2018-12-31": "24560.00000", "2018-09-30": "24144.00000", "2018-06-30": "24080.00000", "2018-03-31": "23856.00000", "2017-12-31": "23978.00000", "2017-09-30": "25320.00000", "2017-06-30": "25202.00000", "2017-03-31": "25387.00000", "2016-12-31": "25565.00000", "2016-09-30": "25162.00000", "2016-06-30": "25884.00000", "2016-03-31": "25654.00000", "2015-12-31": "25757.00000", "2015-09-30": "25375.00000", "2015-06-30": "25162.00000", "2015-03-31": "24740.00000", "2014-12-31": "22874.00000", "2014-09-30": "22335.00000", "2014-06-30": "22137.00000", "2014-03-31": "22005.00000", "2013-12-31": "21979.00000", "2013-09-30": "21668.08000", "2013-06-30": "20318.89000", "2013-03-31": "20062.48000", "2012-12-31": "24151.00000", "2012-09-30": "23326.76000", "2012-06-30": "22227.91000", "2012-03-31": "21314.46000", "2011-12-31": "20907.36000", "2011-09-30": "20052.44000", "2011-06-30": "20509.11000", "2011-03-31": "19323.75000", "2010-12-31": "19215.77000", "2010-09-30": "18181.13000", "2010-06-30": "17978.46000", "2010-03-31": "17367.86000", "2009-12-31": "17342.69000", "2009-09-30": "16152.25000", "2009-06-30": "15296.66000", "2009-03-31": "14629.15000", "2008-12-31": "13825.38000", "2008-09-30": "12453.61000", "2008-06-30": "11963.64000", "2008-03-31": "11200.65000", "2007-12-31": "10805.81000", "2007-09-30": "10125.22000", "2007-06-30": "9949.52500", "2007-03-31": "9532.95400", "2006-12-31": "9568.72800", "2006-09-30": "10506.24000", "2006-06-30": "10270.23000", "2006-03-31": "10109.90000", "2005-12-31": "10404.57000", "2005-09-30": "10330.48000", "2005-06-30": "10284.54000", "2005-03-31": "9852.65400"}, "Comprehensive Income": {"2020-12-31": "", "2020-09-30": "-9044.00000", "2020-06-30": "-9080.00000", "2020-03-31": "-9386.00000", "2019-12-31": "-8465.00000", "2019-09-30": "-7763.00000", "2019-06-30": "-7365.00000", "2019-03-31": "-7470.00000", "2018-12-31": "-7586.00000", "2018-09-30": "-7009.00000", "2018-06-30": "-6913.00000", "2018-03-31": "-5733.00000", "2017-12-31": "-6062.00000", "2017-09-30": "-6116.00000", "2017-06-30": "-6250.00000", "2017-03-31": "-6532.00000", "2016-12-31": "-7263.00000", "2016-09-30": "-6533.00000", "2016-06-30": "-7223.00000", "2016-03-31": "-6851.00000", "2015-12-31": "-6658.00000", "2015-09-30": "-7211.00000", "2015-06-30": "-5004.00000", "2015-03-31": "-5607.00000", "2014-12-31": "-5053.00000", "2014-09-30": "-2975.00000", "2014-06-30": "-1952.00000", "2014-03-31": "-1934.00000", "2013-12-31": "-2012.00000", "2013-09-30": "-2956.51000", "2013-06-30": "-3226.42500", "2013-03-31": "-2894.67300", "2012-12-31": "-3594.00000", "2012-09-30": "-2755.91500", "2012-06-30": "-3543.53100", "2012-03-31": "-1941.11900", "2011-12-31": "-2597.18500", "2011-09-30": "-860.27700", "2011-06-30": "577.78400", "2011-03-31": "182.04900", "2010-12-31": "-1366.84600", "2010-09-30": "-1483.23500", "2010-06-30": "-2629.43000", "2010-03-31": "-975.67100", "2009-12-31": "854.07400", "2009-09-30": "498.96800", "2009-06-30": "-6.61600", "2009-03-31": "-1194.94100", "2008-12-31": "-1163.83900", "2008-09-30": "1823.23400", "2008-06-30": "2500.64900", "2008-03-31": "2254.20200", "2007-12-31": "2081.76300", "2007-09-30": "904.55300", "2007-06-30": "866.99600", "2007-03-31": "620.72500", "2006-12-31": "389.76600", "2006-09-30": "1191.30500", "2006-06-30": "1318.85100", "2006-03-31": "862.52700", "2005-12-31": "745.49800", "2005-09-30": "682.46100", "2005-06-30": "894.18300", "2005-03-31": "1272.06200"}, "Other Share Holders Equity": {"2020-12-31": "", "2020-09-30": "", "2020-06-30": "", "2020-03-31": "", "2019-12-31": "", "2019-09-30": "", "2019-06-30": "", "2019-03-31": "", "2018-12-31": "", "2018-09-30": "", "2018-06-30": "", "2018-03-31": "", "2017-12-31": "", "2017-09-30": "", "2017-06-30": "", "2017-03-31": "", "2016-12-31": "", "2016-09-30": "", "2016-06-30": "", "2016-03-31": "", "2015-12-31": "", "2015-09-30": "", "2015-06-30": "", "2015-03-31": "", "2014-12-31": "", "2014-09-30": "", "2014-06-30": "", "2014-03-31": "", "2013-12-31": "", "2013-09-30": "", "2013-06-30": "", "2013-03-31": "", "2012-12-31": "", "2012-09-30": "", "2012-06-30": "", "2012-03-31": "", "2011-12-31": "", "2011-09-30": "", "2011-06-30": "", "2011-03-31": "", "2010-12-31": "", "2010-09-30": "", "2010-06-30": "", "2010-03-31": "", "2009-12-31": "", "2009-09-30": "", "2009-06-30": "", "2009-03-31": "", "2008-12-31": "", "2008-09-30": "", "2008-06-30": "", "2008-03-31": "", "2007-12-31": "", "2007-09-30": "", "2007-06-30": "", "2007-03-31": "", "2006-12-31": "", "2006-09-30": "", "2006-06-30": "", "2006-03-31": "", "2005-12-31": "", "2005-09-30": "", "2005-06-30": "", "2005-03-31": ""}, "Share Holder Equity": {"2020-12-31": "", "2020-09-30": "31595.00000", "2020-06-30": "30798.00000", "2020-03-31": "30427.00000", "2019-12-31": "31301.00000", "2019-09-30": "32019.00000", "2019-06-30": "31894.00000", "2019-03-31": "31129.00000", "2018-12-31": "30722.00000", "2018-09-30": "30898.00000", "2018-06-30": "30774.00000", "2018-03-31": "31601.00000", "2017-12-31": "31098.00000", "2017-09-30": "32218.00000", "2017-06-30": "31788.00000", "2017-03-31": "31547.00000", "2016-12-31": "20717.00000", "2016-09-30": "20896.00000", "2016-06-30": "20795.00000", "2016-03-31": "20842.00000", "2015-12-31": "21326.00000", "2015-09-30": "21219.00000", "2015-06-30": "23126.00000", "2015-03-31": "21988.00000", "2014-12-31": "21639.00000", "2014-09-30": "22993.00000", "2014-06-30": "23704.00000", "2014-03-31": "23489.00000", "2013-12-31": "25267.00000", "2013-09-30": "23787.93000", "2013-06-30": "22427.65000", "2013-03-31": "22683.28000", "2012-12-31": "26813.00000", "2012-09-30": "27104.34000", "2012-06-30": "24572.48000", "2012-03-31": "25543.43000", "2011-12-31": "24526.14000", "2011-09-30": "24688.97000", "2011-06-30": "26469.70000", "2011-03-31": "24720.33000", "2010-12-31": "22765.13000", "2010-09-30": "21482.72000", "2010-06-30": "19994.63000", "2010-03-31": "21012.34000", "2009-12-31": "23187.40000", "2009-09-30": "21374.75000", "2009-06-30": "19920.07000", "2009-03-31": "17983.14000", "2008-12-31": "17518.69000", "2008-09-30": "19345.84000", "2008-06-30": "18958.80000", "2008-03-31": "17979.54000", "2007-12-31": "17823.95000", "2007-09-30": "15608.16000", "2007-06-30": "15334.15000", "2007-03-31": "14319.14000", "2006-12-31": "14054.19000", "2006-09-30": "15633.40000", "2006-06-30": "15185.51000", "2006-03-31": "14442.14000", "2005-12-31": "14415.27000", "2005-09-30": "14263.03000", "2005-06-30": "14381.91000", "2005-03-31": "14177.55000"}, "Total Liabilities And Share Holders Equity": {"2020-12-31": "", "2020-09-30": "69043.00000", "2020-06-30": "68776.00000", "2020-03-31": "66777.00000", "2019-12-31": "67887.00000", "2019-09-30": "68539.00000", "2019-06-30": "68427.00000", "2019-03-31": "67610.00000", "2018-12-31": "67173.00000", "2018-09-30": "71637.00000", "2018-06-30": "68415.00000", "2018-03-31": "70908.00000", "2017-12-31": "76250.00000", "2017-09-30": "72248.00000", "2017-06-30": "71151.00000", "2017-03-31": "70887.00000", "2016-12-31": "52666.00000", "2016-09-30": "39497.00000", "2016-06-30": "39831.00000", "2016-03-31": "39637.00000", "2015-12-31": "41247.00000", "2015-09-30": "41725.00000", "2015-06-30": "44125.00000", "2015-03-31": "43095.00000", "2014-12-31": "41207.00000", "2014-09-30": "42514.00000", "2014-06-30": "41475.00000", "2014-03-31": "41662.00000", "2013-12-31": "42953.00000", "2013-09-30": "44132.48000", "2013-06-30": "42903.35000", "2013-03-31": "42686.61000", "2012-12-31": "67235.00000", "2012-09-30": "63257.74000", "2012-06-30": "61859.79000", "2012-03-31": "62415.80000", "2011-12-31": "60276.89000", "2011-09-30": "59628.18000", "2011-06-30": "62004.24000", "2011-03-31": "61651.36000", "2010-12-31": "60573.85000", "2010-09-30": "57373.62000", "2010-06-30": "53381.40000", "2010-03-31": "53358.62000", "2009-12-31": "52581.62000", "2009-09-30": "49846.82000", "2009-06-30": "47630.02000", "2009-03-31": "45437.60000", "2008-12-31": "42419.20000", "2008-09-30": "41753.01000", "2008-06-30": "44073.72000", "2008-03-31": "41177.57000", "2007-12-31": "39713.93000", "2007-09-30": "37621.91000", "2007-06-30": "37153.22000", "2007-03-31": "36286.12000", "2006-12-31": "36178.17000", "2006-09-30": "33299.87000", "2006-06-30": "34061.27000", "2006-03-31": "28531.50000", "2005-12-31": "29141.20000", "2005-09-30": "28830.96000", "2005-06-30": "27817.21000", "2005-03-31": "28857.21000"}}, "cash flow statement": {"Net Income/Loss": {"2020-12-31": "0.00000", "2019-12-31": "3687.00000", "2018-12-31": "2368.00000", "2017-12-31": "477.00000", "2016-12-31": "1400.00000", "2015-12-31": "4423.00000", "2014-12-31": "2284.00000", "2013-12-31": "2576.00000", "2012-12-31": "5963.00000", "2011-12-31": "4728.00000", "2010-12-31": "4626.17200", "2009-12-31": "5745.83800", "2008-12-31": "4880.71900", "2007-12-31": "3606.31400", "2006-12-31": "1716.75500", "2005-12-31": "3372.06500"}, "Total Depreciation And Amortization - Cash Flow": {"2020-12-31": "", "2019-12-31": "3014.00000", "2018-12-31": "3310.00000", "2017-12-31": "3933.00000", "2016-12-31": "1518.00000", "2015-12-31": "1472.00000", "2014-12-31": "1548.00000", "2013-12-31": "1719.00000", "2012-12-31": "2782.00000", "2011-12-31": "3044.00000", "2010-12-31": "2624.30500", "2009-12-31": "2089.51000", "2008-12-31": "1838.82900", "2007-12-31": "1854.88600", "2006-12-31": "1558.75000", "2005-12-31": "1358.93900"}, "Other Non-Cash Items": {"2020-12-31": "", "2019-12-31": "766.00000", "2018-12-31": "770.00000", "2017-12-31": "-755.00000", "2016-12-31": "1798.00000", "2015-12-31": "-2773.00000", "2014-12-31": "333.00000", "2013-12-31": "266.00000", "2012-12-31": "2428.00000", "2011-12-31": "1197.00000", "2010-12-31": "826.72000", "2009-12-31": "-218.80600", "2008-12-31": "314.75800", "2007-12-31": "786.00800", "2006-12-31": "2534.64500", "2005-12-31": "172.59900"}, "Total Non-Cash Items": {"2020-12-31": "", "2019-12-31": "3780.00000", "2018-12-31": "4080.00000", "2017-12-31": "3178.00000", "2016-12-31": "3316.00000", "2015-12-31": "-1301.00000", "2014-12-31": "1881.00000", "2013-12-31": "1985.00000", "2012-12-31": "5210.00000", "2011-12-31": "4241.00000", "2010-12-31": "3451.02500", "2009-12-31": "1870.70400", "2008-12-31": "2153.58700", "2007-12-31": "2640.89400", "2006-12-31": "4093.39500", "2005-12-31": "1531.53800"}, "Change In Accounts Receivable": {"2020-12-31": "", "2019-12-31": "-275.00000", "2018-12-31": "-190.00000", "2017-12-31": "-207.00000", "2016-12-31": "-177.00000", "2015-12-31": "-171.00000", "2014-12-31": "-195.00000", "2013-12-31": "-113.00000", "2012-12-31": "36.00000", "2011-12-31": "-670.00000", "2010-12-31": "-394.66500", "2009-12-31": "-387.74900", "2008-12-31": "-948.31400", "2007-12-31": "-431.84600", "2006-12-31": "-101.78100", "2005-12-31": "-98.21600"}, "Change In Inventories": {"2020-12-31": "", "2019-12-31": "-593.00000", "2018-12-31": "-514.00000", "2017-12-31": "249.00000", "2016-12-31": "-98.00000", "2015-12-31": "-257.00000", "2014-12-31": "-297.00000", "2013-12-31": "-154.00000", "2012-12-31": "-417.00000", "2011-12-31": "-130.00000", "2010-12-31": "139.85700", "2009-12-31": "230.55500", "2008-12-31": "-257.47600", "2007-12-31": "131.32400", "2006-12-31": "104.65300", "2005-12-31": "-88.25700"}, "Change In Accounts Payable": {"2020-12-31": "", "2019-12-31": "", "2018-12-31": "", "2017-12-31": "", "2016-12-31": "", "2015-12-31": "", "2014-12-31": "", "2013-12-31": "", "2012-12-31": "", "2011-12-31": "", "2010-12-31": "", "2009-12-31": "", "2008-12-31": "", "2007-12-31": "", "2006-12-31": "", "2005-12-31": ""}, "Change In Assets/Liabilities": {"2020-12-31": "", "2019-12-31": "-138.00000", "2018-12-31": "23.00000", "2017-12-31": "109.00000", "2016-12-31": "113.00000", "2015-12-31": "57.00000", "2014-12-31": "30.00000", "2013-12-31": "131.00000", "2012-12-31": "-35.00000", "2011-12-31": "413.00000", "2010-12-31": "553.14500", "2009-12-31": "-386.88900", "2008-12-31": "436.21800", "2007-12-31": "-418.34400", "2006-12-31": "-283.45500", "2005-12-31": "-406.85800"}, "Total Change In Assets/Liabilities": {"2020-12-31": "", "2019-12-31": "-1331.00000", "2018-12-31": "-148.00000", "2017-12-31": "1915.00000", "2016-12-31": "-1513.00000", "2015-12-31": "-156.00000", "2014-12-31": "-490.00000", "2013-12-31": "-1237.00000", "2012-12-31": "-1859.00000", "2011-12-31": "1.00000", "2010-12-31": "658.78410", "2009-12-31": "-341.38200", "2008-12-31": "-39.68600", "2007-12-31": "-1063.36500", "2006-12-31": "-548.06100", "2005-12-31": "143.80100"}, "Cash Flow From Operating Activities": {"2020-12-31": "", "2019-12-31": "6136.00000", "2018-12-31": "6300.00000", "2017-12-31": "5570.00000", "2016-12-31": "3203.00000", "2015-12-31": "2966.00000", "2014-12-31": "3675.00000", "2013-12-31": "3324.00000", "2012-12-31": "9314.00000", "2011-12-31": "8970.00000", "2010-12-31": "8735.98100", "2009-12-31": "7275.16000", "2008-12-31": "6994.62000", "2007-12-31": "5183.84300", "2006-12-31": "5262.08900", "2005-12-31": "5047.40400"}, "Net Change In Property, Plant, And Equipment": {"2020-12-31": "", "2019-12-31": "-1638.00000", "2018-12-31": "-1394.00000", "2017-12-31": "-1135.00000", "2016-12-31": "-1121.00000", "2015-12-31": "-1110.00000", "2014-12-31": "-1077.00000", "2013-12-31": "-1145.00000", "2012-12-31": "-1795.00000", "2011-12-31": "-1491.00000", "2010-12-31": "-1015.07500", "2009-12-31": "-1089.04800", "2008-12-31": "-1287.72400", "2007-12-31": "-1656.20700", "2006-12-31": "-1337.81800", "2005-12-31": "-1207.49300"}, "Net Change In Intangible Assets": {"2020-12-31": "", "2019-12-31": "", "2018-12-31": "", "2017-12-31": "", "2016-12-31": "", "2015-12-31": "", "2014-12-31": "", "2013-12-31": "", "2012-12-31": "", "2011-12-31": "", "2010-12-31": "", "2009-12-31": "", "2008-12-31": "", "2007-12-31": "", "2006-12-31": "", "2005-12-31": ""}, "Net Acquisitions/Divestitures": {"2020-12-31": "", "2019-12-31": "-122.00000", "2018-12-31": "-6.00000", "2017-12-31": "-11141.00000", "2016-12-31": "-55.00000", "2015-12-31": "2285.00000", "2014-12-31": "-3312.00000", "2013-12-31": "-580.00000", "2012-12-31": "-706.00000", "2011-12-31": "-273.00000", "2010-12-31": "-9433.24300", "2009-12-31": "-2370.63000", "2008-12-31": "-250.00000", "2007-12-31": "", "2006-12-31": "-7923.16300", "2005-12-31": "-295.12300"}, "Net Change In Short-term Investments": {"2020-12-31": "", "2019-12-31": "", "2018-12-31": "", "2017-12-31": "", "2016-12-31": "", "2015-12-31": "", "2014-12-31": "", "2013-12-31": "", "2012-12-31": "", "2011-12-31": "", "2010-12-31": "", "2009-12-31": "", "2008-12-31": "", "2007-12-31": "", "2006-12-31": "", "2005-12-31": ""}, "Net Change In Long-Term Investments": {"2020-12-31": "", "2019-12-31": "-82.00000", "2018-12-31": "-58.00000", "2017-12-31": "-81.00000", "2016-12-31": "886.00000", "2015-12-31": "-821.00000", "2014-12-31": "4117.00000", "2013-12-31": "-2225.00000", "2012-12-31": "-3062.00000", "2011-12-31": "539.00000", "2010-12-31": "148.42900", "2009-12-31": "-232.66400", "2008-12-31": "-474.70600", "2007-12-31": "553.41500", "2006-12-31": "-2110.93600", "2005-12-31": "767.92900"}, "Net Change In Investments - Total": {"2020-12-31": "", "2019-12-31": "-82.00000", "2018-12-31": "-58.00000", "2017-12-31": "-81.00000", "2016-12-31": "886.00000", "2015-12-31": "-821.00000", "2014-12-31": "4117.00000", "2013-12-31": "-2225.00000", "2012-12-31": "-3062.00000", "2011-12-31": "539.00000", "2010-12-31": "148.42900", "2009-12-31": "-232.66400", "2008-12-31": "-474.70600", "2007-12-31": "553.41500", "2006-12-31": "-2110.93600", "2005-12-31": "767.92900"}, "Investing Activities - Other": {"2020-12-31": "", "2019-12-31": "27.00000", "2018-12-31": "102.00000", "2017-12-31": "2739.00000", "2016-12-31": "42.00000", "2015-12-31": "52.00000", "2014-12-31": "70.00000", "2013-12-31": "21.00000", "2012-12-31": "3.00000", "2011-12-31": "1886.00000", "2010-12-31": "-1888.42600", "2009-12-31": "-6.36800", "2008-12-31": "-75.06100", "2007-12-31": "-33.48500", "2006-12-31": "-25.71200", "2005-12-31": "14.60000"}, "Cash Flow From Investing Activities": {"2020-12-31": "", "2019-12-31": "-1815.00000", "2018-12-31": "-1356.00000", "2017-12-31": "-9618.00000", "2016-12-31": "-248.00000", "2015-12-31": "406.00000", "2014-12-31": "-202.00000", "2013-12-31": "-3929.00000", "2012-12-31": "-5560.00000", "2011-12-31": "661.00000", "2010-12-31": "-12188.32000", "2009-12-31": "-3698.71000", "2008-12-31": "-2087.49100", "2007-12-31": "-1136.27700", "2006-12-31": "-11397.63000", "2005-12-31": "-720.08700"}, "Net Long-Term Debt": {"2020-12-31": "", "2019-12-31": "-1599.00000", "2018-12-31": "-8424.00000", "2017-12-31": "-1908.00000", "2016-12-31": "14922.00000", "2015-12-31": "2428.00000", "2014-12-31": "-577.00000", "2013-12-31": "-294.00000", "2012-12-31": "3629.00000", "2011-12-31": "-2012.00000", "2010-12-31": "2326.00200", "2009-12-31": "516.82400", "2008-12-31": "-913.94800", "2007-12-31": "3058.98800", "2006-12-31": "467.59200", "2005-12-31": "1701.01300"}, "Net Current Debt": {"2020-12-31": "", "2019-12-31": "", "2018-12-31": "-26.00000", "2017-12-31": "-1034.00000", "2016-12-31": "-1767.00000", "2015-12-31": "-1281.00000", "2014-12-31": "1343.00000", "2013-12-31": "2086.00000", "2012-12-31": "784.00000", "2011-12-31": "-1965.00000", "2010-12-31": "-203.85400", "2009-12-31": "3217.33100", "2008-12-31": "-324.73900", "2007-12-31": "-3603.48100", "2006-12-31": "5183.22500", "2005-12-31": "-1528.18000"}, "Debt Issuance/Retirement Net - Total": {"2020-12-31": "", "2019-12-31": "-1599.00000", "2018-12-31": "-8450.00000", "2017-12-31": "-2942.00000", "2016-12-31": "13155.00000", "2015-12-31": "1147.00000", "2014-12-31": "766.00000", "2013-12-31": "1792.00000", "2012-12-31": "4413.00000", "2011-12-31": "-3977.00000", "2010-12-31": "2122.14800", "2009-12-31": "3734.15500", "2008-12-31": "-1238.68700", "2007-12-31": "-544.49290", "2006-12-31": "5650.81700", "2005-12-31": "172.83290"}, "Net Common Equity Issued/Repurchased": {"2020-12-31": "", "2019-12-31": "-420.00000", "2018-12-31": "33.00000", "2017-12-31": "233.00000", "2016-12-31": "-274.00000", "2015-12-31": "-1923.00000", "2014-12-31": "-1766.00000", "2013-12-31": "-1210.00000", "2012-12-31": "-514.00000", "2011-12-31": "892.00000", "2010-12-31": "-538.41400", "2009-12-31": "-317.67600", "2008-12-31": "-72.96300", "2007-12-31": "191.01100", "2006-12-31": "-251.72000", "2005-12-31": "-1078.67700"}, "Net Total Equity Issued/Repurchased": {"2020-12-31": "", "2019-12-31": "-420.00000", "2018-12-31": "33.00000", "2017-12-31": "-477.00000", "2016-12-31": "-274.00000", "2015-12-31": "-1923.00000", "2014-12-31": "-1766.00000", "2013-12-31": "-1210.00000", "2012-12-31": "-514.00000", "2011-12-31": "892.00000", "2010-12-31": "-538.41400", "2009-12-31": "-317.67600", "2008-12-31": "-72.96300", "2007-12-31": "191.01100", "2006-12-31": "-251.72000", "2005-12-31": "-1078.67700"}, "Total Common And Preferred Stock Dividends Paid": {"2020-12-31": "", "2019-12-31": "-2270.00000", "2018-12-31": "-1974.00000", "2017-12-31": "-1849.00000", "2016-12-31": "-1539.00000", "2015-12-31": "-1443.00000", "2014-12-31": "-1342.00000", "2013-12-31": "-882.00000", "2012-12-31": "-3183.00000", "2011-12-31": "-2938.00000", "2010-12-31": "-2671.47500", "2009-12-31": "-2414.46000", "2008-12-31": "-2174.25200", "2007-12-31": "-1959.15000", "2006-12-31": "-1777.17000", "2005-12-31": "-1686.47200"}, "Financial Activities - Other": {"2020-12-31": "", "2019-12-31": "", "2018-12-31": "", "2017-12-31": "-13.00000", "2016-12-31": "-195.00000", "2015-12-31": "-17.00000", "2014-12-31": "-400.00000", "2013-12-31": "-6396.00000", "2012-12-31": "-521.00000", "2011-12-31": "-400.00000", "2010-12-31": "", "2009-12-31": "", "2008-12-31": "", "2007-12-31": "", "2006-12-31": "", "2005-12-31": ""}, "Cash Flow From Financial Activities": {"2020-12-31": "", "2019-12-31": "-4289.00000", "2018-12-31": "-10391.00000", "2017-12-31": "-5281.00000", "2016-12-31": "11147.00000", "2015-12-31": "-2236.00000", "2014-12-31": "-2742.00000", "2013-12-31": "-6696.00000", "2012-12-31": "195.00000", "2011-12-31": "-6423.00000", "2010-12-31": "-1087.74100", "2009-12-31": "1002.01900", "2008-12-31": "-3485.90200", "2007-12-31": "-2312.63200", "2006-12-31": "3621.92700", "2005-12-31": "-2592.31600"}, "Net Cash Flow": {"2020-12-31": "", "2019-12-31": "16.00000", "2018-12-31": "-5563.00000", "2017-12-31": "-9213.00000", "2016-12-31": "13619.00000", "2015-12-31": "938.00000", "2014-12-31": "588.00000", "2013-12-31": "-7327.00000", "2012-12-31": "3989.00000", "2011-12-31": "3165.00000", "2010-12-31": "-5160.96800", "2009-12-31": "4697.31700", "2008-12-31": "1655.63800", "2007-12-31": "1935.19200", "2006-12-31": "-2372.49500", "2005-12-31": "1668.05900"}, "Stock-Based Compensation": {"2020-12-31": "", "2019-12-31": "519.00000", "2018-12-31": "477.00000", "2017-12-31": "406.00000", "2016-12-31": "310.00000", "2015-12-31": "292.00000", "2014-12-31": "246.00000", "2013-12-31": "262.00000", "2012-12-31": "433.00000", "2011-12-31": "383.00000", "2010-12-31": "387.18300", "2009-12-31": "366.35700", "2008-12-31": "347.01500", "2007-12-31": "429.67700", "2006-12-31": "329.95700", "2005-12-31": "30.14000"}, "Common Stock Dividends Paid": {"2020-12-31": "", "2019-12-31": "-2270.00000", "2018-12-31": "-1974.00000", "2017-12-31": "-1849.00000", "2016-12-31": "-1539.00000", "2015-12-31": "-1443.00000", "2014-12-31": "-1342.00000", "2013-12-31": "-882.00000", "2012-12-31": "-3183.00000", "2011-12-31": "-2938.00000", "2010-12-31": "-2671.47500", "2009-12-31": "-2414.46000", "2008-12-31": "-2174.25200", "2007-12-31": "-1959.15000", "2006-12-31": "-1777.17000", "2005-12-31": "-1686.47200"}}, "cash flow statement, quarterly": {"Net Income/Loss": {"2020-12-31": -2333, "2020-09-30": 1232, "2020-06-30": 537, "2020-03-31": "564.00000", "2019-12-31": 1049, "2019-09-30": 960, "2019-06-30": 1006, "2019-03-31": "672.00000", "2018-12-31": 654, "2018-09-30": 563, "2018-06-30": 733, "2018-03-31": "418.00000", "2017-12-31": -828, "2017-09-30": 603, "2017-06-30": 283, "2017-03-31": "419.00000", "2016-12-31": 798, "2016-09-30": -329, "2016-06-30": 615, "2016-03-31": "316.00000", "2015-12-31": 767, "2015-09-30": 580, "2015-06-30": 784, "2015-03-31": "2292.00000", "2014-12-31": 904, "2014-09-30": 539, "2014-06-30": 466, "2014-03-31": "375.00000", "2013-12-31": 589, "2013-09-30": 966, "2013-06-30": 477, "2013-03-31": "544.00000", "2012-12-31": 1053.461, "2012-09-30": 1942.803, "2012-06-30": 1724.612, "2012-03-31": "1242.12400", "2011-12-31": 1618.219, "2011-09-30": 303.181, "2011-06-30": 1942.782, "2011-03-31": "863.81800", "2010-12-31": 1440.847, "2010-09-30": 890.66, "2010-06-30": 1291.65, "2010-03-31": "1003.01500", "2009-12-31": 1538.729, "2009-09-30": 1480.367, "2009-06-30": 1288.105, "2009-03-31": "1438.63700", "2008-12-31": 1536.226, "2008-09-30": 1084.612, "2008-06-30": 1322.014, "2008-03-31": "937.86700", "2007-12-31": 1203.027, "2007-09-30": 717.006, "2007-06-30": 988.744, "2007-03-31": "697.53700", "2006-12-31": -476.214, "2006-09-30": 715.842, "2006-06-30": 612.244, "2006-03-31": "864.88300", "2005-12-31": 976.416, "2005-09-30": 680.709, "2005-06-30": 877.052, "2005-03-31": "837.88800"}, "Total Depreciation And Amortization - Cash Flow": {"2020-12-31": -2461, "2020-09-30": 808, "2020-06-30": 825, "2020-03-31": "828.00000", "2019-12-31": 756, "2019-09-30": 754, "2019-06-30": 751, "2019-03-31": "753.00000", "2018-12-31": 763, "2018-09-30": 813, "2018-06-30": 850, "2018-03-31": "884.00000", "2017-12-31": 915, "2017-09-30": 774, "2017-06-30": 1078, "2017-03-31": "1166.00000", "2016-12-31": 484, "2016-09-30": 340, "2016-06-30": 347, "2016-03-31": "347.00000", "2015-12-31": 366, "2015-09-30": 383, "2015-06-30": 352, "2015-03-31": "371.00000", "2014-12-31": 395, "2014-09-30": 355, "2014-06-30": 400, "2014-03-31": "398.00000", "2013-12-31": 426, "2013-09-30": 436, "2013-06-30": 436, "2013-03-31": "421.00000", "2012-12-31": 587.57, "2012-09-30": 759.728, "2012-06-30": 691.435, "2012-03-31": "743.26700", "2011-12-31": 648.535, "2011-09-30": 838.386, "2011-06-30": 811.412, "2011-03-31": "745.66700", "2010-12-31": 709.578, "2010-09-30": 677.024, "2010-06-30": 675.202, "2010-03-31": "562.50100", "2009-12-31": 547.353, "2009-09-30": 540.714, "2009-06-30": 537.398, "2009-03-31": "464.04500", "2008-12-31": 422.555, "2008-09-30": 498.56, "2008-06-30": 465.86, "2008-03-31": "451.85400", "2007-12-31": 483.192, "2007-09-30": 503.769, "2007-06-30": 435.501, "2007-03-31": "432.42400", "2006-12-31": 411.106, "2006-09-30": 381.441, "2006-06-30": 453.02, "2006-03-31": "313.18300", "2005-12-31": 337.715, "2005-09-30": 343.367, "2005-06-30": 332.977, "2005-03-31": "344.88000"}, "Other Non-Cash Items": {"2020-12-31": -448, "2020-09-30": 100, "2020-06-30": 115, "2020-03-31": "233.00000", "2019-12-31": 332, "2019-09-30": 94, "2019-06-30": 114, "2019-03-31": "226.00000", "2018-12-31": 374, "2018-09-30": 83, "2018-06-30": 101, "2018-03-31": "212.00000", "2017-12-31": 70, "2017-09-30": 63, "2017-06-30": 92, "2017-03-31": "-980.00000", "2016-12-31": 132, "2016-09-30": 1000, "2016-06-30": 62, "2016-03-31": "604.00000", "2015-12-31": 22, "2015-09-30": 27, "2015-06-30": -149, "2015-03-31": "-2673.00000", "2014-12-31": 125, "2014-09-30": 40, "2014-06-30": 49, "2014-03-31": "119.00000", "2013-12-31": 44, "2013-09-30": 45, "2013-06-30": 51, "2013-03-31": "126.00000", "2012-12-31": 1809.265, "2012-09-30": 75.608, "2012-06-30": 195.785, "2012-03-31": "347.34200", "2011-12-31": 604.397, "2011-09-30": 67.838, "2011-06-30": 248.957, "2011-03-31": "275.80800", "2010-12-31": 496.484, "2010-09-30": 72.146, "2010-06-30": 84.224, "2010-03-31": "173.86600", "2009-12-31": 270.826, "2009-09-30": 62.587, "2009-06-30": 57.964, "2009-03-31": "-610.18300", "2008-12-31": 25.559, "2008-09-30": 66.806, "2008-06-30": 51.771, "2008-03-31": "170.62200", "2007-12-31": 431.852, "2007-09-30": 103.958, "2007-06-30": 87.028, "2007-03-31": "163.17000", "2006-12-31": 1599.227, "2006-09-30": 272.461, "2006-06-30": 555.958, "2006-03-31": "106.99900", "2005-12-31": 132.813, "2005-09-30": 24.5, "2005-06-30": 15.286, "2005-03-31": ""}, "Total Non-Cash Items": {"2020-12-31": -2909, "2020-09-30": 908, "2020-06-30": 940, "2020-03-31": "1061.00000", "2019-12-31": 1088, "2019-09-30": 848, "2019-06-30": 865, "2019-03-31": "979.00000", "2018-12-31": 1137, "2018-09-30": 896, "2018-06-30": 951, "2018-03-31": "1096.00000", "2017-12-31": 985, "2017-09-30": 837, "2017-06-30": 1170, "2017-03-31": "186.00000", "2016-12-31": 616, "2016-09-30": 1340, "2016-06-30": 409, "2016-03-31": "951.00000", "2015-12-31": 388, "2015-09-30": 410, "2015-06-30": 203, "2015-03-31": "-2302.00000", "2014-12-31": 520, "2014-09-30": 395, "2014-06-30": 449, "2014-03-31": "517.00000", "2013-12-31": 470, "2013-09-30": 481, "2013-06-30": 487, "2013-03-31": "547.00000", "2012-12-31": 2396.835, "2012-09-30": 835.336, "2012-06-30": 887.22, "2012-03-31": "1090.60900", "2011-12-31": 1252.932, "2011-09-30": 906.224, "2011-06-30": 1060.369, "2011-03-31": "1021.47500", "2010-12-31": 1206.062, "2010-09-30": 749.17, "2010-06-30": 759.4261, "2010-03-31": "736.36690", "2009-12-31": 818.179, "2009-09-30": 603.301, "2009-06-30": 595.362, "2009-03-31": "-146.13800", "2008-12-31": 448.114, "2008-09-30": 565.366, "2008-06-30": 517.631, "2008-03-31": "622.47600", "2007-12-31": 915.044, "2007-09-30": 607.727, "2007-06-30": 522.529, "2007-03-31": "595.59400", "2006-12-31": 2010.333, "2006-09-30": 653.902, "2006-06-30": 1008.978, "2006-03-31": "420.18200", "2005-12-31": 470.528, "2005-09-30": 367.867, "2005-06-30": 348.263, "2005-03-31": "344.88000"}, "Change In Accounts Receivable": {"2020-12-31": 343, "2020-09-30": -470, "2020-06-30": 231, "2020-03-31": "-104.00000", "2019-12-31": 82, "2019-09-30": -22, "2019-06-30": -165, "2019-03-31": "-170.00000", "2018-12-31": 90, "2018-09-30": -143, "2018-06-30": -84, "2018-03-31": "-53.00000", "2017-12-31": -38, "2017-09-30": -113, "2017-06-30": -86, "2017-03-31": "30.00000", "2016-12-31": -61, "2016-09-30": 34, "2016-06-30": -146, "2016-03-31": "-4.00000", "2015-12-31": -20, "2015-09-30": -26, "2015-06-30": -35, "2015-03-31": "-90.00000", "2014-12-31": -22, "2014-09-30": -97, "2014-06-30": -158, "2014-03-31": "82.00000", "2013-12-31": -135, "2013-09-30": 113, "2013-06-30": -81, "2013-03-31": "-10.00000", "2012-12-31": -653.292, "2012-09-30": -54.22, "2012-06-30": 611.03, "2012-03-31": "132.48200", "2011-12-31": -942.53, "2011-09-30": -243.358, "2011-06-30": 216.935, "2011-03-31": "298.95300", "2010-12-31": -870.874, "2010-09-30": 230.374, "2010-06-30": -45.803, "2010-03-31": "291.63800", "2009-12-31": -897.998, "2009-09-30": 82.992, "2009-06-30": 51.592, "2009-03-31": "375.66500", "2008-12-31": -944.918, "2008-09-30": 49.683, "2008-06-30": -97.077, "2008-03-31": "43.99800", "2007-12-31": -526.509, "2007-09-30": 55.939, "2007-06-30": -124.028, "2007-03-31": "162.75200", "2006-12-31": -490.291, "2006-09-30": 77.496, "2006-06-30": 71.287, "2006-03-31": "239.72700", "2005-12-31": -432.547, "2005-09-30": 89.046, "2005-06-30": 103.697, "2005-03-31": "141.58800"}, "Change In Inventories": {"2020-12-31": 838, "2020-09-30": 149, "2020-06-30": -550, "2020-03-31": "-437.00000", "2019-12-31": 137, "2019-09-30": -190, "2019-06-30": -254, "2019-03-31": "-286.00000", "2018-12-31": -64, "2018-09-30": -114, "2018-06-30": -165, "2018-03-31": "-171.00000", "2017-12-31": 210, "2017-09-30": 166, "2017-06-30": 35, "2017-03-31": "-162.00000", "2016-12-31": 54, "2016-09-30": -3, "2016-06-30": -54, "2016-03-31": "-95.00000", "2015-12-31": -44, "2015-09-30": -3, "2015-06-30": -82, "2015-03-31": "-128.00000", "2014-12-31": -94, "2014-09-30": -62, "2014-06-30": -51, "2014-03-31": "-90.00000", "2013-12-31": 88, "2013-09-30": -10, "2013-06-30": -100, "2013-03-31": "-132.00000", "2012-12-31": 48.47, "2012-09-30": -85.992, "2012-06-30": -208.791, "2012-03-31": "-170.68700", "2011-12-31": -177.521, "2011-09-30": -2.458, "2011-06-30": 5.195, "2011-03-31": "44.78400", "2010-12-31": 192.741, "2010-09-30": -27.053, "2010-06-30": 23.8, "2010-03-31": "-49.63100", "2009-12-31": 316.806, "2009-09-30": 194.359, "2009-06-30": -81.906, "2009-03-31": "-198.70400", "2008-12-31": -140.526, "2008-09-30": -81.863, "2008-06-30": 1.662, "2008-03-31": "-36.74900", "2007-12-31": 165.818, "2007-09-30": -35.495, "2007-06-30": 50.623, "2007-03-31": "-49.62200", "2006-12-31": 15.417, "2006-09-30": -99.978, "2006-06-30": 15.268, "2006-03-31": "173.94600", "2005-12-31": 94.154, "2005-09-30": -179.161, "2005-06-30": 62.136, "2005-03-31": "-65.38600"}, "Change In Accounts Payable": {"2020-12-31": 0, "2020-09-30": 0, "2020-06-30": 0, "2020-03-31": "", "2019-12-31": 0, "2019-09-30": 0, "2019-06-30": 0, "2019-03-31": "", "2018-12-31": 0, "2018-09-30": 0, "2018-06-30": 0, "2018-03-31": "", "2017-12-31": 0, "2017-09-30": 0, "2017-06-30": 0, "2017-03-31": "", "2016-12-31": 0, "2016-09-30": 0, "2016-06-30": 0, "2016-03-31": "", "2015-12-31": 0, "2015-09-30": 0, "2015-06-30": 0, "2015-03-31": "", "2014-12-31": 0, "2014-09-30": 0, "2014-06-30": 0, "2014-03-31": "", "2013-12-31": 0, "2013-09-30": 0, "2013-06-30": 0, "2013-03-31": "", "2012-12-31": 0, "2012-09-30": 0, "2012-06-30": 0, "2012-03-31": "", "2011-12-31": 0, "2011-09-30": 0, "2011-06-30": 0, "2011-03-31": "", "2010-12-31": 0, "2010-09-30": 0, "2010-06-30": 0, "2010-03-31": "", "2009-12-31": 0, "2009-09-30": 0, "2009-06-30": 0, "2009-03-31": "", "2008-12-31": 0, "2008-09-30": 0, "2008-06-30": 0, "2008-03-31": "", "2007-12-31": 0, "2007-09-30": 0, "2007-06-30": 0, "2007-03-31": "", "2006-12-31": 0, "2006-09-30": 0, "2006-06-30": 0, "2006-03-31": "", "2005-12-31": 0, "2005-09-30": 0, "2005-06-30": 0, "2005-03-31": ""}, "Change In Assets/Liabilities": {"2020-12-31": 0, "2020-09-30": 0, "2020-06-30": 0, "2020-03-31": "", "2019-12-31": -138, "2019-09-30": 0, "2019-06-30": 0, "2019-03-31": "", "2018-12-31": 23, "2018-09-30": 0, "2018-06-30": 0, "2018-03-31": "", "2017-12-31": 109, "2017-09-30": 0, "2017-06-30": 0, "2017-03-31": "", "2016-12-31": 113, "2016-09-30": 0, "2016-06-30": 0, "2016-03-31": "", "2015-12-31": 57, "2015-09-30": 0, "2015-06-30": 0, "2015-03-31": "", "2014-12-31": 30, "2014-09-30": 0, "2014-06-30": 0, "2014-03-31": "", "2013-12-31": 131, "2013-09-30": 0, "2013-06-30": 0, "2013-03-31": "", "2012-12-31": -35, "2012-09-30": 0, "2012-06-30": 0, "2012-03-31": "", "2011-12-31": 413, "2011-09-30": 0, "2011-06-30": 0, "2011-03-31": "", "2010-12-31": 553.145, "2010-09-30": 0, "2010-06-30": 0, "2010-03-31": "", "2009-12-31": -386.889, "2009-09-30": 0, "2009-06-30": 0, "2009-03-31": "", "2008-12-31": 436.218, "2008-09-30": 0, "2008-06-30": 0, "2008-03-31": "", "2007-12-31": -418.344, "2007-09-30": 0, "2007-06-30": 0, "2007-03-31": "", "2006-12-31": -283.455, "2006-09-30": 0, "2006-06-30": 0, "2006-03-31": "", "2005-12-31": -406.858, "2005-09-30": 0, "2005-06-30": 0, "2005-03-31": ""}, "Total Change In Assets/Liabilities": {"2020-12-31": 1181, "2020-09-30": -321, "2020-06-30": -319, "2020-03-31": "-541.00000", "2019-12-31": -244, "2019-09-30": -212, "2019-06-30": -419, "2019-03-31": "-456.00000", "2018-12-31": 582, "2018-09-30": -257, "2018-06-30": -249, "2018-03-31": "-224.00000", "2017-12-31": 2045, "2017-09-30": 53, "2017-06-30": -51, "2017-03-31": "-132.00000", "2016-12-31": -1245, "2016-09-30": 31, "2016-06-30": -200, "2016-03-31": "-99.00000", "2015-12-31": 208, "2015-09-30": -29, "2015-06-30": -117, "2015-03-31": "-218.00000", "2014-12-31": -114, "2014-09-30": -159, "2014-06-30": -209, "2014-03-31": "-8.00000", "2013-12-31": -1017, "2013-09-30": 103, "2013-06-30": -181, "2013-03-31": "-142.00000", "2012-12-31": -2082.822, "2012-09-30": -140.212, "2012-06-30": 402.239, "2012-03-31": "-38.20500", "2011-12-31": -319.051, "2011-09-30": -245.816, "2011-06-30": 222.13, "2011-03-31": "343.73700", "2010-12-31": 235.4591, "2010-09-30": 203.321, "2010-06-30": -22.003, "2010-03-31": "242.00700", "2009-12-31": -765.38, "2009-09-30": 277.351, "2009-06-30": -30.314, "2009-03-31": "176.96100", "2008-12-31": 80.66, "2008-09-30": -32.18, "2008-06-30": -95.415, "2008-03-31": "7.24900", "2007-12-31": -1123.534, "2007-09-30": 20.444, "2007-06-30": -73.405, "2007-03-31": "113.13000", "2006-12-31": -1025.807, "2006-09-30": -22.482, "2006-06-30": 86.555, "2006-03-31": "413.67300", "2005-12-31": -8.119, "2005-09-30": -90.115, "2005-06-30": 165.833, "2005-03-31": "76.20200"}, "Cash Flow From Operating Activities": {"2020-12-31": -4103, "2020-09-30": 2066, "2020-06-30": 1322, "2020-03-31": "715.00000", "2019-12-31": 2416, "2019-09-30": 1948, "2019-06-30": 1060, "2019-03-31": "712.00000", "2018-12-31": 1765, "2018-09-30": 2183, "2018-06-30": 1244, "2018-03-31": "1108.00000", "2017-12-31": 1640, "2017-09-30": 2005, "2017-06-30": 1351, "2017-03-31": "574.00000", "2016-12-31": 1170, "2016-09-30": 1217, "2016-06-30": 909, "2016-03-31": "-93.00000", "2015-12-31": 828, "2015-09-30": 1195, "2015-06-30": 941, "2015-03-31": "2.00000", "2014-12-31": 1238, "2014-09-30": 1201, "2014-06-30": 900, "2014-03-31": "336.00000", "2013-12-31": 1625, "2013-09-30": 522, "2013-06-30": 717, "2013-03-31": "460.00000", "2012-12-31": 1502.739, "2012-09-30": 3519.502, "2012-06-30": 2066.829, "2012-03-31": "2224.93000", "2011-12-31": 1401.272, "2011-09-30": 3054.43, "2011-06-30": 2503.152, "2011-03-31": "2011.14600", "2010-12-31": 2316.519, "2010-09-30": 2548.413, "2010-06-30": 2348.297, "2010-03-31": "1522.75200", "2009-12-31": 1832.617, "2009-09-30": 3030.024, "2009-06-30": 1713.801, "2009-03-31": "698.71800", "2008-12-31": 1232.583, "2008-09-30": 2698.411, "2008-06-30": 1758.475, "2008-03-31": "1305.15100", "2007-12-31": 1050.091, "2007-09-30": 1538.01, "2007-06-30": 1539.455, "2007-03-31": "1056.28700", "2006-12-31": 1288.543, "2006-09-30": 1284.889, "2006-06-30": 1604.216, "2006-03-31": "1084.44100", "2005-12-31": 1359.968, "2005-09-30": 1355.495, "2005-06-30": 1809.553, "2005-03-31": "522.38800"}, "Net Change In Property, Plant, And Equipment": {"2020-12-31": 1498, "2020-09-30": -496, "2020-06-30": -642, "2020-03-31": "-360.00000", "2019-12-31": -434, "2019-09-30": -401, "2019-06-30": -468, "2019-03-31": "-335.00000", "2018-12-31": -467, "2018-09-30": -354, "2018-06-30": -298, "2018-03-31": "-275.00000", "2017-12-31": -345, "2017-09-30": -263, "2017-06-30": -255, "2017-03-31": "-272.00000", "2016-12-31": -319, "2016-09-30": -312, "2016-06-30": -247, "2016-03-31": "-243.00000", "2015-12-31": -248, "2015-09-30": -411, "2015-06-30": -216, "2015-03-31": "-235.00000", "2014-12-31": -287, "2014-09-30": -277, "2014-06-30": -258, "2014-03-31": "-255.00000", "2013-12-31": -303, "2013-09-30": -277, "2013-06-30": -291, "2013-03-31": "-274.00000", "2012-12-31": -385.807, "2012-09-30": -530.747, "2012-06-30": -425.116, "2012-03-31": "-453.33000", "2011-12-31": -274.235, "2011-09-30": -451.995, "2011-06-30": -372.957, "2011-03-31": "-391.81300", "2010-12-31": -291.333, "2010-09-30": -205.085, "2010-06-30": -273.514, "2010-03-31": "-245.14300", "2009-12-31": -245.447, "2009-09-30": -328.71, "2009-06-30": -262.74, "2009-03-31": "-252.15100", "2008-12-31": -264.592, "2008-09-30": -319.805, "2008-06-30": -370.344, "2008-03-31": "-332.98300", "2007-12-31": -428.779, "2007-09-30": -387.578, "2007-06-30": -447.174, "2007-03-31": "-392.67600", "2006-12-31": -314.121, "2006-09-30": -352.339, "2006-06-30": -442.998, "2006-03-31": "-228.36000", "2005-12-31": -311.649, "2005-09-30": -261.992, "2005-06-30": -299.709, "2005-03-31": "-334.14300"}, "Net Change In Intangible Assets": {"2020-12-31": 0, "2020-09-30": 0, "2020-06-30": 0, "2020-03-31": "", "2019-12-31": 0, "2019-09-30": 0, "2019-06-30": 0, "2019-03-31": "", "2018-12-31": 0, "2018-09-30": 0, "2018-06-30": 0, "2018-03-31": "", "2017-12-31": 0, "2017-09-30": 0, "2017-06-30": 0, "2017-03-31": "", "2016-12-31": 0, "2016-09-30": 0, "2016-06-30": 0, "2016-03-31": "", "2015-12-31": 0, "2015-09-30": 0, "2015-06-30": 0, "2015-03-31": "", "2014-12-31": 0, "2014-09-30": 0, "2014-06-30": 0, "2014-03-31": "", "2013-12-31": 0, "2013-09-30": 0, "2013-06-30": 0, "2013-03-31": "", "2012-12-31": 0, "2012-09-30": 0, "2012-06-30": 0, "2012-03-31": "", "2011-12-31": 0, "2011-09-30": 0, "2011-06-30": 0, "2011-03-31": "", "2010-12-31": 0, "2010-09-30": 0, "2010-06-30": 0, "2010-03-31": "", "2009-12-31": 0, "2009-09-30": 0, "2009-06-30": 0, "2009-03-31": "", "2008-12-31": 0, "2008-09-30": 0, "2008-06-30": 0, "2008-03-31": "", "2007-12-31": 0, "2007-09-30": 0, "2007-06-30": 0, "2007-03-31": "", "2006-12-31": 0, "2006-09-30": 0, "2006-06-30": 0, "2006-03-31": "", "2005-12-31": 0, "2005-09-30": 0, "2005-06-30": 0, "2005-03-31": ""}, "Net Acquisitions/Divestitures": {"2020-12-31": -16, "2020-09-30": 0, "2020-06-30": 16, "2020-03-31": "", "2019-12-31": 1, "2019-09-30": -11, "2019-06-30": -34, "2019-03-31": "-78.00000", "2018-12-31": -11, "2018-09-30": 0, "2018-06-30": 30, "2018-03-31": "-25.00000", "2017-12-31": -3556, "2017-09-30": -1953, "2017-06-30": 1923, "2017-03-31": "-7555.00000", "2016-12-31": -7, "2016-09-30": -66, "2016-06-30": -7, "2016-03-31": "25.00000", "2015-12-31": 0, "2015-09-30": -231, "2015-06-30": 2286, "2015-03-31": "230.00000", "2014-12-31": -490, "2014-09-30": -2822, "2014-06-30": 0, "2014-03-31": "", "2013-12-31": -14, "2013-09-30": -566, "2013-06-30": 0, "2013-03-31": "", "2012-12-31": -24.376, "2012-09-30": -21.624, "2012-06-30": -110, "2012-03-31": "-550.00000", "2011-12-31": 399.5, "2011-09-30": -485, "2011-06-30": -187.5, "2011-03-31": "", "2010-12-31": -313.2, "2010-09-30": -2200, "2010-06-30": -504.395, "2010-03-31": "-6415.64800", "2009-12-31": -851.727, "2009-09-30": -9.512, "2009-06-30": -17.332, "2009-03-31": "-1492.05900", "2008-12-31": 0, "2008-09-30": -250, "2008-06-30": 0, "2008-03-31": "", "2007-12-31": 0, "2007-09-30": 0, "2007-06-30": 0, "2007-03-31": "", "2006-12-31": -3600.548, "2006-09-30": -1.599, "2006-06-30": -4321.016, "2006-03-31": "", "2005-12-31": -268.582, "2005-09-30": -26.541, "2005-06-30": 0, "2005-03-31": ""}, "Net Change In Short-term Investments": {"2020-12-31": 15, "2020-09-30": 17, "2020-06-30": 4, "2020-03-31": "-36.00000", "2019-12-31": 22, "2019-09-30": -24, "2019-06-30": 0, "2019-03-31": "2.00000", "2018-12-31": 23, "2018-09-30": 19, "2018-06-30": -37, "2018-03-31": "-5.00000", "2017-12-31": 98, "2017-09-30": -70, "2017-06-30": -28, "2017-03-31": "", "2016-12-31": 0, "2016-09-30": 800, "2016-06-30": -800, "2016-03-31": "", "2015-12-31": 2626, "2015-09-30": -2626, "2015-06-30": 0, "2015-03-31": "", "2014-12-31": -3358, "2014-09-30": 3358, "2014-06-30": 0, "2014-03-31": "", "2013-12-31": 0, "2013-09-30": 0, "2013-06-30": 0, "2013-03-31": "", "2012-12-31": 0, "2012-09-30": 0, "2012-06-30": 0, "2012-03-31": "", "2011-12-31": 0, "2011-09-30": 0, "2011-06-30": 0, "2011-03-31": "", "2010-12-31": 0, "2010-09-30": 0, "2010-06-30": 0, "2010-03-31": "", "2009-12-31": 2895.691, "2009-09-30": -1177.958, "2009-06-30": -1856.695, "2009-03-31": "138.96200", "2008-12-31": 755.45, "2008-09-30": 453.753, "2008-06-30": -348.58, "2008-03-31": "-860.62300", "2007-12-31": 12.353, "2007-09-30": 2.024, "2007-06-30": -17.304, "2007-03-31": "2.92700", "2006-12-31": 0, "2006-09-30": 0, "2006-06-30": -2.419, "2006-03-31": "2.41900", "2005-12-31": -751.509, "2005-09-30": 4.969, "2005-06-30": 22.936, "2005-03-31": "723.60400"}, "Net Change In Long-Term Investments": {"2020-12-31": 0, "2020-09-30": 0, "2020-06-30": 0, "2020-03-31": "", "2019-12-31": -82, "2019-09-30": 0, "2019-06-30": 0, "2019-03-31": "", "2018-12-31": -58, "2018-09-30": 0, "2018-06-30": 0, "2018-03-31": "", "2017-12-31": -81, "2017-09-30": 0, "2017-06-30": 15, "2017-03-31": "-15.00000", "2016-12-31": 1868, "2016-09-30": -982, "2016-06-30": -446, "2016-03-31": "446.00000", "2015-12-31": -821, "2015-09-30": 2056, "2015-06-30": -1843, "2015-03-31": "-213.00000", "2014-12-31": 4117, "2014-09-30": -1119, "2014-06-30": 1486, "2014-03-31": "-367.00000", "2013-12-31": 1155, "2013-09-30": -1873, "2013-06-30": 327, "2013-03-31": "-1834.00000", "2012-12-31": -815.817, "2012-09-30": 431.074, "2012-06-30": 1222.327, "2012-03-31": "-3899.58400", "2011-12-31": 1632.548, "2011-09-30": 1932.189, "2011-06-30": -1108.516, "2011-03-31": "-1917.22100", "2010-12-31": -1825.268, "2010-09-30": 14.317, "2010-06-30": 1085.241, "2010-03-31": "874.13900", "2009-12-31": -232.664, "2009-09-30": 0, "2009-06-30": 0, "2009-03-31": "", "2008-12-31": -793.351, "2008-09-30": 0, "2008-06-30": 0, "2008-03-31": "318.64500", "2007-12-31": 205.354, "2007-09-30": 46.046, "2007-06-30": 302.015, "2007-03-31": "", "2006-12-31": -15.156, "2006-09-30": 0, "2006-06-30": -2095.78, "2006-03-31": "", "2005-12-31": 767.929, "2005-09-30": 0, "2005-06-30": 0, "2005-03-31": ""}, "Net Change In Investments - Total": {"2020-12-31": 15, "2020-09-30": 17, "2020-06-30": 4, "2020-03-31": "-36.00000", "2019-12-31": -60, "2019-09-30": -24, "2019-06-30": 0, "2019-03-31": "2.00000", "2018-12-31": -35, "2018-09-30": 19, "2018-06-30": -37, "2018-03-31": "-5.00000", "2017-12-31": 17, "2017-09-30": -70, "2017-06-30": -13, "2017-03-31": "-15.00000", "2016-12-31": 1868, "2016-09-30": -182, "2016-06-30": -1246, "2016-03-31": "446.00000", "2015-12-31": 1805, "2015-09-30": -570, "2015-06-30": -1843, "2015-03-31": "-213.00000", "2014-12-31": 759, "2014-09-30": 2239, "2014-06-30": 1486, "2014-03-31": "-367.00000", "2013-12-31": 1155, "2013-09-30": -1873, "2013-06-30": 327, "2013-03-31": "-1834.00000", "2012-12-31": -815.817, "2012-09-30": 431.074, "2012-06-30": 1222.327, "2012-03-31": "-3899.58400", "2011-12-31": 1632.548, "2011-09-30": 1932.189, "2011-06-30": -1108.516, "2011-03-31": "-1917.22100", "2010-12-31": -1825.268, "2010-09-30": 14.317, "2010-06-30": 1085.241, "2010-03-31": "874.13900", "2009-12-31": 2663.027, "2009-09-30": -1177.958, "2009-06-30": -1856.695, "2009-03-31": "138.96200", "2008-12-31": -37.901, "2008-09-30": 453.753, "2008-06-30": -348.58, "2008-03-31": "-541.97800", "2007-12-31": 217.707, "2007-09-30": 48.07, "2007-06-30": 284.711, "2007-03-31": "2.92700", "2006-12-31": -15.156, "2006-09-30": 0, "2006-06-30": -2098.199, "2006-03-31": "2.41900", "2005-12-31": 16.42, "2005-09-30": 4.969, "2005-06-30": 22.936, "2005-03-31": "723.60400"}, "Investing Activities - Other": {"2020-12-31": -13, "2020-09-30": 7, "2020-06-30": 3, "2020-03-31": "3.00000", "2019-12-31": 4, "2019-09-30": 4, "2019-06-30": 4, "2019-03-31": "15.00000", "2018-12-31": 17, "2018-09-30": 12, "2018-06-30": 6, "2018-03-31": "67.00000", "2017-12-31": 732, "2017-09-30": 1980, "2017-06-30": -1661, "2017-03-31": "1688.00000", "2016-12-31": 8, "2016-09-30": 6, "2016-06-30": 30, "2016-03-31": "-2.00000", "2015-12-31": 9, "2015-09-30": 15, "2015-06-30": 15, "2015-03-31": "13.00000", "2014-12-31": 8, "2014-09-30": 35, "2014-06-30": 0, "2014-03-31": "27.00000", "2013-12-31": 2, "2013-09-30": 19, "2013-06-30": 0, "2013-03-31": "", "2012-12-31": 1.002, "2012-09-30": -10.31, "2012-06-30": 1.159, "2012-03-31": "11.14900", "2011-12-31": 6.829, "2011-09-30": -3.199, "2011-06-30": 1874.566, "2011-03-31": "7.80400", "2010-12-31": -10.588, "2010-09-30": -2.23, "2010-06-30": -3.5, "2010-03-31": "-1872.10800", "2009-12-31": -2.976, "2009-09-30": -2.257, "2009-06-30": -0.625, "2009-03-31": "-0.51000", "2008-12-31": -49.692, "2008-09-30": 61.953, "2008-06-30": -69.118, "2008-03-31": "-18.20400", "2007-12-31": -17.29, "2007-09-30": -18.768, "2007-06-30": 1.804, "2007-03-31": "0.76900", "2006-12-31": 9.265, "2006-09-30": -10.645, "2006-06-30": -25.835, "2006-03-31": "1.50300", "2005-12-31": 2.171, "2005-09-30": 0.8, "2005-06-30": 10.286, "2005-03-31": "1.34300"}, "Cash Flow From Investing Activities": {"2020-12-31": 1484, "2020-09-30": -472, "2020-06-30": -619, "2020-03-31": "-393.00000", "2019-12-31": -489, "2019-09-30": -432, "2019-06-30": -498, "2019-03-31": "-396.00000", "2018-12-31": -496, "2018-09-30": -323, "2018-06-30": -299, "2018-03-31": "-238.00000", "2017-12-31": -3152, "2017-09-30": -306, "2017-06-30": -6, "2017-03-31": "-6154.00000", "2016-12-31": 1550, "2016-09-30": -554, "2016-06-30": -1470, "2016-03-31": "226.00000", "2015-12-31": 1566, "2015-09-30": -1197, "2015-06-30": 242, "2015-03-31": "-205.00000", "2014-12-31": -10, "2014-09-30": -825, "2014-06-30": 1228, "2014-03-31": "-595.00000", "2013-12-31": 840, "2013-09-30": -2697, "2013-06-30": 36, "2013-03-31": "-2108.00000", "2012-12-31": -1224.998, "2012-09-30": -131.607, "2012-06-30": 688.37, "2012-03-31": "-4891.76500", "2011-12-31": 1764.642, "2011-09-30": 991.995, "2011-06-30": 205.593, "2011-03-31": "-2301.23000", "2010-12-31": -2440.394, "2010-09-30": -2392.998, "2010-06-30": 303.832, "2010-03-31": "-7658.76000", "2009-12-31": 1562.877, "2009-09-30": -1518.437, "2009-06-30": -2137.392, "2009-03-31": "-1605.75800", "2008-12-31": -352.185, "2008-09-30": -54.099, "2008-06-30": -788.042, "2008-03-31": "-893.16500", "2007-12-31": -228.362, "2007-09-30": -358.276, "2007-06-30": -160.659, "2007-03-31": "-388.98000", "2006-12-31": -3920.561, "2006-09-30": -364.583, "2006-06-30": -6888.048, "2006-03-31": "-224.43800", "2005-12-31": -561.64, "2005-09-30": -282.764, "2005-06-30": -266.487, "2005-03-31": "390.80400"}, "Net Long-Term Debt": {"2020-12-31": 52, "2020-09-30": -1329, "2020-06-30": 1278, "2020-03-31": "-1.00000", "2019-12-31": -1076, "2019-09-30": -2, "2019-06-30": -21, "2019-03-31": "-500.00000", "2018-12-31": -4156, "2018-09-30": 3012, "2018-06-30": -1301, "2018-03-31": "-5979.00000", "2017-12-31": 600, "2017-09-30": -1, "2017-06-30": -2, "2017-03-31": "-2505.00000", "2016-12-31": 14933, "2016-09-30": -1, "2016-06-30": -3, "2016-03-31": "-7.00000", "2015-12-31": -21, "2015-09-30": -3, "2015-06-30": -23, "2015-03-31": "2475.00000", "2014-12-31": -577, "2014-09-30": 0, "2014-06-30": 0, "2014-03-31": "", "2013-12-31": -294, "2013-09-30": 0, "2013-06-30": 0, "2013-03-31": "", "2012-12-31": 3683, "2012-09-30": 0, "2012-06-30": 0, "2012-03-31": "-54.00000", "2011-12-31": -3.164, "2011-09-30": -2.157, "2011-06-30": -1506.097, "2011-03-31": "-500.58200", "2010-12-31": -672.744, "2010-09-30": 0, "2010-06-30": 3000, "2010-03-31": "-1.25400", "2009-12-31": 0, "2009-09-30": 0, "2009-06-30": -500, "2009-03-31": "1016.82400", "2008-12-31": -513.948, "2008-09-30": -200, "2008-06-30": 0, "2008-03-31": "-200.00000", "2007-12-31": 3404.993, "2007-09-30": 1.699, "2007-06-30": -87.086, "2007-03-31": "-260.61800", "2006-12-31": -758.997, "2006-09-30": -2272.222, "2006-06-30": 3923.811, "2006-03-31": "-425.00000", "2005-12-31": 1851.013, "2005-09-30": 0, "2005-06-30": -150, "2005-03-31": ""}, "Net Current Debt": {"2020-12-31": -3, "2020-09-30": -28, "2020-06-30": -20, "2020-03-31": "51.00000", "2019-12-31": -52, "2019-09-30": 12, "2019-06-30": 27, "2019-03-31": "13.00000", "2018-12-31": -48, "2018-09-30": -118, "2018-06-30": 134, "2018-03-31": "6.00000", "2017-12-31": 390, "2017-09-30": 5, "2017-06-30": 26, "2017-03-31": "-1455.00000", "2016-12-31": -1085, "2016-09-30": -397, "2016-06-30": 298, "2016-03-31": "-583.00000", "2015-12-31": 738, "2015-09-30": -501, "2015-06-30": -47, "2015-03-31": "-1471.00000", "2014-12-31": 74, "2014-09-30": 397, "2014-06-30": -341, "2014-03-31": "1213.00000", "2013-12-31": -1438, "2013-09-30": 374, "2013-06-30": 902, "2013-03-31": "2248.00000", "2012-12-31": -4.358, "2012-09-30": -1908.411, "2012-06-30": 1297.74, "2012-03-31": "1399.02900", "2011-12-31": -1178.17, "2011-09-30": -1961.56, "2011-06-30": 778.517, "2011-03-31": "396.21300", "2010-12-31": 1215.817, "2010-09-30": -73.814, "2010-06-30": -2120.863, "2010-03-31": "775.00600", "2009-12-31": 936.258, "2009-09-30": -266.352, "2009-06-30": 777.007, "2009-03-31": "1770.41800", "2008-12-31": 1055.229, "2008-09-30": -3079.837, "2008-06-30": 709.923, "2008-03-31": "989.94600", "2007-12-31": -3581.316, "2007-09-30": -234.886, "2007-06-30": -142.114, "2007-03-31": "354.83500", "2006-12-31": 3730.995, "2006-09-30": 1284.857, "2006-06-30": 108.197, "2006-03-31": "59.17600", "2005-12-31": -1625.444, "2005-09-30": 904.407, "2005-06-30": -1307.593, "2005-03-31": "500.45000"}, "Debt Issuance/Retirement Net - Total": {"2020-12-31": 49, "2020-09-30": -1357, "2020-06-30": 1258, "2020-03-31": "50.00000", "2019-12-31": -1128, "2019-09-30": 10, "2019-06-30": 6, "2019-03-31": "-487.00000", "2018-12-31": -4204, "2018-09-30": 2894, "2018-06-30": -1167, "2018-03-31": "-5973.00000", "2017-12-31": 990, "2017-09-30": 4, "2017-06-30": 24, "2017-03-31": "-3960.00000", "2016-12-31": 13848, "2016-09-30": -398, "2016-06-30": 295, "2016-03-31": "-590.00000", "2015-12-31": 717, "2015-09-30": -504, "2015-06-30": -70, "2015-03-31": "1004.00000", "2014-12-31": -503, "2014-09-30": 397, "2014-06-30": -341, "2014-03-31": "1213.00000", "2013-12-31": -1732, "2013-09-30": 374, "2013-06-30": 902, "2013-03-31": "2248.00000", "2012-12-31": 3678.642, "2012-09-30": -1908.411, "2012-06-30": 1297.74, "2012-03-31": "1345.02900", "2011-12-31": -1181.334, "2011-09-30": -1963.717, "2011-06-30": -727.58, "2011-03-31": "-104.36900", "2010-12-31": 543.073, "2010-09-30": -73.814, "2010-06-30": 879.137, "2010-03-31": "773.75200", "2009-12-31": 936.258, "2009-09-30": -266.352, "2009-06-30": 277.007, "2009-03-31": "2787.24200", "2008-12-31": 541.281, "2008-09-30": -3279.837, "2008-06-30": 709.923, "2008-03-31": "789.94600", "2007-12-31": -176.3229, "2007-09-30": -233.187, "2007-06-30": -229.2, "2007-03-31": "94.21700", "2006-12-31": 2971.998, "2006-09-30": -987.365, "2006-06-30": 4032.008, "2006-03-31": "-365.82400", "2005-12-31": 225.5689, "2005-09-30": 904.407, "2005-06-30": -1457.593, "2005-03-31": "500.45000"}, "Net Common Equity Issued/Repurchased": {"2020-12-31": 13, "2020-09-30": 81, "2020-06-30": 53, "2020-03-31": "-147.00000", "2019-12-31": -489, "2019-09-30": 46, "2019-06-30": 113, "2019-03-31": "-90.00000", "2018-12-31": -77, "2018-09-30": 71, "2018-06-30": 30, "2018-03-31": "9.00000", "2017-12-31": 64, "2017-09-30": 81, "2017-06-30": 54, "2017-03-31": "34.00000", "2016-12-31": 42, "2016-09-30": 74, "2016-06-30": 42, "2016-03-31": "-432.00000", "2015-12-31": -837, "2015-09-30": 48, "2015-06-30": 56, "2015-03-31": "-1190.00000", "2014-12-31": 138, "2014-09-30": 63, "2014-06-30": 55, "2014-03-31": "-2022.00000", "2013-12-31": 176, "2013-09-30": -313, "2013-06-30": -217, "2013-03-31": "-856.00000", "2012-12-31": -361.063, "2012-09-30": 522.859, "2012-06-30": -375.389, "2012-03-31": "-300.40700", "2011-12-31": 648.965, "2011-09-30": 47.225, "2011-06-30": 91.808, "2011-03-31": "104.00200", "2010-12-31": 55.7139, "2010-09-30": 66.1311, "2010-06-30": 12.94, "2010-03-31": "-673.19900", "2009-12-31": 185.891, "2009-09-30": 28.395, "2009-06-30": 11.597, "2009-03-31": "-543.55900", "2008-12-31": 65.103, "2008-09-30": 470.2001, "2008-06-30": -96.6041, "2008-03-31": "-511.66200", "2007-12-31": 222.84, "2007-09-30": -82.493, "2007-06-30": 197.731, "2007-03-31": "-147.06700", "2006-12-31": 93.893, "2006-09-30": 252.943, "2006-06-30": 62.467, "2006-03-31": "-661.02300", "2005-12-31": -489.21, "2005-09-30": -177.083, "2005-06-30": 113.046, "2005-03-31": "-525.43000"}, "Net Total Equity Issued/Repurchased": {"2020-12-31": 13, "2020-09-30": 81, "2020-06-30": 53, "2020-03-31": "-147.00000", "2019-12-31": -489, "2019-09-30": 46, "2019-06-30": 113, "2019-03-31": "-90.00000", "2018-12-31": -77, "2018-09-30": 71, "2018-06-30": 30, "2018-03-31": "9.00000", "2017-12-31": -646, "2017-09-30": 81, "2017-06-30": 54, "2017-03-31": "34.00000", "2016-12-31": 42, "2016-09-30": 74, "2016-06-30": 42, "2016-03-31": "-432.00000", "2015-12-31": -837, "2015-09-30": 48, "2015-06-30": 56, "2015-03-31": "-1190.00000", "2014-12-31": 138, "2014-09-30": 63, "2014-06-30": 55, "2014-03-31": "-2022.00000", "2013-12-31": 176, "2013-09-30": -313, "2013-06-30": -217, "2013-03-31": "-856.00000", "2012-12-31": -361.063, "2012-09-30": 522.859, "2012-06-30": -375.389, "2012-03-31": "-300.40700", "2011-12-31": 648.965, "2011-09-30": 47.225, "2011-06-30": 91.808, "2011-03-31": "104.00200", "2010-12-31": 55.7139, "2010-09-30": 66.1311, "2010-06-30": 12.94, "2010-03-31": "-673.19900", "2009-12-31": 185.891, "2009-09-30": 28.395, "2009-06-30": 11.597, "2009-03-31": "-543.55900", "2008-12-31": 65.103, "2008-09-30": 470.2001, "2008-06-30": -96.6041, "2008-03-31": "-511.66200", "2007-12-31": 222.84, "2007-09-30": -82.493, "2007-06-30": 197.731, "2007-03-31": "-147.06700", "2006-12-31": 93.893, "2006-09-30": 252.943, "2006-06-30": 62.467, "2006-03-31": "-661.02300", "2005-12-31": -489.21, "2005-09-30": -177.083, "2005-06-30": 113.046, "2005-03-31": "-525.43000"}, "Total Common And Preferred Stock Dividends Paid": {"2020-12-31": 1919, "2020-09-30": -639, "2020-06-30": -642, "2020-03-31": "-638.00000", "2019-12-31": -568, "2019-09-30": -569, "2019-06-30": -568, "2019-03-31": "-565.00000", "2018-12-31": -495, "2018-09-30": -494, "2018-06-30": -494, "2018-03-31": "-491.00000", "2017-12-31": -464, "2017-09-30": -463, "2017-06-30": -462, "2017-03-31": "-460.00000", "2016-12-31": -386, "2016-09-30": -384, "2016-06-30": -384, "2016-03-31": "-385.00000", "2015-12-31": -360, "2015-09-30": -359, "2015-06-30": -360, "2015-03-31": "-364.00000", "2014-12-31": -335, "2014-09-30": -331, "2014-06-30": -333, "2014-03-31": "-343.00000", "2013-12-31": -218, "2013-09-30": -220, "2013-06-30": -220, "2013-03-31": "-224.00000", "2012-12-31": -812.063, "2012-09-30": -805.405, "2012-06-30": -806.984, "2012-03-31": "-758.54800", "2011-12-31": -751.994, "2011-09-30": -751.63, "2011-06-30": -750.409, "2011-03-31": "-683.96700", "2010-12-31": -692.101, "2010-09-30": -679.423, "2010-06-30": -679.199, "2010-03-31": "-620.75200", "2009-12-31": -618.776, "2009-09-30": -618.376, "2009-06-30": -618.227, "2009-03-31": "-559.08100", "2008-12-31": -558.509, "2008-09-30": -555.557, "2008-06-30": -555.636, "2008-03-31": "-504.55000", "2007-12-31": -502.297, "2007-09-30": -502.294, "2007-06-30": -500.752, "2007-03-31": "-453.80700", "2006-12-31": -452.802, "2006-09-30": -450.752, "2006-06-30": -450.065, "2006-03-31": "-423.55100", "2005-12-31": -426.616, "2005-09-30": -427.537, "2005-06-30": -426.579, "2005-03-31": "-405.74000"}, "Financial Activities - Other": {"2020-12-31": 11, "2020-09-30": 0, "2020-06-30": -11, "2020-03-31": "", "2019-12-31": 0, "2019-09-30": 0, "2019-06-30": 0, "2019-03-31": "", "2018-12-31": 0, "2018-09-30": 0, "2018-06-30": 0, "2018-03-31": "", "2017-12-31": 8, "2017-09-30": -8, "2017-06-30": 0, "2017-03-31": "-13.00000", "2016-12-31": 0, "2016-09-30": -38, "2016-06-30": -132, "2016-03-31": "-25.00000", "2015-12-31": -17, "2015-09-30": 0, "2015-06-30": 0, "2015-03-31": "", "2014-12-31": 0, "2014-09-30": -400, "2014-06-30": 0, "2014-03-31": "", "2013-12-31": -95, "2013-09-30": -400, "2013-06-30": 0, "2013-03-31": "-5901.00000", "2012-12-31": -0.151, "2012-09-30": -400, "2012-06-30": 0, "2012-03-31": "-120.84900", "2011-12-31": -400, "2011-09-30": 0, "2011-06-30": 0, "2011-03-31": "", "2010-12-31": 0, "2010-09-30": 0, "2010-06-30": 0, "2010-03-31": "", "2009-12-31": 0, "2009-09-30": 0, "2009-06-30": 0, "2009-03-31": "", "2008-12-31": 0, "2008-09-30": 0, "2008-06-30": 0, "2008-03-31": "", "2007-12-31": 0, "2007-09-30": 0, "2007-06-30": 0, "2007-03-31": "", "2006-12-31": 0, "2006-09-30": 0, "2006-06-30": 0, "2006-03-31": "", "2005-12-31": 0, "2005-09-30": 0, "2005-06-30": 0, "2005-03-31": ""}, "Cash Flow From Financial Activities": {"2020-12-31": 1992, "2020-09-30": -1915, "2020-06-30": 658, "2020-03-31": "-735.00000", "2019-12-31": -2185, "2019-09-30": -513, "2019-06-30": -449, "2019-03-31": "-1142.00000", "2018-12-31": -4776, "2018-09-30": 2471, "2018-06-30": -1631, "2018-03-31": "-6455.00000", "2017-12-31": -112, "2017-09-30": -386, "2017-06-30": -384, "2017-03-31": "-4399.00000", "2016-12-31": 13504, "2016-09-30": -746, "2016-06-30": -179, "2016-03-31": "-1432.00000", "2015-12-31": -497, "2015-09-30": -815, "2015-06-30": -374, "2015-03-31": "-550.00000", "2014-12-31": -700, "2014-09-30": -271, "2014-06-30": -619, "2014-03-31": "-1152.00000", "2013-12-31": -1869, "2013-09-30": -559, "2013-06-30": 465, "2013-03-31": "-4733.00000", "2012-12-31": 2505.365, "2012-09-30": -2590.957, "2012-06-30": 115.367, "2012-03-31": "165.22500", "2011-12-31": -1684.363, "2011-09-30": -2668.122, "2011-06-30": -1386.181, "2011-03-31": "-684.33400", "2010-12-31": -93.314, "2010-09-30": -687.106, "2010-06-30": 212.878, "2010-03-31": "-520.19900", "2009-12-31": 503.373, "2009-09-30": -856.333, "2009-06-30": -329.623, "2009-03-31": "1684.60200", "2008-12-31": 47.875, "2008-09-30": -3365.194, "2008-06-30": 57.683, "2008-03-31": "-226.26600", "2007-12-31": -455.78, "2007-09-30": -817.974, "2007-06-30": -532.221, "2007-03-31": "-506.65700", "2006-12-31": 2613.089, "2006-09-30": -1185.174, "2006-06-30": 3644.41, "2006-03-31": "-1450.39800", "2005-12-31": -690.257, "2005-09-30": 299.787, "2005-06-30": -1771.126, "2005-03-31": "-430.72000"}, "Net Cash Flow": {"2020-12-31": -620, "2020-09-30": -283, "2020-06-30": 1386, "2020-03-31": "-483.00000", "2019-12-31": -231, "2019-09-30": 954, "2019-06-30": 115, "2019-03-31": "-822.00000", "2018-12-31": -3525, "2018-09-30": 4304, "2018-06-30": -792, "2018-03-31": "-5550.00000", "2017-12-31": -1605, "2017-09-30": 1337, "2017-06-30": 969, "2017-03-31": "-9914.00000", "2016-12-31": 16120, "2016-09-30": -78, "2016-06-30": -756, "2016-03-31": "-1667.00000", "2015-12-31": 1869, "2015-09-30": -916, "2015-06-30": 822, "2015-03-31": "-837.00000", "2014-12-31": 450, "2014-09-30": 43, "2014-06-30": 1510, "2014-03-31": "-1415.00000", "2013-12-31": 593, "2013-09-30": -2690, "2013-06-30": 1199, "2013-03-31": "-6429.00000", "2012-12-31": 2804.872, "2012-09-30": 944.172, "2012-06-30": 2706.866, "2012-03-31": "-2466.91000", "2011-12-31": 1764.072, "2011-09-30": 972.281, "2011-06-30": 1336.862, "2011-03-31": "-908.21500", "2010-12-31": -169.774, "2010-09-30": -503.557, "2010-06-30": 2754.882, "2010-03-31": "-7242.51900", "2009-12-31": 3933.424, "2009-09-30": 671.611, "2009-06-30": -670.491, "2009-03-31": "762.77300", "2008-12-31": 1301.679, "2008-09-30": -986.243, "2008-06-30": 1086.635, "2008-03-31": "253.56700", "2007-12-31": 545.553, "2007-09-30": 371.9, "2007-06-30": 856.583, "2007-03-31": "161.15600", "2006-12-31": -5.178, "2006-09-30": -264.532, "2006-06-30": -1552.194, "2006-03-31": "-550.59100", "2005-12-31": 48.68, "2005-09-30": 1397.793, "2005-06-30": -256.173, "2005-03-31": "477.75900"}, "Stock-Based Compensation": {"2020-12-31": -448, "2020-09-30": 100, "2020-06-30": 115, "2020-03-31": "233.00000", "2019-12-31": 85, "2019-09-30": 94, "2019-06-30": 114, "2019-03-31": "226.00000", "2018-12-31": 81, "2018-09-30": 83, "2018-06-30": 101, "2018-03-31": "212.00000", "2017-12-31": 68, "2017-09-30": 75, "2017-06-30": 92, "2017-03-31": "171.00000", "2016-12-31": 47, "2016-09-30": 49, "2016-06-30": 62, "2016-03-31": "152.00000", "2015-12-31": 43, "2015-09-30": 44, "2015-06-30": 57, "2015-03-31": "148.00000", "2014-12-31": 38, "2014-09-30": 40, "2014-06-30": 49, "2014-03-31": "119.00000", "2013-12-31": 40, "2013-09-30": 45, "2013-06-30": 51, "2013-03-31": "126.00000", "2012-12-31": 74.265, "2012-09-30": 75.608, "2012-06-30": 85.785, "2012-03-31": "197.34200", "2011-12-31": 62.897, "2011-09-30": 67.838, "2011-06-30": 76.457, "2011-03-31": "175.80800", "2010-12-31": 56.947, "2010-09-30": 72.146, "2010-06-30": 84.224, "2010-03-31": "173.86600", "2009-12-31": 58.859, "2009-09-30": 62.587, "2009-06-30": 57.964, "2009-03-31": "186.94700", "2008-12-31": 60.824, "2008-09-30": 66.398, "2008-06-30": 67.871, "2008-03-31": "151.92200", "2007-12-31": 75.521, "2007-09-30": 103.958, "2007-06-30": 87.028, "2007-03-31": "163.17000", "2006-12-31": 59.539, "2006-09-30": 59.461, "2006-06-30": 87.635, "2006-03-31": "123.32200", "2005-12-31": 7.485, "2005-09-30": 7.369, "2005-06-30": 15.286, "2005-03-31": ""}, "Common Stock Dividends Paid": {"2020-12-31": 1919, "2020-09-30": -639, "2020-06-30": -642, "2020-03-31": "-638.00000", "2019-12-31": -568, "2019-09-30": -569, "2019-06-30": -568, "2019-03-31": "-565.00000", "2018-12-31": -495, "2018-09-30": -494, "2018-06-30": -494, "2018-03-31": "-491.00000", "2017-12-31": -464, "2017-09-30": -463, "2017-06-30": -462, "2017-03-31": "-460.00000", "2016-12-31": -386, "2016-09-30": -384, "2016-06-30": -384, "2016-03-31": "-385.00000", "2015-12-31": -360, "2015-09-30": -359, "2015-06-30": -360, "2015-03-31": "-364.00000", "2014-12-31": -335, "2014-09-30": -331, "2014-06-30": -333, "2014-03-31": "-343.00000", "2013-12-31": -218, "2013-09-30": -220, "2013-06-30": -220, "2013-03-31": "-224.00000", "2012-12-31": -812.063, "2012-09-30": -805.405, "2012-06-30": -806.984, "2012-03-31": "-758.54800", "2011-12-31": -751.994, "2011-09-30": -751.63, "2011-06-30": -750.409, "2011-03-31": "-683.96700", "2010-12-31": -692.101, "2010-09-30": -679.423, "2010-06-30": -679.199, "2010-03-31": "-620.75200", "2009-12-31": -618.776, "2009-09-30": -618.376, "2009-06-30": -618.227, "2009-03-31": "-559.08100", "2008-12-31": -558.509, "2008-09-30": -555.557, "2008-06-30": -555.636, "2008-03-31": "-504.55000", "2007-12-31": -502.297, "2007-09-30": -502.294, "2007-06-30": -500.752, "2007-03-31": "-453.80700", "2006-12-31": -452.802, "2006-09-30": -450.752, "2006-06-30": -450.065, "2006-03-31": "-423.55100", "2005-12-31": -426.616, "2005-09-30": -427.537, "2005-06-30": -426.579, "2005-03-31": "-405.74000"}}, "financial ratios": {"Current Ratio": {"2019-12-31": "1.44220", "2018-12-31": "1.62360", "2017-12-31": "2.26070", "2016-12-31": "4.02040", "2015-12-31": "1.54090", "2014-12-31": "1.29510", "2013-12-31": "2.02450", "2012-12-31": "2.35870", "2011-12-31": "1.53540", "2010-12-31": "1.29280", "2009-12-31": "1.78660", "2008-12-31": "1.47020", "2007-12-31": "1.54260", "2006-12-31": "0.94400", "2005-12-31": "1.53540"}, "Long-term Debt / Capital": {"2019-12-31": "0.34740", "2018-12-31": "0.38660", "2017-12-31": "0.46670", "2016-12-31": "0.49960", "2015-12-31": "0.21590", "2014-12-31": "0.13550", "2013-12-31": "0.11820", "2012-12-31": "0.40280", "2011-12-31": "0.32930", "2010-12-31": "0.35490", "2009-12-31": "0.32700", "2008-12-31": "0.33220", "2007-12-31": "0.34740", "2006-12-31": "0.33280", "2005-12-31": "0.24080"}, "Debt/Equity Ratio": {"2019-12-31": "0.57950", "2018-12-31": "0.63690", "2017-12-31": "0.89790", "2016-12-31": "1.06220", "2015-12-31": "0.42210", "2014-12-31": "0.36180", "2013-12-31": "0.25970", "2012-12-31": "0.76370", "2011-12-31": "0.62850", "2010-12-31": "0.83100", "2009-12-31": "0.70970", "2008-12-31": "0.70560", "2007-12-31": "0.68520", "2006-12-31": "0.88310", "2005-12-31": "0.46020"}, "Gross Margin": {"2019-12-31": "58.52870", "2018-12-31": "58.44730", "2017-12-31": "54.69510", "2016-12-31": "56.39000", "2015-12-31": "57.13310", "2014-12-31": "54.47230", "2013-12-31": "53.23290", "2012-12-31": "53.28610", "2011-12-31": "53.20690", "2010-12-31": "58.29810", "2009-12-31": "57.06340", "2008-12-31": "57.28730", "2007-12-31": "55.92370", "2006-12-31": "56.33120", "2005-12-31": "52.36280"}, "Operating Margin": {"2019-12-31": "14.20510", "2018-12-31": "11.93670", "2017-12-31": "5.71010", "2016-12-31": "14.51110", "2015-12-31": "14.05050", "2014-12-31": "12.83650", "2013-12-31": "10.85110", "2012-12-31": "7.13910", "2011-12-31": "7.60970", "2010-12-31": "17.31060", "2009-12-31": "20.26910", "2008-12-31": "19.28310", "2007-12-31": "17.66810", "2006-12-31": "9.08610", "2005-12-31": "19.52860"}, "EBIT Margin": {"2019-12-31": "14.20510", "2018-12-31": "11.93670", "2017-12-31": "5.71010", "2016-12-31": "14.51110", "2015-12-31": "14.05050", "2014-12-31": "12.83650", "2013-12-31": "10.85110", "2012-12-31": "7.13910", "2011-12-31": "7.60970", "2010-12-31": "17.31060", "2009-12-31": "20.26910", "2008-12-31": "19.28310", "2007-12-31": "17.66810", "2006-12-31": "9.08610", "2005-12-31": "19.52860"}, "EBITDA Margin": {"2019-12-31": "23.65220", "2018-12-31": "22.76150", "2017-12-31": "20.06940", "2016-12-31": "21.79060", "2015-12-31": "21.26440", "2014-12-31": "20.48210", "2013-12-31": "19.59610", "2012-12-31": "21.74280", "2011-12-31": "21.82930", "2010-12-31": "24.77310", "2009-12-31": "27.06100", "2008-12-31": "25.51060", "2007-12-31": "24.82590", "2006-12-31": "16.02120", "2005-12-31": "25.61220"}, "Pre-Tax Profit Margin": {"2019-12-31": "12.77900", "2018-12-31": "9.39560", "2017-12-31": "8.14530", "2016-12-31": "6.77600", "2015-12-31": "15.59910", "2014-12-31": "12.43640", "2013-12-31": "10.38310", "2012-12-31": "-1.15490", "2011-12-31": "5.77380", "2010-12-31": "16.24500", "2009-12-31": "23.38320", "2008-12-31": "19.83330", "2007-12-31": "17.24790", "2006-12-31": "10.12790", "2005-12-31": "20.68210"}, "Net Profit Margin": {"2019-12-31": "11.55660", "2018-12-31": "7.74410", "2017-12-31": "1.74150", "2016-12-31": "6.71370", "2015-12-31": "21.67610", "2014-12-31": "11.28070", "2013-12-31": "13.10480", "2012-12-31": "31.30180", "2011-12-31": "22.08620", "2010-12-31": "13.15500", "2009-12-31": "18.67670", "2008-12-31": "16.52940", "2007-12-31": "13.91630", "2006-12-31": "7.63810", "2005-12-31": "15.09580"}, "Asset Turnover": {"2019-12-31": "0.47000", "2018-12-31": "0.45520", "2017-12-31": "0.35920", "2016-12-31": "0.39590", "2015-12-31": "0.49470", "2014-12-31": "0.49130", "2013-12-31": "0.45760", "2012-12-31": "0.28330", "2011-12-31": "0.35510", "2010-12-31": "0.58060", "2009-12-31": "0.58510", "2008-12-31": "0.69610", "2007-12-31": "0.65250", "2006-12-31": "0.62130", "2005-12-31": "0.76650"}, "Inventory Turnover Ratio": {"2019-12-31": "3.06560", "2018-12-31": "3.34720", "2017-12-31": "3.44600", "2016-12-31": "3.73620", "2015-12-31": "3.36550", "2014-12-31": "3.48770", "2013-12-31": "3.41370", "2012-12-31": "2.34620", "2011-12-31": "3.05000", "2010-12-31": "4.59910", "2009-12-31": "4.04590", "2008-12-31": "4.54350", "2007-12-31": "3.87000", "2006-12-31": "3.49740", "2005-12-31": "4.18620"}, "Receiveable Turnover": {"2019-12-31": "5.88090", "2018-12-31": "5.90080", "2017-12-31": "5.21810", "2016-12-31": "6.42030", "2015-12-31": "5.96990", "2014-12-31": "5.64610", "2013-12-31": "4.93150", "2012-12-31": "2.50230", "2011-12-31": "2.78590", "2010-12-31": "4.89510", "2009-12-31": "4.70270", "2008-12-31": "5.40240", "2007-12-31": "5.23850", "2006-12-31": "5.31210", "2005-12-31": "6.24520"}, "Days Sales In Receivables": {"2019-12-31": "62.06510", "2018-12-31": "61.85590", "2017-12-31": "69.94830", "2016-12-31": "56.85130", "2015-12-31": "61.14040", "2014-12-31": "64.64610", "2013-12-31": "74.01380", "2012-12-31": "145.86590", "2011-12-31": "131.01470", "2010-12-31": "74.56400", "2009-12-31": "77.61520", "2008-12-31": "67.56290", "2007-12-31": "69.67640", "2006-12-31": "68.71080", "2005-12-31": "58.44490"}, "ROE - Return On Equity": {"2019-12-31": "11.77920", "2018-12-31": "7.59720", "2017-12-31": "1.13510", "2016-12-31": "5.13110", "2015-12-31": "12.21980", "2014-12-31": "7.95320", "2013-12-31": "7.86800", "2012-12-31": "0.88390", "2011-12-31": "4.59100", "2010-12-31": "20.32130", "2009-12-31": "24.78000", "2008-12-31": "27.02380", "2007-12-31": "20.23300", "2006-12-31": "12.21530", "2005-12-31": "23.39230"}, "Return On Tangible Equity": {"2019-12-31": "-41.33870", "2018-12-31": "-20.34160", "2017-12-31": "-2.45220", "2016-12-31": "12.51320", "2015-12-31": "42.54000", "2014-12-31": "32.02460", "2013-12-31": "20.36890", "2012-12-31": "9.66950", "2011-12-31": "-96.33260", "2010-12-31": "-87.01410", "2009-12-31": "155.49330", "2008-12-31": "198.89770", "2007-12-31": "182.63270", "2006-12-31": "-95.44370", "2005-12-31": "75.70230"}, "ROA - Return On Assets": {"2019-12-31": "5.43110", "2018-12-31": "3.47460", "2017-12-31": "0.46300", "2016-12-31": "2.01840", "2015-12-31": "6.31800", "2014-12-31": "4.17650", "2013-12-31": "4.62830", "2012-12-31": "0.35250", "2011-12-31": "1.86800", "2010-12-31": "7.63720", "2009-12-31": "10.92750", "2008-12-31": "11.16060", "2007-12-31": "9.08070", "2006-12-31": "4.74530", "2005-12-31": "11.57150"}, "ROI - Return On Investment": {"2019-12-31": "7.68730", "2018-12-31": "4.66050", "2017-12-31": "0.60540", "2016-12-31": "2.56780", "2015-12-31": "9.58190", "2014-12-31": "6.87520", "2013-12-31": "6.93770", "2012-12-31": "0.52790", "2011-12-31": "3.07940", "2010-12-31": "13.10950", "2009-12-31": "16.67700", "2008-12-31": "18.04750", "2007-12-31": "13.20430", "2006-12-31": "8.15020", "2005-12-31": "17.76010"}, "Book Value Per Share": {"2019-12-31": "17.75940", "2018-12-31": "17.49920", "2017-12-31": "17.83550", "2016-12-31": "14.06580", "2015-12-31": "14.48120", "2014-12-31": "14.34910", "2013-12-31": "16.32130", "2012-12-31": "17.00610", "2011-12-31": "15.61800", "2010-12-31": "14.71580", "2009-12-31": "14.94840", "2008-12-31": "11.28470", "2007-12-31": "11.50000", "2006-12-31": "9.14250", "2005-12-31": "9.36520"}, "Operating Cash Flow Per Share": {"2019-12-31": -0.114, "2018-12-31": 0.3746, "2017-12-31": 1.0249, "2016-12-31": 0.1903, "2015-12-31": -0.4372, "2014-12-31": 0.2949, "2013-12-31": -3.7387, "2012-12-31": 0.1262, "2011-12-31": 0.11, "2010-12-31": 0.9361, "2009-12-31": 0.1966, "2008-12-31": 1.1587, "2007-12-31": -0.1013, "2006-12-31": 0.1972, "2005-12-31": 3.227}, "Free Cash Flow Per Share": {"2019-12-31": -0.2463, "2018-12-31": 0.2361, "2017-12-31": 1.1318, "2016-12-31": 0.1715, "2015-12-31": -0.469, "2014-12-31": 0.317, "2013-12-31": -3.3386, "2012-12-31": -0.0498, "2011-12-31": -0.1892, "2010-12-31": 0.9841, "2009-12-31": 0.3214, "2008-12-31": 1.3953, "2007-12-31": -0.2925, "2006-12-31": 0.0987, "2005-12-31": 2.455}}, "financial ratios, quarterly": {"Current Ratio": {"2020-09-30": "1.69540", "2020-06-30": "1.57140", "2020-03-31": "1.43390", "2019-12-31": "1.44220", "2019-09-30": "1.53650", "2019-06-30": "1.67680", "2019-03-31": "1.58110", "2018-12-31": "1.62360", "2018-09-30": "1.42420", "2018-06-30": "1.57770", "2018-03-31": "1.66080", "2017-12-31": "2.26070", "2017-09-30": "2.69400", "2017-06-30": "2.93740", "2017-03-31": "2.90840", "2016-12-31": "4.02040", "2016-09-30": "1.55970", "2016-06-30": "1.49750", "2016-03-31": "1.47810", "2015-12-31": "1.54090", "2015-09-30": "1.81540", "2015-06-30": "2.30060", "2015-03-31": "2.17090", "2014-12-31": "1.29510", "2014-09-30": "1.52120", "2014-06-30": "1.85300", "2014-03-31": "1.76040", "2013-12-31": "2.02450", "2013-09-30": "1.74280", "2013-06-30": "1.81610", "2013-03-31": "1.83510", "2012-12-31": "2.35870", "2012-09-30": "1.67410", "2012-06-30": "1.53370", "2012-03-31": "1.52520", "2011-12-31": "1.53540", "2011-09-30": "1.49830", "2011-06-30": "1.52350", "2011-03-31": "1.37280", "2010-12-31": "1.29280", "2010-09-30": "1.24790", "2010-06-30": "1.35580", "2010-03-31": "1.16510", "2009-12-31": "1.78660", "2009-09-30": "1.70990", "2009-06-30": "1.62990", "2009-03-31": "1.52990", "2008-12-31": "1.47020", "2008-09-30": "1.59280", "2008-06-30": "1.41120", "2008-03-31": "1.40310", "2007-12-31": "1.54260", "2007-09-30": "1.04520", "2007-06-30": "1.02740", "2007-03-31": "0.93490", "2006-12-31": "0.94400", "2006-09-30": "1.35470", "2006-06-30": "1.28640", "2006-03-31": "1.48160", "2005-12-31": "1.53540", "2005-09-30": "1.25460", "2005-06-30": "1.58860", "2005-03-31": "1.40490"}, "Long-term Debt / Capital": {"2020-09-30": "0.36740", "2020-06-30": "0.37120", "2020-03-31": "0.35580", "2019-12-31": "0.34740", "2019-09-30": "0.35520", "2019-06-30": "0.37310", "2019-03-31": "0.37710", "2018-12-31": "0.38660", "2018-09-30": "0.38430", "2018-06-30": "0.39180", "2018-03-31": "0.40100", "2017-12-31": "0.46670", "2017-09-30": "0.41980", "2017-06-30": "0.42830", "2017-03-31": "0.42960", "2016-12-31": "0.49960", "2016-09-30": "0.22240", "2016-06-30": "0.22440", "2016-03-31": "0.22290", "2015-12-31": "0.21590", "2015-09-30": "0.21910", "2015-06-30": "0.20220", "2015-03-31": "0.21240", "2014-12-31": "0.13550", "2014-09-30": "0.13920", "2014-06-30": "0.12550", "2014-03-31": "0.12600", "2013-12-31": "0.11820", "2013-09-30": "0.12520", "2013-06-30": "0.13200", "2013-03-31": "0.13260", "2012-12-31": "0.40280", "2012-09-30": "0.30780", "2012-06-30": "0.32820", "2012-03-31": "0.31710", "2011-12-31": "0.32930", "2011-09-30": "0.34660", "2011-06-30": "0.32300", "2011-03-31": "0.33640", "2010-12-31": "0.35490", "2010-09-30": "0.37540", "2010-06-30": "0.38680", "2010-03-31": "0.34110", "2009-12-31": "0.32700", "2009-09-30": "0.35130", "2009-06-30": "0.36340", "2009-03-31": "0.39370", "2008-12-31": "0.33220", "2008-09-30": "0.32380", "2008-06-30": "0.33560", "2008-03-31": "0.33460", "2007-12-31": "0.34740", "2007-09-30": "0.29330", "2007-06-30": "0.30110", "2007-03-31": "0.31360", "2006-12-31": "0.33280", "2006-09-30": "0.32440", "2006-06-30": "0.34990", "2006-03-31": "0.22330", "2005-12-31": "0.24080", "2005-09-30": "0.17610", "2005-06-30": "0.24710", "2005-03-31": "0.24890"}, "Debt/Equity Ratio": {"2020-09-30": "0.58750", "2020-06-30": "0.63900", "2020-03-31": "0.60050", "2019-12-31": "0.57950", "2019-09-30": "0.59640", "2019-06-30": "0.60180", "2019-03-31": "0.61210", "2018-12-31": "0.63690", "2018-09-30": "0.76240", "2018-06-30": "0.67170", "2018-03-31": "0.69270", "2017-12-31": "0.89790", "2017-09-30": "0.74570", "2017-06-30": "0.75600", "2017-03-31": "0.75990", "2016-12-31": "1.06220", "2016-09-30": "0.40730", "2016-06-30": "0.42860", "2016-03-31": "0.41210", "2015-12-31": "0.42210", "2015-09-30": "0.39380", "2015-06-30": "0.37880", "2015-03-31": "0.40490", "2014-12-31": "0.36180", "2014-09-30": "0.36100", "2014-06-30": "0.31070", "2014-03-31": "0.33060", "2013-12-31": "0.25970", "2013-09-30": "0.34740", "2013-06-30": "0.35380", "2013-03-31": "0.31310", "2012-12-31": "0.76370", "2012-09-30": "0.60060", "2012-06-30": "0.73610", "2012-03-31": "0.65170", "2011-12-31": "0.62850", "2011-09-30": "0.67730", "2011-06-30": "0.68830", "2011-03-31": "0.75980", "2010-12-31": "0.83100", "2010-09-30": "0.87130", "2010-06-30": "0.92430", "2010-03-31": "0.82460", "2009-12-31": "0.70970", "2009-09-30": "0.73410", "2009-06-30": "0.79010", "2009-03-31": "0.88040", "2008-12-31": "0.70560", "2008-09-30": "0.60380", "2008-06-30": "0.79130", "2008-03-31": "0.73540", "2007-12-31": "0.68520", "2007-09-30": "0.78440", "2007-06-30": "0.80390", "2007-03-31": "0.87130", "2006-12-31": "0.88310", "2006-09-30": "0.60420", "2006-06-30": "0.68660", "2006-03-31": "0.43570", "2005-12-31": "0.46020", "2005-09-30": "0.46150", "2005-06-30": "0.39890", "2005-03-31": "0.50620"}, "Gross Margin": {"2020-09-30": "55.20160", "2020-06-30": "55.47220", "2020-03-31": "57.53300", "2019-12-31": "58.69620", "2019-09-30": "58.42000", "2019-06-30": "58.90460", "2019-03-31": "58.06240", "2018-12-31": "58.90540", "2018-09-30": "58.64680", "2018-06-30": "57.74430", "2018-03-31": "58.49800", "2017-12-31": "56.75320", "2017-09-30": "57.88550", "2017-06-30": "51.95120", "2017-03-31": "51.66540", "2016-12-31": "55.33470", "2016-09-30": "56.90310", "2016-06-30": "57.11610", "2016-03-31": "56.19240", "2015-12-31": "57.47880", "2015-09-30": "56.46600", "2015-06-30": "57.09860", "2015-03-31": "57.50460", "2014-12-31": "56.36670", "2014-09-30": "54.34140", "2014-06-30": "54.75580", "2014-03-31": "52.17670", "2013-12-31": "51.07290", "2013-09-30": "53.26430", "2013-06-30": "53.26850", "2013-03-31": "54.77870", "2012-12-31": "47.27900", "2012-09-30": "52.72530", "2012-06-30": "55.39390", "2012-03-31": "55.35000", "2011-12-31": "63.01440", "2011-09-30": "59.52550", "2011-06-30": "59.75090", "2011-03-31": "57.31620", "2010-12-31": "59.41910", "2010-09-30": "56.87230", "2010-06-30": "59.84680", "2010-03-31": "56.67770", "2009-12-31": "56.94920", "2009-09-30": "56.70610", "2009-06-30": "58.25150", "2009-03-31": "56.30010", "2008-12-31": "60.02170", "2008-09-30": "55.28110", "2008-06-30": "57.34630", "2008-03-31": "56.23340", "2007-12-31": "56.21760", "2007-09-30": "55.08610", "2007-06-30": "55.98030", "2007-03-31": "56.40430", "2006-12-31": "51.97550", "2006-09-30": "57.09870", "2006-06-30": "56.57960", "2006-03-31": "61.58510", "2005-12-31": "53.54060", "2005-09-30": "50.27510", "2005-06-30": "52.35460", "2005-03-31": "53.13620"}, "Operating Margin": {"2020-09-30": "16.88690", "2020-06-30": "9.17030", "2020-03-31": "9.81100", "2019-12-31": "16.70680", "2019-09-30": "14.83410", "2019-06-30": "15.11470", "2019-03-31": "9.80760", "2018-12-31": "15.00320", "2018-09-30": "12.99630", "2018-06-30": "11.35570", "2018-03-31": "8.22730", "2017-12-31": "8.57820", "2017-09-30": "11.26080", "2017-06-30": "5.81590", "2017-03-31": "-3.82000", "2016-12-31": "14.79470", "2016-09-30": "16.91810", "2016-06-30": "15.30100", "2016-03-31": "10.72670", "2015-12-31": "15.70930", "2015-09-30": "13.84470", "2015-06-30": "14.10060", "2015-03-31": "12.45660", "2014-12-31": "15.47800", "2014-09-30": "14.33350", "2014-06-30": "13.38740", "2014-03-31": "7.67610", "2013-12-31": "10.42910", "2013-09-30": "9.80310", "2013-06-30": "11.51300", "2013-03-31": "11.43550", "2012-12-31": "-0.73370", "2012-09-30": "5.88850", "2012-06-30": "10.61850", "2012-03-31": "9.63690", "2011-12-31": "20.06360", "2011-09-30": "6.05990", "2011-06-30": "18.44220", "2011-03-31": "14.39190", "2010-12-31": "18.35850", "2010-09-30": "13.61670", "2010-06-30": "18.19580", "2010-03-31": "19.10130", "2009-12-31": "21.20340", "2009-09-30": "21.12720", "2009-06-30": "22.30080", "2009-03-31": "15.78890", "2008-12-31": "21.92240", "2008-09-30": "18.62600", "2008-06-30": "19.23140", "2008-03-31": "16.96580", "2007-12-31": "21.02100", "2007-09-30": "14.53030", "2007-06-30": "18.62240", "2007-03-31": "15.93840", "2006-12-31": "-3.40840", "2006-09-30": "12.36450", "2006-06-30": "9.86670", "2006-03-31": "22.76540", "2005-12-31": "21.51030", "2005-09-30": "15.42870", "2005-06-30": "19.82180", "2005-03-31": "21.10230"}, "EBIT Margin": {"2020-09-30": "16.88690", "2020-06-30": "9.17030", "2020-03-31": "9.81100", "2019-12-31": "16.70680", "2019-09-30": "14.83410", "2019-06-30": "15.11470", "2019-03-31": "9.80760", "2018-12-31": "15.00320", "2018-09-30": "12.99630", "2018-06-30": "11.35570", "2018-03-31": "8.22730", "2017-12-31": "8.57820", "2017-09-30": "11.26080", "2017-06-30": "5.81590", "2017-03-31": "-3.82000", "2016-12-31": "14.79470", "2016-09-30": "16.91810", "2016-06-30": "15.30100", "2016-03-31": "10.72670", "2015-12-31": "15.70930", "2015-09-30": "13.84470", "2015-06-30": "14.10060", "2015-03-31": "12.45660", "2014-12-31": "15.47800", "2014-09-30": "14.33350", "2014-06-30": "13.38740", "2014-03-31": "7.67610", "2013-12-31": "10.42910", "2013-09-30": "9.80310", "2013-06-30": "11.51300", "2013-03-31": "11.43550", "2012-12-31": "-0.73370", "2012-09-30": "5.88850", "2012-06-30": "10.61850", "2012-03-31": "9.63690", "2011-12-31": "20.06360", "2011-09-30": "6.05990", "2011-06-30": "18.44220", "2011-03-31": "14.39190", "2010-12-31": "18.35850", "2010-09-30": "13.61670", "2010-06-30": "18.19580", "2010-03-31": "19.10130", "2009-12-31": "21.20340", "2009-09-30": "21.12720", "2009-06-30": "22.30080", "2009-03-31": "15.78890", "2008-12-31": "21.92250", "2008-09-30": "18.62600", "2008-06-30": "19.23140", "2008-03-31": "16.96580", "2007-12-31": "21.02100", "2007-09-30": "14.53030", "2007-06-30": "18.62240", "2007-03-31": "15.93840", "2006-12-31": "-3.40840", "2006-09-30": "12.36450", "2006-06-30": "9.86670", "2006-03-31": "22.76540", "2005-12-31": "21.51040", "2005-09-30": "15.42870", "2005-06-30": "19.82180", "2005-03-31": "21.10230"}, "EBITDA Margin": {"2020-09-30": "", "2020-06-30": "", "2020-03-31": "", "2019-12-31": "", "2019-09-30": "", "2019-06-30": "", "2019-03-31": "", "2018-12-31": "", "2018-09-30": "", "2018-06-30": "", "2018-03-31": "", "2017-12-31": "", "2017-09-30": "", "2017-06-30": "", "2017-03-31": "", "2016-12-31": "", "2016-09-30": "", "2016-06-30": "", "2016-03-31": "", "2015-12-31": "", "2015-09-30": "", "2015-06-30": "", "2015-03-31": "", "2014-12-31": "", "2014-09-30": "", "2014-06-30": "", "2014-03-31": "", "2013-12-31": "", "2013-09-30": "", "2013-06-30": "", "2013-03-31": "", "2012-12-31": "", "2012-09-30": "", "2012-06-30": "", "2012-03-31": "", "2011-12-31": "", "2011-09-30": "", "2011-06-30": "", "2011-03-31": "", "2010-12-31": "", "2010-09-30": "", "2010-06-30": "", "2010-03-31": "", "2009-12-31": "", "2009-09-30": "", "2009-06-30": "", "2009-03-31": "", "2008-12-31": "", "2008-09-30": "", "2008-06-30": "", "2008-03-31": "", "2007-12-31": "", "2007-09-30": "", "2007-06-30": "", "2007-03-31": "", "2006-12-31": "", "2006-09-30": "", "2006-06-30": "", "2006-03-31": "", "2005-12-31": "", "2005-09-30": "", "2005-06-30": "", "2005-03-31": ""}, "Pre-Tax Profit Margin": {"2020-09-30": "16.05110", "2020-06-30": "7.17790", "2020-03-31": "8.19310", "2019-12-31": "14.91460", "2019-09-30": "13.65780", "2019-06-30": "13.81130", "2019-03-31": "8.38750", "2018-12-31": "12.19580", "2018-09-30": "9.37830", "2018-06-30": "10.00390", "2018-03-31": "5.83220", "2017-12-31": "7.56360", "2017-09-30": "9.16680", "2017-06-30": "4.44480", "2017-03-31": "11.61800", "2016-12-31": "16.40730", "2016-09-30": "-3.37610", "2016-06-30": "13.40710", "2016-03-31": "0.04090", "2015-12-31": "15.99850", "2015-09-30": "13.86410", "2015-06-30": "19.07160", "2015-03-31": "13.33470", "2014-12-31": "15.01120", "2014-09-30": "14.07760", "2014-06-30": "13.01170", "2014-03-31": "7.17140", "2013-12-31": "10.10480", "2013-09-30": "9.96890", "2013-06-30": "11.03560", "2013-03-31": "10.30120", "2012-12-31": "-45.29760", "2012-09-30": "4.39350", "2012-06-30": "9.96560", "2012-03-31": "8.76990", "2011-12-31": "18.83010", "2011-09-30": "5.10960", "2011-06-30": "17.41370", "2011-03-31": "11.82170", "2010-12-31": "17.73530", "2010-09-30": "12.26710", "2010-06-30": "17.66020", "2010-03-31": "17.17520", "2009-12-31": "20.73780", "2009-09-30": "24.11150", "2009-06-30": "20.90810", "2009-03-31": "28.76410", "2008-12-31": "21.20940", "2008-09-30": "18.31290", "2008-06-30": "22.37230", "2008-03-31": "17.15630", "2007-12-31": "20.53530", "2007-09-30": "14.01070", "2007-06-30": "19.66270", "2007-03-31": "14.13940", "2006-12-31": "-3.23200", "2006-09-30": "13.03100", "2006-06-30": "11.94550", "2006-03-31": "24.30690", "2005-12-31": "23.14940", "2005-09-30": "16.63580", "2005-06-30": "20.75510", "2005-03-31": "21.88230"}, "Net Profit Margin": {"2020-09-30": "13.91620", "2020-06-30": "7.32810", "2020-03-31": "7.30000", "2019-12-31": "12.61730", "2019-09-30": "11.88710", "2019-06-30": "12.60810", "2019-03-31": "8.91840", "2018-12-31": "8.42240", "2018-09-30": "7.35370", "2018-06-30": "9.43740", "2018-03-31": "5.65630", "2017-12-31": "-10.91050", "2017-09-30": "8.83000", "2017-06-30": "4.26400", "2017-03-31": "6.61400", "2016-12-31": "14.96340", "2016-09-30": "-6.20520", "2016-06-30": "11.53200", "2016-03-31": "6.46880", "2015-12-31": "14.78410", "2015-09-30": "11.26210", "2015-06-30": "15.16440", "2015-03-31": "46.80420", "2014-12-31": "16.89690", "2014-09-30": "10.59260", "2014-06-30": "9.21500", "2014-03-31": "7.88640", "2013-12-31": "14.72060", "2013-09-30": "20.02070", "2013-06-30": "8.74040", "2013-03-31": "10.11530", "2012-12-31": "33.04210", "2012-09-30": "36.90190", "2012-06-30": "32.45840", "2012-03-31": "23.50870", "2011-12-31": "15.60180", "2011-09-30": "3.08840", "2011-06-30": "20.20300", "2011-03-31": "9.55460", "2010-12-31": "14.45490", "2010-09-30": "10.26760", "2010-06-30": "14.63460", "2010-03-31": "13.02900", "2009-12-31": "17.50520", "2009-09-30": "19.07360", "2009-06-30": "17.18650", "2009-03-31": "21.41350", "2008-12-31": "19.32300", "2008-09-30": "14.46600", "2008-06-30": "18.07510", "2008-03-31": "13.86230", "2007-12-31": "16.65930", "2007-09-30": "11.24410", "2007-06-30": "15.52040", "2007-03-31": "11.73210", "2006-12-31": "-6.98160", "2006-09-30": "12.84310", "2006-06-30": "11.12940", "2006-03-31": "18.88200", "2005-12-31": "16.14620", "2005-09-30": "12.64320", "2005-06-30": "15.87770", "2005-03-31": "15.56640"}, "Asset Turnover": {"2020-09-30": "0.12820", "2020-06-30": "0.10650", "2020-03-31": "0.11570", "2019-12-31": "0.12250", "2019-09-30": "0.11780", "2019-06-30": "0.11660", "2019-03-31": "0.11140", "2018-12-31": "0.11560", "2018-09-30": "0.10690", "2018-06-30": "0.11350", "2018-03-31": "0.10420", "2017-12-31": "0.09950", "2017-09-30": "0.09450", "2017-06-30": "0.09330", "2017-03-31": "0.08940", "2016-12-31": "0.10130", "2016-09-30": "0.13420", "2016-06-30": "0.13390", "2016-03-31": "0.12320", "2015-12-31": "0.12580", "2015-09-30": "0.12340", "2015-06-30": "0.11720", "2015-03-31": "0.11360", "2014-12-31": "0.13000", "2014-09-30": "0.11950", "2014-06-30": "0.12190", "2014-03-31": "0.11410", "2013-12-31": "0.09330", "2013-09-30": "0.10930", "2013-06-30": "0.12690", "2013-03-31": "0.12600", "2012-12-31": "0.04740", "2012-09-30": "0.08320", "2012-06-30": "0.08590", "2012-03-31": "0.08470", "2011-12-31": "0.17220", "2011-09-30": "0.16460", "2011-06-30": "0.15510", "2011-03-31": "0.14660", "2010-12-31": "0.16460", "2010-09-30": "0.15120", "2010-06-30": "0.16530", "2010-03-31": "0.14430", "2009-12-31": "0.16720", "2009-09-30": "0.15570", "2009-06-30": "0.15740", "2009-03-31": "0.14790", "2008-12-31": "0.18740", "2008-09-30": "0.17960", "2008-06-30": "0.16590", "2008-03-31": "0.16430", "2007-12-31": "0.18180", "2007-09-30": "0.16950", "2007-06-30": "0.17150", "2007-03-31": "0.16390", "2006-12-31": "0.18850", "2006-09-30": "0.16740", "2006-06-30": "0.16150", "2006-03-31": "0.16050", "2005-12-31": "0.20750", "2005-09-30": "0.18670", "2005-06-30": "0.19860", "2005-03-31": "0.18650"}, "Inventory Turnover Ratio": {"2020-09-30": "0.76980", "2020-06-30": "0.62730", "2020-03-31": "0.71830", "2019-12-31": "0.79560", "2019-09-30": "0.76460", "2019-06-30": "0.75340", "2019-03-31": "0.77360", "2018-12-31": "0.84060", "2018-09-30": "0.83730", "2018-06-30": "0.88370", "2018-03-31": "0.80160", "2017-12-31": "0.91140", "2017-09-30": "0.82570", "2017-06-30": "0.88510", "2017-03-31": "0.76650", "2016-12-31": "0.97860", "2016-09-30": "0.87450", "2016-06-30": "0.81300", "2016-03-31": "0.76810", "2015-12-31": "0.84880", "2015-09-30": "0.85150", "2015-06-30": "0.81100", "2015-03-31": "0.79340", "2014-12-31": "0.88420", "2014-09-30": "0.86020", "2014-06-30": "0.81050", "2014-03-31": "0.81950", "2013-12-31": "0.72820", "2013-09-30": "0.80420", "2013-06-30": "0.93390", "2013-03-31": "0.89730", "2012-12-31": "0.44310", "2012-09-30": "0.65250", "2012-06-30": "0.67360", "2012-03-31": "0.66470", "2011-12-31": "1.16860", "2011-09-30": "1.21530", "2011-06-30": "1.11380", "2011-03-31": "1.13470", "2010-12-31": "1.26850", "2010-09-30": "1.13070", "2010-06-30": "1.11840", "2010-03-31": "0.97780", "2009-12-31": "1.15910", "2009-09-30": "0.98200", "2009-06-30": "0.88870", "2009-03-31": "0.92940", "2008-12-31": "1.14500", "2008-09-30": "1.08150", "2008-06-30": "0.98690", "2008-03-31": "0.96280", "2007-12-31": "1.07120", "2007-09-30": "0.97920", "2007-06-30": "1.30670", "2007-03-31": "1.19230", "2006-12-31": "1.16720", "2006-09-30": "0.87410", "2006-06-30": "0.90740", "2006-03-31": "0.72750", "2005-12-31": "1.10530", "2005-09-30": "0.99670", "2005-06-30": "1.03640", "2005-03-31": "0.94450"}, "Receiveable Turnover": {"2020-09-30": "1.56720", "2020-06-30": "1.42570", "2020-03-31": "1.45990", "2019-12-31": "1.53250", "2019-09-30": "1.48180", "2019-06-30": "1.43820", "2019-03-31": "1.40970", "2018-12-31": "1.49850", "2018-09-30": "1.45250", "2018-06-30": "1.49600", "2018-03-31": "1.37980", "2017-12-31": "1.44580", "2017-09-30": "1.42270", "2017-06-30": "1.43250", "2017-03-31": "1.40470", "2016-12-31": "1.64190", "2016-09-30": "1.59700", "2016-06-30": "1.49510", "2016-03-31": "1.42420", "2015-12-31": "1.51780", "2015-09-30": "1.48840", "2015-06-30": "1.45510", "2015-03-31": "1.40680", "2014-12-31": "1.49360", "2014-09-30": "1.40380", "2014-06-30": "1.24680", "2014-03-31": "1.22460", "2013-12-31": "1.00550", "2013-09-30": "1.24270", "2013-06-30": "1.38260", "2013-03-31": "1.37270", "2012-12-31": "0.41880", "2012-09-30": "0.75770", "2012-06-30": "0.78510", "2012-03-31": "0.68980", "2011-12-31": "1.35050", "2011-09-30": "1.39370", "2011-06-30": "1.36630", "2011-03-31": "1.26270", "2010-12-31": "1.38750", "2010-09-30": "1.38820", "2010-06-30": "1.39250", "2010-03-31": "1.18070", "2009-12-31": "1.34370", "2009-09-30": "1.41760", "2009-06-30": "1.37450", "2009-03-31": "1.28530", "2008-12-31": "1.45460", "2008-09-30": "1.50130", "2008-06-30": "1.40950", "2008-03-31": "1.35360", "2007-12-31": "1.45980", "2007-09-30": "1.51410", "2007-06-30": "1.87650", "2007-03-31": "1.81360", "2006-12-31": "1.61210", "2006-09-30": "1.55790", "2006-06-30": "1.49760", "2006-03-31": "1.37030", "2005-12-31": "1.69070", "2005-09-30": "1.68090", "2005-06-30": "1.65120", "2005-03-31": "1.52160"}, "Days Sales In Receivables": {"2020-09-30": "57.42800", "2020-06-30": "63.12770", "2020-03-31": "61.64640", "2019-12-31": "58.72620", "2019-09-30": "60.73550", "2019-06-30": "62.57930", "2019-03-31": "63.84210", "2018-12-31": "60.06180", "2018-09-30": "61.96320", "2018-06-30": "60.16220", "2018-03-31": "65.22870", "2017-12-31": "62.24930", "2017-09-30": "63.25960", "2017-06-30": "62.82510", "2017-03-31": "64.07260", "2016-12-31": "54.81340", "2016-09-30": "56.35610", "2016-06-30": "60.19690", "2016-03-31": "63.19350", "2015-12-31": "59.29450", "2015-09-30": "60.46600", "2015-06-30": "61.85110", "2015-03-31": "63.97590", "2014-12-31": "60.25770", "2014-09-30": "64.11110", "2014-06-30": "72.18510", "2014-03-31": "73.49530", "2013-12-31": "89.50600", "2013-09-30": "72.42530", "2013-06-30": "65.09550", "2013-03-31": "65.56490", "2012-12-31": "214.90600", "2012-09-30": "118.78620", "2012-06-30": "114.63990", "2012-03-31": "130.47510", "2011-12-31": "66.64290", "2011-09-30": "64.57580", "2011-06-30": "65.87010", "2011-03-31": "71.27870", "2010-12-31": "64.86480", "2010-09-30": "64.83390", "2010-06-30": "64.63300", "2010-03-31": "76.22670", "2009-12-31": "66.98140", "2009-09-30": "63.48760", "2009-06-30": "65.47790", "2009-03-31": "70.02280", "2008-12-31": "61.87330", "2008-09-30": "59.94760", "2008-06-30": "63.85200", "2008-03-31": "66.49000", "2007-12-31": "61.65310", "2007-09-30": "59.44000", "2007-06-30": "47.96280", "2007-03-31": "49.62450", "2006-12-31": "55.82830", "2006-09-30": "57.76980", "2006-06-30": "60.09430", "2006-03-31": "65.67830", "2005-12-31": "53.23200", "2005-09-30": "53.54270", "2005-06-30": "54.50460", "2005-03-31": "59.14820"}, "ROE - Return On Equity": {"2020-09-30": "3.89940", "2020-06-30": "1.74360", "2020-03-31": "1.78790", "2019-12-31": "3.35130", "2019-09-30": "2.99820", "2019-06-30": "3.15420", "2019-03-31": "2.15880", "2018-12-31": "2.13200", "2018-09-30": "1.78650", "2018-06-30": "2.33310", "2018-03-31": "1.29430", "2017-12-31": "-2.77830", "2017-09-30": "1.74130", "2017-06-30": "0.84940", "2017-03-31": "1.22360", "2016-12-31": "3.69260", "2016-09-30": "-1.70850", "2016-06-30": "2.88050", "2016-03-31": "0.26870", "2015-12-31": "3.25890", "2015-09-30": "2.80880", "2015-06-30": "3.39880", "2015-03-31": "2.40590", "2014-12-31": "2.92990", "2014-09-30": "1.90490", "2014-06-30": "1.79290", "2014-03-31": "0.95360", "2013-12-31": "1.28230", "2013-09-30": "2.70730", "2013-06-30": "2.12240", "2013-03-31": "2.39820", "2012-12-31": "-3.22220", "2012-09-30": "1.25040", "2012-06-30": "1.67200", "2012-03-31": "1.37500", "2011-12-31": "6.60110", "2011-09-30": "1.22800", "2011-06-30": "7.33960", "2011-03-31": "3.49440", "2010-12-31": "6.32920", "2010-09-30": "4.14590", "2010-06-30": "6.46000", "2010-03-31": "4.77350", "2009-12-31": "6.63610", "2009-09-30": "6.92580", "2009-06-30": "6.46640", "2009-03-31": "7.99990", "2008-12-31": "7.93280", "2008-09-30": "5.60640", "2008-06-30": "6.97310", "2008-03-31": "5.21630", "2007-12-31": "6.74950", "2007-09-30": "4.59380", "2007-06-30": "6.44800", "2007-03-31": "4.87140", "2006-12-31": "-3.27230", "2006-09-30": "4.57890", "2006-06-30": "4.03180", "2006-03-31": "5.87560", "2005-12-31": "6.77350", "2005-09-30": "4.77250", "2005-06-30": "6.09830", "2005-03-31": "5.91000"}, "Return On Tangible Equity": {"2020-09-30": "-17.72410", "2020-06-30": "-6.65680", "2020-03-31": "-6.20650", "2019-12-31": "-11.76140", "2019-09-30": "-11.30480", "2019-06-30": "-10.56060", "2019-03-31": "-6.36850", "2018-12-31": "-5.70860", "2018-09-30": "-4.60190", "2018-06-30": "-5.51420", "2018-03-31": "-3.01420", "2017-12-31": "6.00210", "2017-09-30": "-6.65800", "2017-06-30": "-3.00100", "2017-03-31": "-4.19060", "2016-12-31": "9.00530", "2016-09-30": "-4.24490", "2016-06-30": "10.45010", "2016-03-31": "0.99840", "2015-12-31": "11.34510", "2015-09-30": "10.59560", "2015-06-30": "10.55740", "2015-03-31": "8.59600", "2014-12-31": "11.79750", "2014-09-30": "6.39320", "2014-06-30": "4.98530", "2014-03-31": "2.76710", "2013-12-31": "3.31970", "2013-09-30": "7.91450", "2013-06-30": "6.40880", "2013-03-31": "7.55450", "2012-12-31": "-35.25000", "2012-09-30": "13.91490", "2012-06-30": "177.07770", "2012-03-31": "-230.73040", "2011-12-31": "-138.51020", "2011-09-30": "-12.98200", "2011-06-30": "-95.85350", "2011-03-31": "-20.98430", "2010-12-31": "-27.10100", "2010-09-30": "-12.77580", "2010-06-30": "-28.76810", "2010-03-31": "-21.52990", "2009-12-31": "41.64090", "2009-09-30": "50.64990", "2009-06-30": "75.51750", "2009-03-31": "534.31270", "2008-12-31": "58.38620", "2008-09-30": "36.99440", "2008-06-30": "61.26410", "2008-03-31": "43.40040", "2007-12-31": "60.92430", "2007-09-30": "839.63810", "2007-06-30": "575.06660", "2007-03-31": "-76.20900", "2006-12-31": "25.56780", "2006-09-30": "28.57600", "2006-06-30": "36.76540", "2006-03-31": "18.74400", "2005-12-31": "21.92040", "2005-09-30": "16.29070", "2005-06-30": "21.59800", "2005-03-31": "24.04970"}, "ROA - Return On Assets": {"2020-09-30": "1.78440", "2020-06-30": "0.78080", "2020-03-31": "0.81470", "2019-12-31": "1.54520", "2019-09-30": "1.40070", "2019-06-30": "1.47020", "2019-03-31": "0.99390", "2018-12-31": "0.97510", "2018-09-30": "0.77060", "2018-06-30": "1.04950", "2018-03-31": "0.57680", "2017-12-31": "-1.13310", "2017-09-30": "0.77650", "2017-06-30": "0.37950", "2017-03-31": "0.54450", "2016-12-31": "1.45260", "2016-09-30": "-0.90390", "2016-06-30": "1.50390", "2016-03-31": "0.14130", "2015-12-31": "1.68500", "2015-09-30": "1.42840", "2015-06-30": "1.78130", "2015-03-31": "1.22750", "2014-12-31": "1.53860", "2014-09-30": "1.03020", "2014-06-30": "1.02470", "2014-03-31": "0.53770", "2013-12-31": "0.75430", "2013-09-30": "1.45920", "2013-06-30": "1.10950", "2013-03-31": "1.27440", "2012-12-31": "-1.28500", "2012-09-30": "0.53580", "2012-06-30": "0.66410", "2012-03-31": "0.56270", "2011-12-31": "2.68590", "2011-09-30": "0.50850", "2011-06-30": "3.13330", "2011-03-31": "1.40110", "2010-12-31": "2.37870", "2010-09-30": "1.55240", "2010-06-30": "2.41970", "2010-03-31": "1.87980", "2009-12-31": "2.92640", "2009-09-30": "2.96980", "2009-06-30": "2.70440", "2009-03-31": "3.16620", "2008-12-31": "3.27620", "2008-09-30": "2.59770", "2008-06-30": "2.99960", "2008-03-31": "2.27760", "2007-12-31": "3.02920", "2007-09-30": "1.90580", "2007-06-30": "2.66130", "2007-03-31": "1.92230", "2006-12-31": "-1.27120", "2006-09-30": "2.14970", "2006-06-30": "1.79750", "2006-03-31": "2.97410", "2005-12-31": "3.35060", "2005-09-30": "2.36100", "2005-06-30": "3.15290", "2005-03-31": "2.90360"}, "ROI - Return On Investment": {"2020-09-30": "2.46680", "2020-06-30": "1.09630", "2020-03-31": "1.15180", "2019-12-31": "2.18710", "2019-09-30": "1.93320", "2019-06-30": "1.97740", "2019-03-31": "1.34470", "2018-12-31": "1.30790", "2018-09-30": "1.10000", "2018-06-30": "1.41910", "2018-03-31": "0.77530", "2017-12-31": "-1.48180", "2017-09-30": "1.01030", "2017-06-30": "0.48560", "2017-03-31": "0.69790", "2016-12-31": "1.84790", "2016-09-30": "-1.32860", "2016-06-30": "2.23420", "2016-03-31": "0.20880", "2015-12-31": "2.55540", "2015-09-30": "2.19340", "2015-06-30": "2.71150", "2015-03-31": "1.89480", "2014-12-31": "2.53280", "2014-09-30": "1.63970", "2014-06-30": "1.56790", "2014-03-31": "0.83350", "2013-12-31": "1.13070", "2013-09-30": "2.36840", "2013-06-30": "1.84220", "2013-03-31": "2.08030", "2012-12-31": "-1.92430", "2012-09-30": "0.86550", "2012-06-30": "1.12320", "2012-03-31": "0.93900", "2011-12-31": "4.42760", "2011-09-30": "0.80240", "2011-06-30": "4.96910", "2011-03-31": "2.31890", "2010-12-31": "4.08300", "2010-09-30": "2.58960", "2010-06-30": "3.96120", "2010-03-31": "3.14510", "2009-12-31": "4.46610", "2009-09-30": "4.49260", "2009-06-30": "4.11650", "2009-03-31": "4.85060", "2008-12-31": "5.29780", "2008-09-30": "3.79090", "2008-06-30": "4.63320", "2008-03-31": "3.47070", "2007-12-31": "4.40480", "2007-09-30": "3.24640", "2007-06-30": "4.50650", "2007-03-31": "3.34380", "2006-12-31": "-2.18330", "2006-09-30": "3.09330", "2006-06-30": "2.62090", "2006-03-31": "4.56360", "2005-12-31": "5.14260", "2005-09-30": "3.93200", "2005-06-30": "4.59140", "2005-03-31": "4.43910"}, "Book Value Per Share": {"2020-09-30": "17.82650", "2020-06-30": "17.39480", "2020-03-31": "17.20160", "2019-12-31": "17.75940", "2019-09-30": "18.10560", "2019-06-30": "18.04570", "2019-03-31": "17.64500", "2018-12-31": "17.49920", "2018-09-30": "17.59230", "2018-06-30": "17.54190", "2018-03-31": "18.02490", "2017-12-31": "17.83550", "2017-09-30": "18.50970", "2017-06-30": "18.29590", "2017-03-31": "18.17990", "2016-12-31": "14.06580", "2016-09-30": "14.19270", "2016-06-30": "14.14630", "2016-03-31": "14.18640", "2015-12-31": "14.48120", "2015-09-30": "14.22450", "2015-06-30": "15.51620", "2015-03-31": "14.76940", "2014-12-31": "14.34910", "2014-09-30": "15.26970", "2014-06-30": "15.76380", "2014-03-31": "15.63910", "2013-12-31": "16.32130", "2013-09-30": "15.38490", "2013-06-30": "14.43100", "2013-03-31": "14.55120", "2012-12-31": "17.00610", "2012-09-30": "17.14740", "2012-06-30": "15.65790", "2012-03-31": "16.23460", "2011-12-31": "15.61800", "2011-09-30": "15.84870", "2011-06-30": "17.00510", "2011-03-31": "15.90390", "2010-12-31": "14.71580", "2010-09-30": "13.89730", "2010-06-30": "12.94970", "2010-03-31": "13.61290", "2009-12-31": "14.94840", "2009-09-30": "13.81920", "2009-06-30": "12.88560", "2009-03-31": "11.63610", "2008-12-31": "11.28470", "2008-09-30": "12.46850", "2008-06-30": "12.29860", "2008-03-31": "11.65010", "2007-12-31": "11.50000", "2007-09-30": "10.10060", "2007-06-30": "9.92210", "2007-03-31": "9.29600", "2006-12-31": "9.14250", "2006-09-30": "10.18550", "2006-06-30": "9.93940", "2006-03-31": "9.46270", "2005-12-31": "9.36520", "2005-09-30": "9.19470", "2005-06-30": "9.25230", "2005-03-31": "9.14280"}, "Operating Cash Flow Per Share": {"2020-09-30": 1.1537, "2020-06-30": 0.7396, "2020-03-31": "0.40160", "2019-12-31": 1.3603, "2019-09-30": 1.0903, "2019-06-30": 0.5939, "2019-03-31": "0.40080", "2018-12-31": 0.9996, "2018-09-30": 1.2301, "2018-06-30": 0.7019, "2018-03-31": "0.62770", "2017-12-31": 0.9443, "2017-09-30": 1.1397, "2017-06-30": 0.7699, "2017-03-31": "0.33080", "2016-12-31": 0.7828, "2016-09-30": 0.8258, "2016-06-30": 0.6139, "2016-03-31": "-0.06270", "2015-12-31": 0.5491, "2015-09-30": 0.7935, "2015-06-30": 0.6256, "2015-03-31": "0.00130", "2014-12-31": 0.8032, "2014-09-30": 0.7888, "2014-06-30": 0.5976, "2014-03-31": "0.21710", "2013-12-31": 1.0273, "2013-09-30": 0.338, "2013-06-30": 0.4565, "2013-03-31": "0.29000", "2012-12-31": 0.9509, "2012-09-30": 2.1978, "2012-06-30": 1.302, "2012-03-31": "1.39980", "2011-12-31": 0.8619, "2011-09-30": 1.9436, "2011-06-30": 1.5922, "2011-03-31": "1.29030", "2010-12-31": 1.4835, "2010-09-30": 1.6362, "2010-06-30": 1.5193, "2010-03-31": "0.97530", "2009-12-31": 1.1725, "2009-09-30": 1.9498, "2009-06-30": 1.107, "2009-03-31": "0.44890", "2008-12-31": 0.7968, "2008-09-30": 1.7126, "2008-06-30": 1.1359, "2008-03-31": "0.83630", "2007-12-31": 0.6692, "2007-09-30": 0.9905, "2007-06-30": 0.9853, "2007-03-31": "0.67790", "2006-12-31": 0.8473, "2006-09-30": 0.8215, "2006-06-30": 1.0502, "2006-03-31": "0.70520", "2005-12-31": 0.8686, "2005-09-30": 0.8721, "2005-06-30": 1.1535, "2005-03-31": "0.33280"}, "Free Cash Flow Per Share": {"2020-09-30": 0.8773, "2020-06-30": 0.3804, "2020-03-31": "0.19940", "2019-12-31": 1.1153, "2019-09-30": 0.8663, "2019-06-30": 0.3317, "2019-03-31": "0.21220", "2018-12-31": 0.7353, "2018-09-30": 1.0308, "2018-06-30": 0.5338, "2018-03-31": "0.47190", "2017-12-31": 0.7457, "2017-09-30": 0.9906, "2017-06-30": 0.6254, "2017-03-31": "0.17400", "2016-12-31": 0.5701, "2016-09-30": 0.6136, "2016-06-30": 0.4467, "2016-03-31": "-0.22650", "2015-12-31": 0.3847, "2015-09-30": 0.5206, "2015-06-30": 0.4808, "2015-03-31": "-0.15370", "2014-12-31": 0.6177, "2014-09-30": 0.6071, "2014-06-30": 0.4243, "2014-03-31": "0.05230", "2013-12-31": 0.8374, "2013-09-30": 0.1588, "2013-06-30": 0.2709, "2013-03-31": "0.11730", "2012-12-31": 0.7073, "2012-09-30": 1.8669, "2012-06-30": 1.0342, "2012-03-31": "1.11460", "2011-12-31": 0.6922, "2011-09-30": 1.6561, "2011-06-30": 1.3553, "2011-03-31": "1.03890", "2010-12-31": 1.2969, "2010-09-30": 1.5047, "2010-06-30": 1.3421, "2010-03-31": "0.81830", "2009-12-31": 1.0156, "2009-09-30": 1.7385, "2009-06-30": 0.9369, "2009-03-31": "0.28690", "2008-12-31": 0.626, "2008-09-30": 1.5111, "2008-06-30": 0.8964, "2008-03-31": "0.62300", "2007-12-31": 0.3955, "2007-09-30": 0.7406, "2007-06-30": 0.6992, "2007-03-31": "0.42590", "2006-12-31": 0.6407, "2006-09-30": 0.5959, "2006-06-30": 0.7604, "2006-03-31": "0.55670", "2005-12-31": 0.6696, "2005-09-30": 0.7031, "2005-06-30": 0.9624, "2005-03-31": "0.11990"}}, "revenue": {"Abbott Laboratories Annual Revenue (Millions of US $)": {"2020": "$34,608", "2019": "$31,904", "2018": "$30,578", "2017": "$27,390", "2016": "$20,853", "2015": "$20,405", "2014": "$20,247", "2013": "$19,657", "2012": "$19,050", "2011": "$21,407", "2010": "$35,167", "2009": "$30,765", "2008": "$29,528", "2007": "$25,914", "2006": "$22,476", "2005": "$22,338"}, "Abbott Laboratories Quarterly Revenue (Millions of US $)": {"2020-12-31": "$10,701", "2020-09-30": "$8,853", "2020-06-30": "$7,328", "2020-03-31": "$7,726", "2019-12-31": "$8,314", "2019-09-30": "$8,076", "2019-06-30": "$7,979", "2019-03-31": "$7,535", "2018-12-31": "$7,765", "2018-09-30": "$7,656", "2018-06-30": "$7,767", "2018-03-31": "$7,390", "2017-12-31": "$7,589", "2017-09-30": "$6,829", "2017-06-30": "$6,637", "2017-03-31": "$6,335", "2016-12-31": "$5,333", "2016-09-30": "$5,302", "2016-06-30": "$5,333", "2016-03-31": "$4,885", "2015-12-31": "$5,188", "2015-09-30": "$5,150", "2015-06-30": "$5,170", "2015-03-31": "$4,897", "2014-12-31": "$5,356", "2014-09-30": "$5,079", "2014-06-30": "$5,057", "2014-03-31": "$4,755", "2013-12-31": "$4,008", "2013-09-30": "$4,825", "2013-06-30": "$5,446", "2013-03-31": "$5,378", "2012-12-31": "$3,188", "2012-09-30": "$5,265", "2012-06-30": "$5,313", "2012-03-31": "$5,284", "2011-12-31": "$10,377", "2011-09-30": "$9,817", "2011-06-30": "$9,616", "2011-03-31": "$9,041", "2010-12-31": "$9,968", "2010-09-30": "$8,675", "2010-06-30": "$8,826", "2010-03-31": "$7,698", "2009-12-31": "$8,790", "2009-09-30": "$7,761", "2009-06-30": "$7,495", "2009-03-31": "$6,718", "2008-12-31": "$7,950", "2008-09-30": "$7,498", "2008-06-30": "$7,314", "2008-03-31": "$6,766", "2007-12-31": "$7,221", "2007-09-30": "$6,377", "2007-06-30": "$6,371", "2007-03-31": "$5,946", "2006-12-31": "$6,821", "2006-09-30": "$5,574", "2006-06-30": "$5,501", "2006-03-31": "$4,580", "2005-12-31": "$6,047", "2005-09-30": "$5,384", "2005-06-30": "$5,524", "2005-03-31": "$5,383"}}, "gross-profit": {"Abbott Laboratories Annual Gross Profit (Millions of US $)": {"2020": "$19,605", "2019": "$18,673", "2018": "$17,872", "2017": "$14,981", "2016": "$11,759", "2015": "$11,658", "2014": "$11,029", "2013": "$10,464", "2012": "$10,151", "2011": "$11,390", "2010": "$20,502", "2009": "$17,555", "2008": "$16,916", "2007": "$14,492", "2006": "$12,661", "2005": "$11,697"}, "Abbott Laboratories Quarterly Gross Profit (Millions of US $)": {"2020-12-31": "$6,208", "2020-09-30": "$4,887", "2020-06-30": "$4,065", "2020-03-31": "$4,445", "2019-12-31": "$4,880", "2019-09-30": "$4,718", "2019-06-30": "$4,700", "2019-03-31": "$4,375", "2018-12-31": "$4,574", "2018-09-30": "$4,490", "2018-06-30": "$4,485", "2018-03-31": "$4,323", "2017-12-31": "$4,307", "2017-09-30": "$3,953", "2017-06-30": "$3,448", "2017-03-31": "$3,273", "2016-12-31": "$2,951", "2016-09-30": "$3,017", "2016-06-30": "$3,046", "2016-03-31": "$2,745", "2015-12-31": "$2,982", "2015-09-30": "$2,908", "2015-06-30": "$2,952", "2015-03-31": "$2,816", "2014-12-31": "$3,019", "2014-09-30": "$2,760", "2014-06-30": "$2,769", "2014-03-31": "$2,481", "2013-12-31": "$2,047", "2013-09-30": "$2,570", "2013-06-30": "$2,901", "2013-03-31": "$2,946", "2012-12-31": "$1,507", "2012-09-30": "$2,776", "2012-06-30": "$2,943", "2012-03-31": "$2,925", "2011-12-31": "$6,539", "2011-09-30": "$5,843", "2011-06-30": "$5,746", "2011-03-31": "$5,182", "2010-12-31": "$5,923", "2010-09-30": "$4,933", "2010-06-30": "$5,282", "2010-03-31": "$4,363", "2009-12-31": "$5,006", "2009-09-30": "$4,401", "2009-06-30": "$4,366", "2009-03-31": "$3,782", "2008-12-31": "$4,772", "2008-09-30": "$4,145", "2008-06-30": "$4,194", "2008-03-31": "$3,805", "2007-12-31": "$4,060", "2007-09-30": "$3,513", "2007-06-30": "$3,566", "2007-03-31": "$3,354", "2006-12-31": "$3,545", "2006-09-30": "$3,183", "2006-06-30": "$3,113", "2006-03-31": "$2,821", "2005-12-31": "$3,238", "2005-09-30": "$2,707", "2005-06-30": "$2,892", "2005-03-31": "$2,860"}}, "operating-income": {"Abbott Laboratories Annual Operating Income (Millions of US $)": {"2020": "$5,357", "2019": "$4,532", "2018": "$3,650", "2017": "$1,564", "2016": "$3,026", "2015": "$2,867", "2014": "$2,599", "2013": "$2,133", "2012": "$1,360", "2011": "$1,629", "2010": "$6,088", "2009": "$6,236", "2008": "$5,694", "2007": "$4,579", "2006": "$2,042", "2005": "$4,362"}, "Abbott Laboratories Quarterly Operating Income (Millions of US $)": {"2020-12-31": "$2,432", "2020-09-30": "$1,495", "2020-06-30": "$672", "2020-03-31": "$758", "2019-12-31": "$1,389", "2019-09-30": "$1,198", "2019-06-30": "$1,206", "2019-03-31": "$739", "2018-12-31": "$1,165", "2018-09-30": "$995", "2018-06-30": "$882", "2018-03-31": "$608", "2017-12-31": "$651", "2017-09-30": "$769", "2017-06-30": "$386", "2017-03-31": "$-242", "2016-12-31": "$789", "2016-09-30": "$897", "2016-06-30": "$816", "2016-03-31": "$524", "2015-12-31": "$815", "2015-09-30": "$713", "2015-06-30": "$729", "2015-03-31": "$610", "2014-12-31": "$829", "2014-09-30": "$728", "2014-06-30": "$677", "2014-03-31": "$365", "2013-12-31": "$418", "2013-09-30": "$473", "2013-06-30": "$627", "2013-03-31": "$615", "2012-12-31": "$-23", "2012-09-30": "$310", "2012-06-30": "$564", "2012-03-31": "$509", "2011-12-31": "$2,082", "2011-09-30": "$595", "2011-06-30": "$1,773", "2011-03-31": "$1,301", "2010-12-31": "$1,830", "2010-09-30": "$1,181", "2010-06-30": "$1,606", "2010-03-31": "$1,470", "2009-12-31": "$1,864", "2009-09-30": "$1,640", "2009-06-30": "$1,671", "2009-03-31": "$1,061", "2008-12-31": "$1,743", "2008-09-30": "$1,397", "2008-06-30": "$1,407", "2008-03-31": "$1,148", "2007-12-31": "$1,518", "2007-09-30": "$927", "2007-06-30": "$1,186", "2007-03-31": "$948", "2006-12-31": "$-232", "2006-09-30": "$689", "2006-06-30": "$543", "2006-03-31": "$1,043", "2005-12-31": "$1,301", "2005-09-30": "$831", "2005-06-30": "$1,095", "2005-03-31": "$1,136"}}, "ebitda": {"Abbott Laboratories Annual EBITDA (Millions of US $)": {"2019": "$7,546", "2018": "$6,960", "2017": "$5,497", "2016": "$4,544", "2015": "$4,339", "2014": "$4,147", "2013": "$3,852", "2012": "$4,142", "2011": "$4,673", "2010": "$8,712", "2009": "$8,325", "2008": "$7,533", "2007": "$6,433", "2006": "$3,601", "2005": "$5,721"}, "Abbott Laboratories Quarterly EBITDA (Millions of US $)": {"2020-09-30": "$2,303", "2020-06-30": "$1,497", "2020-03-31": "$1,586", "2019-12-31": "$2,145", "2019-09-30": "$1,952", "2019-06-30": "$1,957", "2019-03-31": "$1,492", "2018-12-31": "$1,928", "2018-09-30": "$1,808", "2018-06-30": "$1,732", "2018-03-31": "$1,492", "2017-12-31": "$1,566", "2017-09-30": "$1,543", "2017-06-30": "$1,464", "2017-03-31": "$924", "2016-12-31": "$1,273", "2016-09-30": "$1,237", "2016-06-30": "$1,163", "2016-03-31": "$871", "2015-12-31": "$1,181", "2015-09-30": "$1,096", "2015-06-30": "$1,081", "2015-03-31": "$981", "2014-12-31": "$1,224", "2014-09-30": "$1,083", "2014-06-30": "$1,077", "2014-03-31": "$763", "2013-12-31": "$844", "2013-09-30": "$909", "2013-06-30": "$1,063", "2013-03-31": "$1,036", "2012-12-31": "$564", "2012-09-30": "$1,070", "2012-06-30": "$1,256", "2012-03-31": "$1,252", "2011-12-31": "$2,731", "2011-09-30": "$1,433", "2011-06-30": "$2,585", "2011-03-31": "$2,047", "2010-12-31": "$2,540", "2010-09-30": "$1,858", "2010-06-30": "$2,281", "2010-03-31": "$2,033", "2009-12-31": "$2,411", "2009-09-30": "$2,180", "2009-06-30": "$2,209", "2009-03-31": "$1,525", "2008-12-31": "$2,165", "2008-09-30": "$1,895", "2008-06-30": "$1,872", "2008-03-31": "$1,600", "2007-12-31": "$2,001", "2007-09-30": "$1,430", "2007-06-30": "$1,622", "2007-03-31": "$1,380", "2006-12-31": "$179", "2006-09-30": "$1,071", "2006-06-30": "$996", "2006-03-31": "$1,356", "2005-12-31": "$1,639", "2005-09-30": "$1,174", "2005-06-30": "$1,428", "2005-03-31": "$1,481"}}, "net-income": {"Abbott Laboratories Annual Net Income (Millions of US $)": {"2020": "$4,495", "2019": "$3,687", "2018": "$2,368", "2017": "$477", "2016": "$1,400", "2015": "$4,423", "2014": "$2,284", "2013": "$2,576", "2012": "$5,963", "2011": "$4,728", "2010": "$4,626", "2009": "$5,746", "2008": "$4,881", "2007": "$3,606", "2006": "$1,717", "2005": "$3,372"}, "Abbott Laboratories Quarterly Net Income (Millions of US $)": {"2020-12-31": "$2,162", "2020-09-30": "$1,232", "2020-06-30": "$537", "2020-03-31": "$564", "2019-12-31": "$1,049", "2019-09-30": "$960", "2019-06-30": "$1,006", "2019-03-31": "$672", "2018-12-31": "$654", "2018-09-30": "$563", "2018-06-30": "$733", "2018-03-31": "$418", "2017-12-31": "$-828", "2017-09-30": "$603", "2017-06-30": "$283", "2017-03-31": "$419", "2016-12-31": "$798", "2016-09-30": "$-329", "2016-06-30": "$615", "2016-03-31": "$316", "2015-12-31": "$767", "2015-09-30": "$580", "2015-06-30": "$784", "2015-03-31": "$2,292", "2014-12-31": "$905", "2014-09-30": "$538", "2014-06-30": "$466", "2014-03-31": "$375", "2013-12-31": "$590", "2013-09-30": "$966", "2013-06-30": "$476", "2013-03-31": "$544", "2012-12-31": "$1,053", "2012-09-30": "$1,943", "2012-06-30": "$1,725", "2012-03-31": "$1,242", "2011-12-31": "$1,619", "2011-09-30": "$303", "2011-06-30": "$1,943", "2011-03-31": "$864", "2010-12-31": "$1,441", "2010-09-30": "$891", "2010-06-30": "$1,292", "2010-03-31": "$1,003", "2009-12-31": "$1,539", "2009-09-30": "$1,480", "2009-06-30": "$1,288", "2009-03-31": "$1,439", "2008-12-31": "$1,536", "2008-09-30": "$1,085", "2008-06-30": "$1,322", "2008-03-31": "$938", "2007-12-31": "$1,203", "2007-09-30": "$717", "2007-06-30": "$989", "2007-03-31": "$698", "2006-12-31": "$-476", "2006-09-30": "$716", "2006-06-30": "$612", "2006-03-31": "$865", "2005-12-31": "$976", "2005-09-30": "$681", "2005-06-30": "$877", "2005-03-31": "$838"}}, "eps-earnings-per-share-diluted": {"Abbott Laboratories Annual EPS": {"2020": "$2.50", "2019": "$2.06", "2018": "$1.33", "2017": "$0.27", "2016": "$0.94", "2015": "$2.92", "2014": "$1.49", "2013": "$1.62", "2012": "$3.72", "2011": "$3.01", "2010": "$2.96", "2009": "$3.69", "2008": "$3.12", "2007": "$2.31", "2006": "$1.12", "2005": "$2.16"}, "Abbott Laboratories Quarterly EPS": {"2020-12-31": "$1.20", "2020-09-30": "$0.69", "2020-06-30": "$0.30", "2020-03-31": "$0.31", "2019-12-31": "$0.59", "2019-09-30": "$0.53", "2019-06-30": "$0.56", "2019-03-31": "$0.38", "2018-12-31": "$0.37", "2018-09-30": "$0.32", "2018-06-30": "$0.41", "2018-03-31": "$0.23", "2017-12-31": "$-0.47", "2017-09-30": "$0.34", "2017-06-30": "$0.16", "2017-03-31": "$0.24", "2016-12-31": "$0.54", "2016-09-30": "$-0.22", "2016-06-30": "$0.41", "2016-03-31": "$0.21", "2015-12-31": "$0.51", "2015-09-30": "$0.38", "2015-06-30": "$0.52", "2015-03-31": "$1.51", "2014-12-31": "$0.59", "2014-09-30": "$0.36", "2014-06-30": "$0.30", "2014-03-31": "$0.24", "2013-12-31": "$0.37", "2013-09-30": "$0.61", "2013-06-30": "$0.30", "2013-03-31": "$0.34", "2012-12-31": "$0.65", "2012-09-30": "$1.21", "2012-06-30": "$1.08", "2012-03-31": "$0.78", "2011-12-31": "$1.02", "2011-09-30": "$0.19", "2011-06-30": "$1.23", "2011-03-31": "$0.55", "2010-12-31": "$0.92", "2010-09-30": "$0.57", "2010-06-30": "$0.83", "2010-03-31": "$0.64", "2009-12-31": "$0.99", "2009-09-30": "$0.95", "2009-06-30": "$0.83", "2009-03-31": "$0.92", "2008-12-31": "$0.98", "2008-09-30": "$0.69", "2008-06-30": "$0.85", "2008-03-31": "$0.60", "2007-12-31": "$0.77", "2007-09-30": "$0.46", "2007-06-30": "$0.63", "2007-03-31": "$0.45", "2006-12-31": "$-0.30", "2006-09-30": "$0.46", "2006-06-30": "$0.40", "2006-03-31": "$0.56", "2005-12-31": "$0.63", "2005-09-30": "$0.44", "2005-06-30": "$0.56", "2005-03-31": "$0.53"}}, "shares-outstanding": {"Abbott Laboratories Annual Shares Outstanding (Millions of Shares)": {"2020": "1,786", "2019": "1,781", "2018": "1,770", "2017": "1,749", "2016": "1,483", "2015": "1,506", "2014": "1,527", "2013": "1,574", "2012": "1,592", "2011": "1,567", "2010": "1,556", "2009": "1,555", "2008": "1,561", "2007": "1,560", "2006": "1,537", "2005": "1,564"}, "Abbott Laboratories Quarterly Shares Outstanding (Millions of Shares)": {"2020-12-31": "1,789", "2020-09-30": "1,788", "2020-06-30": "1,785", "2020-03-31": "1,781", "2019-12-31": "1,781", "2019-09-30": "1,784", "2019-06-30": "1,781", "2019-03-31": "1,777", "2018-12-31": "1,770", "2018-09-30": "1,772", "2018-06-30": "1,769", "2018-03-31": "1,765", "2017-12-31": "1,749", "2017-09-30": "1,754", "2017-06-30": "1,749", "2017-03-31": "1,735", "2016-12-31": "1,483", "2016-09-30": "1,476", "2016-06-30": "1,480", "2016-03-31": "1,484", "2015-12-31": "1,506", "2015-09-30": "1,505", "2015-06-30": "1,504", "2015-03-31": "1,516", "2014-12-31": "1,527", "2014-09-30": "1,520", "2014-06-30": "1,517", "2014-03-31": "1,548", "2013-12-31": "1,574", "2013-09-30": "1,567", "2013-06-30": "1,577", "2013-03-31": "1,586", "2012-12-31": "1,592", "2012-09-30": "1,594", "2012-06-30": "1,589", "2012-03-31": "1,590", "2011-12-31": "1,577", "2011-09-30": "1,568", "2011-06-30": "1,566", "2011-03-31": "1,559", "2010-12-31": "1,556", "2010-09-30": "1,554", "2010-06-30": "1,552", "2010-03-31": "1,561", "2009-12-31": "1,555", "2009-09-30": "1,552", "2009-06-30": "1,551", "2009-03-31": "1,556", "2008-12-31": "1,561", "2008-09-30": "1,564", "2008-06-30": "1,553", "2008-03-31": "1,561", "2007-12-31": "1,560", "2007-09-30": "1,558", "2007-06-30": "1,561", "2007-03-31": "1,558", "2006-12-31": "1,537", "2006-09-30": "1,542", "2006-06-30": "1,532", "2006-03-31": "1,538", "2005-12-31": "1,564", "2005-09-30": "1,564", "2005-06-30": "1,569", "2005-03-31": "1,570"}}, "total-assets": {"Abbott Laboratories Annual Total Assets (Millions of US $)": {"2019": "$67,887", "2018": "$67,173", "2017": "$76,250", "2016": "$52,666", "2015": "$41,247", "2014": "$41,207", "2013": "$42,953", "2012": "$67,235", "2011": "$60,277", "2010": "$60,574", "2009": "$52,582", "2008": "$42,419", "2007": "$39,714", "2006": "$36,178", "2005": "$29,141"}, "Abbott Laboratories Quarterly Total Assets (Millions of US $)": {"2020-09-30": "$69,043", "2020-06-30": "$68,776", "2020-03-31": "$66,777", "2019-12-31": "$67,887", "2019-09-30": "$68,539", "2019-06-30": "$68,427", "2019-03-31": "$67,610", "2018-12-31": "$67,173", "2018-09-30": "$71,637", "2018-06-30": "$68,415", "2018-03-31": "$70,908", "2017-12-31": "$76,250", "2017-09-30": "$72,248", "2017-06-30": "$71,151", "2017-03-31": "$70,887", "2016-12-31": "$52,666", "2016-09-30": "$39,497", "2016-06-30": "$39,831", "2016-03-31": "$39,637", "2015-12-31": "$41,247", "2015-09-30": "$41,725", "2015-06-30": "$44,125", "2015-03-31": "$43,095", "2014-12-31": "$41,207", "2014-09-30": "$42,514", "2014-06-30": "$41,475", "2014-03-31": "$41,662", "2013-12-31": "$42,953", "2013-09-30": "$44,132", "2013-06-30": "$42,903", "2013-03-31": "$42,687", "2012-12-31": "$67,235", "2012-09-30": "$63,258", "2012-06-30": "$61,860", "2012-03-31": "$62,416", "2011-12-31": "$60,277", "2011-09-30": "$59,628", "2011-06-30": "$62,004", "2011-03-31": "$61,651", "2010-12-31": "$60,574", "2010-09-30": "$57,374", "2010-06-30": "$53,381", "2010-03-31": "$53,359", "2009-12-31": "$52,582", "2009-09-30": "$49,847", "2009-06-30": "$47,630", "2009-03-31": "$45,438", "2008-12-31": "$42,419", "2008-09-30": "$41,753", "2008-06-30": "$44,074", "2008-03-31": "$41,178", "2007-12-31": "$39,714", "2007-09-30": "$37,622", "2007-06-30": "$37,153", "2007-03-31": "$36,286", "2006-12-31": "$36,178", "2006-09-30": "$33,300", "2006-06-30": "$34,061", "2006-03-31": "$28,532", "2005-12-31": "$29,141", "2005-09-30": "$28,831", "2005-06-30": "$27,817", "2005-03-31": "$28,857"}}, "cash-on-hand": {"Abbott Laboratories Annual Cash on Hand (Millions of US $)": {"2019": "$4,140", "2018": "$4,086", "2017": "$9,610", "2016": "$18,775", "2015": "$6,125", "2014": "$4,460", "2013": "$8,098", "2012": "$15,174", "2011": "$8,097", "2010": "$5,451", "2009": "$9,932", "2008": "$5,080", "2007": "$2,821", "2006": "$1,373", "2005": "$2,956"}, "Abbott Laboratories Quarterly Cash on Hand (Millions of US $)": {"2020-09-30": "$4,731", "2020-06-30": "$5,037", "2020-03-31": "$3,668", "2019-12-31": "$4,140", "2019-09-30": "$4,335", "2019-06-30": "$3,376", "2019-03-31": "$3,261", "2018-12-31": "$4,086", "2018-09-30": "$7,550", "2018-06-30": "$3,264", "2018-03-31": "$4,042", "2017-12-31": "$9,610", "2017-09-30": "$11,199", "2017-06-30": "$9,835", "2017-03-31": "$8,860", "2016-12-31": "$18,775", "2016-09-30": "$4,507", "2016-06-30": "$4,438", "2016-03-31": "$3,957", "2015-12-31": "$6,125", "2015-09-30": "$6,139", "2015-06-30": "$11,177", "2015-03-31": "$9,849", "2014-12-31": "$4,460", "2014-09-30": "$4,877", "2014-06-30": "$7,062", "2014-03-31": "$7,047", "2013-12-31": "$8,098", "2013-09-30": "$8,605", "2013-06-30": "$9,394", "2013-03-31": "$8,517", "2012-12-31": "$15,174", "2012-09-30": "$11,505", "2012-06-30": "$11,002", "2012-03-31": "$9,527", "2011-12-31": "$8,097", "2011-09-30": "$7,977", "2011-06-30": "$8,893", "2011-03-31": "$6,502", "2010-12-31": "$5,451", "2010-09-30": "$3,850", "2010-06-30": "$4,373", "2010-03-31": "$1,822", "2009-12-31": "$9,932", "2009-09-30": "$8,695", "2009-06-30": "$6,888", "2009-03-31": "$5,704", "2008-12-31": "$5,080", "2008-09-30": "$3,766", "2008-06-30": "$5,178", "2008-03-31": "$3,637", "2007-12-31": "$2,821", "2007-09-30": "$2,549", "2007-06-30": "$2,237", "2007-03-31": "$1,642", "2006-12-31": "$1,373", "2006-09-30": "$1,051", "2006-06-30": "$1,097", "2006-03-31": "$2,405", "2005-12-31": "$2,956", "2005-09-30": "$2,928", "2005-06-30": "$1,535", "2005-03-31": "$1,815"}}, "long-term-debt": {"Abbott Laboratories Annual Long Term Debt (Millions of US $)": {"2019": "$16,661", "2018": "$19,359", "2017": "$27,210", "2016": "$20,681", "2015": "$5,871", "2014": "$3,393", "2013": "$3,388", "2012": "$18,085", "2011": "$12,040", "2010": "$12,524", "2009": "$11,266", "2008": "$8,713", "2007": "$9,488", "2006": "$7,010", "2005": "$4,572"}, "Abbott Laboratories Quarterly Long Term Debt (Millions of US $)": {"2020-09-30": "$18,349", "2020-06-30": "$18,184", "2020-03-31": "$16,804", "2019-12-31": "$16,661", "2019-09-30": "$17,639", "2019-06-30": "$18,982", "2019-03-31": "$18,845", "2018-12-31": "$19,359", "2018-09-30": "$19,284", "2018-06-30": "$19,823", "2018-03-31": "$21,154", "2017-12-31": "$27,210", "2017-09-30": "$23,310", "2017-06-30": "$23,810", "2017-03-31": "$23,764", "2016-12-31": "$20,681", "2016-09-30": "$5,975", "2016-06-30": "$6,016", "2016-03-31": "$5,977", "2015-12-31": "$5,871", "2015-09-30": "$5,953", "2015-06-30": "$5,862", "2015-03-31": "$5,931", "2014-12-31": "$3,393", "2014-09-30": "$3,719", "2014-06-30": "$3,403", "2014-03-31": "$3,387", "2013-12-31": "$3,388", "2013-09-30": "$3,403", "2013-06-30": "$3,411", "2013-03-31": "$3,467", "2012-12-31": "$18,085", "2012-09-30": "$12,055", "2012-06-30": "$12,004", "2012-03-31": "$11,862", "2011-12-31": "$12,040", "2011-09-30": "$13,097", "2011-06-30": "$12,628", "2011-03-31": "$12,530", "2010-12-31": "$12,524", "2010-09-30": "$12,911", "2010-06-30": "$12,613", "2010-03-31": "$10,879", "2009-12-31": "$11,266", "2009-09-30": "$11,577", "2009-06-30": "$11,372", "2009-03-31": "$11,676", "2008-12-31": "$8,713", "2008-09-30": "$9,265", "2008-06-30": "$9,575", "2008-03-31": "$9,043", "2007-12-31": "$9,488", "2007-09-30": "$6,478", "2007-06-30": "$6,606", "2007-03-31": "$6,541", "2006-12-31": "$7,010", "2006-09-30": "$7,508", "2006-06-30": "$8,175", "2006-03-31": "$4,152", "2005-12-31": "$4,572", "2005-09-30": "$3,049", "2005-06-30": "$4,720", "2005-03-31": "$4,698"}}, "total-liabilities": {"Abbott Laboratories Annual Total Liabilities (Millions of US $)": {"2019": "$36,586", "2018": "$36,451", "2017": "$45,152", "2016": "$31,949", "2015": "$19,921", "2014": "$19,568", "2013": "$17,686", "2012": "$40,422", "2011": "$35,751", "2010": "$37,809", "2009": "$29,394", "2008": "$24,901", "2007": "$21,890", "2006": "$22,124", "2005": "$14,726"}, "Abbott Laboratories Quarterly Total Liabilities (Millions of US $)": {"2020-09-30": "$37,448", "2020-06-30": "$37,978", "2020-03-31": "$36,350", "2019-12-31": "$36,586", "2019-09-30": "$36,520", "2019-06-30": "$36,533", "2019-03-31": "$36,481", "2018-12-31": "$36,451", "2018-09-30": "$40,739", "2018-06-30": "$37,641", "2018-03-31": "$39,307", "2017-12-31": "$45,152", "2017-09-30": "$40,030", "2017-06-30": "$39,363", "2017-03-31": "$39,340", "2016-12-31": "$31,949", "2016-09-30": "$18,601", "2016-06-30": "$19,036", "2016-03-31": "$18,795", "2015-12-31": "$19,921", "2015-09-30": "$20,506", "2015-06-30": "$20,999", "2015-03-31": "$21,107", "2014-12-31": "$19,568", "2014-09-30": "$19,521", "2014-06-30": "$17,771", "2014-03-31": "$18,173", "2013-12-31": "$17,686", "2013-09-30": "$20,345", "2013-06-30": "$20,476", "2013-03-31": "$20,003", "2012-12-31": "$40,422", "2012-09-30": "$36,153", "2012-06-30": "$37,287", "2012-03-31": "$36,872", "2011-12-31": "$35,751", "2011-09-30": "$34,939", "2011-06-30": "$35,535", "2011-03-31": "$36,931", "2010-12-31": "$37,809", "2010-09-30": "$35,891", "2010-06-30": "$33,387", "2010-03-31": "$32,346", "2009-12-31": "$29,394", "2009-09-30": "$28,472", "2009-06-30": "$27,710", "2009-03-31": "$27,454", "2008-12-31": "$24,901", "2008-09-30": "$22,407", "2008-06-30": "$25,115", "2008-03-31": "$23,198", "2007-12-31": "$21,890", "2007-09-30": "$22,014", "2007-06-30": "$21,819", "2007-03-31": "$21,967", "2006-12-31": "$22,124", "2006-09-30": "$17,666", "2006-06-30": "$18,876", "2006-03-31": "$14,089", "2005-12-31": "$14,726", "2005-09-30": "$14,568", "2005-06-30": "$13,435", "2005-03-31": "$14,680"}}, "total-share-holder-equity": {"Abbott Laboratories Annual Share Holder Equity (Millions of US $)": {"2019": "$31,301", "2018": "$30,722", "2017": "$31,098", "2016": "$20,717", "2015": "$21,326", "2014": "$21,639", "2013": "$25,267", "2012": "$26,813", "2011": "$24,526", "2010": "$22,765", "2009": "$23,187", "2008": "$17,519", "2007": "$17,824", "2006": "$14,054", "2005": "$14,415"}, "Abbott Laboratories Quarterly Share Holder Equity (Millions of US $)": {"2020-09-30": "$31,595", "2020-06-30": "$30,798", "2020-03-31": "$30,427", "2019-12-31": "$31,301", "2019-09-30": "$32,019", "2019-06-30": "$31,894", "2019-03-31": "$31,129", "2018-12-31": "$30,722", "2018-09-30": "$30,898", "2018-06-30": "$30,774", "2018-03-31": "$31,601", "2017-12-31": "$31,098", "2017-09-30": "$32,218", "2017-06-30": "$31,788", "2017-03-31": "$31,547", "2016-12-31": "$20,717", "2016-09-30": "$20,896", "2016-06-30": "$20,795", "2016-03-31": "$20,842", "2015-12-31": "$21,326", "2015-09-30": "$21,219", "2015-06-30": "$23,126", "2015-03-31": "$21,988", "2014-12-31": "$21,639", "2014-09-30": "$22,993", "2014-06-30": "$23,704", "2014-03-31": "$23,489", "2013-12-31": "$25,267", "2013-09-30": "$23,788", "2013-06-30": "$22,428", "2013-03-31": "$22,683", "2012-12-31": "$26,813", "2012-09-30": "$27,104", "2012-06-30": "$24,572", "2012-03-31": "$25,543", "2011-12-31": "$24,526", "2011-09-30": "$24,689", "2011-06-30": "$26,470", "2011-03-31": "$24,720", "2010-12-31": "$22,765", "2010-09-30": "$21,483", "2010-06-30": "$19,995", "2010-03-31": "$21,012", "2009-12-31": "$23,187", "2009-09-30": "$21,375", "2009-06-30": "$19,920", "2009-03-31": "$17,983", "2008-12-31": "$17,519", "2008-09-30": "$19,346", "2008-06-30": "$18,959", "2008-03-31": "$17,980", "2007-12-31": "$17,824", "2007-09-30": "$15,608", "2007-06-30": "$15,334", "2007-03-31": "$14,319", "2006-12-31": "$14,054", "2006-09-30": "$15,633", "2006-06-30": "$15,186", "2006-03-31": "$14,442", "2005-12-31": "$14,415", "2005-09-30": "$14,263", "2005-06-30": "$14,382", "2005-03-31": "$14,178"}}, "profit-margins": {"current": "12.99%"}, "gross margin": {"2020-12-31": "56.65%", "2020-09-30": "56.72%", "2020-06-30": "57.59%", "2020-03-31": "58.40%", "2019-12-31": "58.53%", "2019-09-30": "58.58%", "2019-06-30": "58.64%", "2019-03-31": "58.34%", "2018-12-31": "58.45%", "2018-09-30": "57.91%", "2018-06-30": "57.71%", "2018-03-31": "56.36%", "2017-12-31": "54.70%", "2017-09-30": "54.21%", "2017-06-30": "53.75%", "2017-03-31": "55.09%", "2016-12-31": "56.39%", "2016-09-30": "56.93%", "2016-06-30": "56.83%", "2016-03-31": "56.82%", "2015-12-31": "57.13%", "2015-09-30": "56.85%", "2015-06-30": "56.32%", "2015-03-31": "55.74%", "2014-12-31": "54.47%", "2014-09-30": "53.21%", "2014-06-30": "52.92%", "2014-03-31": "52.53%", "2013-12-31": "53.23%", "2013-09-30": "52.68%", "2013-06-30": "52.55%", "2013-03-31": "53.13%", "2012-12-31": "53.29%", "2012-09-30": "57.86%", "2012-06-30": "59.27%", "2012-03-31": "59.99%", "2011-12-31": "60.00%", "2011-09-30": "59.03%", "2011-06-30": "58.40%", "2011-03-31": "58.39%", "2010-12-31": "58.30%", "2010-09-30": "57.62%", "2010-06-30": "57.60%", "2010-03-31": "57.13%", "2009-12-31": "57.06%", "2009-09-30": "57.88%", "2009-06-30": "57.53%", "2009-03-31": "57.30%", "2008-12-31": "57.29%", "2008-09-30": "56.27%", "2008-06-30": "56.26%", "2008-03-31": "55.90%", "2007-12-31": "55.93%", "2007-09-30": "54.78%", "2007-06-30": "55.23%", "2007-03-31": "55.34%", "2006-12-31": "56.34%", "2006-09-30": "56.93%", "2006-06-30": "55.22%", "2006-03-31": "54.14%", "2005-12-31": "52.36%"}, "operating margin": {"2020-12-31": "15.48%", "2020-09-30": "13.39%", "2020-06-30": "12.78%", "2020-03-31": "14.18%", "2019-12-31": "14.21%", "2019-09-30": "13.74%", "2019-06-30": "13.27%", "2019-03-31": "12.31%", "2018-12-31": "11.94%", "2018-09-30": "10.32%", "2018-06-30": "9.84%", "2018-03-31": "8.49%", "2017-12-31": "5.71%", "2017-09-30": "6.77%", "2017-06-30": "7.75%", "2017-03-31": "10.13%", "2016-12-31": "14.51%", "2016-09-30": "14.74%", "2016-06-30": "13.95%", "2016-03-31": "13.64%", "2015-12-31": "14.05%", "2015-09-30": "14.00%", "2015-06-30": "14.13%", "2015-03-31": "13.95%", "2014-12-31": "12.84%", "2014-09-30": "11.58%", "2014-06-30": "10.37%", "2014-03-31": "9.89%", "2013-12-31": "10.85%", "2013-09-30": "8.98%", "2013-06-30": "7.93%", "2013-03-31": "7.66%", "2012-12-31": "7.14%", "2012-09-30": "13.21%", "2012-06-30": "12.18%", "2012-03-31": "14.13%", "2011-12-31": "14.80%", "2011-09-30": "14.30%", "2011-06-30": "16.31%", "2011-03-31": "16.21%", "2010-12-31": "17.31%", "2010-09-30": "18.01%", "2010-06-30": "19.89%", "2010-03-31": "20.93%", "2009-12-31": "20.27%", "2009-09-30": "20.44%", "2009-06-30": "19.80%", "2009-03-31": "19.02%", "2008-12-31": "19.29%", "2008-09-30": "18.99%", "2008-06-30": "18.06%", "2008-03-31": "17.88%", "2007-12-31": "17.67%", "2007-09-30": "11.09%", "2007-06-30": "10.48%", "2007-03-31": "8.17%", "2006-12-31": "9.09%", "2006-09-30": "16.48%", "2006-06-30": "17.28%", "2006-03-31": "19.83%", "2005-12-31": "19.53%"}, "ebitda margin": {"2020-09-30": "23.37%", "2020-06-30": "22.83%", "2020-03-31": "23.80%", "2019-12-31": "23.65%", "2019-09-30": "23.37%", "2019-06-30": "23.23%", "2019-03-31": "22.65%", "2018-12-31": "22.76%", "2018-09-30": "21.70%", "2018-06-30": "21.41%", "2018-03-31": "21.32%", "2017-12-31": "20.07%", "2017-09-30": "20.71%", "2017-06-30": "20.75%", "2017-03-31": "20.61%", "2016-12-31": "21.79%", "2016-09-30": "21.50%", "2016-06-30": "20.97%", "2016-03-31": "20.74%", "2015-12-31": "21.26%", "2015-09-30": "21.30%", "2015-06-30": "21.31%", "2015-03-31": "21.41%", "2014-12-31": "20.48%", "2014-09-30": "19.93%", "2014-06-30": "19.27%", "2014-03-31": "18.80%", "2013-12-31": "19.60%", "2013-09-30": "18.96%", "2013-06-30": "19.37%", "2013-03-31": "20.51%", "2012-12-31": "21.74%", "2012-09-30": "24.04%", "2012-06-30": "21.67%", "2012-03-31": "22.80%", "2011-12-31": "22.64%", "2011-09-30": "22.38%", "2011-06-30": "24.21%", "2011-03-31": "23.90%", "2010-12-31": "24.77%", "2010-09-30": "25.25%", "2010-06-30": "26.92%", "2010-03-31": "27.83%", "2009-12-31": "27.06%", "2009-09-30": "27.00%", "2009-06-30": "26.28%", "2009-03-31": "25.30%", "2008-12-31": "25.51%", "2008-09-30": "25.58%", "2008-06-30": "24.94%", "2008-03-31": "24.88%", "2007-12-31": "24.82%", "2007-09-30": "18.07%", "2007-06-30": "17.21%", "2007-03-31": "15.21%", "2006-12-31": "16.03%", "2006-09-30": "23.33%", "2006-06-30": "24.01%", "2006-03-31": "25.99%", "2005-12-31": "25.62%"}, "pre tax profit margin": {"2020-12-31": "14.36%", "2020-09-30": "11.86%", "2020-06-30": "11.14%", "2020-03-31": "12.71%", "2019-12-31": "12.78%", "2019-09-30": "12.07%", "2019-06-30": "10.99%", "2019-03-31": "10.01%", "2018-12-31": "9.40%", "2018-09-30": "8.22%", "2018-06-30": "8.14%", "2018-03-31": "6.77%", "2017-12-31": "8.15%", "2017-09-30": "10.07%", "2017-06-30": "7.32%", "2017-03-31": "9.63%", "2016-12-31": "6.78%", "2016-09-30": "6.61%", "2016-06-30": "11.00%", "2016-03-31": "12.42%", "2015-12-31": "15.60%", "2015-09-30": "15.35%", "2015-06-30": "15.40%", "2015-03-31": "13.88%", "2014-12-31": "12.44%", "2014-09-30": "11.21%", "2014-06-30": "10.11%", "2014-03-31": "9.60%", "2013-12-31": "10.38%", "2013-09-30": "1.02%", "2013-06-30": "-0.30%", "2013-03-31": "-0.67%", "2012-12-31": "-1.15%", "2012-09-30": "12.11%", "2012-06-30": "11.20%", "2012-03-31": "13.09%", "2011-12-31": "13.38%", "2011-09-30": "13.04%", "2011-06-30": "14.95%", "2011-03-31": "14.95%", "2010-12-31": "16.25%", "2010-09-30": "16.97%", "2010-06-30": "19.88%", "2010-03-31": "20.74%", "2009-12-31": "23.38%", "2009-09-30": "23.58%", "2009-06-30": "22.11%", "2009-03-31": "22.48%", "2008-12-31": "19.83%", "2008-09-30": "19.63%", "2008-06-30": "18.69%", "2008-03-31": "17.92%", "2007-12-31": "17.25%", "2007-09-30": "10.84%", "2007-06-30": "10.52%", "2007-03-31": "8.41%", "2006-12-31": "10.13%", "2006-09-30": "17.95%", "2006-06-30": "18.90%", "2006-03-31": "21.15%", "2005-12-31": "20.68%"}, "net profit margin": {"2020-12-31": "12.99%", "2020-09-30": "10.50%", "2020-06-30": "9.89%", "2020-03-31": "11.15%", "2019-12-31": "11.56%", "2019-09-30": "10.50%", "2019-06-30": "9.36%", "2019-03-31": "8.53%", "2018-12-31": "7.74%", "2018-09-30": "2.91%", "2018-06-30": "3.13%", "2018-03-31": "1.67%", "2017-12-31": "1.74%", "2017-09-30": "8.37%", "2017-06-30": "4.96%", "2017-03-31": "6.74%", "2016-12-31": "6.71%", "2016-09-30": "6.61%", "2016-06-30": "11.08%", "2016-03-31": "12.00%", "2015-12-31": "21.68%", "2015-09-30": "22.17%", "2015-06-30": "22.04%", "2015-03-31": "20.60%", "2014-12-31": "11.28%", "2014-09-30": "10.42%", "2014-06-30": "12.86%", "2014-03-31": "12.65%", "2013-12-31": "13.10%", "2013-09-30": "16.13%", "2013-06-30": "20.83%", "2013-03-31": "27.50%", "2012-12-31": "31.30%", "2012-09-30": "24.88%", "2012-06-30": "15.88%", "2012-03-31": "14.55%", "2011-12-31": "12.17%", "2011-09-30": "11.84%", "2011-06-30": "13.78%", "2011-03-31": "12.29%", "2010-12-31": "13.16%", "2010-09-30": "13.90%", "2010-06-30": "16.07%", "2010-03-31": "16.73%", "2009-12-31": "18.68%", "2009-09-30": "19.19%", "2009-06-30": "18.03%", "2009-03-31": "18.26%", "2008-12-31": "16.53%", "2008-09-30": "15.79%", "2008-06-30": "15.10%", "2008-03-31": "14.39%", "2007-12-31": "13.92%", "2007-09-30": "7.56%", "2007-06-30": "7.80%", "2007-03-31": "6.50%", "2006-12-31": "7.64%", "2006-09-30": "14.60%", "2006-06-30": "14.57%", "2006-03-31": "15.78%", "2005-12-31": "15.10%"}, "pe ratio": {"current": "34.29", "2021-02-11": "97.57", "2020-12-31": "83.88", "2020-09-30": "57.16", "2020-06-30": "52.26", "2020-03-31": "39.05", "2019-12-31": "41.35", "2019-09-30": "44.42", "2019-06-30": "50.21", "2019-03-31": "52.35", "2018-12-31": "52.46", "2018-09-30": "146.83", "2018-06-30": "116.67", "2018-03-31": "228.16", "2017-12-31": "207.97", "2017-09-30": "39.62", "2017-06-30": "64.20", "2017-03-31": "43.12", "2016-12-31": "38.25", "2016-09-30": "42.77", "2016-06-30": "23.81", "2016-03-31": "23.48", "2015-12-31": "13.89", "2015-09-30": "12.04", "2015-06-30": "14.72", "2015-03-31": "14.93", "2014-12-31": "26.72", "2014-09-30": "28.81", "2014-06-30": "23.55", "2014-03-31": "22.04", "2013-12-31": "20.47", "2013-09-30": "14.97", "2013-06-30": "11.92", "2013-03-31": "9.18", "2012-12-31": "7.18", "2012-09-30": "6.83", "2012-06-30": "8.53", "2012-03-31": "7.70", "2011-12-31": "7.57", "2011-09-30": "7.10", "2011-06-30": "6.42", "2011-03-31": "6.79", "2010-12-31": "6.40", "2010-09-30": "6.82", "2010-06-30": "5.40", "2010-03-31": "6.06", "2009-12-31": "5.71", "2009-09-30": "5.22", "2009-06-30": "5.31", "2009-03-31": "5.33", "2008-12-31": "6.56", "2008-09-30": "7.56", "2008-06-30": "7.53", "2008-03-31": "8.51", "2007-12-31": "9.20", "2007-09-30": "16.46", "2007-06-30": "16.39", "2007-03-31": "20.95", "2006-12-31": "16.43"}, "price sales": {"2021-02-11": "6.55", "2020-12-31": "5.63", "2020-09-30": "5.98", "2020-06-30": "5.13", "2020-03-31": "4.31", "2019-12-31": "4.76", "2019-09-30": "4.63", "2019-06-30": "4.70", "2019-03-31": "4.47", "2018-12-31": "4.04", "2018-09-30": "4.09", "2018-06-30": "3.47", "2018-03-31": "3.52", "2017-12-31": "3.45", "2017-09-30": "3.37", "2017-06-30": "3.12", "2017-03-31": "2.87", "2016-12-31": "2.53", "2016-09-30": "2.79", "2016-06-30": "2.61", "2016-03-31": "2.80", "2015-12-31": "3.00", "2015-09-30": "2.66", "2015-06-30": "3.24", "2015-03-31": "3.07", "2014-12-31": "3.00", "2014-09-30": "2.98", "2014-06-30": "2.97", "2014-03-31": "2.76", "2013-12-31": "2.66", "2013-09-30": "2.40", "2013-06-30": "2.46", "2013-03-31": "2.51", "2012-12-31": "2.24", "2012-09-30": "1.69", "2012-06-30": "1.34", "2012-03-31": "1.11", "2011-12-31": "0.91", "2011-09-30": "0.83", "2011-06-30": "0.88", "2011-03-31": "0.83", "2010-12-31": "0.84", "2010-09-30": "0.94", "2010-06-30": "0.86", "2010-03-31": "1.01", "2009-12-31": "1.06", "2009-09-30": "1.00", "2009-06-30": "0.95", "2009-03-31": "0.97", "2008-12-31": "1.08", "2008-09-30": "1.19", "2008-06-30": "1.14", "2008-03-31": "1.22", "2007-12-31": "1.28", "2007-09-30": "1.23", "2007-06-30": "1.26", "2007-03-31": "1.35", "2006-12-31": "1.25"}, "price book": {"current": "7.02", "2021-02-11": "7.12", "2020-09-30": "6.06", "2020-06-30": "5.20", "2020-03-31": "4.52", "2019-12-31": "4.80", "2019-09-30": "4.51", "2019-06-30": "4.54", "2019-03-31": "4.39", "2018-12-31": "3.99", "2018-09-30": "4.01", "2018-06-30": "3.33", "2018-03-31": "3.16", "2017-12-31": "3.03", "2017-09-30": "2.72", "2017-06-30": "2.49", "2017-03-31": "2.28", "2016-12-31": "2.53", "2016-09-30": "2.74", "2016-06-30": "2.54", "2016-03-31": "2.68", "2015-12-31": "2.80", "2015-09-30": "2.54", "2015-06-30": "2.83", "2015-03-31": "2.79", "2014-12-31": "2.77", "2014-09-30": "2.40", "2014-06-30": "2.27", "2014-03-31": "2.14", "2013-12-31": "2.03", "2013-09-30": "1.86", "2013-06-30": "2.07", "2013-03-31": "2.07", "2012-12-31": "1.58", "2012-09-30": "1.63", "2012-06-30": "1.67", "2012-03-31": "1.53", "2011-12-31": "1.45", "2011-09-30": "1.29", "2011-06-30": "1.24", "2011-03-31": "1.23", "2010-12-31": "1.29", "2010-09-30": "1.48", "2010-06-30": "1.42", "2010-03-31": "1.51", "2009-12-31": "1.41", "2009-09-30": "1.39", "2009-06-30": "1.41", "2009-03-31": "1.58", "2008-12-31": "1.81", "2008-09-30": "1.76", "2008-06-30": "1.64", "2008-03-31": "1.80", "2007-12-31": "1.85", "2007-09-30": "2.00", "2007-06-30": "2.03", "2007-03-31": "2.25", "2006-12-31": "1.99", "2006-09-30": "1.78", "2006-06-30": "1.63", "2006-03-31": "1.66"}, "price fcf": {"2021-02-11": "", "2020-09-30": "$2.57", "2020-06-30": "$2.56", "2020-03-31": "$2.51", "2019-12-31": "$2.53", "2019-09-30": "$2.15", "2019-06-30": "$2.31", "2019-03-31": "$2.51", "2018-12-31": "$2.77", "2018-09-30": "$2.78", "2018-06-30": "$2.74", "2018-03-31": "$2.83", "2017-12-31": "$2.54", "2017-09-30": "$2.36", "2017-06-30": "$1.98", "2017-03-31": "$1.80", "2016-12-31": "$1.40", "2016-09-30": "$1.22", "2016-06-30": "$1.13", "2016-03-31": "$1.16", "2015-12-31": "$1.23", "2015-09-30": "$1.47", "2015-06-30": "$1.55", "2015-03-31": "$1.50", "2014-12-31": "$1.70", "2014-09-30": "$1.92", "2014-06-30": "$1.47", "2014-03-31": "$1.32", "2013-12-31": "$1.38", "2013-09-30": "$1.25", "2013-06-30": "$2.96", "2013-03-31": "$3.73", "2012-12-31": "$4.72", "2012-09-30": "$4.71", "2012-06-30": "$4.50", "2012-03-31": "$4.82", "2011-12-31": "$4.74", "2011-09-30": "$5.35", "2011-06-30": "$5.20", "2011-03-31": "$5.18", "2010-12-31": "$4.96", "2010-09-30": "$4.68", "2010-06-30": "$4.91", "2010-03-31": "$4.51", "2009-12-31": "$3.98", "2009-09-30": "$3.59", "2009-06-30": "$3.36", "2009-03-31": "$3.32", "2008-12-31": "$3.66", "2008-09-30": "$3.43", "2008-06-30": "$2.66", "2008-03-31": "$2.46", "2007-12-31": "$2.26", "2007-09-30": "$2.51", "2007-06-30": "$2.36", "2007-03-31": "$2.42", "2006-12-31": "$2.55"}, "net worth": {"value": "$221.81B"}, "current ratio": {"2020-12-31": "0.00", "2020-09-30": "1.70", "2020-06-30": "1.57", "2020-03-31": "1.43", "2019-12-31": "1.44", "2019-09-30": "1.54", "2019-06-30": "1.68", "2019-03-31": "1.58", "2018-12-31": "1.62", "2018-09-30": "1.42", "2018-06-30": "1.58", "2018-03-31": "1.66", "2017-12-31": "2.26", "2017-09-30": "2.69", "2017-06-30": "2.94", "2017-03-31": "2.91", "2016-12-31": "4.02", "2016-09-30": "1.56", "2016-06-30": "1.50", "2016-03-31": "1.48", "2015-12-31": "1.54", "2015-09-30": "1.82", "2015-06-30": "2.30", "2015-03-31": "2.17", "2014-12-31": "1.30", "2014-09-30": "1.52", "2014-06-30": "1.85", "2014-03-31": "1.76", "2013-12-31": "2.03", "2013-09-30": "1.74", "2013-06-30": "1.82", "2013-03-31": "1.84", "2012-12-31": "2.36", "2012-09-30": "1.67", "2012-06-30": "1.53", "2012-03-31": "1.53", "2011-12-31": "1.54", "2011-09-30": "1.50", "2011-06-30": "1.52", "2011-03-31": "1.37", "2010-12-31": "1.29", "2010-09-30": "1.25", "2010-06-30": "1.36", "2010-03-31": "1.17", "2009-12-31": "1.79", "2009-09-30": "1.71", "2009-06-30": "1.63", "2009-03-31": "1.53", "2008-12-31": "1.47", "2008-09-30": "1.59", "2008-06-30": "1.41", "2008-03-31": "1.40", "2007-12-31": "1.54", "2007-09-30": "1.05", "2007-06-30": "1.03", "2007-03-31": "0.94", "2006-12-31": "0.94", "2006-09-30": "1.36", "2006-06-30": "1.29", "2006-03-31": "1.48", "2005-12-31": "1.54", "2005-09-30": "1.26", "2005-06-30": "1.59", "2005-03-31": "1.41"}, "quick ratio": {"2020-12-31": "0.00", "2020-09-30": "1.19", "2020-06-30": "1.10", "2020-03-31": "1.01", "2019-12-31": "1.05", "2019-09-30": "1.12", "2019-06-30": "1.20", "2019-03-31": "1.13", "2018-12-31": "1.20", "2018-09-30": "1.13", "2018-06-30": "1.16", "2018-03-31": "1.24", "2017-12-31": "1.86", "2017-09-30": "2.26", "2017-06-30": "2.41", "2017-03-31": "2.31", "2016-12-31": "3.66", "2016-09-30": "1.25", "2016-06-30": "1.17", "2016-03-31": "1.15", "2015-12-31": "1.26", "2015-09-30": "1.52", "2015-06-30": "2.00", "2015-03-31": "1.89", "2014-12-31": "1.04", "2014-09-30": "1.27", "2014-06-30": "1.57", "2014-03-31": "1.49", "2013-12-31": "1.74", "2013-09-30": "1.50", "2013-06-30": "1.57", "2013-03-31": "1.58", "2012-12-31": "2.07", "2012-09-30": "1.44", "2012-06-30": "1.33", "2012-03-31": "1.31", "2011-12-31": "1.32", "2011-09-30": "1.29", "2011-06-30": "1.30", "2011-03-31": "1.18", "2010-12-31": "1.11", "2010-09-30": "1.04", "2010-06-30": "1.14", "2010-03-31": "0.94", "2009-12-31": "1.54", "2009-09-30": "1.44", "2009-06-30": "1.34", "2009-03-31": "1.26", "2008-12-31": "1.23", "2008-09-30": "1.27", "2008-06-30": "1.15", "2008-03-31": "1.12", "2007-12-31": "1.22", "2007-09-30": "0.81", "2007-06-30": "0.85", "2007-03-31": "0.76", "2006-12-31": "0.71", "2006-09-30": "0.99", "2006-06-30": "0.94", "2006-03-31": "1.14", "2005-12-31": "1.19", "2005-09-30": "0.95", "2005-06-30": "1.17", "2005-03-31": "1.04"}, "debt equity ratio": {"current": "0.58", "2020-12-31": "0.00", "2020-09-30": "1.19", "2020-06-30": "1.23", "2020-03-31": "1.20", "2019-12-31": "1.17", "2019-09-30": "1.14", "2019-06-30": "1.15", "2019-03-31": "1.17", "2018-12-31": "1.19", "2018-09-30": "1.32", "2018-06-30": "1.22", "2018-03-31": "1.24", "2017-12-31": "1.45", "2017-09-30": "1.24", "2017-06-30": "1.24", "2017-03-31": "1.25", "2016-12-31": "1.54", "2016-09-30": "0.89", "2016-06-30": "0.92", "2016-03-31": "0.90", "2015-12-31": "0.93", "2015-09-30": "0.97", "2015-06-30": "0.91", "2015-03-31": "0.96", "2014-12-31": "0.90", "2014-09-30": "0.85", "2014-06-30": "0.75", "2014-03-31": "0.77", "2013-12-31": "0.70", "2013-09-30": "0.86", "2013-06-30": "0.91", "2013-03-31": "0.88", "2012-12-31": "1.51", "2012-09-30": "1.33", "2012-06-30": "1.52", "2012-03-31": "1.44", "2011-12-31": "1.46", "2011-09-30": "1.42", "2011-06-30": "1.34", "2011-03-31": "1.49", "2010-12-31": "1.66", "2010-09-30": "1.67", "2010-06-30": "1.67", "2010-03-31": "1.54", "2009-12-31": "1.27", "2009-09-30": "1.33", "2009-06-30": "1.39", "2009-03-31": "1.53", "2008-12-31": "1.42", "2008-09-30": "1.16", "2008-06-30": "1.33", "2008-03-31": "1.29", "2007-12-31": "1.23", "2007-09-30": "1.41", "2007-06-30": "1.42", "2007-03-31": "1.53", "2006-12-31": "1.57", "2006-09-30": "1.13", "2006-06-30": "1.24", "2006-03-31": "0.98", "2005-12-31": "1.02", "2005-09-30": "1.02", "2005-06-30": "0.93", "2005-03-31": "1.04"}, "return on equity": {"2020-12-31": "19.37%", "2020-09-30": "10.90%", "2020-06-30": "9.99%", "2020-03-31": "11.39%", "2019-12-31": "11.67%", "2019-09-30": "10.47%", "2019-06-30": "9.29%", "2019-03-31": "8.49%", "2018-12-31": "7.64%", "2018-09-30": "2.85%", "2018-06-30": "2.95%", "2018-03-31": "1.50%", "2017-12-31": "1.51%", "2017-09-30": "7.23%", "2017-06-30": "4.46%", "2017-03-31": "6.40%", "2016-12-31": "6.73%", "2016-09-30": "6.53%", "2016-06-30": "10.82%", "2016-03-31": "11.31%", "2015-12-31": "20.18%", "2015-09-30": "20.74%", "2015-06-30": "20.14%", "2015-03-31": "18.60%", "2014-12-31": "9.95%", "2014-09-30": "8.25%", "2014-06-30": "9.96%", "2014-03-31": "10.14%", "2013-12-31": "10.94%", "2013-09-30": "12.70%", "2013-06-30": "16.22%", "2013-03-31": "20.82%", "2012-12-31": "22.93%", "2012-09-30": "25.67%", "2012-06-30": "19.69%", "2012-03-31": "20.18%", "2011-12-31": "18.84%", "2011-09-30": "18.45%", "2011-06-30": "21.54%", "2011-03-31": "20.18%", "2010-12-31": "21.71%", "2010-09-30": "22.06%", "2010-06-30": "24.84%", "2010-03-31": "24.84%", "2009-12-31": "27.87%", "2009-09-30": "29.91%", "2009-06-30": "28.61%", "2009-03-31": "29.17%", "2008-12-31": "26.45%", "2008-09-30": "24.55%", "2008-06-30": "23.76%", "2008-03-31": "23.05%", "2007-12-31": "22.87%", "2007-09-30": "13.00%", "2007-06-30": "12.99%", "2007-03-31": "10.47%", "2006-12-31": "11.58%", "2006-09-30": "21.24%", "2006-06-30": "21.50%", "2006-03-31": "23.64%", "2005-12-31": "23.56%"}, "return on assets": {"2020-12-31": "8.79%", "2020-09-30": "4.96%", "2020-06-30": "4.57%", "2020-03-31": "5.27%", "2019-12-31": "5.41%", "2019-09-30": "4.85%", "2019-06-30": "4.21%", "2019-03-31": "3.82%", "2018-12-31": "3.41%", "2018-09-30": "1.23%", "2018-06-30": "1.29%", "2018-03-31": "0.66%", "2017-12-31": "0.66%", "2017-09-30": "3.15%", "2017-06-30": "2.00%", "2017-03-31": "2.96%", "2016-12-31": "3.26%", "2016-09-30": "3.42%", "2016-06-30": "5.61%", "2016-03-31": "5.87%", "2015-12-31": "10.40%", "2015-09-30": "10.72%", "2015-06-30": "10.57%", "2015-03-31": "9.99%", "2014-12-31": "5.48%", "2014-09-30": "4.67%", "2014-06-30": "5.63%", "2014-03-31": "5.61%", "2013-12-31": "5.97%", "2013-09-30": "6.17%", "2013-06-30": "7.43%", "2013-03-31": "8.96%", "2012-12-31": "9.36%", "2012-09-30": "10.54%", "2012-06-30": "8.01%", "2012-03-31": "8.36%", "2011-12-31": "7.77%", "2011-09-30": "7.47%", "2011-06-30": "8.51%", "2011-03-31": "7.71%", "2010-12-31": "8.24%", "2010-09-30": "8.72%", "2010-06-30": "10.16%", "2010-03-31": "10.44%", "2009-12-31": "11.76%", "2009-09-30": "12.39%", "2009-06-30": "12.07%", "2009-03-31": "12.39%", "2008-12-31": "11.52%", "2008-09-30": "10.91%", "2008-06-30": "10.28%", "2008-03-31": "9.89%", "2007-12-31": "9.57%", "2007-09-30": "5.24%", "2007-06-30": "5.39%", "2007-03-31": "4.43%", "2006-12-31": "5.20%", "2006-09-30": "10.14%", "2006-06-30": "10.40%", "2006-03-31": "11.89%", "2005-12-31": "11.76%"}, "return on investments": {"2020-12-31": "14.66%", "2020-09-30": "8.89%", "2020-06-30": "8.29%", "2020-03-31": "9.30%", "2019-12-31": "9.13%", "2019-09-30": "8.59%", "2019-06-30": "8.16%", "2019-03-31": "7.53%", "2018-12-31": "7.17%", "2018-09-30": "5.92%", "2018-06-30": "5.36%", "2018-03-31": "4.35%", "2017-12-31": "2.78%", "2017-09-30": "3.28%", "2017-06-30": "4.09%", "2017-03-31": "6.01%", "2016-12-31": "9.93%", "2016-09-30": "11.34%", "2016-06-30": "10.62%", "2016-03-31": "10.10%", "2015-12-31": "10.31%", "2015-09-30": "10.56%", "2015-06-30": "10.66%", "2015-03-31": "10.65%", "2014-12-31": "9.83%", "2014-09-30": "8.00%", "2014-06-30": "7.04%", "2014-03-31": "6.94%", "2013-12-31": "7.91%", "2013-09-30": "5.45%", "2013-06-30": "4.50%", "2013-03-31": "3.99%", "2012-12-31": "3.44%", "2012-09-30": "9.26%", "2012-06-30": "10.11%", "2012-03-31": "13.15%", "2011-12-31": "15.26%", "2011-09-30": "14.72%", "2011-06-30": "16.67%", "2011-03-31": "16.96%", "2010-12-31": "18.15%", "2010-09-30": "18.36%", "2010-06-30": "19.95%", "2010-03-31": "20.35%", "2009-12-31": "19.43%", "2009-09-30": "20.36%", "2009-06-30": "20.28%", "2009-03-31": "19.85%", "2008-12-31": "20.63%", "2008-09-30": "19.63%", "2008-06-30": "19.06%", "2008-03-31": "19.43%", "2007-12-31": "19.87%", "2007-09-30": "13.17%", "2007-06-30": "11.91%", "2007-03-31": "8.81%", "2006-12-31": "9.48%", "2006-09-30": "17.01%", "2006-06-30": "19.01%", "2006-03-31": "23.08%", "2005-12-31": "23.50%"}, "return on tangible equity": {"2020-09-30": "-41.37%", "2020-06-30": "-36.33%", "2020-03-31": "-40.10%", "2019-12-31": "-39.34%", "2019-09-30": "-32.88%", "2019-06-30": "-26.59%", "2019-03-31": "-22.29%", "2018-12-31": "-18.92%", "2018-09-30": "-6.69%", "2018-06-30": "-7.50%", "2018-03-31": "-4.20%", "2017-12-31": "-4.65%", "2017-09-30": "-46.38%", "2017-06-30": "-359.48%", "2017-03-31": "44.78%", "2016-12-31": "19.83%", "2016-09-30": "21.16%", "2016-06-30": "39.46%", "2016-03-31": "39.46%", "2015-12-31": "69.79%", "2015-09-30": "74.17%", "2015-06-30": "70.00%", "2015-03-31": "62.46%", "2014-12-31": "31.67%", "2014-09-30": "23.70%", "2014-06-30": "27.78%", "2014-03-31": "28.81%", "2013-12-31": "31.68%", "2013-09-30": "48.21%", "2013-06-30": "82.32%", "2013-03-31": "170.94%", "2012-12-31": "480.21%", "2012-09-30": "1938.83%", "2012-06-30": "-571.14%", "2012-03-31": "-359.46%", "2011-12-31": "-196.08%", "2011-09-30": "-131.96%", "2011-06-30": "-111.53%", "2011-03-31": "-85.92%", "2010-12-31": "-86.34%", "2010-09-30": "-152.11%", "2010-06-30": "-839.83%", "2010-03-31": "579.54%", "2009-12-31": "267.47%", "2009-09-30": "315.64%", "2009-06-30": "293.56%", "2009-03-31": "278.18%", "2008-12-31": "202.72%", "2008-09-30": "197.18%", "2008-06-30": "262.11%", "2008-03-31": "350.28%", "2007-12-31": "1095.52%", "2007-09-30": "-313.88%", "2007-06-30": "-20832.43%", "2007-03-31": "425.82%", "2006-12-31": "99.57%", "2006-09-30": "96.39%", "2006-06-30": "84.56%", "2006-03-31": "78.95%", "2005-12-31": "83.37%"}, "dividend yield history": {"last payout": "$1.80", "last yield": "1.44%"}}