{"ticker": "ACHC", "price": {"title": "Acadia Healthcare Historical Annual Stock Price Data", "value": 54.4, "historical": {"2021": {"Average Stock Price": "51.9083", "Year Open": "50.4900", "Year High": "54.8900", "Year Low": "49.5400", "Year Close": "54.4000", "Annual % Change": "8.24%"}, "2020": {"Average Stock Price": "30.6577", "Year Open": "33.1500", "Year High": "50.3000", "Year Low": "11.7800", "Year Close": "50.2600", "Annual % Change": "51.29%"}, "2019": {"Average Stock Price": "30.6312", "Year Open": "25.8600", "Year High": "34.9500", "Year Low": "25.4000", "Year Close": "33.2200", "Annual % Change": "29.21%"}, "2018": {"Average Stock Price": "37.8828", "Year Open": "33.8100", "Year High": "44.9400", "Year Low": "24.7500", "Year Close": "25.7100", "Annual % Change": "-21.21%"}, "2017": {"Average Stock Price": "42.0708", "Year Open": "32.8900", "Year High": "53.0000", "Year Low": "27.7900", "Year Close": "32.6300", "Annual % Change": "-1.42%"}, "2016": {"Average Stock Price": "51.5991", "Year Open": "64.2300", "Year High": "64.2300", "Year Low": "33.1000", "Year Close": "33.1000", "Annual % Change": "-47.01%"}, "2015": {"Average Stock Price": "69.5987", "Year Open": "59.9800", "Year High": "82.9700", "Year Low": "56.9000", "Year Close": "62.4600", "Annual % Change": "2.04%"}, "2014": {"Average Stock Price": "50.1278", "Year Open": "47.0500", "Year High": "64.0600", "Year Low": "40.2100", "Year Close": "61.2100", "Annual % Change": "29.33%"}, "2013": {"Average Stock Price": "35.0376", "Year Open": "24.3700", "Year High": "48.4600", "Year Low": "23.6300", "Year Close": "47.3300", "Annual % Change": "102.70%"}, "2012": {"Average Stock Price": "17.8205", "Year Open": "9.9200", "Year High": "24.1400", "Year Low": "9.7400", "Year Close": "23.3500", "Annual % Change": "134.20%"}, "2011": {"Average Stock Price": "5.2461", "Year Open": "2.9326", "Year High": "16.0085", "Year Low": "2.8104", "Year Close": "9.9700", "Annual % Change": "242.01%"}, "2010": {"Average Stock Price": "2.2680", "Year Open": "2.0074", "Year High": "3.1421", "Year Low": "1.7107", "Year Close": "2.9151", "Annual % Change": "47.79%"}, "2009": {"Average Stock Price": "2.0080", "Year Open": "2.0423", "Year High": "2.9675", "Year Low": "0.8728", "Year Close": "1.9725", "Annual % Change": "-16.30%"}, "2008": {"Average Stock Price": "4.0931", "Year Open": "4.9749", "Year High": "5.2368", "Year Low": "1.7456", "Year Close": "2.3565", "Annual % Change": "-55.00%"}, "2007": {"Average Stock Price": "5.2596", "Year Open": "5.2368", "Year High": "6.5460", "Year Low": "4.5385", "Year Close": "5.2368", "Annual % Change": "-5.66%"}, "2006": {"Average Stock Price": "3.8091", "Year Open": "3.5785", "Year High": "5.5510", "Year Low": "3.4039", "Year Close": "5.5510", "Annual % Change": "52.89%"}, "2005": {"Average Stock Price": "3.8610", "Year Open": "2.4264", "Year High": "5.1146", "Year Low": "2.3391", "Year Close": "3.6308", "Annual % Change": "44.44%"}, "2004": {"Average Stock Price": "2.1693", "Year Open": "2.3565", "Year High": "2.8453", "Year Low": "1.6409", "Year Close": "2.5137", "Annual % Change": "3.60%"}, "2003": {"Average Stock Price": "1.5292", "Year Open": "1.3441", "Year High": "2.4264", "Year Low": "1.2394", "Year Close": "2.4264", "Annual % Change": "69.51%"}, "2002": {"Average Stock Price": "1.0713", "Year Open": "0.6633", "Year High": "1.6758", "Year Low": "0.6110", "Year Close": "1.4314", "Annual % Change": "121.61%"}, "2001": {"Average Stock Price": "0.6365", "Year Open": "0.2793", "Year High": "1.0474", "Year Low": "0.2793", "Year Close": "0.6459", "Annual % Change": "208.31%"}, "2000": {"Average Stock Price": "1.9571", "Year Open": "1.4663", "Year High": "5.6732", "Year Low": "0.2095", "Year Close": "0.2095", "Annual % Change": "-84.00%"}, "1999": {"Average Stock Price": "1.7857", "Year Open": "2.6184", "Year High": "2.7755", "Year Low": "1.2045", "Year Close": "1.3092", "Annual % Change": "-45.65%"}, "1998": {"Average Stock Price": "2.8666", "Year Open": "3.5959", "Year High": "4.9051", "Year Low": "1.0823", "Year Close": "2.4089", "Annual % Change": "-33.01%"}, "1997": {"Average Stock Price": "5.1245", "Year Open": "8.5185", "Year High": "9.6007", "Year Low": "3.2817", "Year Close": "3.5959", "Annual % Change": "-57.79%"}, "1996": {"Average Stock Price": "13.7150", "Year Open": "9.1644", "Year High": "17.0195", "Year Low": "8.5185", "Year Close": "8.5185", "Annual % Change": "-11.27%"}, "1995": {"Average Stock Price": "10.8627", "Year Open": "10.4735", "Year High": "13.0919", "Year Low": "8.9374", "Year Close": "9.6007", "Annual % Change": "-8.33%"}}}, "market cap": {"value": "$4.84B"}, "income statement": {"Revenue": {"2019-12-31": "3107.46200", "2018-12-31": "3012.44200", "2017-12-31": "2836.31600", "2016-12-31": "2810.91400", "2015-12-31": "1794.49200", "2014-12-31": "1004.60100", "2013-12-31": "713.40800", "2012-12-31": "407.46100", "2011-12-31": "216.49800", "2010-12-31": "62.10300", "2009-12-31": "49.39700"}, "Cost Of Goods Sold": {"2019-12-31": "", "2018-12-31": "", "2017-12-31": "", "2016-12-31": "", "2015-12-31": "", "2014-12-31": "", "2013-12-31": "", "2012-12-31": "", "2011-12-31": "", "2010-12-31": "", "2009-12-31": ""}, "Gross Profit": {"2019-12-31": "3107.46200", "2018-12-31": "3012.44200", "2017-12-31": "2836.31600", "2016-12-31": "2810.91400", "2015-12-31": "1794.49200", "2014-12-31": "1004.60100", "2013-12-31": "713.40800", "2012-12-31": "407.46100", "2011-12-31": "216.49800", "2010-12-31": "62.10300", "2009-12-31": "49.39700"}, "Research And Development Expenses": {"2019-12-31": "", "2018-12-31": "", "2017-12-31": "", "2016-12-31": "", "2015-12-31": "", "2014-12-31": "", "2013-12-31": "", "2012-12-31": "", "2011-12-31": "", "2010-12-31": "", "2009-12-31": ""}, "SG&A Expenses": {"2019-12-31": "2081.22400", "2018-12-31": "2006.08700", "2017-12-31": "1846.82200", "2016-12-31": "1844.76500", "2015-12-31": "1170.85800", "2014-12-31": "676.31600", "2013-12-31": "482.70200", "2012-12-31": "278.15400", "2011-12-31": "174.20100", "2010-12-31": "44.15500", "2009-12-31": "37.24000"}, "Other Operating Income Or Expenses": {"2019-12-31": "-375.43300", "2018-12-31": "-354.49800", "2017-12-31": "-331.82700", "2016-12-31": "-312.55600", "2015-12-31": "-206.74600", "2014-12-31": "-110.65400", "2013-12-31": "-80.57200", "2012-12-31": "-42.77700", "2011-12-31": "-20.17100", "2010-12-31": "-6.87000", "2009-12-31": "-6.72000"}, "Operating Expenses": {"2019-12-31": "2702.93000", "2018-12-31": "2599.69900", "2017-12-31": "2398.43400", "2016-12-31": "2365.77200", "2015-12-31": "1473.68200", "2014-12-31": "831.83800", "2013-12-31": "590.41300", "2012-12-31": "336.75100", "2011-12-31": "204.22600", "2010-12-31": "53.28900", "2009-12-31": "45.81200"}, "Operating Income": {"2019-12-31": "404.53170", "2018-12-31": "412.74290", "2017-12-31": "437.88210", "2016-12-31": "445.14210", "2015-12-31": "320.80990", "2014-12-31": "172.76310", "2013-12-31": "122.99500", "2012-12-31": "70.71000", "2011-12-31": "12.27200", "2010-12-31": "8.81400", "2009-12-31": "3.58500"}, "Total Non-Operating Income/Expense": {"2019-12-31": "-268.54400", "2018-12-31": "-581.69700", "2017-12-31": "-201.08400", "2016-12-31": "-412.18700", "2015-12-31": "-156.05700", "2014-12-31": "-46.60900", "2013-12-31": "-53.75000", "2012-12-31": "-37.88100", "2011-12-31": "-50.73800", "2010-12-31": "-1.65600", "2009-12-31": "-0.77400"}, "Pre-Tax Income": {"2019-12-31": "135.98800", "2018-12-31": "-168.95400", "2017-12-31": "236.79800", "2016-12-31": "32.95500", "2015-12-31": "164.75300", "2014-12-31": "126.15400", "2013-12-31": "69.24500", "2012-12-31": "32.82900", "2011-12-31": "-38.46600", "2010-12-31": "7.15800", "2009-12-31": "2.81100"}, "Income Taxes": {"2019-12-31": "25.86600", "2018-12-31": "6.53200", "2017-12-31": "37.20900", "2016-12-31": "28.77900", "2015-12-31": "53.38800", "2014-12-31": "42.92200", "2013-12-31": "25.97500", "2012-12-31": "12.32500", "2011-12-31": "-5.27200", "2010-12-31": "0.47700", "2009-12-31": "0.05300"}, "Income After Taxes": {"2019-12-31": "110.12200", "2018-12-31": "-175.48600", "2017-12-31": "199.58900", "2016-12-31": "4.17600", "2015-12-31": "111.36500", "2014-12-31": "83.23200", "2013-12-31": "43.27000", "2012-12-31": "20.50400", "2011-12-31": "-33.19400", "2010-12-31": "6.68100", "2009-12-31": "2.75800"}, "Other Income": {"2019-12-31": "", "2018-12-31": "", "2017-12-31": "", "2016-12-31": "", "2015-12-31": "", "2014-12-31": "", "2013-12-31": "", "2012-12-31": "", "2011-12-31": "", "2010-12-31": "", "2009-12-31": ""}, "Income From Continuous Operations": {"2019-12-31": "110.12200", "2018-12-31": "-175.48600", "2017-12-31": "199.58900", "2016-12-31": "4.17600", "2015-12-31": "111.36500", "2014-12-31": "83.23200", "2013-12-31": "43.27000", "2012-12-31": "20.50400", "2011-12-31": "-33.19400", "2010-12-31": "6.68100", "2009-12-31": "2.75800"}, "Income From Discontinued Operations": {"2019-12-31": "", "2018-12-31": "", "2017-12-31": "", "2016-12-31": "", "2015-12-31": "0.11100", "2014-12-31": "-0.19200", "2013-12-31": "-0.69100", "2012-12-31": "-0.10100", "2011-12-31": "-1.69800", "2010-12-31": "-0.47100", "2009-12-31": "0.11900"}, "Net Income": {"2019-12-31": "108.92300", "2018-12-31": "-175.75000", "2017-12-31": "199.83500", "2016-12-31": "6.14300", "2015-12-31": "112.55400", "2014-12-31": "83.04000", "2013-12-31": "42.57900", "2012-12-31": "20.40300", "2011-12-31": "-34.89200", "2010-12-31": "6.21000", "2009-12-31": "2.87700"}, "EBITDA": {"2019-12-31": "580.56270", "2018-12-31": "582.03090", "2017-12-31": "590.74710", "2016-12-31": "590.56910", "2015-12-31": "391.06890", "2014-12-31": "208.62810", "2013-12-31": "142.34900", "2012-12-31": "81.19900", "2011-12-31": "17.82100", "2010-12-31": "9.79000", "2009-12-31": "4.58200"}, "EBIT": {"2019-12-31": "404.53170", "2018-12-31": "412.74290", "2017-12-31": "437.88210", "2016-12-31": "445.14210", "2015-12-31": "320.80990", "2014-12-31": "172.76310", "2013-12-31": "122.99500", "2012-12-31": "70.71000", "2011-12-31": "12.27200", "2010-12-31": "8.81400", "2009-12-31": "3.58500"}, "Basic Shares Outstanding": {"2019-12-31": "87.61200", "2018-12-31": "87.28800", "2017-12-31": "86.94800", "2016-12-31": "85.70100", "2015-12-31": "68.08500", "2014-12-31": "55.06300", "2013-12-31": "50.00400", "2012-12-31": "38.47700", "2011-12-31": "18.75700", "2010-12-31": "17.63300", "2009-12-31": "17.63300"}, "Shares Outstanding": {"2019-12-31": "87.81600", "2018-12-31": "87.28800", "2017-12-31": "87.06000", "2016-12-31": "85.97200", "2015-12-31": "68.39100", "2014-12-31": "55.32700", "2013-12-31": "50.26100", "2012-12-31": "38.69600", "2011-12-31": "18.75700", "2010-12-31": "17.63300", "2009-12-31": "17.63300"}, "Basic EPS": {"2019-12-31": "1.24000", "2018-12-31": "-2.01000", "2017-12-31": "2.30000", "2016-12-31": "0.07000", "2015-12-31": "1.65000", "2014-12-31": "1.51000", "2013-12-31": "0.85000", "2012-12-31": "0.53000", "2011-12-31": "-1.86000", "2010-12-31": "0.35000", "2009-12-31": "0.16000"}, "EPS - Earnings Per Share": {"2019-12-31": "1.24000", "2018-12-31": "-2.01000", "2017-12-31": "2.30000", "2016-12-31": "0.07000", "2015-12-31": "1.64000", "2014-12-31": "1.50000", "2013-12-31": "0.85000", "2012-12-31": "0.53000", "2011-12-31": "-1.86000", "2010-12-31": "0.35000", "2009-12-31": "0.16000"}}, "income statement, quarterly": {"Revenue": {"2020-09-30": "833.30400", "2020-06-30": "750.31100", "2020-03-31": "782.81000", "2019-12-31": "780.23190", "2019-09-30": "777.25100", "2019-06-30": "789.36200", "2019-03-31": "760.61700", "2018-12-31": "743.54680", "2018-09-30": "760.91600", "2018-06-30": "765.73800", "2018-03-31": "742.24100", "2017-12-31": "724.51210", "2017-09-30": "716.71400", "2017-06-30": "715.89600", "2017-03-31": "679.19400", "2016-12-31": "702.88810", "2016-09-30": "734.66500", "2016-06-30": "756.54800", "2016-03-31": "616.81300", "2015-12-31": "495.31890", "2015-09-30": "479.73000", "2015-06-30": "453.66000", "2015-03-31": "365.78300", "2014-12-31": "294.90100", "2014-09-30": "294.47900", "2014-06-30": "213.80300", "2014-03-31": "201.41800", "2013-12-31": "189.99900", "2013-09-30": "184.70200", "2013-06-30": "177.49400", "2013-03-31": "161.21300", "2012-12-31": "114.25200", "2012-09-30": "103.11600", "2012-06-30": "100.53000", "2012-03-31": "89.56300", "2011-12-31": "75.35500", "2011-09-30": "60.72200", "2011-06-30": "63.57500", "2011-03-31": "16.84600", "2010-12-31": "", "2010-09-30": "15.87200", "2009-12-31": ""}, "Cost Of Goods Sold": {"2020-09-30": "", "2020-06-30": "", "2020-03-31": "", "2019-12-31": "", "2019-09-30": "", "2019-06-30": "", "2019-03-31": "", "2018-12-31": "", "2018-09-30": "", "2018-06-30": "", "2018-03-31": "", "2017-12-31": "", "2017-09-30": "", "2017-06-30": "", "2017-03-31": "", "2016-12-31": "", "2016-09-30": "", "2016-06-30": "", "2016-03-31": "", "2015-12-31": "", "2015-09-30": "", "2015-06-30": "", "2015-03-31": "", "2014-12-31": "", "2014-09-30": "", "2014-06-30": "", "2014-03-31": "", "2013-12-31": "", "2013-09-30": "", "2013-06-30": "", "2013-03-31": "", "2012-12-31": "", "2012-09-30": "", "2012-06-30": "", "2012-03-31": "", "2011-12-31": "", "2011-09-30": "", "2011-06-30": "", "2011-03-31": "", "2010-12-31": "", "2010-09-30": "", "2009-12-31": ""}, "Gross Profit": {"2020-09-30": "833.30400", "2020-06-30": "750.31100", "2020-03-31": "782.81000", "2019-12-31": "780.23190", "2019-09-30": "777.25100", "2019-06-30": "789.36200", "2019-03-31": "760.61700", "2018-12-31": "743.54680", "2018-09-30": "760.91600", "2018-06-30": "765.73800", "2018-03-31": "742.24100", "2017-12-31": "724.51210", "2017-09-30": "716.71400", "2017-06-30": "715.89600", "2017-03-31": "679.19400", "2016-12-31": "702.88810", "2016-09-30": "734.66500", "2016-06-30": "756.54800", "2016-03-31": "616.81300", "2015-12-31": "495.31890", "2015-09-30": "479.73000", "2015-06-30": "453.66000", "2015-03-31": "365.78300", "2014-12-31": "294.90100", "2014-09-30": "294.47900", "2014-06-30": "213.80300", "2014-03-31": "201.41800", "2013-12-31": "189.99900", "2013-09-30": "184.70200", "2013-06-30": "177.49400", "2013-03-31": "161.21300", "2012-12-31": "114.25200", "2012-09-30": "103.11600", "2012-06-30": "100.53000", "2012-03-31": "89.56300", "2011-12-31": "75.35500", "2011-09-30": "60.72200", "2011-06-30": "63.57500", "2011-03-31": "16.84600", "2010-12-31": "", "2010-09-30": "15.87200", "2009-12-31": ""}, "Research And Development Expenses": {"2020-09-30": "", "2020-06-30": "", "2020-03-31": "", "2019-12-31": "", "2019-09-30": "", "2019-06-30": "", "2019-03-31": "", "2018-12-31": "", "2018-09-30": "", "2018-06-30": "", "2018-03-31": "", "2017-12-31": "", "2017-09-30": "", "2017-06-30": "", "2017-03-31": "", "2016-12-31": "", "2016-09-30": "", "2016-06-30": "", "2016-03-31": "", "2015-12-31": "", "2015-09-30": "", "2015-06-30": "", "2015-03-31": "", "2014-12-31": "", "2014-09-30": "", "2014-06-30": "", "2014-03-31": "", "2013-12-31": "", "2013-09-30": "", "2013-06-30": "", "2013-03-31": "", "2012-12-31": "", "2012-09-30": "", "2012-06-30": "", "2012-03-31": "", "2011-12-31": "", "2011-09-30": "", "2011-06-30": "", "2011-03-31": "", "2010-12-31": "", "2010-09-30": "", "2009-12-31": ""}, "SG&A Expenses": {"2020-09-30": "543.02500", "2020-06-30": "516.34100", "2020-03-31": "535.58700", "2019-12-31": "523.57610", "2019-09-30": "521.54300", "2019-06-30": "519.56200", "2019-03-31": "516.54300", "2018-12-31": "503.95510", "2018-09-30": "506.88700", "2018-06-30": "500.33500", "2018-03-31": "494.91000", "2017-12-31": "473.47200", "2017-09-30": "467.25600", "2017-06-30": "458.55500", "2017-03-31": "447.53900", "2016-12-31": "460.78900", "2016-09-30": "486.48400", "2016-06-30": "489.78800", "2016-03-31": "407.70400", "2015-12-31": "321.63010", "2015-09-30": "310.80300", "2015-06-30": "293.87300", "2015-03-31": "244.55200", "2014-12-31": "196.76300", "2014-09-30": "197.57200", "2014-06-30": "143.96000", "2014-03-31": "138.02100", "2013-12-31": "128.48700", "2013-09-30": "122.55100", "2013-06-30": "119.70100", "2013-03-31": "111.96300", "2012-12-31": "76.89500", "2012-09-30": "69.40900", "2012-06-30": "68.08900", "2012-03-31": "63.76100", "2011-12-31": "52.24500", "2011-09-30": "44.66700", "2011-06-30": "65.22400", "2011-03-31": "12.06500", "2010-12-31": "", "2010-09-30": "10.84300", "2009-12-31": ""}, "Other Operating Income Or Expenses": {"2020-09-30": "-115.16300", "2020-06-30": "-74.53000", "2020-03-31": "-98.52900", "2019-12-31": "-93.91600", "2019-09-30": "-92.97500", "2019-06-30": "-94.67700", "2019-03-31": "-93.86500", "2018-12-31": "-88.52100", "2018-09-30": "-90.46400", "2018-06-30": "-87.28200", "2018-03-31": "-88.23100", "2017-12-31": "-82.66600", "2017-09-30": "-82.32800", "2017-06-30": "-83.12200", "2017-03-31": "-83.71100", "2016-12-31": "-81.60600", "2016-09-30": "-79.74800", "2016-06-30": "-80.95500", "2016-03-31": "-70.24700", "2015-12-31": "-57.84700", "2015-09-30": "-57.24400", "2015-06-30": "-51.12800", "2015-03-31": "-40.52700", "2014-12-31": "-31.46600", "2014-09-30": "-31.43200", "2014-06-30": "-24.64600", "2014-03-31": "-23.11000", "2013-12-31": "-21.14800", "2013-09-30": "-22.34500", "2013-06-30": "-20.09600", "2013-03-31": "-16.98300", "2012-12-31": "-12.00900", "2012-09-30": "-11.38000", "2012-06-30": "-10.40700", "2012-03-31": "-8.98100", "2011-12-31": "-7.41100", "2011-09-30": "-4.91500", "2011-06-30": "-5.95900", "2011-03-31": "-1.88600", "2010-12-31": "", "2010-09-30": "-2.35300", "2009-12-31": ""}, "Operating Expenses": {"2020-09-30": "722.28200", "2020-06-30": "653.14310", "2020-03-31": "696.62000", "2019-12-31": "680.62810", "2019-09-30": "675.27200", "2019-06-30": "675.73500", "2019-03-31": "671.29500", "2018-12-31": "651.83990", "2018-09-30": "656.87600", "2018-06-30": "647.78100", "2018-03-31": "643.20210", "2017-12-31": "613.21190", "2017-09-30": "605.07500", "2017-06-30": "596.31300", "2017-03-31": "583.83400", "2016-12-31": "594.68820", "2016-09-30": "622.39000", "2016-06-30": "627.96200", "2016-03-31": "520.73200", "2015-12-31": "407.99610", "2015-09-30": "393.47900", "2015-06-30": "368.13800", "2015-03-31": "304.06900", "2014-12-31": "242.52890", "2014-09-30": "242.54300", "2014-06-30": "177.43000", "2014-03-31": "169.33600", "2013-12-31": "157.14900", "2013-09-30": "151.96600", "2013-06-30": "146.40300", "2013-03-31": "134.89500", "2012-12-31": "93.14800", "2012-09-30": "84.64000", "2012-06-30": "82.36900", "2012-03-31": "76.59400", "2011-12-31": "62.82600", "2011-09-30": "52.08200", "2011-06-30": "74.77300", "2011-03-31": "14.54500", "2010-12-31": "", "2010-09-30": "13.76900", "2009-12-31": ""}, "Operating Income": {"2020-09-30": "111.02200", "2020-06-30": "97.16790", "2020-03-31": "86.19000", "2019-12-31": "99.60380", "2019-09-30": "101.97900", "2019-06-30": "113.62700", "2019-03-31": "89.32200", "2018-12-31": "91.70690", "2018-09-30": "104.04000", "2018-06-30": "117.95700", "2018-03-31": "99.03890", "2017-12-31": "111.30020", "2017-09-30": "111.63900", "2017-06-30": "119.58300", "2017-03-31": "95.36000", "2016-12-31": "108.19990", "2016-09-30": "112.27500", "2016-06-30": "128.58600", "2016-03-31": "96.08100", "2015-12-31": "87.32290", "2015-09-30": "86.25100", "2015-06-30": "85.52200", "2015-03-31": "61.71400", "2014-12-31": "52.37210", "2014-09-30": "51.93600", "2014-06-30": "36.37300", "2014-03-31": "32.08200", "2013-12-31": "32.85000", "2013-09-30": "32.73600", "2013-06-30": "31.09100", "2013-03-31": "26.31800", "2012-12-31": "21.10400", "2012-09-30": "18.47600", "2012-06-30": "18.16100", "2012-03-31": "12.96900", "2011-12-31": "12.52900", "2011-09-30": "8.64000", "2011-06-30": "-11.19800", "2011-03-31": "2.30100", "2010-12-31": "", "2010-09-30": "2.10300", "2009-12-31": ""}, "Total Non-Operating Income/Expense": {"2020-09-30": "-66.29500", "2020-06-30": "-47.23800", "2020-03-31": "-46.33400", "2019-12-31": "-109.85200", "2019-09-30": "-52.41900", "2019-06-30": "-53.82200", "2019-03-31": "-52.45100", "2018-12-31": "-433.04300", "2018-09-30": "-49.00400", "2018-06-30": "-48.69900", "2018-03-31": "-50.95100", "2017-12-31": "-50.66100", "2017-09-30": "-50.18000", "2017-06-30": "-53.36700", "2017-03-31": "-46.87600", "2016-12-31": "-65.76200", "2016-09-30": "-228.08900", "2016-06-30": "-54.73400", "2016-03-31": "-63.60200", "2015-12-31": "-34.80500", "2015-09-30": "-44.57600", "2015-06-30": "-36.16700", "2015-03-31": "-40.50900", "2014-12-31": "-17.53200", "2014-09-30": "-18.78000", "2014-06-30": "0.98900", "2014-03-31": "-11.28600", "2013-12-31": "-12.91500", "2013-09-30": "-10.44900", "2013-06-30": "-10.80000", "2013-03-31": "-19.58600", "2012-12-31": "-13.59800", "2012-09-30": "-8.16500", "2012-06-30": "-8.14100", "2012-03-31": "-7.97700", "2011-12-31": "-36.00000", "2011-09-30": "-4.16100", "2011-06-30": "-7.74800", "2011-03-31": "-2.82900", "2010-12-31": "", "2010-09-30": "-0.28200", "2009-12-31": ""}, "Pre-Tax Income": {"2020-09-30": "44.72700", "2020-06-30": "49.93000", "2020-03-31": "39.85600", "2019-12-31": "-10.24800", "2019-09-30": "49.56000", "2019-06-30": "59.80500", "2019-03-31": "36.87100", "2018-12-31": "-341.33600", "2018-09-30": "55.03600", "2018-06-30": "69.25800", "2018-03-31": "48.08800", "2017-12-31": "60.63900", "2017-09-30": "61.45900", "2017-06-30": "66.21600", "2017-03-31": "48.48400", "2016-12-31": "42.43800", "2016-09-30": "-115.81400", "2016-06-30": "73.85200", "2016-03-31": "32.47900", "2015-12-31": "52.51800", "2015-09-30": "41.67500", "2015-06-30": "49.35500", "2015-03-31": "21.20500", "2014-12-31": "34.84000", "2014-09-30": "33.15600", "2014-06-30": "37.36200", "2014-03-31": "20.79600", "2013-12-31": "19.93500", "2013-09-30": "22.28700", "2013-06-30": "20.29100", "2013-03-31": "6.73200", "2012-12-31": "7.50600", "2012-09-30": "10.31100", "2012-06-30": "10.02000", "2012-03-31": "4.99200", "2011-12-31": "-23.47100", "2011-09-30": "4.47900", "2011-06-30": "-18.94600", "2011-03-31": "-0.52800", "2010-12-31": "", "2010-09-30": "1.82100", "2009-12-31": ""}, "Income Taxes": {"2020-09-30": "7.16600", "2020-06-30": "8.21600", "2020-03-31": "5.78900", "2019-12-31": "0.06500", "2019-09-30": "6.83700", "2019-06-30": "11.60400", "2019-03-31": "7.36000", "2018-12-31": "-9.80700", "2018-09-30": "8.75700", "2018-06-30": "10.36800", "2018-03-31": "-2.78600", "2017-12-31": "-9.05000", "2017-09-30": "15.97000", "2017-06-30": "16.57800", "2017-03-31": "13.71100", "2016-12-31": "1.01200", "2016-09-30": "2.39600", "2016-06-30": "18.26100", "2016-03-31": "7.11000", "2015-12-31": "18.59400", "2015-09-30": "12.66900", "2015-06-30": "15.51200", "2015-03-31": "6.61300", "2014-12-31": "12.53900", "2014-09-30": "7.70300", "2014-06-30": "14.90500", "2014-03-31": "7.77500", "2013-12-31": "7.53600", "2013-09-30": "7.74100", "2013-06-30": "8.02000", "2013-03-31": "2.67800", "2012-12-31": "3.01800", "2012-09-30": "3.72300", "2012-06-30": "3.91900", "2012-03-31": "1.66500", "2011-12-31": "-8.69800", "2011-09-30": "0.90800", "2011-06-30": "2.78900", "2011-03-31": "-0.27100", "2010-12-31": "", "2010-09-30": "0.17200", "2009-12-31": ""}, "Income After Taxes": {"2020-09-30": "37.56100", "2020-06-30": "41.71400", "2020-03-31": "34.06700", "2019-12-31": "-10.31300", "2019-09-30": "42.72300", "2019-06-30": "48.20100", "2019-03-31": "29.51100", "2018-12-31": "-331.52900", "2018-09-30": "46.27900", "2018-06-30": "58.89000", "2018-03-31": "50.87400", "2017-12-31": "69.68900", "2017-09-30": "45.48900", "2017-06-30": "49.63800", "2017-03-31": "34.77300", "2016-12-31": "41.42600", "2016-09-30": "-118.21000", "2016-06-30": "55.59100", "2016-03-31": "25.36900", "2015-12-31": "33.92400", "2015-09-30": "29.00600", "2015-06-30": "33.84300", "2015-03-31": "14.59200", "2014-12-31": "22.30100", "2014-09-30": "25.45300", "2014-06-30": "22.45700", "2014-03-31": "13.02100", "2013-12-31": "12.39900", "2013-09-30": "14.54600", "2013-06-30": "12.27100", "2013-03-31": "4.05400", "2012-12-31": "4.48800", "2012-09-30": "6.58800", "2012-06-30": "6.10100", "2012-03-31": "3.32700", "2011-12-31": "-14.77300", "2011-09-30": "3.57100", "2011-06-30": "-21.73500", "2011-03-31": "-0.25700", "2010-12-31": "", "2010-09-30": "1.64900", "2009-12-31": ""}, "Other Income": {"2020-09-30": "", "2020-06-30": "", "2020-03-31": "", "2019-12-31": "", "2019-09-30": "", "2019-06-30": "", "2019-03-31": "", "2018-12-31": "", "2018-09-30": "", "2018-06-30": "", "2018-03-31": "", "2017-12-31": "", "2017-09-30": "", "2017-06-30": "", "2017-03-31": "", "2016-12-31": "", "2016-09-30": "", "2016-06-30": "", "2016-03-31": "", "2015-12-31": "", "2015-09-30": "", "2015-06-30": "", "2015-03-31": "", "2014-12-31": "", "2014-09-30": "", "2014-06-30": "", "2014-03-31": "", "2013-12-31": "", "2013-09-30": "", "2013-06-30": "", "2013-03-31": "", "2012-12-31": "", "2012-09-30": "", "2012-06-30": "", "2012-03-31": "", "2011-12-31": "", "2011-09-30": "", "2011-06-30": "", "2011-03-31": "", "2010-12-31": "", "2010-09-30": "", "2009-12-31": ""}, "Income From Continuous Operations": {"2020-09-30": "37.56100", "2020-06-30": "41.71400", "2020-03-31": "34.06700", "2019-12-31": "-10.31300", "2019-09-30": "42.72300", "2019-06-30": "48.20100", "2019-03-31": "29.51100", "2018-12-31": "-331.52900", "2018-09-30": "46.27900", "2018-06-30": "58.89000", "2018-03-31": "50.87400", "2017-12-31": "69.68900", "2017-09-30": "45.48900", "2017-06-30": "49.63800", "2017-03-31": "34.77300", "2016-12-31": "41.42600", "2016-09-30": "-118.21000", "2016-06-30": "55.59100", "2016-03-31": "25.36900", "2015-12-31": "33.92400", "2015-09-30": "29.00600", "2015-06-30": "33.84300", "2015-03-31": "14.59200", "2014-12-31": "22.30100", "2014-09-30": "25.45300", "2014-06-30": "22.45700", "2014-03-31": "13.02100", "2013-12-31": "12.39900", "2013-09-30": "14.54600", "2013-06-30": "12.27100", "2013-03-31": "4.05400", "2012-12-31": "4.48800", "2012-09-30": "6.58800", "2012-06-30": "6.10100", "2012-03-31": "3.32700", "2011-12-31": "-14.77300", "2011-09-30": "3.57100", "2011-06-30": "-21.73500", "2011-03-31": "-0.25700", "2010-12-31": "", "2010-09-30": "1.64900", "2009-12-31": ""}, "Income From Discontinued Operations": {"2020-09-30": "", "2020-06-30": "", "2020-03-31": "", "2019-12-31": "", "2019-09-30": "", "2019-06-30": "", "2019-03-31": "", "2018-12-31": "", "2018-09-30": "", "2018-06-30": "", "2018-03-31": "", "2017-12-31": "", "2017-09-30": "", "2017-06-30": "", "2017-03-31": "", "2016-12-31": "", "2016-09-30": "", "2016-06-30": "", "2016-03-31": "", "2015-12-31": "0.02800", "2015-09-30": "0.08000", "2015-06-30": "0.00100", "2015-03-31": "0.00200", "2014-12-31": "-0.17200", "2014-09-30": "-0.05100", "2014-06-30": "-0.00600", "2014-03-31": "0.03700", "2013-12-31": "-0.11900", "2013-09-30": "-0.18200", "2013-06-30": "-0.07400", "2013-03-31": "-0.31600", "2012-12-31": "-0.12300", "2012-09-30": "-0.13800", "2012-06-30": "-0.19200", "2012-03-31": "0.35200", "2011-12-31": "-1.13600", "2011-09-30": "-0.44800", "2011-06-30": "-0.12200", "2011-03-31": "0.00800", "2010-12-31": "", "2010-09-30": "-0.08300", "2009-12-31": ""}, "Net Income": {"2020-09-30": "36.99800", "2020-06-30": "41.07900", "2020-03-31": "33.46300", "2019-12-31": "-11.25400", "2019-09-30": "42.56600", "2019-06-30": "48.14000", "2019-03-31": "29.47100", "2018-12-31": "-331.63700", "2018-09-30": "46.23200", "2018-06-30": "58.83600", "2018-03-31": "50.81900", "2017-12-31": "69.62900", "2017-09-30": "45.61800", "2017-06-30": "49.63000", "2017-03-31": "34.95800", "2016-12-31": "41.81800", "2016-09-30": "-117.80800", "2016-06-30": "56.44500", "2016-03-31": "25.68800", "2015-12-31": "34.56600", "2015-09-30": "29.55000", "2015-06-30": "33.84400", "2015-03-31": "14.59400", "2014-12-31": "22.12900", "2014-09-30": "25.40200", "2014-06-30": "22.45100", "2014-03-31": "13.05800", "2013-12-31": "12.28000", "2013-09-30": "14.36400", "2013-06-30": "12.19700", "2013-03-31": "3.73800", "2012-12-31": "4.36500", "2012-09-30": "6.45000", "2012-06-30": "5.90900", "2012-03-31": "3.67900", "2011-12-31": "-15.90900", "2011-09-30": "3.12300", "2011-06-30": "-21.85700", "2011-03-31": "-0.24900", "2010-12-31": "", "2010-09-30": "1.56600", "2009-12-31": ""}, "EBITDA": {"2020-09-30": "157.24800", "2020-06-30": "141.94490", "2020-03-31": "130.92000", "2019-12-31": "144.43180", "2019-09-30": "145.63800", "2019-06-30": "157.70290", "2019-03-31": "132.79000", "2018-12-31": "133.87190", "2018-09-30": "146.33800", "2018-06-30": "160.48400", "2018-03-31": "141.33690", "2017-12-31": "151.56920", "2017-09-30": "150.57600", "2017-06-30": "157.23300", "2017-03-31": "131.36900", "2016-12-31": "144.76790", "2016-09-30": "151.45100", "2016-06-30": "168.14700", "2016-03-31": "126.20300", "2015-12-31": "107.64490", "2015-09-30": "104.94000", "2015-06-30": "102.19800", "2015-03-31": "76.28600", "2014-12-31": "64.31210", "2014-09-30": "63.15600", "2014-06-30": "42.99800", "2014-03-31": "38.16200", "2013-12-31": "38.27000", "2013-09-30": "37.72600", "2013-06-30": "35.87300", "2013-03-31": "30.48000", "2012-12-31": "24.39200", "2012-09-30": "21.19700", "2012-06-30": "20.44400", "2012-03-31": "15.16600", "2011-12-31": "14.28600", "2011-09-30": "9.89700", "2011-06-30": "-8.90600", "2011-03-31": "2.54400", "2010-12-31": "", "2010-09-30": "2.10300", "2009-12-31": ""}, "EBIT": {"2020-09-30": "111.02200", "2020-06-30": "97.16790", "2020-03-31": "86.19000", "2019-12-31": "99.60380", "2019-09-30": "101.97900", "2019-06-30": "113.62700", "2019-03-31": "89.32200", "2018-12-31": "91.70700", "2018-09-30": "104.04000", "2018-06-30": "117.95700", "2018-03-31": "99.03890", "2017-12-31": "111.30010", "2017-09-30": "111.63900", "2017-06-30": "119.58300", "2017-03-31": "95.36000", "2016-12-31": "108.20010", "2016-09-30": "112.27500", "2016-06-30": "128.58600", "2016-03-31": "96.08100", "2015-12-31": "87.32290", "2015-09-30": "86.25100", "2015-06-30": "85.52200", "2015-03-31": "61.71400", "2014-12-31": "52.37210", "2014-09-30": "51.93600", "2014-06-30": "36.37300", "2014-03-31": "32.08200", "2013-12-31": "32.85000", "2013-09-30": "32.73600", "2013-06-30": "31.09100", "2013-03-31": "26.31800", "2012-12-31": "21.10400", "2012-09-30": "18.47600", "2012-06-30": "18.16100", "2012-03-31": "12.96900", "2011-12-31": "12.52900", "2011-09-30": "8.64000", "2011-06-30": "-11.19800", "2011-03-31": "2.30100", "2010-12-31": "", "2010-09-30": "2.10300", "2009-12-31": ""}, "Basic Shares Outstanding": {"2020-09-30": "87.91100", "2020-06-30": "87.87200", "2020-03-31": "87.76500", "2019-12-31": "87.61200", "2019-09-30": "87.64900", "2019-06-30": "87.61800", "2019-03-31": "87.50500", "2018-12-31": "87.28800", "2018-09-30": "87.34400", "2018-06-30": "87.30300", "2018-03-31": "87.12100", "2017-12-31": "86.94800", "2017-09-30": "87.01700", "2017-06-30": "86.95400", "2017-03-31": "86.76200", "2016-12-31": "85.70100", "2016-09-30": "86.61800", "2016-06-30": "86.55300", "2016-03-31": "82.94300", "2015-12-31": "68.08500", "2015-09-30": "70.66400", "2015-06-30": "68.29600", "2015-03-31": "62.53000", "2014-12-31": "55.06300", "2014-09-30": "59.17500", "2014-06-30": "51.61600", "2014-03-31": "50.12000", "2013-12-31": "50.00400", "2013-09-30": "50.04000", "2013-06-30": "50.00900", "2013-03-31": "49.91100", "2012-12-31": "38.47700", "2012-09-30": "41.75700", "2012-06-30": "36.50700", "2012-03-31": "32.12000", "2011-12-31": "18.75700", "2011-09-30": "17.63300", "2011-06-30": "17.63300", "2011-03-31": "17.63300", "2010-12-31": "", "2010-09-30": "17.63300", "2009-12-31": ""}, "Shares Outstanding": {"2020-09-30": "88.85600", "2020-06-30": "88.60800", "2020-03-31": "87.97100", "2019-12-31": "87.81600", "2019-09-30": "87.85900", "2019-06-30": "87.83700", "2019-03-31": "87.69400", "2018-12-31": "87.28800", "2018-09-30": "87.53700", "2018-06-30": "87.46700", "2018-03-31": "87.29400", "2017-12-31": "87.06000", "2017-09-30": "87.17200", "2017-06-30": "87.08000", "2017-03-31": "86.90800", "2016-12-31": "85.97200", "2016-09-30": "86.61800", "2016-06-30": "86.87600", "2016-03-31": "83.42000", "2015-12-31": "68.39100", "2015-09-30": "71.11000", "2015-06-30": "68.73500", "2015-03-31": "62.89400", "2014-12-31": "55.32700", "2014-09-30": "59.40900", "2014-06-30": "51.81900", "2014-03-31": "50.48600", "2013-12-31": "50.26100", "2013-09-30": "50.34300", "2013-06-30": "50.28200", "2013-03-31": "50.25000", "2012-12-31": "38.69600", "2012-09-30": "41.99100", "2012-06-30": "36.69500", "2012-03-31": "32.33300", "2011-12-31": "18.75700", "2011-09-30": "17.63300", "2011-06-30": "17.63300", "2011-03-31": "17.63300", "2010-12-31": "", "2010-09-30": "17.63300", "2009-12-31": ""}, "Basic EPS": {"2020-09-30": "0.42000", "2020-06-30": "0.47000", "2020-03-31": "0.38000", "2019-12-31": "-0.14000", "2019-09-30": "0.49000", "2019-06-30": "0.55000", "2019-03-31": "0.34000", "2018-12-31": "-3.79000", "2018-09-30": "0.53000", "2018-06-30": "0.67000", "2018-03-31": "0.58000", "2017-12-31": "0.81000", "2017-09-30": "0.52000", "2017-06-30": "0.57000", "2017-03-31": "0.40000", "2016-12-31": "0.47000", "2016-09-30": "-1.36000", "2016-06-30": "0.65000", "2016-03-31": "0.31000", "2015-12-31": "0.50000", "2015-09-30": "0.42000", "2015-06-30": "0.50000", "2015-03-31": "0.23000", "2014-12-31": "0.39000", "2014-09-30": "0.43000", "2014-06-30": "0.43000", "2014-03-31": "0.26000", "2013-12-31": "0.25000", "2013-09-30": "0.29000", "2013-06-30": "0.24000", "2013-03-31": "0.07000", "2012-12-31": "0.11000", "2012-09-30": "0.15000", "2012-06-30": "0.16000", "2012-03-31": "0.11000", "2011-12-31": "-0.79000", "2011-09-30": "0.18000", "2011-06-30": "-1.24000", "2011-03-31": "-0.01000", "2010-12-31": "", "2010-09-30": "0.09000", "2009-12-31": ""}, "EPS - Earnings Per Share": {"2020-09-30": "0.42000", "2020-06-30": "0.46000", "2020-03-31": "0.38000", "2019-12-31": "-0.13000", "2019-09-30": "0.48000", "2019-06-30": "0.55000", "2019-03-31": "0.34000", "2018-12-31": "-3.79000", "2018-09-30": "0.53000", "2018-06-30": "0.67000", "2018-03-31": "0.58000", "2017-12-31": "0.81000", "2017-09-30": "0.52000", "2017-06-30": "0.57000", "2017-03-31": "0.40000", "2016-12-31": "0.47000", "2016-09-30": "-1.36000", "2016-06-30": "0.65000", "2016-03-31": "0.31000", "2015-12-31": "0.50000", "2015-09-30": "0.42000", "2015-06-30": "0.49000", "2015-03-31": "0.23000", "2014-12-31": "0.38000", "2014-09-30": "0.43000", "2014-06-30": "0.43000", "2014-03-31": "0.26000", "2013-12-31": "0.25000", "2013-09-30": "0.29000", "2013-06-30": "0.24000", "2013-03-31": "0.07000", "2012-12-31": "0.11000", "2012-09-30": "0.15000", "2012-06-30": "0.16000", "2012-03-31": "0.11000", "2011-12-31": "-0.79000", "2011-09-30": "0.18000", "2011-06-30": "-1.24000", "2011-03-31": "-0.01000", "2010-12-31": "0.00000", "2010-09-30": "0.09000", "2009-12-31": "0.00000"}}, "balance sheet": {"Cash On Hand": {"2019-12-31": "124.19200", "2018-12-31": "50.51000", "2017-12-31": "67.29000", "2016-12-31": "57.06300", "2015-12-31": "11.21500", "2014-12-31": "94.04000", "2013-12-31": "4.56900", "2012-12-31": "49.39900", "2011-12-31": "61.11800", "2010-12-31": "8.61400", "2009-12-31": ""}, "Receivables": {"2019-12-31": "339.77500", "2018-12-31": "318.08700", "2017-12-31": "296.92500", "2016-12-31": "263.32700", "2015-12-31": "216.62600", "2014-12-31": "118.37800", "2013-12-31": "95.88500", "2012-12-31": "63.87000", "2011-12-31": "35.12700", "2010-12-31": "5.46900", "2009-12-31": ""}, "Inventory": {"2019-12-31": "", "2018-12-31": "", "2017-12-31": "", "2016-12-31": "", "2015-12-31": "", "2014-12-31": "", "2013-12-31": "", "2012-12-31": "", "2011-12-31": "", "2010-12-31": "", "2009-12-31": ""}, "Pre-Paid Expenses": {"2019-12-31": "", "2018-12-31": "", "2017-12-31": "", "2016-12-31": "", "2015-12-31": "", "2014-12-31": "", "2013-12-31": "", "2012-12-31": "", "2011-12-31": "", "2010-12-31": "", "2009-12-31": ""}, "Other Current Assets": {"2019-12-31": "78.24400", "2018-12-31": "81.82000", "2017-12-31": "107.33500", "2016-12-31": "107.53700", "2015-12-31": "66.89500", "2014-12-31": "41.57000", "2013-12-31": "28.96900", "2012-12-31": "16.33200", "2011-12-31": "10.12100", "2010-12-31": "2.26800", "2009-12-31": ""}, "Total Current Assets": {"2019-12-31": "542.21100", "2018-12-31": "450.41700", "2017-12-31": "471.55000", "2016-12-31": "427.92700", "2015-12-31": "294.73600", "2014-12-31": "274.14300", "2013-12-31": "145.12600", "2012-12-31": "140.98100", "2011-12-31": "112.60500", "2010-12-31": "16.92400", "2009-12-31": ""}, "Property, Plant, And Equipment": {"2019-12-31": "3224.03400", "2018-12-31": "3107.76600", "2017-12-31": "3048.13000", "2016-12-31": "2703.69500", "2015-12-31": "1709.05300", "2014-12-31": "1069.70000", "2013-12-31": "370.10900", "2012-12-31": "236.94200", "2011-12-31": "82.97200", "2010-12-31": "18.75200", "2009-12-31": ""}, "Long-Term Investments": {"2019-12-31": "", "2018-12-31": "", "2017-12-31": "", "2016-12-31": "", "2015-12-31": "", "2014-12-31": "", "2013-12-31": "", "2012-12-31": "", "2011-12-31": "", "2010-12-31": "", "2009-12-31": ""}, "Goodwill And Intangible Assets": {"2019-12-31": "2539.48800", "2018-12-31": "2485.40200", "2017-12-31": "2838.52200", "2016-12-31": "2764.49800", "2015-12-31": "2187.79000", "2014-12-31": "824.62200", "2013-12-31": "682.11700", "2012-12-31": "573.39000", "2011-12-31": "195.04700", "2010-12-31": "9.70100", "2009-12-31": "0.00000"}, "Other Long-Term Assets": {"2019-12-31": "68.23300", "2018-12-31": "125.45100", "2017-12-31": "62.56900", "2016-12-31": "124.82600", "2015-12-31": "38.51500", "2014-12-31": "25.34900", "2013-12-31": "27.30700", "2012-12-31": "32.10000", "2011-12-31": "16.36600", "2010-12-31": "0.01800", "2009-12-31": ""}, "Total Long-Term Assets": {"2019-12-31": "6336.93100", "2018-12-31": "5722.08700", "2017-12-31": "5952.95200", "2016-12-31": "5596.79900", "2015-12-31": "3984.47200", "2014-12-31": "1932.81200", "2013-12-31": "1079.53300", "2012-12-31": "842.43190", "2011-12-31": "300.39100", "2010-12-31": "28.47100", "2009-12-31": ""}, "Total Assets": {"2019-12-31": "6879.14200", "2018-12-31": "6172.50400", "2017-12-31": "6424.50200", "2016-12-31": "6024.72600", "2015-12-31": "4279.20800", "2014-12-31": "2206.95500", "2013-12-31": "1224.65900", "2012-12-31": "983.41300", "2011-12-31": "412.99600", "2010-12-31": "45.39500", "2009-12-31": "0.00000"}, "Total Current Liabilities": {"2019-12-31": "463.57600", "2018-12-31": "416.37700", "2017-12-31": "377.38900", "2016-12-31": "342.86500", "2015-12-31": "290.20300", "2014-12-31": "165.93400", "2013-12-31": "114.69000", "2012-12-31": "71.85100", "2011-12-31": "40.66800", "2010-12-31": "18.05900", "2009-12-31": ""}, "Long Term Debt": {"2019-12-31": "3105.42000", "2018-12-31": "3159.37500", "2017-12-31": "3205.05800", "2016-12-31": "3253.00400", "2015-12-31": "2195.38400", "2014-12-31": "1052.67000", "2013-12-31": "601.94100", "2012-12-31": "465.63800", "2011-12-31": "270.70900", "2010-12-31": "", "2009-12-31": ""}, "Other Non-Current Liabilities": {"2019-12-31": "197.50200", "2018-12-31": "154.26700", "2017-12-31": "166.43400", "2016-12-31": "164.85900", "2015-12-31": "78.60200", "2014-12-31": "43.50600", "2013-12-31": "19.34700", "2012-12-31": "12.37600", "2011-12-31": "5.25400", "2010-12-31": "1.84500", "2009-12-31": ""}, "Total Long Term Liabilities": {"2019-12-31": "3910.18500", "2018-12-31": "3422.82000", "2017-12-31": "3474.24200", "2016-12-31": "3514.13700", "2015-12-31": "2305.97700", "2014-12-31": "1160.05600", "2013-12-31": "629.25900", "2012-12-31": "479.01200", "2011-12-31": "275.96300", "2010-12-31": "2.22900", "2009-12-31": ""}, "Total Liabilities": {"2019-12-31": "4373.76100", "2018-12-31": "3839.19700", "2017-12-31": "3851.63100", "2016-12-31": "3857.00200", "2015-12-31": "2596.18000", "2014-12-31": "1325.99000", "2013-12-31": "743.94900", "2012-12-31": "550.86300", "2011-12-31": "316.63100", "2010-12-31": "20.28800", "2009-12-31": "0.00000"}, "Common Stock Net": {"2019-12-31": "0.87700", "2018-12-31": "0.87400", "2017-12-31": "0.87100", "2016-12-31": "0.86700", "2015-12-31": "0.70700", "2014-12-31": "0.59200", "2013-12-31": "0.50100", "2012-12-31": "0.49900", "2011-12-31": "0.32100", "2010-12-31": "", "2009-12-31": "0.00000"}, "Retained Earnings (Accumulated Deficit)": {"2019-12-31": "361.74600", "2018-12-31": "252.82300", "2017-12-31": "428.57300", "2016-12-31": "220.13900", "2015-12-31": "213.99600", "2014-12-31": "101.44200", "2013-12-31": "18.40200", "2012-12-31": "-24.17700", "2011-12-31": "-44.58000", "2010-12-31": "", "2009-12-31": ""}, "Comprehensive Income": {"2019-12-31": "-414.88400", "2018-12-31": "-462.37700", "2017-12-31": "-374.11800", "2016-12-31": "-549.57000", "2015-12-31": "-104.64700", "2014-12-31": "-68.37000", "2013-12-31": "", "2012-12-31": "", "2011-12-31": "", "2010-12-31": "", "2009-12-31": ""}, "Other Share Holders Equity": {"2019-12-31": "", "2018-12-31": "", "2017-12-31": "", "2016-12-31": "", "2015-12-31": "", "2014-12-31": "", "2013-12-31": "", "2012-12-31": "", "2011-12-31": "", "2010-12-31": "25.10700", "2009-12-31": "0.00000"}, "Share Holder Equity": {"2019-12-31": "2505.38100", "2018-12-31": "2333.30700", "2017-12-31": "2572.87100", "2016-12-31": "2167.72400", "2015-12-31": "1683.02800", "2014-12-31": "880.96500", "2013-12-31": "480.71000", "2012-12-31": "432.55000", "2011-12-31": "96.36500", "2010-12-31": "25.10700", "2009-12-31": "0.00000"}, "Total Liabilities And Share Holders Equity": {"2019-12-31": "6879.14200", "2018-12-31": "6172.50400", "2017-12-31": "6424.50200", "2016-12-31": "6024.72600", "2015-12-31": "4279.20800", "2014-12-31": "2206.95500", "2013-12-31": "1224.65900", "2012-12-31": "983.41300", "2011-12-31": "412.99600", "2010-12-31": "45.39500", "2009-12-31": "0.00000"}}, "balance sheet, quarterly": {"Cash On Hand": {"2020-09-30": "338.70200", "2020-06-30": "211.93900", "2020-03-31": "81.00400", "2019-12-31": "124.19200", "2019-09-30": "92.90000", "2019-06-30": "43.54100", "2019-03-31": "43.68400", "2018-12-31": "50.51000", "2018-09-30": "48.92800", "2018-06-30": "79.46300", "2018-03-31": "57.80800", "2017-12-31": "67.29000", "2017-09-30": "75.66100", "2017-06-30": "79.43400", "2017-03-31": "43.08700", "2016-12-31": "57.06300", "2016-09-30": "27.75100", "2016-06-30": "30.71600", "2016-03-31": "36.58200", "2015-12-31": "11.21500", "2015-09-30": "50.76200", "2015-06-30": "34.57200", "2015-03-31": "38.03200", "2014-12-31": "94.04000", "2014-09-30": "42.17900", "2014-06-30": "277.74400", "2014-03-31": "7.24300", "2013-12-31": "4.56900", "2013-09-30": "4.03400", "2013-06-30": "7.39900", "2013-03-31": "99.77500", "2012-12-31": "49.39900", "2012-09-30": "11.71900", "2012-06-30": "120.17600", "2012-03-31": "0.84000", "2011-12-31": "61.11800", "2011-09-30": "1.25400", "2011-06-30": "", "2011-03-31": "", "2010-12-31": "", "2010-09-30": "", "2009-12-31": ""}, "Receivables": {"2020-09-30": "333.23100", "2020-06-30": "325.50700", "2020-03-31": "339.50500", "2019-12-31": "339.77500", "2019-09-30": "350.22500", "2019-06-30": "346.48900", "2019-03-31": "331.85100", "2018-12-31": "318.08700", "2018-09-30": "345.65900", "2018-06-30": "329.25600", "2018-03-31": "325.14800", "2017-12-31": "296.92500", "2017-09-30": "295.75600", "2017-06-30": "288.10600", "2017-03-31": "276.08900", "2016-12-31": "263.32700", "2016-09-30": "277.56800", "2016-06-30": "285.13200", "2016-03-31": "276.88000", "2015-12-31": "216.62600", "2015-09-30": "214.88300", "2015-06-30": "182.31500", "2015-03-31": "172.93800", "2014-12-31": "118.37800", "2014-09-30": "130.25300", "2014-06-30": "110.90400", "2014-03-31": "104.58500", "2013-12-31": "95.88500", "2013-09-30": "93.31100", "2013-06-30": "85.87200", "2013-03-31": "78.78000", "2012-12-31": "63.87000", "2012-09-30": "54.77700", "2012-06-30": "45.65800", "2012-03-31": "43.80200", "2011-12-31": "35.12700", "2011-09-30": "25.46900", "2011-06-30": "", "2011-03-31": "", "2010-12-31": "", "2010-09-30": "", "2009-12-31": ""}, "Inventory": {"2020-09-30": "", "2020-06-30": "", "2020-03-31": "", "2019-12-31": "", "2019-09-30": "", "2019-06-30": "", "2019-03-31": "", "2018-12-31": "", "2018-09-30": "", "2018-06-30": "", "2018-03-31": "", "2017-12-31": "", "2017-09-30": "", "2017-06-30": "", "2017-03-31": "", "2016-12-31": "", "2016-09-30": "", "2016-06-30": "", "2016-03-31": "", "2015-12-31": "", "2015-09-30": "", "2015-06-30": "", "2015-03-31": "", "2014-12-31": "", "2014-09-30": "", "2014-06-30": "", "2014-03-31": "", "2013-12-31": "", "2013-09-30": "", "2013-06-30": "", "2013-03-31": "", "2012-12-31": "", "2012-09-30": "", "2012-06-30": "", "2012-03-31": "", "2011-12-31": "", "2011-09-30": "", "2011-06-30": "", "2011-03-31": "", "2010-12-31": "", "2010-09-30": "", "2009-12-31": ""}, "Pre-Paid Expenses": {"2020-09-30": "", "2020-06-30": "", "2020-03-31": "", "2019-12-31": "", "2019-09-30": "", "2019-06-30": "", "2019-03-31": "", "2018-12-31": "", "2018-09-30": "", "2018-06-30": "", "2018-03-31": "", "2017-12-31": "", "2017-09-30": "", "2017-06-30": "", "2017-03-31": "", "2016-12-31": "", "2016-09-30": "", "2016-06-30": "", "2016-03-31": "", "2015-12-31": "", "2015-09-30": "", "2015-06-30": "", "2015-03-31": "", "2014-12-31": "", "2014-09-30": "", "2014-06-30": "", "2014-03-31": "", "2013-12-31": "", "2013-09-30": "", "2013-06-30": "", "2013-03-31": "", "2012-12-31": "", "2012-09-30": "", "2012-06-30": "", "2012-03-31": "", "2011-12-31": "", "2011-09-30": "", "2011-06-30": "", "2011-03-31": "", "2010-12-31": "", "2010-09-30": "", "2009-12-31": ""}, "Other Current Assets": {"2020-09-30": "84.47700", "2020-06-30": "73.49500", "2020-03-31": "82.44300", "2019-12-31": "78.24400", "2019-09-30": "93.78800", "2019-06-30": "81.46400", "2019-03-31": "76.97900", "2018-12-31": "81.82000", "2018-09-30": "96.14600", "2018-06-30": "80.50300", "2018-03-31": "120.93700", "2017-12-31": "107.33500", "2017-09-30": "92.40700", "2017-06-30": "91.97200", "2017-03-31": "104.83700", "2016-12-31": "107.53700", "2016-09-30": "87.62800", "2016-06-30": "76.51900", "2016-03-31": "79.80300", "2015-12-31": "66.89500", "2015-09-30": "75.33500", "2015-06-30": "70.32500", "2015-03-31": "77.59600", "2014-12-31": "41.57000", "2014-09-30": "37.62600", "2014-06-30": "48.19200", "2014-03-31": "28.18000", "2013-12-31": "28.96900", "2013-09-30": "32.51600", "2013-06-30": "19.98800", "2013-03-31": "21.16400", "2012-12-31": "16.33200", "2012-09-30": "15.30500", "2012-06-30": "12.88200", "2012-03-31": "11.89700", "2011-12-31": "10.12100", "2011-09-30": "9.63400", "2011-06-30": "", "2011-03-31": "", "2010-12-31": "", "2010-09-30": "", "2009-12-31": ""}, "Total Current Assets": {"2020-09-30": "756.41000", "2020-06-30": "610.94100", "2020-03-31": "502.95200", "2019-12-31": "542.21100", "2019-09-30": "536.91300", "2019-06-30": "471.49400", "2019-03-31": "452.51400", "2018-12-31": "450.41700", "2018-09-30": "490.73300", "2018-06-30": "489.22200", "2018-03-31": "503.89300", "2017-12-31": "471.55000", "2017-09-30": "463.82400", "2017-06-30": "459.51200", "2017-03-31": "424.01300", "2016-12-31": "427.92700", "2016-09-30": "392.94700", "2016-06-30": "392.36700", "2016-03-31": "393.26500", "2015-12-31": "294.73600", "2015-09-30": "378.27100", "2015-06-30": "325.90500", "2015-03-31": "325.37800", "2014-12-31": "274.14300", "2014-09-30": "229.84000", "2014-06-30": "449.59600", "2014-03-31": "157.03700", "2013-12-31": "145.12600", "2013-09-30": "142.88000", "2013-06-30": "127.08900", "2013-03-31": "212.29200", "2012-12-31": "140.98100", "2012-09-30": "87.03100", "2012-06-30": "184.13200", "2012-03-31": "62.22200", "2011-12-31": "112.60500", "2011-09-30": "36.35700", "2011-06-30": "", "2011-03-31": "", "2010-12-31": "", "2010-09-30": "", "2009-12-31": ""}, "Property, Plant, And Equipment": {"2020-09-30": "3253.72000", "2020-06-30": "3160.78400", "2020-03-31": "3151.73900", "2019-12-31": "3224.03400", "2019-09-30": "3131.41900", "2019-06-30": "3164.07600", "2019-03-31": "3173.05200", "2018-12-31": "3107.76600", "2018-09-30": "3126.64200", "2018-06-30": "3103.33100", "2018-03-31": "3151.52900", "2017-12-31": "3048.13000", "2017-09-30": "2966.21500", "2017-06-30": "2866.08600", "2017-03-31": "2749.53800", "2016-12-31": "2703.69500", "2016-09-30": "2786.64600", "2016-06-30": "3274.54000", "2016-03-31": "3337.76500", "2015-12-31": "1709.05300", "2015-09-30": "1624.16600", "2015-06-30": "1455.39000", "2015-03-31": "1229.67700", "2014-12-31": "1069.70000", "2014-09-30": "1026.37800", "2014-06-30": "419.38600", "2014-03-31": "403.36600", "2013-12-31": "370.10900", "2013-09-30": "329.73500", "2013-06-30": "312.14700", "2013-03-31": "268.53100", "2012-12-31": "236.94200", "2012-09-30": "155.18800", "2012-06-30": "112.84100", "2012-03-31": "98.29000", "2011-12-31": "82.97200", "2011-09-30": "57.78300", "2011-06-30": "", "2011-03-31": "", "2010-12-31": "", "2010-09-30": "", "2009-12-31": ""}, "Long-Term Investments": {"2020-09-30": "", "2020-06-30": "", "2020-03-31": "", "2019-12-31": "", "2019-09-30": "", "2019-06-30": "", "2019-03-31": "", "2018-12-31": "", "2018-09-30": "", "2018-06-30": "", "2018-03-31": "", "2017-12-31": "", "2017-09-30": "", "2017-06-30": "", "2017-03-31": "", "2016-12-31": "", "2016-09-30": "", "2016-06-30": "", "2016-03-31": "", "2015-12-31": "", "2015-09-30": "", "2015-06-30": "", "2015-03-31": "", "2014-12-31": "", "2014-09-30": "", "2014-06-30": "", "2014-03-31": "", "2013-12-31": "", "2013-09-30": "", "2013-06-30": "", "2013-03-31": "", "2012-12-31": "", "2012-09-30": "", "2012-06-30": "", "2012-03-31": "", "2011-12-31": "", "2011-09-30": "", "2011-06-30": "", "2011-03-31": "", "2010-12-31": "", "2010-09-30": "", "2009-12-31": ""}, "Goodwill And Intangible Assets": {"2020-09-30": "2550.74500", "2020-06-30": "2514.41900", "2020-03-31": "2515.75200", "2019-12-31": "2539.48800", "2019-09-30": "2513.26900", "2019-06-30": "2524.63800", "2019-03-31": "2531.79500", "2018-12-31": "2485.40200", "2018-09-30": "2821.20000", "2018-06-30": "2830.86900", "2018-03-31": "2870.43700", "2017-12-31": "2838.52200", "2017-09-30": "2817.31300", "2017-06-30": "2795.31500", "2017-03-31": "2767.50500", "2016-12-31": "2764.49800", "2016-09-30": "2786.39400", "2016-06-30": "2917.19700", "2016-03-31": "2873.95800", "2015-12-31": "2187.79000", "2015-09-30": "2040.11600", "2015-06-30": "2004.54200", "2015-03-31": "1962.56300", "2014-12-31": "824.62200", "2014-09-30": "826.26790", "2014-06-30": "686.54700", "2014-03-31": "686.15100", "2013-12-31": "682.11700", "2013-09-30": "666.19300", "2013-06-30": "649.58700", "2013-03-31": "581.83300", "2012-12-31": "573.39000", "2012-09-30": "347.15600", "2012-06-30": "271.51100", "2012-03-31": "270.80200", "2011-12-31": "195.04700", "2011-09-30": "165.96800", "2011-06-30": "0.00000", "2011-03-31": "0.00000", "2010-12-31": "", "2010-09-30": "0.00000", "2009-12-31": "0.00000"}, "Other Long-Term Assets": {"2020-09-30": "76.43200", "2020-06-30": "68.54800", "2020-03-31": "68.21700", "2019-12-31": "68.23300", "2019-09-30": "63.27200", "2019-06-30": "135.25500", "2019-03-31": "117.93300", "2018-12-31": "125.45100", "2018-09-30": "87.37900", "2018-06-30": "76.06100", "2018-03-31": "55.17200", "2017-12-31": "62.56900", "2017-09-30": "91.54500", "2017-06-30": "103.39000", "2017-03-31": "120.98400", "2016-12-31": "124.82600", "2016-09-30": "483.20000", "2016-06-30": "82.46600", "2016-03-31": "49.61800", "2015-12-31": "38.51500", "2015-09-30": "69.40800", "2015-06-30": "106.58200", "2015-03-31": "69.03300", "2014-12-31": "25.34900", "2014-09-30": "42.04900", "2014-06-30": "32.79600", "2014-03-31": "32.06600", "2013-12-31": "27.30700", "2013-09-30": "24.17800", "2013-06-30": "25.34900", "2013-03-31": "22.52100", "2012-12-31": "32.10000", "2012-09-30": "14.38300", "2012-06-30": "15.99400", "2012-03-31": "16.92200", "2011-12-31": "16.36600", "2011-09-30": "9.50100", "2011-06-30": "", "2011-03-31": "", "2010-12-31": "", "2010-09-30": "", "2009-12-31": ""}, "Total Long-Term Assets": {"2020-09-30": "6348.73500", "2020-06-30": "6222.28700", "2020-03-31": "6215.04300", "2019-12-31": "6336.93100", "2019-09-30": "6191.21200", "2019-06-30": "6318.92300", "2019-03-31": "6333.00300", "2018-12-31": "5722.08700", "2018-09-30": "6038.85100", "2018-06-30": "6013.92500", "2018-03-31": "6080.83600", "2017-12-31": "5952.95200", "2017-09-30": "5878.76200", "2017-06-30": "5768.51000", "2017-03-31": "5641.77700", "2016-12-31": "5596.79900", "2016-09-30": "6060.03100", "2016-06-30": "6292.13200", "2016-03-31": "6303.09400", "2015-12-31": "3984.47200", "2015-09-30": "3766.96800", "2015-06-30": "3600.48000", "2015-03-31": "3301.76700", "2014-12-31": "1932.81200", "2014-09-30": "1910.62800", "2014-06-30": "1142.95600", "2014-03-31": "1125.90800", "2013-12-31": "1079.53300", "2013-09-30": "1020.10600", "2013-06-30": "987.08300", "2013-03-31": "872.88500", "2012-12-31": "842.43190", "2012-09-30": "516.72700", "2012-06-30": "402.32100", "2012-03-31": "391.03000", "2011-12-31": "300.39100", "2011-09-30": "233.25200", "2011-06-30": "", "2011-03-31": "", "2010-12-31": "", "2010-09-30": "", "2009-12-31": ""}, "Total Assets": {"2020-09-30": "7105.14500", "2020-06-30": "6833.22800", "2020-03-31": "6717.99500", "2019-12-31": "6879.14200", "2019-09-30": "6728.12500", "2019-06-30": "6790.41800", "2019-03-31": "6785.51700", "2018-12-31": "6172.50400", "2018-09-30": "6529.58400", "2018-06-30": "6503.14700", "2018-03-31": "6584.72900", "2017-12-31": "6424.50200", "2017-09-30": "6342.58600", "2017-06-30": "6228.02200", "2017-03-31": "6065.79000", "2016-12-31": "6024.72600", "2016-09-30": "6452.97800", "2016-06-30": "6684.49900", "2016-03-31": "6696.35900", "2015-12-31": "4279.20800", "2015-09-30": "4145.23900", "2015-06-30": "3926.38500", "2015-03-31": "3627.14500", "2014-12-31": "2206.95500", "2014-09-30": "2140.46800", "2014-06-30": "1592.55200", "2014-03-31": "1282.94500", "2013-12-31": "1224.65900", "2013-09-30": "1162.98600", "2013-06-30": "1114.17200", "2013-03-31": "1085.17700", "2012-12-31": "983.41300", "2012-09-30": "603.75800", "2012-06-30": "586.45300", "2012-03-31": "453.25200", "2011-12-31": "412.99600", "2011-09-30": "269.60900", "2011-06-30": "0.00000", "2011-03-31": "0.00000", "2010-12-31": "0.00000", "2010-09-30": "0.00000", "2009-12-31": "0.00000"}, "Total Current Liabilities": {"2020-09-30": "601.33900", "2020-06-30": "527.36400", "2020-03-31": "579.58400", "2019-12-31": "463.57600", "2019-09-30": "458.20600", "2019-06-30": "430.68800", "2019-03-31": "424.67100", "2018-12-31": "416.37700", "2018-09-30": "390.74300", "2018-06-30": "394.11800", "2018-03-31": "389.64100", "2017-12-31": "377.38900", "2017-09-30": "341.20600", "2017-06-30": "346.96700", "2017-03-31": "335.85700", "2016-12-31": "342.86500", "2016-09-30": "380.23800", "2016-06-30": "419.80100", "2016-03-31": "408.81000", "2015-12-31": "290.20300", "2015-09-30": "264.45200", "2015-06-30": "243.10800", "2015-03-31": "230.66000", "2014-12-31": "165.93400", "2014-09-30": "142.54000", "2014-06-30": "102.66500", "2014-03-31": "97.90500", "2013-12-31": "114.69000", "2013-09-30": "101.27300", "2013-06-30": "86.67900", "2013-03-31": "70.77000", "2012-12-31": "71.85100", "2012-09-30": "57.82200", "2012-06-30": "44.30500", "2012-03-31": "46.72600", "2011-12-31": "40.66800", "2011-09-30": "36.40400", "2011-06-30": "", "2011-03-31": "", "2010-12-31": "", "2010-09-30": "", "2009-12-31": ""}, "Long Term Debt": {"2020-09-30": "3067.24300", "2020-06-30": "3078.44500", "2020-03-31": "2944.82000", "2019-12-31": "3105.42000", "2019-09-30": "3133.63500", "2019-06-30": "3206.86800", "2019-03-31": "3221.70900", "2018-12-31": "3159.37500", "2018-09-30": "3181.96200", "2018-06-30": "3187.78800", "2018-03-31": "3208.08800", "2017-12-31": "3205.05800", "2017-09-30": "3234.14600", "2017-06-30": "3240.47300", "2017-03-31": "3246.57700", "2016-12-31": "3253.00400", "2016-09-30": "3583.87900", "2016-06-30": "3578.38300", "2016-03-31": "3497.56900", "2015-12-31": "2195.38400", "2015-09-30": "2092.31700", "2015-06-30": "1914.55500", "2015-03-31": "2018.68100", "2014-12-31": "1052.67000", "2014-09-30": "1016.00200", "2014-06-30": "555.81200", "2014-03-31": "653.62600", "2013-12-31": "601.94100", "2013-09-30": "571.95500", "2013-06-30": "556.27600", "2013-03-31": "560.09800", "2012-12-31": "465.63800", "2012-09-30": "284.63200", "2012-06-30": "288.57300", "2012-03-31": "299.51400", "2011-12-31": "270.70900", "2011-09-30": "131.37500", "2011-06-30": "", "2011-03-31": "", "2010-12-31": "", "2010-09-30": "", "2009-12-31": ""}, "Other Non-Current Liabilities": {"2020-09-30": "193.67100", "2020-06-30": "125.23600", "2020-03-31": "135.78200", "2019-12-31": "197.50200", "2019-09-30": "141.18100", "2019-06-30": "124.31000", "2019-03-31": "122.18800", "2018-12-31": "154.26700", "2018-09-30": "165.66300", "2018-06-30": "160.80900", "2018-03-31": "183.79300", "2017-12-31": "166.43400", "2017-09-30": "179.32900", "2017-06-30": "171.67800", "2017-03-31": "165.99500", "2016-12-31": "164.85900", "2016-09-30": "147.15000", "2016-06-30": "151.62800", "2016-03-31": "124.49200", "2015-12-31": "78.60200", "2015-09-30": "87.00800", "2015-06-30": "82.21800", "2015-03-31": "81.38200", "2014-12-31": "43.50600", "2014-09-30": "30.57900", "2014-06-30": "20.95900", "2014-03-31": "19.86500", "2013-12-31": "19.34700", "2013-09-30": "18.24600", "2013-06-30": "18.11000", "2013-03-31": "13.62800", "2012-12-31": "12.37600", "2012-09-30": "6.57400", "2012-06-30": "7.23100", "2012-03-31": "6.33200", "2011-12-31": "5.25400", "2011-09-30": "24.84400", "2011-06-30": "", "2011-03-31": "", "2010-12-31": "", "2010-09-30": "", "2009-12-31": ""}, "Total Long Term Liabilities": {"2020-09-30": "3897.16700", "2020-06-30": "3802.52600", "2020-03-31": "3674.24400", "2019-12-31": "3910.18500", "2019-09-30": "3849.22800", "2019-06-30": "3937.38400", "2019-03-31": "3957.50300", "2018-12-31": "3422.82000", "2018-09-30": "3458.59200", "2018-06-30": "3455.72800", "2018-03-31": "3493.46900", "2017-12-31": "3474.24200", "2017-09-30": "3513.79500", "2017-06-30": "3504.19500", "2017-03-31": "3494.00000", "2016-12-31": "3514.13700", "2016-09-30": "3830.61900", "2016-06-30": "3828.41800", "2016-03-31": "3724.67900", "2015-12-31": "2305.97700", "2015-09-30": "2210.23500", "2015-06-30": "2016.97300", "2015-03-31": "2146.69800", "2014-12-31": "1160.05600", "2014-09-30": "1111.35200", "2014-06-30": "594.66500", "2014-03-31": "688.89000", "2013-12-31": "629.25900", "2013-09-30": "595.18000", "2013-06-30": "576.65300", "2013-03-31": "577.54800", "2012-12-31": "479.01200", "2012-09-30": "292.37300", "2012-06-30": "295.80400", "2012-03-31": "305.84600", "2011-12-31": "275.96300", "2011-09-30": "156.21900", "2011-06-30": "", "2011-03-31": "", "2010-12-31": "", "2010-09-30": "", "2009-12-31": ""}, "Total Liabilities": {"2020-09-30": "4498.50600", "2020-06-30": "4329.89000", "2020-03-31": "4253.82800", "2019-12-31": "4373.76100", "2019-09-30": "4307.43400", "2019-06-30": "4368.07200", "2019-03-31": "4382.17400", "2018-12-31": "3839.19700", "2018-09-30": "3849.33500", "2018-06-30": "3849.84600", "2018-03-31": "3883.11000", "2017-12-31": "3851.63100", "2017-09-30": "3855.00100", "2017-06-30": "3851.16200", "2017-03-31": "3829.85700", "2016-12-31": "3857.00200", "2016-09-30": "4210.85700", "2016-06-30": "4248.21900", "2016-03-31": "4133.48900", "2015-12-31": "2596.18000", "2015-09-30": "2474.68700", "2015-06-30": "2260.08100", "2015-03-31": "2377.35800", "2014-12-31": "1325.99000", "2014-09-30": "1253.89200", "2014-06-30": "697.33000", "2014-03-31": "786.79500", "2013-12-31": "743.94900", "2013-09-30": "696.45300", "2013-06-30": "663.33200", "2013-03-31": "648.31800", "2012-12-31": "550.86300", "2012-09-30": "350.19500", "2012-06-30": "340.10900", "2012-03-31": "352.57200", "2011-12-31": "316.63100", "2011-09-30": "192.62300", "2011-06-30": "0.00000", "2011-03-31": "0.00000", "2010-12-31": "", "2010-09-30": "0.00000", "2009-12-31": "0.00000"}, "Common Stock Net": {"2020-09-30": "0.87900", "2020-06-30": "0.87900", "2020-03-31": "0.87800", "2019-12-31": "0.87700", "2019-09-30": "0.87700", "2019-06-30": "0.87600", "2019-03-31": "0.87600", "2018-12-31": "0.87400", "2018-09-30": "0.87400", "2018-06-30": "0.87300", "2018-03-31": "0.87300", "2017-12-31": "0.87100", "2017-09-30": "0.87000", "2017-06-30": "0.87000", "2017-03-31": "0.86900", "2016-12-31": "0.86700", "2016-09-30": "0.86600", "2016-06-30": "0.86500", "2016-03-31": "0.86500", "2015-12-31": "0.70700", "2015-09-30": "0.70700", "2015-06-30": "0.70600", "2015-03-31": "0.65400", "2014-12-31": "0.59200", "2014-09-30": "0.59200", "2014-06-30": "0.59200", "2014-03-31": "0.50200", "2013-12-31": "0.50100", "2013-09-30": "0.50000", "2013-06-30": "0.50000", "2013-03-31": "0.50000", "2012-12-31": "0.49900", "2012-09-30": "0.41800", "2012-06-30": "0.41700", "2012-03-31": "0.32100", "2011-12-31": "0.32100", "2011-09-30": "0.17600", "2011-06-30": "0.00000", "2011-03-31": "0.00000", "2010-12-31": "", "2010-09-30": "0.00000", "2009-12-31": "0.00000"}, "Retained Earnings (Accumulated Deficit)": {"2020-09-30": "473.28600", "2020-06-30": "436.28800", "2020-03-31": "395.20900", "2019-12-31": "361.74600", "2019-09-30": "373.00000", "2019-06-30": "330.43400", "2019-03-31": "282.29400", "2018-12-31": "252.82300", "2018-09-30": "584.46000", "2018-06-30": "538.22800", "2018-03-31": "479.39200", "2017-12-31": "428.57300", "2017-09-30": "358.94400", "2017-06-30": "313.32600", "2017-03-31": "263.69600", "2016-12-31": "220.13900", "2016-09-30": "178.32100", "2016-06-30": "296.12900", "2016-03-31": "239.68400", "2015-12-31": "213.99600", "2015-09-30": "179.43000", "2015-06-30": "149.88000", "2015-03-31": "116.03600", "2014-12-31": "101.44200", "2014-09-30": "79.31300", "2014-06-30": "53.91100", "2014-03-31": "31.46000", "2013-12-31": "18.40200", "2013-09-30": "6.12200", "2013-06-30": "-8.24200", "2013-03-31": "-20.43900", "2012-12-31": "-24.17700", "2012-09-30": "-28.54200", "2012-06-30": "-34.99200", "2012-03-31": "-40.90100", "2011-12-31": "-44.58000", "2011-09-30": "-28.67100", "2011-06-30": "", "2011-03-31": "", "2010-12-31": "", "2010-09-30": "", "2009-12-31": ""}, "Comprehensive Income": {"2020-09-30": "-440.11300", "2020-06-30": "-500.87900", "2020-03-31": "-493.13800", "2019-12-31": "-414.88400", "2019-09-30": "-507.99400", "2019-06-30": "-459.61700", "2019-03-31": "-426.58600", "2018-12-31": "-462.37700", "2018-09-30": "-440.46200", "2018-06-30": "-415.88300", "2018-03-31": "-301.39100", "2017-12-31": "-374.11800", "2017-09-30": "-385.18000", "2017-06-30": "-445.40000", "2017-03-31": "-528.39200", "2016-12-31": "-549.57000", "2016-09-30": "-425.86900", "2016-06-30": "-342.61100", "2016-03-31": "-153.06200", "2015-12-31": "-104.64700", "2015-09-30": "-84.29300", "2015-06-30": "-51.58600", "2015-03-31": "-97.75900", "2014-12-31": "-68.37000", "2014-09-30": "-36.85700", "2014-06-30": "", "2014-03-31": "", "2013-12-31": "", "2013-09-30": "", "2013-06-30": "", "2013-03-31": "", "2012-12-31": "", "2012-09-30": "", "2012-06-30": "", "2012-03-31": "", "2011-12-31": "", "2011-09-30": "", "2011-06-30": "", "2011-03-31": "", "2010-12-31": "", "2010-09-30": "", "2009-12-31": ""}, "Other Share Holders Equity": {"2020-09-30": "", "2020-06-30": "", "2020-03-31": "", "2019-12-31": "", "2019-09-30": "", "2019-06-30": "", "2019-03-31": "", "2018-12-31": "", "2018-09-30": "", "2018-06-30": "", "2018-03-31": "", "2017-12-31": "", "2017-09-30": "", "2017-06-30": "", "2017-03-31": "", "2016-12-31": "", "2016-09-30": "", "2016-06-30": "", "2016-03-31": "", "2015-12-31": "", "2015-09-30": "", "2015-06-30": "", "2015-03-31": "", "2014-12-31": "", "2014-09-30": "", "2014-06-30": "", "2014-03-31": "", "2013-12-31": "", "2013-09-30": "", "2013-06-30": "", "2013-03-31": "", "2012-12-31": "", "2012-09-30": "", "2012-06-30": "", "2012-03-31": "", "2011-12-31": "", "2011-09-30": "", "2011-06-30": "0.00000", "2011-03-31": "0.00000", "2010-12-31": "", "2010-09-30": "0.00000", "2009-12-31": "0.00000"}, "Share Holder Equity": {"2020-09-30": "2606.63900", "2020-06-30": "2503.33800", "2020-03-31": "2464.16700", "2019-12-31": "2505.38100", "2019-09-30": "2420.69100", "2019-06-30": "2422.34600", "2019-03-31": "2403.34300", "2018-12-31": "2333.30700", "2018-09-30": "2680.24900", "2018-06-30": "2653.30100", "2018-03-31": "2701.61900", "2017-12-31": "2572.87100", "2017-09-30": "2487.58500", "2017-06-30": "2376.86000", "2017-03-31": "2235.93300", "2016-12-31": "2167.72400", "2016-09-30": "2242.12100", "2016-06-30": "2436.28000", "2016-03-31": "2562.87000", "2015-12-31": "1683.02800", "2015-09-30": "1670.55200", "2015-06-30": "1666.30400", "2015-03-31": "1249.78700", "2014-12-31": "880.96500", "2014-09-30": "886.57600", "2014-06-30": "895.22200", "2014-03-31": "496.15000", "2013-12-31": "480.71000", "2013-09-30": "466.53300", "2013-06-30": "450.84000", "2013-03-31": "436.85900", "2012-12-31": "432.55000", "2012-09-30": "253.56300", "2012-06-30": "246.34400", "2012-03-31": "100.68000", "2011-12-31": "96.36500", "2011-09-30": "76.98600", "2011-06-30": "0.00000", "2011-03-31": "0.00000", "2010-12-31": "", "2010-09-30": "0.00000", "2009-12-31": "0.00000"}, "Total Liabilities And Share Holders Equity": {"2020-09-30": "7105.14500", "2020-06-30": "6833.22800", "2020-03-31": "6717.99500", "2019-12-31": "6879.14200", "2019-09-30": "6728.12500", "2019-06-30": "6790.41800", "2019-03-31": "6785.51700", "2018-12-31": "6172.50400", "2018-09-30": "6529.58400", "2018-06-30": "6503.14700", "2018-03-31": "6584.72900", "2017-12-31": "6424.50200", "2017-09-30": "6342.58600", "2017-06-30": "6228.02200", "2017-03-31": "6065.79000", "2016-12-31": "6024.72600", "2016-09-30": "6452.97800", "2016-06-30": "6684.49900", "2016-03-31": "6696.35900", "2015-12-31": "4279.20800", "2015-09-30": "4145.23900", "2015-06-30": "3926.38500", "2015-03-31": "3627.14500", "2014-12-31": "2206.95500", "2014-09-30": "2140.46800", "2014-06-30": "1592.55200", "2014-03-31": "1282.94500", "2013-12-31": "1224.65900", "2013-09-30": "1162.98600", "2013-06-30": "1114.17200", "2013-03-31": "1085.17700", "2012-12-31": "983.41300", "2012-09-30": "603.75800", "2012-06-30": "586.45300", "2012-03-31": "453.25200", "2011-12-31": "412.99600", "2011-09-30": "269.60900", "2011-06-30": "0.00000", "2011-03-31": "0.00000", "2010-12-31": "", "2010-09-30": "0.00000", "2009-12-31": "0.00000"}}, "cash flow statement": {"Net Income/Loss": {"2019-12-31": "110.12200", "2018-12-31": "-175.48600", "2017-12-31": "199.58900", "2016-12-31": "4.17600", "2015-12-31": "111.47600", "2014-12-31": "83.04000", "2013-12-31": "42.57900", "2012-12-31": "20.40300", "2011-12-31": "-34.89200", "2010-12-31": "6.21000", "2009-12-31": "2.87700"}, "Total Depreciation And Amortization - Cash Flow": {"2019-12-31": "176.03100", "2018-12-31": "169.28800", "2017-12-31": "152.86500", "2016-12-31": "145.42700", "2015-12-31": "70.25900", "2014-12-31": "35.86500", "2013-12-31": "19.35400", "2012-12-31": "10.48900", "2011-12-31": "5.54900", "2010-12-31": "0.97600", "2009-12-31": "0.99700"}, "Other Non-Cash Items": {"2019-12-31": "77.50800", "2018-12-31": "383.89000", "2017-12-31": "65.36800", "2016-12-31": "233.99000", "2015-12-31": "76.59800", "2014-12-31": "2.49300", "2013-12-31": "25.62600", "2012-12-31": "4.80100", "2011-12-31": "10.64500", "2010-12-31": "2.67000", "2009-12-31": "2.42400"}, "Total Non-Cash Items": {"2019-12-31": "253.53900", "2018-12-31": "553.17800", "2017-12-31": "218.23300", "2016-12-31": "379.41700", "2015-12-31": "146.85700", "2014-12-31": "38.35800", "2013-12-31": "44.98000", "2012-12-31": "15.29000", "2011-12-31": "16.19400", "2010-12-31": "3.64600", "2009-12-31": "3.42100"}, "Change In Accounts Receivable": {"2019-12-31": "-19.06000", "2018-12-31": "-16.82100", "2017-12-31": "-28.57000", "2016-12-31": "-15.71800", "2015-12-31": "-24.95400", "2014-12-31": "-15.11000", "2013-12-31": "-21.24200", "2012-12-31": "-10.34400", "2011-12-31": "-1.67500", "2010-12-31": "-2.17400", "2009-12-31": "-2.99400"}, "Change In Inventories": {"2019-12-31": "", "2018-12-31": "", "2017-12-31": "", "2016-12-31": "", "2015-12-31": "", "2014-12-31": "", "2013-12-31": "", "2012-12-31": "", "2011-12-31": "", "2010-12-31": "", "2009-12-31": ""}, "Change In Accounts Payable": {"2019-12-31": "", "2018-12-31": "", "2017-12-31": "", "2016-12-31": "", "2015-12-31": "", "2014-12-31": "", "2013-12-31": "", "2012-12-31": "", "2011-12-31": "", "2010-12-31": "", "2009-12-31": ""}, "Change In Assets/Liabilities": {"2019-12-31": "9.65700", "2018-12-31": "27.15500", "2017-12-31": "20.43800", "2016-12-31": "-29.09000", "2015-12-31": "0.15600", "2014-12-31": "6.20500", "2013-12-31": "0.09300", "2012-12-31": "8.06400", "2011-12-31": "-3.61900", "2010-12-31": "-0.02800", "2009-12-31": "0.79800"}, "Total Change In Assets/Liabilities": {"2019-12-31": "-30.75700", "2018-12-31": "36.38800", "2017-12-31": "-18.24500", "2016-12-31": "-22.11500", "2015-12-31": "-17.93000", "2014-12-31": "-6.11200", "2013-12-31": "-21.99700", "2012-12-31": "-1.79500", "2011-12-31": "-1.96800", "2010-12-31": "-1.66100", "2009-12-31": "-0.13000"}, "Cash Flow From Operating Activities": {"2019-12-31": "332.90400", "2018-12-31": "414.08000", "2017-12-31": "399.57700", "2016-12-31": "361.47800", "2015-12-31": "240.40300", "2014-12-31": "115.28600", "2013-12-31": "65.56200", "2012-12-31": "33.89800", "2011-12-31": "-20.66600", "2010-12-31": "8.19500", "2009-12-31": "6.16800"}, "Net Change In Property, Plant, And Equipment": {"2019-12-31": "-274.22400", "2018-12-31": "-351.59700", "2017-12-31": "-309.98200", "2016-12-31": "-348.22900", "2015-12-31": "-302.66900", "2014-12-31": "-136.42100", "2013-12-31": "-77.03300", "2012-12-31": "-471.06800", "2011-12-31": "-18.26400", "2010-12-31": "-1.49500", "2009-12-31": "-0.33400"}, "Net Change In Intangible Assets": {"2019-12-31": "", "2018-12-31": "", "2017-12-31": "", "2016-12-31": "", "2015-12-31": "", "2014-12-31": "", "2013-12-31": "", "2012-12-31": "", "2011-12-31": "", "2010-12-31": "", "2009-12-31": ""}, "Net Acquisitions/Divestitures": {"2019-12-31": "-45.67700", "2018-12-31": "", "2017-12-31": "-18.19100", "2016-12-31": "-310.18900", "2015-12-31": "-574.77700", "2014-12-31": "-738.70200", "2013-12-31": "-164.01900", "2012-12-31": "-53.15900", "2011-12-31": "-206.37900", "2010-12-31": "", "2009-12-31": "-3.14200"}, "Net Change In Short-term Investments": {"2019-12-31": "", "2018-12-31": "", "2017-12-31": "", "2016-12-31": "", "2015-12-31": "", "2014-12-31": "", "2013-12-31": "", "2012-12-31": "", "2011-12-31": "", "2010-12-31": "", "2009-12-31": ""}, "Net Change In Long-Term Investments": {"2019-12-31": "", "2018-12-31": "", "2017-12-31": "", "2016-12-31": "", "2015-12-31": "", "2014-12-31": "", "2013-12-31": "", "2012-12-31": "", "2011-12-31": "", "2010-12-31": "", "2009-12-31": ""}, "Net Change In Investments - Total": {"2019-12-31": "", "2018-12-31": "", "2017-12-31": "", "2016-12-31": "", "2015-12-31": "", "2014-12-31": "", "2013-12-31": "", "2012-12-31": "", "2011-12-31": "", "2010-12-31": "", "2009-12-31": ""}, "Investing Activities - Other": {"2019-12-31": "118.76000", "2018-12-31": "-9.36700", "2017-12-31": "-8.35300", "2016-12-31": "-1.94700", "2015-12-31": "-7.02500", "2014-12-31": "14.34900", "2013-12-31": "-1.92600", "2012-12-31": "-0.41700", "2011-12-31": "-0.92700", "2010-12-31": "-0.00300", "2009-12-31": "0.06500"}, "Cash Flow From Investing Activities": {"2019-12-31": "-201.14100", "2018-12-31": "-360.96400", "2017-12-31": "-336.52600", "2016-12-31": "-660.36500", "2015-12-31": "-884.47100", "2014-12-31": "-860.77400", "2013-12-31": "-242.97800", "2012-12-31": "-524.64400", "2011-12-31": "-225.57000", "2010-12-31": "-1.49800", "2009-12-31": "-3.41100"}, "Net Long-Term Debt": {"2019-12-31": "-52.98400", "2018-12-31": "-61.65800", "2017-12-31": "-57.30500", "2016-12-31": "-276.92410", "2015-12-31": "266.58800", "2014-12-31": "481.30500", "2013-12-31": "143.32000", "2012-12-31": "170.06300", "2011-12-31": "267.43800", "2010-12-31": "-0.27500", "2009-12-31": "-0.81300"}, "Net Current Debt": {"2019-12-31": "", "2018-12-31": "", "2017-12-31": "", "2016-12-31": "", "2015-12-31": "", "2014-12-31": "", "2013-12-31": "", "2012-12-31": "", "2011-12-31": "", "2010-12-31": "", "2009-12-31": ""}, "Debt Issuance/Retirement Net - Total": {"2019-12-31": "-52.98400", "2018-12-31": "-61.65800", "2017-12-31": "-57.30500", "2016-12-31": "-276.92410", "2015-12-31": "266.58800", "2014-12-31": "481.30500", "2013-12-31": "143.32000", "2012-12-31": "170.06300", "2011-12-31": "267.43800", "2010-12-31": "-0.27500", "2009-12-31": "-0.81300"}, "Net Common Equity Issued/Repurchased": {"2019-12-31": "-1.64900", "2018-12-31": "-3.40700", "2017-12-31": "-3.45500", "2016-12-31": "676.25100", "2015-12-31": "323.54600", "2014-12-31": "370.33200", "2013-12-31": "-1.44700", "2012-12-31": "312.80100", "2011-12-31": "67.20000", "2010-12-31": "", "2009-12-31": ""}, "Net Total Equity Issued/Repurchased": {"2019-12-31": "-1.64900", "2018-12-31": "-3.40700", "2017-12-31": "-3.45500", "2016-12-31": "676.25100", "2015-12-31": "323.54600", "2014-12-31": "370.33200", "2013-12-31": "-1.44700", "2012-12-31": "312.80100", "2011-12-31": "67.20000", "2010-12-31": "", "2009-12-31": ""}, "Total Common And Preferred Stock Dividends Paid": {"2019-12-31": "-0.15400", "2018-12-31": "", "2017-12-31": "", "2016-12-31": "", "2015-12-31": "", "2014-12-31": "", "2013-12-31": "", "2012-12-31": "", "2011-12-31": "", "2010-12-31": "", "2009-12-31": ""}, "Financial Activities - Other": {"2019-12-31": "-6.84000", "2018-12-31": "-2.26500", "2017-12-31": "0.68600", "2016-12-31": "-40.48600", "2015-12-31": "-26.53200", "2014-12-31": "-13.66500", "2013-12-31": "-9.28700", "2012-12-31": "-3.83700", "2011-12-31": "-35.89800", "2010-12-31": "-2.29700", "2009-12-31": "2.50000"}, "Cash Flow From Financial Activities": {"2019-12-31": "-61.62700", "2018-12-31": "-67.33000", "2017-12-31": "-60.07400", "2016-12-31": "358.84100", "2015-12-31": "563.60200", "2014-12-31": "837.97200", "2013-12-31": "132.58600", "2012-12-31": "479.02700", "2011-12-31": "298.74000", "2010-12-31": "-2.57200", "2009-12-31": "1.68700"}, "Net Cash Flow": {"2019-12-31": "73.68200", "2018-12-31": "-16.78000", "2017-12-31": "10.22700", "2016-12-31": "45.84800", "2015-12-31": "-82.82500", "2014-12-31": "89.47100", "2013-12-31": "-44.83000", "2012-12-31": "-11.71900", "2011-12-31": "52.50400", "2010-12-31": "4.12500", "2009-12-31": "4.44400"}, "Stock-Based Compensation": {"2019-12-31": "17.30700", "2018-12-31": "22.00100", "2017-12-31": "23.46700", "2016-12-31": "28.34500", "2015-12-31": "20.47200", "2014-12-31": "10.05800", "2013-12-31": "5.24900", "2012-12-31": "2.26700", "2011-12-31": "17.32000", "2010-12-31": "", "2009-12-31": ""}, "Common Stock Dividends Paid": {"2019-12-31": "-0.15400", "2018-12-31": "", "2017-12-31": "", "2016-12-31": "", "2015-12-31": "", "2014-12-31": "", "2013-12-31": "", "2012-12-31": "", "2011-12-31": "", "2010-12-31": "", "2009-12-31": ""}}, "cash flow statement, quarterly": {"Net Income/Loss": {"2020-09-30": 37.561, "2020-06-30": 41.714, "2020-03-31": "34.06700", "2019-12-31": -10.313, "2019-09-30": 42.723, "2019-06-30": 48.201, "2019-03-31": "29.51100", "2018-12-31": -331.529, "2018-09-30": 46.279, "2018-06-30": 58.89, "2018-03-31": "50.87400", "2017-12-31": 69.689, "2017-09-30": 45.489, "2017-06-30": 49.638, "2017-03-31": "34.77300", "2016-12-31": 41.426, "2016-09-30": -118.21, "2016-06-30": 55.591, "2016-03-31": "25.36900", "2015-12-31": 33.952, "2015-09-30": 29.086, "2015-06-30": 33.844, "2015-03-31": "14.59400", "2014-12-31": 22.129, "2014-09-30": 25.402, "2014-06-30": 22.451, "2014-03-31": "13.05800", "2013-12-31": 12.28, "2013-09-30": 14.364, "2013-06-30": 12.197, "2013-03-31": "3.73800", "2012-12-31": 4.365, "2012-09-30": 6.45, "2012-06-30": 5.909, "2012-03-31": "3.67900", "2011-12-31": -15.909, "2011-09-30": 3.123, "2011-06-30": -21.857, "2011-03-31": "-0.24900", "2010-12-31": 0.524, "2010-09-30": 2.816, "2009-12-31": 2.87}, "Total Depreciation And Amortization - Cash Flow": {"2020-09-30": 46.226, "2020-06-30": 44.777, "2020-03-31": "44.73000", "2019-12-31": 44.828, "2019-09-30": 43.659, "2019-06-30": 44.076, "2019-03-31": "43.46800", "2018-12-31": 42.165, "2018-09-30": 42.298, "2018-06-30": 42.527, "2018-03-31": "42.29800", "2017-12-31": 40.269, "2017-09-30": 38.937, "2017-06-30": 37.65, "2017-03-31": "36.00900", "2016-12-31": 36.568, "2016-09-30": 39.176, "2016-06-30": 39.561, "2016-03-31": "30.12200", "2015-12-31": 20.322, "2015-09-30": 18.689, "2015-06-30": 16.676, "2015-03-31": "14.57200", "2014-12-31": 11.94, "2014-09-30": 11.22, "2014-06-30": 6.625, "2014-03-31": "6.08000", "2013-12-31": 5.42, "2013-09-30": 4.99, "2013-06-30": 4.782, "2013-03-31": "4.16200", "2012-12-31": 3.288, "2012-09-30": 2.721, "2012-06-30": 2.283, "2012-03-31": "2.19700", "2011-12-31": 1.757, "2011-09-30": 1.257, "2011-06-30": 2.292, "2011-03-31": "0.24300", "2010-12-31": 0.242, "2010-09-30": -0.262, "2009-12-31": 0.99}, "Other Non-Cash Items": {"2020-09-30": 47.43, "2020-06-30": 18.793, "2020-03-31": "16.15800", "2019-12-31": 53.592, "2019-09-30": 11.443, "2019-06-30": 4.851, "2019-03-31": "7.62200", "2018-12-31": 364.938, "2018-09-30": 7.474, "2018-06-30": 0.966, "2018-03-31": "10.51200", "2017-12-31": 6.724, "2017-09-30": 20.177, "2017-06-30": 25.664, "2017-03-31": "12.80300", "2016-12-31": 14.31, "2016-09-30": 191.792, "2016-06-30": 11.994, "2016-03-31": "15.89400", "2015-12-31": 21.632, "2015-09-30": 18.884, "2015-06-30": 12.507, "2015-03-31": "23.57500", "2014-12-31": 5.979, "2014-09-30": -3.001, "2014-06-30": -4.487, "2014-03-31": "4.00200", "2013-12-31": 1.94, "2013-09-30": 6.485, "2013-06-30": 4.731, "2013-03-31": "12.47000", "2012-12-31": -4.669, "2012-09-30": 3.781, "2012-06-30": 4.38, "2012-03-31": "1.30900", "2011-12-31": -10.279, "2011-09-30": 1.643, "2011-06-30": 18.3, "2011-03-31": "0.98100", "2010-12-31": -1.275, "2010-09-30": 1.845, "2009-12-31": 0}, "Total Non-Cash Items": {"2020-09-30": 93.656, "2020-06-30": 63.57, "2020-03-31": "60.88800", "2019-12-31": 98.42, "2019-09-30": 55.102, "2019-06-30": 48.927, "2019-03-31": "51.09000", "2018-12-31": 407.103, "2018-09-30": 49.772, "2018-06-30": 43.493, "2018-03-31": "52.81000", "2017-12-31": 46.993, "2017-09-30": 59.114, "2017-06-30": 63.314, "2017-03-31": "48.81200", "2016-12-31": 50.878, "2016-09-30": 230.968, "2016-06-30": 51.555, "2016-03-31": "46.01600", "2015-12-31": 41.954, "2015-09-30": 37.573, "2015-06-30": 29.183, "2015-03-31": "38.14700", "2014-12-31": 17.919, "2014-09-30": 8.219, "2014-06-30": 2.138, "2014-03-31": "10.08200", "2013-12-31": 7.36, "2013-09-30": 11.475, "2013-06-30": 9.513, "2013-03-31": "16.63200", "2012-12-31": -1.381, "2012-09-30": 6.502, "2012-06-30": 6.663, "2012-03-31": "3.50600", "2011-12-31": -8.522, "2011-09-30": 2.9, "2011-06-30": 20.592, "2011-03-31": "1.22400", "2010-12-31": -1.033, "2010-09-30": 1.583, "2009-12-31": 0.99}, "Change In Accounts Receivable": {"2020-09-30": -5.674, "2020-06-30": 13.894, "2020-03-31": "-2.82800", "2019-12-31": 13.896, "2019-09-30": -5.287, "2019-06-30": -15.689, "2019-03-31": "-11.98000", "2018-12-31": 26.431, "2018-09-30": -17.148, "2018-06-30": -7.311, "2018-03-31": "-18.79300", "2017-12-31": 0.111, "2017-09-30": -6.277, "2017-06-30": -9.945, "2017-03-31": "-12.45900", "2016-12-31": -3.139, "2016-09-30": 6.403, "2016-06-30": -15.233, "2016-03-31": "-3.74900", "2015-12-31": 3.951, "2015-09-30": -18.463, "2015-06-30": -3.485, "2015-03-31": "-6.95700", "2014-12-31": 10.285, "2014-09-30": -10.092, "2014-06-30": -6.609, "2014-03-31": "-8.69400", "2013-12-31": -2.864, "2013-09-30": -7.821, "2013-06-30": -1.035, "2013-03-31": "-9.52200", "2012-12-31": 3.253, "2012-09-30": -6.905, "2012-06-30": -2.006, "2012-03-31": "-4.68600", "2011-12-31": 2.403, "2011-09-30": -3.093, "2011-06-30": 1.024, "2011-03-31": "-2.00900", "2010-12-31": 2.202, "2010-09-30": -2.202, "2009-12-31": 0}, "Change In Inventories": {"2020-09-30": 0, "2020-06-30": 0, "2020-03-31": "", "2019-12-31": 0, "2019-09-30": 0, "2019-06-30": 0, "2019-03-31": "", "2018-12-31": 0, "2018-09-30": 0, "2018-06-30": 0, "2018-03-31": "", "2017-12-31": 0, "2017-09-30": 0, "2017-06-30": 0, "2017-03-31": "", "2016-12-31": 0, "2016-09-30": 0, "2016-06-30": 0, "2016-03-31": "", "2015-12-31": 0, "2015-09-30": 0, "2015-06-30": 0, "2015-03-31": "", "2014-12-31": 0, "2014-09-30": 0, "2014-06-30": 0, "2014-03-31": "", "2013-12-31": 0, "2013-09-30": 0, "2013-06-30": 0, "2013-03-31": "", "2012-12-31": 0, "2012-09-30": 0, "2012-06-30": 0, "2012-03-31": "", "2011-12-31": 0, "2011-09-30": 0, "2011-06-30": 0, "2011-03-31": "", "2010-12-31": 0, "2010-09-30": 0, "2009-12-31": 0}, "Change In Accounts Payable": {"2020-09-30": 49.829, "2020-06-30": 62.678, "2020-03-31": "-21.75500", "2019-12-31": 35.61, "2019-09-30": -24.55, "2019-06-30": 4.641, "2019-03-31": "-15.70100", "2018-12-31": 0, "2018-09-30": 0, "2018-06-30": 0, "2018-03-31": "", "2017-12-31": 0, "2017-09-30": 0, "2017-06-30": 0, "2017-03-31": "", "2016-12-31": 0, "2016-09-30": 0, "2016-06-30": -7.498, "2016-03-31": "7.49800", "2015-12-31": 0, "2015-09-30": 0, "2015-06-30": 0, "2015-03-31": "", "2014-12-31": 0, "2014-09-30": 0, "2014-06-30": 0, "2014-03-31": "", "2013-12-31": 0, "2013-09-30": 0, "2013-06-30": 0, "2013-03-31": "", "2012-12-31": 0, "2012-09-30": 0, "2012-06-30": 0, "2012-03-31": "", "2011-12-31": 0, "2011-09-30": 0, "2011-06-30": 0, "2011-03-31": "", "2010-12-31": 0.303, "2010-09-30": -0.303, "2009-12-31": 0}, "Change In Assets/Liabilities": {"2020-09-30": 31.924, "2020-06-30": 37.542, "2020-03-31": "-24.82600", "2019-12-31": 3.116, "2019-09-30": 16.855, "2019-06-30": -1.067, "2019-03-31": "-9.24700", "2018-12-31": 9.068, "2018-09-30": 1.802, "2018-06-30": 25.458, "2018-03-31": "-9.17300", "2017-12-31": -4.835, "2017-09-30": 6.907, "2017-06-30": 15.485, "2017-03-31": "2.88100", "2016-12-31": -7.97, "2016-09-30": -15.328, "2016-06-30": 10.678, "2016-03-31": "-16.47000", "2015-12-31": 3.277, "2015-09-30": 6.751, "2015-06-30": 18.964, "2015-03-31": "-28.83600", "2014-12-31": -5.808, "2014-09-30": 13.9, "2014-06-30": 3.374, "2014-03-31": "-5.26100", "2013-12-31": 6.002, "2013-09-30": -2.593, "2013-06-30": 5.594, "2013-03-31": "-8.91000", "2012-12-31": 8.658, "2012-09-30": -0.88, "2012-06-30": 1.334, "2012-03-31": "-1.04800", "2011-12-31": -3.325, "2011-09-30": -1.531, "2011-06-30": 2.461, "2011-03-31": "-1.22400", "2010-12-31": -0.644, "2010-09-30": 0.644, "2009-12-31": 0}, "Total Change In Assets/Liabilities": {"2020-09-30": 76.079, "2020-06-30": 114.114, "2020-03-31": "-49.40900", "2019-12-31": 31.268, "2019-09-30": -12.982, "2019-06-30": -12.115, "2019-03-31": "-36.92800", "2018-12-31": 52.323, "2018-09-30": -27.182, "2018-06-30": 42.581, "2018-03-31": "-31.33400", "2017-12-31": 11.544, "2017-09-30": -20.858, "2017-06-30": 17.64, "2017-03-31": "-26.57100", "2016-12-31": 9.517, "2016-09-30": -35.959, "2016-06-30": 17.048, "2016-03-31": "-12.72100", "2015-12-31": 22.412, "2015-09-30": -15.715, "2015-06-30": 9.892, "2015-03-31": "-34.51900", "2014-12-31": 6.192, "2014-09-30": 6.186, "2014-06-30": -2.696, "2014-03-31": "-15.79400", "2013-12-31": -0.306, "2013-09-30": -8.856, "2013-06-30": 6.594, "2013-03-31": "-19.42900", "2012-12-31": 7.579, "2012-09-30": -0.163, "2012-06-30": -6.961, "2012-03-31": "-2.25000", "2011-12-31": -3.804, "2011-09-30": -2.032, "2011-06-30": 4.253, "2011-03-31": "-0.38500", "2010-12-31": 1.126, "2010-09-30": -2.656, "2009-12-31": -0.13}, "Cash Flow From Operating Activities": {"2020-09-30": 207.296, "2020-06-30": 219.398, "2020-03-31": "45.54600", "2019-12-31": 119.375, "2019-09-30": 84.843, "2019-06-30": 85.013, "2019-03-31": "43.67300", "2018-12-31": 127.897, "2018-09-30": 68.869, "2018-06-30": 144.964, "2018-03-31": "72.35000", "2017-12-31": 128.226, "2017-09-30": 83.745, "2017-06-30": 130.592, "2017-03-31": "57.01400", "2016-12-31": 101.821, "2016-09-30": 76.799, "2016-06-30": 124.194, "2016-03-31": "58.66400", "2015-12-31": 98.318, "2015-09-30": 50.944, "2015-06-30": 72.919, "2015-03-31": "18.22200", "2014-12-31": 46.24, "2014-09-30": 39.807, "2014-06-30": 21.893, "2014-03-31": "7.34600", "2013-12-31": 19.334, "2013-09-30": 16.983, "2013-06-30": 28.304, "2013-03-31": "0.94100", "2012-12-31": 10.563, "2012-09-30": 12.789, "2012-06-30": 5.611, "2012-03-31": "4.93500", "2011-12-31": -28.235, "2011-09-30": 3.991, "2011-06-30": 2.988, "2011-03-31": "0.59000", "2010-12-31": 2.717, "2010-09-30": -0.687, "2009-12-31": 6.16}, "Net Change In Property, Plant, And Equipment": {"2020-09-30": -63.837, "2020-06-30": -62.594, "2020-03-31": "-72.48900", "2019-12-31": -77.996, "2019-09-30": -64.301, "2019-06-30": -62.541, "2019-03-31": "-69.38600", "2018-12-31": -92.217, "2018-09-30": -88.968, "2018-06-30": -95.792, "2018-03-31": "-74.62000", "2017-12-31": -82.868, "2017-09-30": -86.743, "2017-06-30": -87.327, "2017-03-31": "-53.04400", "2016-12-31": -60.321, "2016-09-30": -81.751, "2016-06-30": -101.269, "2016-03-31": "-104.88800", "2015-12-31": -79.852, "2015-09-30": -97.354, "2015-06-30": -70.862, "2015-03-31": "-54.60100", "2014-12-31": -43.494, "2014-09-30": -31.278, "2014-06-30": -23.903, "2014-03-31": "-37.74600", "2013-12-31": -21.679, "2013-09-30": -21.686, "2013-06-30": -20.904, "2013-03-31": "-12.76400", "2012-12-31": -405.812, "2012-09-30": -43.751, "2012-06-30": -17.594, "2012-03-31": "-3.91100", "2011-12-31": -9.337, "2011-09-30": -3.565, "2011-06-30": -4.578, "2011-03-31": "-0.78400", "2010-12-31": -0.843, "2010-09-30": -0.317, "2009-12-31": -0.33}, "Net Change In Intangible Assets": {"2020-09-30": 0, "2020-06-30": 0, "2020-03-31": "", "2019-12-31": 0, "2019-09-30": 0, "2019-06-30": 0, "2019-03-31": "", "2018-12-31": 0, "2018-09-30": 0, "2018-06-30": 0, "2018-03-31": "", "2017-12-31": 0, "2017-09-30": 0, "2017-06-30": 0, "2017-03-31": "", "2016-12-31": 0, "2016-09-30": 0, "2016-06-30": 0, "2016-03-31": "", "2015-12-31": 0, "2015-09-30": 0, "2015-06-30": 0, "2015-03-31": "", "2014-12-31": 0, "2014-09-30": 0, "2014-06-30": 0, "2014-03-31": "", "2013-12-31": 0, "2013-09-30": 0, "2013-06-30": 0, "2013-03-31": "", "2012-12-31": 0, "2012-09-30": 0, "2012-06-30": 0, "2012-03-31": "", "2011-12-31": 0, "2011-09-30": 0, "2011-06-30": 0, "2011-03-31": "", "2010-12-31": 0, "2010-09-30": 0, "2009-12-31": 0}, "Net Acquisitions/Divestitures": {"2020-09-30": 0, "2020-06-30": 0, "2020-03-31": "", "2019-12-31": -0.777, "2019-09-30": 0, "2019-06-30": -4.5, "2019-03-31": "-40.40000", "2018-12-31": 0, "2018-09-30": 0, "2018-06-30": 0, "2018-03-31": "", "2017-12-31": -18.191, "2017-09-30": 0, "2017-06-30": 0, "2017-03-31": "", "2016-12-31": 373.096, "2016-09-30": 0, "2016-06-30": -103.189, "2016-03-31": "-580.09600", "2015-12-31": -183.561, "2015-09-30": -104.482, "2015-06-30": -237.116, "2015-03-31": "-49.61800", "2014-12-31": -15.905, "2014-09-30": -712.797, "2014-06-30": 0, "2014-03-31": "-10.00000", "2013-12-31": -28.414, "2013-09-30": -13.874, "2013-06-30": -99.356, "2013-03-31": "-22.37500", "2012-12-31": 112.822, "2012-09-30": -75.515, "2012-06-30": -0.066, "2012-03-31": "-90.40000", "2011-12-31": -28.365, "2011-09-30": 0, "2011-06-30": -178.014, "2011-03-31": "", "2010-12-31": 0, "2010-09-30": 3.14, "2009-12-31": -3.14}, "Net Change In Short-term Investments": {"2020-09-30": 0, "2020-06-30": 0, "2020-03-31": "", "2019-12-31": 0, "2019-09-30": 0, "2019-06-30": 0, "2019-03-31": "", "2018-12-31": 0, "2018-09-30": 0, "2018-06-30": 0, "2018-03-31": "", "2017-12-31": 0, "2017-09-30": 0, "2017-06-30": 0, "2017-03-31": "", "2016-12-31": 0, "2016-09-30": 0, "2016-06-30": 0, "2016-03-31": "", "2015-12-31": 0, "2015-09-30": 0, "2015-06-30": 0, "2015-03-31": "", "2014-12-31": 0, "2014-09-30": 0, "2014-06-30": 0, "2014-03-31": "", "2013-12-31": 0, "2013-09-30": 0, "2013-06-30": 0, "2013-03-31": "", "2012-12-31": 0, "2012-09-30": 0, "2012-06-30": 0, "2012-03-31": "", "2011-12-31": 0, "2011-09-30": 0, "2011-06-30": 0, "2011-03-31": "", "2010-12-31": 0, "2010-09-30": 0, "2009-12-31": 0}, "Net Change In Long-Term Investments": {"2020-09-30": 0, "2020-06-30": 0, "2020-03-31": "", "2019-12-31": 0, "2019-09-30": 0, "2019-06-30": 0, "2019-03-31": "", "2018-12-31": 0, "2018-09-30": 0, "2018-06-30": 0, "2018-03-31": "", "2017-12-31": 0, "2017-09-30": 0, "2017-06-30": 0, "2017-03-31": "", "2016-12-31": 0, "2016-09-30": 0, "2016-06-30": 0, "2016-03-31": "", "2015-12-31": 0, "2015-09-30": 0, "2015-06-30": 0, "2015-03-31": "", "2014-12-31": 0, "2014-09-30": 0, "2014-06-30": 0, "2014-03-31": "", "2013-12-31": 0, "2013-09-30": 0, "2013-06-30": 0, "2013-03-31": "", "2012-12-31": 0, "2012-09-30": 0, "2012-06-30": 0, "2012-03-31": "", "2011-12-31": 0, "2011-09-30": 0, "2011-06-30": 0, "2011-03-31": "", "2010-12-31": 0, "2010-09-30": 0, "2009-12-31": 0}, "Net Change In Investments - Total": {"2020-09-30": 0, "2020-06-30": 0, "2020-03-31": "", "2019-12-31": 0, "2019-09-30": 0, "2019-06-30": 0, "2019-03-31": "", "2018-12-31": 0, "2018-09-30": 0, "2018-06-30": 0, "2018-03-31": "", "2017-12-31": 0, "2017-09-30": 0, "2017-06-30": 0, "2017-03-31": "", "2016-12-31": 0, "2016-09-30": 0, "2016-06-30": 0, "2016-03-31": "", "2015-12-31": 0, "2015-09-30": 0, "2015-06-30": 0, "2015-03-31": "", "2014-12-31": 0, "2014-09-30": 0, "2014-06-30": 0, "2014-03-31": "", "2013-12-31": 0, "2013-09-30": 0, "2013-06-30": 0, "2013-03-31": "", "2012-12-31": 0, "2012-09-30": 0, "2012-06-30": 0, "2012-03-31": "", "2011-12-31": 0, "2011-09-30": 0, "2011-06-30": 0, "2011-03-31": "", "2010-12-31": 0, "2010-09-30": 0, "2009-12-31": 0}, "Investing Activities - Other": {"2020-09-30": -5.885, "2020-06-30": -3.177, "2020-03-31": "-1.67200", "2019-12-31": 14.824, "2019-09-30": 105.091, "2019-06-30": -0.84, "2019-03-31": "-0.31500", "2018-12-31": -6.253, "2018-09-30": 0.223, "2018-06-30": 0.729, "2018-03-31": "-4.06600", "2017-12-31": -2.291, "2017-09-30": -0.124, "2017-06-30": -0.887, "2017-03-31": "-5.05100", "2016-12-31": -1.335, "2016-09-30": -0.036, "2016-06-30": -0.113, "2016-03-31": "-0.46300", "2015-12-31": -4.212, "2015-09-30": -1.424, "2015-06-30": -1.006, "2015-03-31": "-0.38300", "2014-12-31": -0.18, "2014-09-30": 14.968, "2014-06-30": -0.261, "2014-03-31": "-0.17800", "2013-12-31": -0.838, "2013-09-30": -0.534, "2013-06-30": -0.421, "2013-03-31": "-0.13300", "2012-12-31": -1.648, "2012-09-30": -0.169, "2012-06-30": 1.312, "2012-03-31": "0.08800", "2011-12-31": -0.051, "2011-09-30": -0.338, "2011-06-30": -0.538, "2011-03-31": "", "2010-12-31": 0.394, "2010-09-30": -0.457, "2009-12-31": 0.06}, "Cash Flow From Investing Activities": {"2020-09-30": -69.722, "2020-06-30": -65.771, "2020-03-31": "-74.16100", "2019-12-31": -63.949, "2019-09-30": 40.79, "2019-06-30": -67.881, "2019-03-31": "-110.10100", "2018-12-31": -98.47, "2018-09-30": -88.745, "2018-06-30": -95.063, "2018-03-31": "-78.68600", "2017-12-31": -103.35, "2017-09-30": -86.867, "2017-06-30": -88.214, "2017-03-31": "-58.09500", "2016-12-31": 311.44, "2016-09-30": -81.787, "2016-06-30": -204.571, "2016-03-31": "-685.44700", "2015-12-31": -267.625, "2015-09-30": -203.26, "2015-06-30": -308.984, "2015-03-31": "-104.60200", "2014-12-31": -59.579, "2014-09-30": -729.107, "2014-06-30": -24.164, "2014-03-31": "-47.92400", "2013-12-31": -50.931, "2013-09-30": -36.094, "2013-06-30": -120.681, "2013-03-31": "-35.27200", "2012-12-31": -294.638, "2012-09-30": -119.435, "2012-06-30": -16.348, "2012-03-31": "-94.22300", "2011-12-31": -37.753, "2011-09-30": -3.903, "2011-06-30": -183.13, "2011-03-31": "-0.78400", "2010-12-31": -0.446, "2010-09-30": 2.366, "2009-12-31": -3.41}, "Net Long-Term Debt": {"2020-09-30": -10.621, "2020-06-30": -10.621, "2020-03-31": "-10.62100", "2019-12-31": -28.246, "2019-09-30": -73.246, "2019-06-30": -14.819, "2019-03-31": "63.32700", "2018-12-31": -30.166, "2018-09-30": -8.246, "2018-06-30": -23.246, "2018-03-31": "", "2017-12-31": -31.392, "2017-09-30": -8.638, "2017-06-30": -8.637, "2017-03-31": "-8.63800", "2016-12-31": -375.4661, "2016-09-30": 4.8001, "2016-06-30": 83.7999, "2016-03-31": "9.94200", "2015-12-31": 140.089, "2015-09-30": 171.841, "2015-06-30": -100.937, "2015-03-31": "55.59500", "2014-12-31": 68.93, "2014-09-30": 462.125, "2014-06-30": -95.875, "2014-03-31": "46.12500", "2013-12-31": 31.945, "2013-09-30": 15.75, "2013-06-30": 0, "2013-03-31": "95.62500", "2012-12-31": 151.063, "2012-09-30": -2, "2012-06-30": -9, "2012-03-31": "30.00000", "2011-12-31": 139.297, "2011-09-30": -2.187, "2011-06-30": 130.351, "2011-03-31": "-0.02300", "2010-12-31": 0.208, "2010-09-30": -0.208, "2009-12-31": 0}, "Net Current Debt": {"2020-09-30": 0, "2020-06-30": 0, "2020-03-31": "", "2019-12-31": 0, "2019-09-30": 0, "2019-06-30": 0, "2019-03-31": "", "2018-12-31": 0, "2018-09-30": 0, "2018-06-30": 0, "2018-03-31": "", "2017-12-31": 0, "2017-09-30": 0, "2017-06-30": 0, "2017-03-31": "", "2016-12-31": 0, "2016-09-30": 0, "2016-06-30": 0, "2016-03-31": "", "2015-12-31": 0, "2015-09-30": 0, "2015-06-30": 0, "2015-03-31": "", "2014-12-31": 0, "2014-09-30": 0, "2014-06-30": 0, "2014-03-31": "", "2013-12-31": 0, "2013-09-30": 0, "2013-06-30": 0, "2013-03-31": "", "2012-12-31": 0, "2012-09-30": 0, "2012-06-30": 0, "2012-03-31": "", "2011-12-31": 0, "2011-09-30": 0, "2011-06-30": 0, "2011-03-31": "", "2010-12-31": 0, "2010-09-30": 0, "2009-12-31": 0}, "Debt Issuance/Retirement Net - Total": {"2020-09-30": -10.621, "2020-06-30": -10.621, "2020-03-31": "-10.62100", "2019-12-31": -28.246, "2019-09-30": -73.246, "2019-06-30": -14.819, "2019-03-31": "63.32700", "2018-12-31": -30.166, "2018-09-30": -8.246, "2018-06-30": -23.246, "2018-03-31": "", "2017-12-31": -31.392, "2017-09-30": -8.638, "2017-06-30": -8.637, "2017-03-31": "-8.63800", "2016-12-31": -375.4661, "2016-09-30": 4.8001, "2016-06-30": 83.7999, "2016-03-31": "9.94200", "2015-12-31": 140.089, "2015-09-30": 171.841, "2015-06-30": -100.937, "2015-03-31": "55.59500", "2014-12-31": 68.93, "2014-09-30": 462.125, "2014-06-30": -95.875, "2014-03-31": "46.12500", "2013-12-31": 31.945, "2013-09-30": 15.75, "2013-06-30": 0, "2013-03-31": "95.62500", "2012-12-31": 151.063, "2012-09-30": -2, "2012-06-30": -9, "2012-03-31": "30.00000", "2011-12-31": 139.297, "2011-09-30": -2.187, "2011-06-30": 130.351, "2011-03-31": "-0.02300", "2010-12-31": -0.062, "2010-09-30": 0.602, "2009-12-31": -0.81}, "Net Common Equity Issued/Repurchased": {"2020-09-30": 0.066, "2020-06-30": 0.025, "2020-03-31": "-1.40200", "2019-12-31": -0.151, "2019-09-30": 0.117, "2019-06-30": -0.288, "2019-03-31": "-1.32700", "2018-12-31": -1.135, "2018-09-30": -0.138, "2018-06-30": -0.104, "2018-03-31": "-2.03000", "2017-12-31": -0.177, "2017-09-30": 0.4, "2017-06-30": 0.556, "2017-03-31": "-4.23400", "2016-12-31": -0.929, "2016-09-30": -0.552, "2016-06-30": -0.686, "2016-03-31": "678.41800", "2015-12-31": -0.232, "2015-09-30": 0.074, "2015-06-30": 328.814, "2015-03-31": "-5.11000", "2014-12-31": -0.622, "2014-09-30": -0.401, "2014-06-30": 373.467, "2014-03-31": "-2.11200", "2013-12-31": -0.327, "2013-09-30": -0.058, "2013-06-30": -0.421, "2013-03-31": "-0.64100", "2012-12-31": 173.332, "2012-09-30": 0.248, "2012-06-30": 139.163, "2012-03-31": "0.05800", "2011-12-31": 67.2, "2011-09-30": 0, "2011-06-30": 0, "2011-03-31": "", "2010-12-31": 0, "2010-09-30": 0, "2009-12-31": 0}, "Net Total Equity Issued/Repurchased": {"2020-09-30": 0.066, "2020-06-30": 0.025, "2020-03-31": "-1.40200", "2019-12-31": -0.151, "2019-09-30": 0.117, "2019-06-30": -0.288, "2019-03-31": "-1.32700", "2018-12-31": -1.135, "2018-09-30": -0.138, "2018-06-30": -0.104, "2018-03-31": "-2.03000", "2017-12-31": -0.177, "2017-09-30": 0.4, "2017-06-30": 0.556, "2017-03-31": "-4.23400", "2016-12-31": -0.929, "2016-09-30": -0.552, "2016-06-30": -0.686, "2016-03-31": "678.41800", "2015-12-31": -0.232, "2015-09-30": 0.074, "2015-06-30": 328.814, "2015-03-31": "-5.11000", "2014-12-31": -0.622, "2014-09-30": -0.401, "2014-06-30": 373.467, "2014-03-31": "-2.11200", "2013-12-31": -0.327, "2013-09-30": -0.058, "2013-06-30": -0.421, "2013-03-31": "-0.64100", "2012-12-31": 173.332, "2012-09-30": 0.248, "2012-06-30": 139.163, "2012-03-31": "0.05800", "2011-12-31": 67.2, "2011-09-30": 0, "2011-06-30": 0, "2011-03-31": "", "2010-12-31": 0, "2010-09-30": 0, "2009-12-31": 0}, "Total Common And Preferred Stock Dividends Paid": {"2020-09-30": -0.202, "2020-06-30": -0.187, "2020-03-31": "-0.26400", "2019-12-31": -0.154, "2019-09-30": 0, "2019-06-30": 0, "2019-03-31": "", "2018-12-31": 0, "2018-09-30": 0, "2018-06-30": 0, "2018-03-31": "", "2017-12-31": 0, "2017-09-30": 0, "2017-06-30": 0, "2017-03-31": "", "2016-12-31": 0, "2016-09-30": 0, "2016-06-30": 0, "2016-03-31": "", "2015-12-31": 0, "2015-09-30": 0, "2015-06-30": 0, "2015-03-31": "", "2014-12-31": 0, "2014-09-30": 0, "2014-06-30": 0, "2014-03-31": "", "2013-12-31": 0, "2013-09-30": 0, "2013-06-30": 0, "2013-03-31": "", "2012-12-31": 0, "2012-09-30": 0, "2012-06-30": 0, "2012-03-31": "", "2011-12-31": 0, "2011-09-30": 0, "2011-06-30": 0, "2011-03-31": "", "2010-12-31": 0, "2010-09-30": 0, "2009-12-31": 0}, "Financial Activities - Other": {"2020-09-30": -1.798, "2020-06-30": -11.796, "2020-03-31": "-1.14300", "2019-12-31": -0.917, "2019-09-30": -1.578, "2019-06-30": -0.848, "2019-03-31": "-3.49700", "2018-12-31": 4.708, "2018-09-30": -1.801, "2018-06-30": -2.468, "2018-03-31": "-2.70400", "2017-12-31": -0.963, "2017-09-30": 3.919, "2017-06-30": -1.405, "2017-03-31": "-0.86500", "2016-12-31": -2.917, "2016-09-30": -1.235, "2016-06-30": -1.943, "2016-03-31": "-34.39100", "2015-12-31": -8.594, "2015-09-30": -1.34, "2015-06-30": 1.283, "2015-03-31": "-17.88100", "2014-12-31": -1.535, "2014-09-30": -6.549, "2014-06-30": -4.82, "2014-03-31": "-0.76100", "2013-12-31": 0.514, "2013-09-30": 0.054, "2013-06-30": 0.422, "2013-03-31": "-10.27700", "2012-12-31": -2.64, "2012-09-30": -0.059, "2012-06-30": -0.09, "2012-03-31": "-1.04800", "2011-12-31": -80.645, "2011-09-30": -0.103, "2011-06-30": 45.225, "2011-03-31": "-0.37500", "2010-12-31": -0.059, "2010-09-30": -4.731, "2009-12-31": 2.5}, "Cash Flow From Financial Activities": {"2020-09-30": -12.555, "2020-06-30": -22.579, "2020-03-31": "-13.43000", "2019-12-31": -29.468, "2019-09-30": -74.707, "2019-06-30": -15.955, "2019-03-31": "58.50300", "2018-12-31": -26.593, "2018-09-30": -10.185, "2018-06-30": -25.818, "2018-03-31": "-4.73400", "2017-12-31": -32.532, "2017-09-30": -4.319, "2017-06-30": -9.486, "2017-03-31": "-13.73700", "2016-12-31": -379.312, "2016-09-30": 3.013, "2016-06-30": 81.171, "2016-03-31": "653.96900", "2015-12-31": 131.263, "2015-09-30": 170.575, "2015-06-30": 229.16, "2015-03-31": "32.60400", "2014-12-31": 66.773, "2014-09-30": 455.175, "2014-06-30": 272.772, "2014-03-31": "43.25200", "2013-12-31": 32.132, "2013-09-30": 15.746, "2013-06-30": 0.001, "2013-03-31": "84.70700", "2012-12-31": 321.755, "2012-09-30": -1.811, "2012-06-30": 130.073, "2012-03-31": "29.01000", "2011-12-31": 125.852, "2011-09-30": -2.29, "2011-06-30": 175.576, "2011-03-31": "-0.39800", "2010-12-31": -0.131, "2010-09-30": -4.119, "2009-12-31": 1.68}, "Net Cash Flow": {"2020-09-30": 126.763, "2020-06-30": 130.935, "2020-03-31": "-43.18800", "2019-12-31": 31.292, "2019-09-30": 49.359, "2019-06-30": -0.143, "2019-03-31": "-6.82600", "2018-12-31": 1.582, "2018-09-30": -30.535, "2018-06-30": 21.655, "2018-03-31": "-9.48200", "2017-12-31": -8.371, "2017-09-30": -3.773, "2017-06-30": 36.347, "2017-03-31": "-13.97600", "2016-12-31": 29.312, "2016-09-30": -2.965, "2016-06-30": -5.866, "2016-03-31": "25.36700", "2015-12-31": -39.547, "2015-09-30": 16.19, "2015-06-30": -3.46, "2015-03-31": "-56.00800", "2014-12-31": 51.861, "2014-09-30": -235.565, "2014-06-30": 270.501, "2014-03-31": "2.67400", "2013-12-31": 0.535, "2013-09-30": -3.365, "2013-06-30": -92.376, "2013-03-31": "50.37600", "2012-12-31": 37.68, "2012-09-30": -108.457, "2012-06-30": 119.336, "2012-03-31": "-60.27800", "2011-12-31": 59.864, "2011-09-30": -2.202, "2011-06-30": -4.566, "2011-03-31": "-0.59200", "2010-12-31": 2.13, "2010-09-30": -2.45, "2009-12-31": 4.44}, "Stock-Based Compensation": {"2020-09-30": 5.471, "2020-06-30": 5.808, "2020-03-31": "4.97900", "2019-12-31": 2.985, "2019-09-30": 4.039, "2019-06-30": 4.182, "2019-03-31": "6.10100", "2018-12-31": 2.728, "2018-09-30": 5.225, "2018-06-30": 7.129, "2018-03-31": "6.91900", "2017-12-31": 4.46, "2017-09-30": 4.175, "2017-06-30": 7.436, "2017-03-31": "7.39600", "2016-12-31": 7.356, "2016-09-30": 7.145, "2016-06-30": 6.888, "2016-03-31": "6.95600", "2015-12-31": 5.896, "2015-09-30": 5.327, "2015-06-30": 5.355, "2015-03-31": "3.89400", "2014-12-31": 3.083, "2014-09-30": 2.805, "2014-06-30": 2.406, "2014-03-31": "1.76400", "2013-12-31": 1.505, "2013-09-30": 1.331, "2013-06-30": 1.812, "2013-03-31": "0.60100", "2012-12-31": 0.576, "2012-09-30": 0.521, "2012-06-30": 0.592, "2012-03-31": "0.57800", "2011-12-31": -2.523, "2011-09-30": 0, "2011-06-30": 19.843, "2011-03-31": "", "2010-12-31": 0, "2010-09-30": 0, "2009-12-31": 0}, "Common Stock Dividends Paid": {"2020-09-30": -0.202, "2020-06-30": -0.187, "2020-03-31": "-0.26400", "2019-12-31": -0.154, "2019-09-30": 0, "2019-06-30": 0, "2019-03-31": "", "2018-12-31": 0, "2018-09-30": 0, "2018-06-30": 0, "2018-03-31": "", "2017-12-31": 0, "2017-09-30": 0, "2017-06-30": 0, "2017-03-31": "", "2016-12-31": 0, "2016-09-30": 0, "2016-06-30": 0, "2016-03-31": "", "2015-12-31": 0, "2015-09-30": 0, "2015-06-30": 0, "2015-03-31": "", "2014-12-31": 0, "2014-09-30": 0, "2014-06-30": 0, "2014-03-31": "", "2013-12-31": 0, "2013-09-30": 0, "2013-06-30": 0, "2013-03-31": "", "2012-12-31": 0, "2012-09-30": 0, "2012-06-30": 0, "2012-03-31": "", "2011-12-31": 0, "2011-09-30": 0, "2011-06-30": 0, "2011-03-31": "", "2010-12-31": 0, "2010-09-30": 0, "2009-12-31": 0}}, "financial ratios": {"Current Ratio": {"2019-12-31": "1.16960", "2018-12-31": "1.08180", "2017-12-31": "1.24950", "2016-12-31": "1.24810", "2015-12-31": "1.01560", "2014-12-31": "1.65210", "2013-12-31": "1.26540", "2012-12-31": "1.96210", "2011-12-31": "2.76890", "2010-12-31": "0.93720", "2009-12-31": ""}, "Long-term Debt / Capital": {"2019-12-31": "0.55350", "2018-12-31": "0.57520", "2017-12-31": "0.55470", "2016-12-31": "0.60010", "2015-12-31": "0.56610", "2014-12-31": "0.54440", "2013-12-31": "0.55600", "2012-12-31": "0.51840", "2011-12-31": "0.73750", "2010-12-31": "", "2009-12-31": ""}, "Debt/Equity Ratio": {"2019-12-31": "1.25690", "2018-12-31": "1.36870", "2017-12-31": "1.25930", "2016-12-31": "1.51670", "2015-12-31": "1.33140", "2014-12-31": "1.22550", "2013-12-31": "1.28380", "2012-12-31": "1.09430", "2011-12-31": "2.87930", "2010-12-31": "0.39770", "2009-12-31": ""}, "Gross Margin": {"2019-12-31": "100.00000", "2018-12-31": "100.00000", "2017-12-31": "100.00000", "2016-12-31": "100.00000", "2015-12-31": "100.00000", "2014-12-31": "100.00000", "2013-12-31": "100.00000", "2012-12-31": "100.00000", "2011-12-31": "100.00000", "2010-12-31": "100.00000", "2009-12-31": "100.00000"}, "Operating Margin": {"2019-12-31": "13.01810", "2018-12-31": "13.70130", "2017-12-31": "15.43840", "2016-12-31": "15.83620", "2015-12-31": "17.87750", "2014-12-31": "17.19720", "2013-12-31": "17.24050", "2012-12-31": "17.35380", "2011-12-31": "5.66840", "2010-12-31": "14.19260", "2009-12-31": "7.25750"}, "EBIT Margin": {"2019-12-31": "13.01810", "2018-12-31": "13.70130", "2017-12-31": "15.43840", "2016-12-31": "15.83620", "2015-12-31": "17.87750", "2014-12-31": "17.19720", "2013-12-31": "17.24050", "2012-12-31": "17.35380", "2011-12-31": "5.66840", "2010-12-31": "14.19260", "2009-12-31": "7.25750"}, "EBITDA Margin": {"2019-12-31": "18.68290", "2018-12-31": "19.32090", "2017-12-31": "20.82800", "2016-12-31": "21.00990", "2015-12-31": "21.79270", "2014-12-31": "20.76730", "2013-12-31": "19.95340", "2012-12-31": "19.92800", "2011-12-31": "8.23150", "2010-12-31": "15.76410", "2009-12-31": "9.27590"}, "Pre-Tax Profit Margin": {"2019-12-31": "4.37620", "2018-12-31": "-5.60850", "2017-12-31": "8.34880", "2016-12-31": "1.17240", "2015-12-31": "9.18100", "2014-12-31": "12.55760", "2013-12-31": "9.70620", "2012-12-31": "8.05700", "2011-12-31": "-17.76740", "2010-12-31": "11.52600", "2009-12-31": "5.69060"}, "Net Profit Margin": {"2019-12-31": "3.50520", "2018-12-31": "-5.83410", "2017-12-31": "7.04560", "2016-12-31": "0.21850", "2015-12-31": "6.27220", "2014-12-31": "8.26600", "2013-12-31": "5.96840", "2012-12-31": "5.00740", "2011-12-31": "-16.11650", "2010-12-31": "9.99950", "2009-12-31": "5.82420"}, "Asset Turnover": {"2019-12-31": "0.45170", "2018-12-31": "0.48800", "2017-12-31": "0.44150", "2016-12-31": "0.46660", "2015-12-31": "0.41940", "2014-12-31": "0.45520", "2013-12-31": "0.58250", "2012-12-31": "0.41430", "2011-12-31": "0.52420", "2010-12-31": "1.36810", "2009-12-31": ""}, "Inventory Turnover Ratio": {"2019-12-31": "", "2018-12-31": "", "2017-12-31": "", "2016-12-31": "", "2015-12-31": "", "2014-12-31": "", "2013-12-31": "", "2012-12-31": "", "2011-12-31": "", "2010-12-31": "", "2009-12-31": ""}, "Receiveable Turnover": {"2019-12-31": "9.14560", "2018-12-31": "9.47050", "2017-12-31": "9.55230", "2016-12-31": "10.67460", "2015-12-31": "8.28380", "2014-12-31": "8.48640", "2013-12-31": "7.44020", "2012-12-31": "6.37950", "2011-12-31": "6.16330", "2010-12-31": "11.35550", "2009-12-31": ""}, "Days Sales In Receivables": {"2019-12-31": "39.90970", "2018-12-31": "38.54080", "2017-12-31": "38.21070", "2016-12-31": "34.19330", "2015-12-31": "44.06180", "2014-12-31": "43.01010", "2013-12-31": "49.05750", "2012-12-31": "57.21420", "2011-12-31": "59.22160", "2010-12-31": "32.14310", "2009-12-31": ""}, "ROE - Return On Equity": {"2019-12-31": "4.39540", "2018-12-31": "-7.52090", "2017-12-31": "7.75740", "2016-12-31": "0.19260", "2015-12-31": "6.61690", "2014-12-31": "9.44780", "2013-12-31": "9.00130", "2012-12-31": "4.74030", "2011-12-31": "-34.44610", "2010-12-31": "26.61010", "2009-12-31": ""}, "Return On Tangible Equity": {"2019-12-31": "-322.87050", "2018-12-31": "115.37900", "2017-12-31": "-75.13200", "2016-12-31": "-0.69980", "2015-12-31": "-22.06290", "2014-12-31": "147.72360", "2013-12-31": "-21.48390", "2012-12-31": "-14.55840", "2011-12-31": "33.63730", "2010-12-31": "43.36620", "2009-12-31": ""}, "ROA - Return On Assets": {"2019-12-31": "1.60080", "2018-12-31": "-2.84300", "2017-12-31": "3.10670", "2016-12-31": "0.06930", "2015-12-31": "2.60250", "2014-12-31": "3.77140", "2013-12-31": "3.53320", "2012-12-31": "2.08500", "2011-12-31": "-8.03740", "2010-12-31": "14.71750", "2009-12-31": ""}, "ROI - Return On Investment": {"2019-12-31": "1.96270", "2018-12-31": "-3.19490", "2017-12-31": "3.45430", "2016-12-31": "0.07700", "2015-12-31": "2.87140", "2014-12-31": "4.30440", "2013-12-31": "3.99670", "2012-12-31": "2.28280", "2011-12-31": "-9.04290", "2010-12-31": "26.61010", "2009-12-31": ""}, "Book Value Per Share": {"2019-12-31": "28.56240", "2018-12-31": "26.68340", "2017-12-31": "29.55290", "2016-12-31": "25.00600", "2015-12-31": "23.78970", "2014-12-31": "14.87820", "2013-12-31": "9.60060", "2012-12-31": "8.67060", "2011-12-31": "3.00050", "2010-12-31": "", "2009-12-31": ""}, "Operating Cash Flow Per Share": {"2019-12-31": -0.9529, "2018-12-31": 0.1541, "2017-12-31": 0.3851, "2016-12-31": 0.6895, "2015-12-31": 1.4314, "2014-12-31": 0.7793, "2013-12-31": 0.4284, "2012-12-31": 1.9778, "2011-12-31": -1.5666, "2010-12-31": 0.115, "2009-12-31": 0.3498}, "Free Cash Flow Per Share": {"2019-12-31": -0.0476, "2018-12-31": -0.3133, "2017-12-31": 0.875, "2016-12-31": 1.0645, "2015-12-31": -0.5284, "2014-12-31": -0.1538, "2013-12-31": 11.0694, "2012-12-31": -9.2221, "2011-12-31": -2.4555, "2010-12-31": 0.0491, "2009-12-31": 0.3309}}, "financial ratios, quarterly": {"Current Ratio": {"2020-09-30": "1.25790", "2020-06-30": "1.15850", "2020-03-31": "0.86780", "2019-12-31": "1.16960", "2019-09-30": "1.17180", "2019-06-30": "1.09470", "2019-03-31": "1.06560", "2018-12-31": "1.08180", "2018-09-30": "1.25590", "2018-06-30": "1.24130", "2018-03-31": "1.29320", "2017-12-31": "1.24950", "2017-09-30": "1.35940", "2017-06-30": "1.32440", "2017-03-31": "1.26250", "2016-12-31": "1.24810", "2016-09-30": "1.03340", "2016-06-30": "0.93470", "2016-03-31": "0.96200", "2015-12-31": "1.01560", "2015-09-30": "1.43040", "2015-06-30": "1.34060", "2015-03-31": "1.41060", "2014-12-31": "1.65210", "2014-09-30": "1.61250", "2014-06-30": "4.37930", "2014-03-31": "1.60400", "2013-12-31": "1.26540", "2013-09-30": "1.41080", "2013-06-30": "1.46620", "2013-03-31": "2.99970", "2012-12-31": "1.96210", "2012-09-30": "1.50520", "2012-06-30": "4.15600", "2012-03-31": "1.33160", "2011-12-31": "2.76890", "2011-09-30": "0.99870", "2011-06-30": "", "2011-03-31": "", "2010-12-31": "", "2010-09-30": "", "2009-12-31": ""}, "Long-term Debt / Capital": {"2020-09-30": "0.54060", "2020-06-30": "0.55150", "2020-03-31": "0.54440", "2019-12-31": "0.55350", "2019-09-30": "0.56420", "2019-06-30": "0.56970", "2019-03-31": "0.57270", "2018-12-31": "0.57520", "2018-09-30": "0.54280", "2018-06-30": "0.54580", "2018-03-31": "0.54290", "2017-12-31": "0.55470", "2017-09-30": "0.56520", "2017-06-30": "0.57690", "2017-03-31": "0.59220", "2016-12-31": "0.60010", "2016-09-30": "0.61520", "2016-06-30": "0.59490", "2016-03-31": "0.57710", "2015-12-31": "0.56610", "2015-09-30": "0.55600", "2015-06-30": "0.53470", "2015-03-31": "0.61760", "2014-12-31": "0.54440", "2014-09-30": "0.53400", "2014-06-30": "0.38300", "2014-03-31": "0.56850", "2013-12-31": "0.55600", "2013-09-30": "0.55080", "2013-06-30": "0.55230", "2013-03-31": "0.56180", "2012-12-31": "0.51840", "2012-09-30": "0.52890", "2012-06-30": "0.53950", "2012-03-31": "0.74840", "2011-12-31": "0.73750", "2011-09-30": "0.63050", "2011-06-30": "", "2011-03-31": "", "2010-12-31": "", "2010-09-30": "", "2009-12-31": ""}, "Debt/Equity Ratio": {"2020-09-30": "1.19620", "2020-06-30": "1.24910", "2020-03-31": "1.27460", "2019-12-31": "1.25690", "2019-09-30": "1.31160", "2019-06-30": "1.33990", "2019-03-31": "1.35570", "2018-12-31": "1.36870", "2018-09-30": "1.19960", "2018-06-30": "1.21400", "2018-03-31": "1.20000", "2017-12-31": "1.25930", "2017-09-30": "1.31410", "2017-06-30": "1.37800", "2017-03-31": "1.46760", "2016-12-31": "1.51670", "2016-09-30": "1.63300", "2016-06-30": "1.49890", "2016-03-31": "1.39170", "2015-12-31": "1.33140", "2015-09-30": "1.27760", "2015-06-30": "1.17220", "2015-03-31": "1.64350", "2014-12-31": "1.22550", "2014-09-30": "1.16100", "2014-06-30": "0.63360", "2014-03-31": "1.33670", "2013-12-31": "1.28380", "2013-09-30": "1.25450", "2013-06-30": "1.26340", "2013-03-31": "1.30400", "2012-12-31": "1.09430", "2012-09-30": "1.16990", "2012-06-30": "1.21200", "2012-03-31": "3.05440", "2011-12-31": "2.87930", "2011-09-30": "1.79420", "2011-06-30": "", "2011-03-31": "", "2010-12-31": "", "2010-09-30": "", "2009-12-31": ""}, "Gross Margin": {"2020-09-30": "100.00000", "2020-06-30": "100.00000", "2020-03-31": "100.00000", "2019-12-31": "100.00000", "2019-09-30": "100.00000", "2019-06-30": "100.00000", "2019-03-31": "100.00000", "2018-12-31": "100.00000", "2018-09-30": "100.00000", "2018-06-30": "100.00000", "2018-03-31": "100.00000", "2017-12-31": "100.00000", "2017-09-30": "100.00000", "2017-06-30": "100.00000", "2017-03-31": "100.00000", "2016-12-31": "100.00000", "2016-09-30": "100.00000", "2016-06-30": "100.00000", "2016-03-31": "100.00000", "2015-12-31": "100.00000", "2015-09-30": "100.00000", "2015-06-30": "100.00000", "2015-03-31": "100.00000", "2014-12-31": "100.00000", "2014-09-30": "100.00000", "2014-06-30": "100.00000", "2014-03-31": "100.00000", "2013-12-31": "100.00000", "2013-09-30": "100.00000", "2013-06-30": "100.00000", "2013-03-31": "100.00000", "2012-12-31": "100.00000", "2012-09-30": "100.00000", "2012-06-30": "100.00000", "2012-03-31": "100.00000", "2011-12-31": "100.00000", "2011-09-30": "100.00000", "2011-06-30": "100.00000", "2011-03-31": "100.00000", "2010-12-31": "", "2010-09-30": "100.00000", "2009-12-31": ""}, "Operating Margin": {"2020-09-30": "13.32310", "2020-06-30": "12.95040", "2020-03-31": "11.01030", "2019-12-31": "12.76590", "2019-09-30": "13.12050", "2019-06-30": "14.39480", "2019-03-31": "11.74340", "2018-12-31": "12.33370", "2018-09-30": "13.67300", "2018-06-30": "15.40440", "2018-03-31": "13.34320", "2017-12-31": "15.36210", "2017-09-30": "15.57650", "2017-06-30": "16.70400", "2017-03-31": "14.04020", "2016-12-31": "15.39360", "2016-09-30": "15.28250", "2016-06-30": "16.99640", "2016-03-31": "15.57700", "2015-12-31": "17.62960", "2015-09-30": "17.97910", "2015-06-30": "18.85160", "2015-03-31": "16.87180", "2014-12-31": "17.75920", "2014-09-30": "17.63660", "2014-06-30": "17.01240", "2014-03-31": "15.92810", "2013-12-31": "17.28960", "2013-09-30": "17.72370", "2013-06-30": "17.51670", "2013-03-31": "16.32500", "2012-12-31": "18.47140", "2012-09-30": "17.91770", "2012-06-30": "18.06530", "2012-03-31": "14.48030", "2011-12-31": "16.62660", "2011-09-30": "14.22880", "2011-06-30": "-17.61380", "2011-03-31": "13.65900", "2010-12-31": "", "2010-09-30": "13.24980", "2009-12-31": ""}, "EBIT Margin": {"2020-09-30": "13.32310", "2020-06-30": "12.95040", "2020-03-31": "11.01030", "2019-12-31": "12.76590", "2019-09-30": "13.12050", "2019-06-30": "14.39480", "2019-03-31": "11.74340", "2018-12-31": "12.33370", "2018-09-30": "13.67300", "2018-06-30": "15.40440", "2018-03-31": "13.34320", "2017-12-31": "15.36210", "2017-09-30": "15.57650", "2017-06-30": "16.70400", "2017-03-31": "14.04020", "2016-12-31": "15.39360", "2016-09-30": "15.28250", "2016-06-30": "16.99640", "2016-03-31": "15.57700", "2015-12-31": "17.62960", "2015-09-30": "17.97910", "2015-06-30": "18.85160", "2015-03-31": "16.87180", "2014-12-31": "17.75920", "2014-09-30": "17.63660", "2014-06-30": "17.01240", "2014-03-31": "15.92810", "2013-12-31": "17.28960", "2013-09-30": "17.72370", "2013-06-30": "17.51670", "2013-03-31": "16.32500", "2012-12-31": "18.47140", "2012-09-30": "17.91770", "2012-06-30": "18.06530", "2012-03-31": "14.48030", "2011-12-31": "16.62660", "2011-09-30": "14.22880", "2011-06-30": "-17.61380", "2011-03-31": "13.65900", "2010-12-31": "", "2010-09-30": "13.24980", "2009-12-31": ""}, "EBITDA Margin": {"2020-09-30": "", "2020-06-30": "", "2020-03-31": "", "2019-12-31": "", "2019-09-30": "", "2019-06-30": "", "2019-03-31": "", "2018-12-31": "", "2018-09-30": "", "2018-06-30": "", "2018-03-31": "", "2017-12-31": "", "2017-09-30": "", "2017-06-30": "", "2017-03-31": "", "2016-12-31": "", "2016-09-30": "", "2016-06-30": "", "2016-03-31": "", "2015-12-31": "", "2015-09-30": "", "2015-06-30": "", "2015-03-31": "", "2014-12-31": "", "2014-09-30": "", "2014-06-30": "", "2014-03-31": "", "2013-12-31": "", "2013-09-30": "", "2013-06-30": "", "2013-03-31": "", "2012-12-31": "", "2012-09-30": "", "2012-06-30": "", "2012-03-31": "", "2011-12-31": "", "2011-09-30": "", "2011-06-30": "", "2011-03-31": "", "2010-12-31": "", "2010-09-30": "", "2009-12-31": ""}, "Pre-Tax Profit Margin": {"2020-09-30": "5.36740", "2020-06-30": "6.65460", "2020-03-31": "5.09140", "2019-12-31": "-1.31350", "2019-09-30": "6.37630", "2019-06-30": "7.57640", "2019-03-31": "4.84750", "2018-12-31": "-45.90650", "2018-09-30": "7.23290", "2018-06-30": "9.04460", "2018-03-31": "6.47880", "2017-12-31": "8.36960", "2017-09-30": "8.57510", "2017-06-30": "9.24940", "2017-03-31": "7.13850", "2016-12-31": "6.03770", "2016-09-30": "-15.76420", "2016-06-30": "9.76170", "2016-03-31": "5.26560", "2015-12-31": "10.60290", "2015-09-30": "8.68720", "2015-06-30": "10.87930", "2015-03-31": "5.79720", "2014-12-31": "11.81410", "2014-09-30": "11.25920", "2014-06-30": "17.47500", "2014-03-31": "10.32480", "2013-12-31": "10.49220", "2013-09-30": "12.06650", "2013-06-30": "11.43190", "2013-03-31": "4.17580", "2012-12-31": "6.56970", "2012-09-30": "9.99940", "2012-06-30": "9.96720", "2012-03-31": "5.57370", "2011-12-31": "-31.14720", "2011-09-30": "7.37620", "2011-06-30": "-29.80100", "2011-03-31": "-3.13430", "2010-12-31": "", "2010-09-30": "11.47300", "2009-12-31": ""}, "Net Profit Margin": {"2020-09-30": "4.43990", "2020-06-30": "5.47490", "2020-03-31": "4.27470", "2019-12-31": "-1.44240", "2019-09-30": "5.47650", "2019-06-30": "6.09860", "2019-03-31": "3.87460", "2018-12-31": "-44.60200", "2018-09-30": "6.07580", "2018-06-30": "7.68360", "2018-03-31": "6.84670", "2017-12-31": "9.61050", "2017-09-30": "6.36490", "2017-06-30": "6.93260", "2017-03-31": "5.14700", "2016-12-31": "5.94950", "2016-09-30": "-16.03560", "2016-06-30": "7.46090", "2016-03-31": "4.16460", "2015-12-31": "6.97850", "2015-09-30": "6.15970", "2015-06-30": "7.46020", "2015-03-31": "3.98980", "2014-12-31": "7.50390", "2014-09-30": "8.62610", "2014-06-30": "10.50080", "2014-03-31": "6.48300", "2013-12-31": "6.46320", "2013-09-30": "7.77690", "2013-06-30": "6.87180", "2013-03-31": "2.31870", "2012-12-31": "3.82050", "2012-09-30": "6.25510", "2012-06-30": "5.87780", "2012-03-31": "4.10770", "2011-12-31": "-21.11210", "2011-09-30": "5.14310", "2011-06-30": "-34.37990", "2011-03-31": "-1.47810", "2010-12-31": "", "2010-09-30": "9.86640", "2009-12-31": ""}, "Asset Turnover": {"2020-09-30": "0.11730", "2020-06-30": "0.10980", "2020-03-31": "0.11650", "2019-12-31": "0.11340", "2019-09-30": "0.11550", "2019-06-30": "0.11620", "2019-03-31": "0.11210", "2018-12-31": "0.12050", "2018-09-30": "0.11650", "2018-06-30": "0.11770", "2018-03-31": "0.11270", "2017-12-31": "0.11280", "2017-09-30": "0.11300", "2017-06-30": "0.11490", "2017-03-31": "0.11200", "2016-12-31": "0.11670", "2016-09-30": "0.11380", "2016-06-30": "0.11320", "2016-03-31": "0.09210", "2015-12-31": "0.11580", "2015-09-30": "0.11570", "2015-06-30": "0.11550", "2015-03-31": "0.10080", "2014-12-31": "0.13360", "2014-09-30": "0.13760", "2014-06-30": "0.13430", "2014-03-31": "0.15700", "2013-12-31": "0.15510", "2013-09-30": "0.15880", "2013-06-30": "0.15930", "2013-03-31": "0.14860", "2012-12-31": "0.11620", "2012-09-30": "0.17080", "2012-06-30": "0.17140", "2012-03-31": "0.19760", "2011-12-31": "0.18250", "2011-09-30": "0.22520", "2011-06-30": "", "2011-03-31": "", "2010-12-31": "", "2010-09-30": "", "2009-12-31": ""}, "Inventory Turnover Ratio": {"2020-09-30": "", "2020-06-30": "", "2020-03-31": "", "2019-12-31": "", "2019-09-30": "", "2019-06-30": "", "2019-03-31": "", "2018-12-31": "", "2018-09-30": "", "2018-06-30": "", "2018-03-31": "", "2017-12-31": "", "2017-09-30": "", "2017-06-30": "", "2017-03-31": "", "2016-12-31": "", "2016-09-30": "", "2016-06-30": "", "2016-03-31": "", "2015-12-31": "", "2015-09-30": "", "2015-06-30": "", "2015-03-31": "", "2014-12-31": "", "2014-09-30": "", "2014-06-30": "", "2014-03-31": "", "2013-12-31": "", "2013-09-30": "", "2013-06-30": "", "2013-03-31": "", "2012-12-31": "", "2012-09-30": "", "2012-06-30": "", "2012-03-31": "", "2011-12-31": "", "2011-09-30": "", "2011-06-30": "", "2011-03-31": "", "2010-12-31": "", "2010-09-30": "", "2009-12-31": ""}, "Receiveable Turnover": {"2020-09-30": "2.50070", "2020-06-30": "2.30510", "2020-03-31": "2.30570", "2019-12-31": "2.29630", "2019-09-30": "2.21930", "2019-06-30": "2.27820", "2019-03-31": "2.29200", "2018-12-31": "2.33760", "2018-09-30": "2.20130", "2018-06-30": "2.32570", "2018-03-31": "2.28280", "2017-12-31": "2.44010", "2017-09-30": "2.42330", "2017-06-30": "2.48480", "2017-03-31": "2.46010", "2016-12-31": "2.66930", "2016-09-30": "2.64680", "2016-06-30": "2.65330", "2016-03-31": "2.22770", "2015-12-31": "2.28650", "2015-09-30": "2.23250", "2015-06-30": "2.48830", "2015-03-31": "2.11510", "2014-12-31": "2.49120", "2014-09-30": "2.26080", "2014-06-30": "1.92780", "2014-03-31": "1.92590", "2013-12-31": "1.98150", "2013-09-30": "1.97940", "2013-06-30": "2.06700", "2013-03-31": "2.04640", "2012-12-31": "1.78880", "2012-09-30": "1.88250", "2012-06-30": "2.20180", "2012-03-31": "2.04470", "2011-12-31": "2.14520", "2011-09-30": "2.38420", "2011-06-30": "", "2011-03-31": "", "2010-12-31": "", "2010-09-30": "", "2009-12-31": ""}, "Days Sales In Receivables": {"2020-09-30": "35.99020", "2020-06-30": "39.04470", "2020-03-31": "39.03300", "2019-12-31": "39.19320", "2019-09-30": "40.55350", "2019-06-30": "39.50530", "2019-03-31": "39.26630", "2018-12-31": "38.50170", "2018-09-30": "40.88400", "2018-06-30": "38.69870", "2018-03-31": "39.42560", "2017-12-31": "36.88450", "2017-09-30": "37.13900", "2017-06-30": "36.21970", "2017-03-31": "36.58460", "2016-12-31": "33.71720", "2016-09-30": "34.00340", "2016-06-30": "33.91970", "2016-03-31": "40.39990", "2015-12-31": "39.36120", "2015-09-30": "40.31320", "2015-06-30": "36.16880", "2015-03-31": "42.55100", "2014-12-31": "36.12740", "2014-09-30": "39.80850", "2014-06-30": "46.68480", "2014-03-31": "46.73190", "2013-12-31": "45.41940", "2013-09-30": "45.46780", "2013-06-30": "43.54220", "2013-03-31": "43.98030", "2012-12-31": "50.31250", "2012-09-30": "47.80960", "2012-06-30": "40.87560", "2012-03-31": "44.01570", "2011-12-31": "41.95380", "2011-09-30": "37.74930", "2011-06-30": "", "2011-03-31": "", "2010-12-31": "", "2010-09-30": "", "2009-12-31": ""}, "ROE - Return On Equity": {"2020-09-30": "1.44100", "2020-06-30": "1.66630", "2020-03-31": "1.38250", "2019-12-31": "-0.41160", "2019-09-30": "1.76490", "2019-06-30": "1.98980", "2019-03-31": "1.22790", "2018-12-31": "-14.20850", "2018-09-30": "1.72670", "2018-06-30": "2.21950", "2018-03-31": "1.88310", "2017-12-31": "2.70860", "2017-09-30": "1.82860", "2017-06-30": "2.08840", "2017-03-31": "1.55520", "2016-12-31": "1.91100", "2016-09-30": "-5.27220", "2016-06-30": "2.28180", "2016-03-31": "0.98990", "2015-12-31": "2.01570", "2015-09-30": "1.73630", "2015-06-30": "2.03100", "2015-03-31": "1.16760", "2014-12-31": "2.53140", "2014-09-30": "2.87090", "2014-06-30": "2.50850", "2014-03-31": "2.62440", "2013-12-31": "2.57930", "2013-09-30": "3.11790", "2013-06-30": "2.72180", "2013-03-31": "0.92800", "2012-12-31": "1.03760", "2012-09-30": "2.59820", "2012-06-30": "2.47660", "2012-03-31": "3.30450", "2011-12-31": "-15.33030", "2011-09-30": "4.63850", "2011-06-30": "", "2011-03-31": "", "2010-12-31": "", "2010-09-30": "", "2009-12-31": ""}, "Return On Tangible Equity": {"2020-09-30": "67.20010", "2020-06-30": "-376.44430", "2020-03-31": "-66.04060", "2019-12-31": "30.23700", "2019-09-30": "-46.14810", "2019-06-30": "-47.12110", "2019-03-31": "-22.97440", "2018-12-31": "217.97460", "2018-09-30": "-32.83340", "2018-06-30": "-33.16480", "2018-03-31": "-30.13540", "2017-12-31": "-26.23330", "2017-09-30": "-13.79590", "2017-06-30": "-11.86220", "2017-03-31": "-6.54150", "2016-12-31": "-6.94170", "2016-09-30": "21.71890", "2016-06-30": "-11.55940", "2016-03-31": "-8.15490", "2015-12-31": "-6.72080", "2015-09-30": "-7.84870", "2015-06-30": "-10.00570", "2015-03-31": "-2.04720", "2014-12-31": "39.58070", "2014-09-30": "42.20490", "2014-06-30": "10.76170", "2014-03-31": "-6.85310", "2013-12-31": "-6.15620", "2013-09-30": "-7.28540", "2013-06-30": "-6.17420", "2013-03-31": "-2.79640", "2012-12-31": "-3.18660", "2012-09-30": "-7.03900", "2012-06-30": "-24.24200", "2012-03-31": "-1.95570", "2011-12-31": "14.97030", "2011-09-30": "-4.01320", "2011-06-30": "", "2011-03-31": "", "2010-12-31": "", "2010-09-30": "", "2009-12-31": ""}, "ROA - Return On Assets": {"2020-09-30": "0.52860", "2020-06-30": "0.61050", "2020-03-31": "0.50710", "2019-12-31": "-0.14990", "2019-09-30": "0.63500", "2019-06-30": "0.70980", "2019-03-31": "0.43490", "2018-12-31": "-5.37110", "2018-09-30": "0.70880", "2018-06-30": "0.90560", "2018-03-31": "0.77260", "2017-12-31": "1.08470", "2017-09-30": "0.71720", "2017-06-30": "0.79700", "2017-03-31": "0.57330", "2016-12-31": "0.68760", "2016-09-30": "-1.83190", "2016-06-30": "0.83160", "2016-03-31": "0.37880", "2015-12-31": "0.79280", "2015-09-30": "0.69970", "2015-06-30": "0.86190", "2015-03-31": "0.40230", "2014-12-31": "1.01050", "2014-09-30": "1.18910", "2014-06-30": "1.41010", "2014-03-31": "1.01490", "2013-12-31": "1.01240", "2013-09-30": "1.25070", "2013-06-30": "1.10140", "2013-03-31": "0.37360", "2012-12-31": "0.45640", "2012-09-30": "1.09120", "2012-06-30": "1.04030", "2012-03-31": "0.73400", "2011-12-31": "-3.57700", "2011-09-30": "1.32450", "2011-06-30": "", "2011-03-31": "", "2010-12-31": "", "2010-09-30": "", "2009-12-31": ""}, "ROI - Return On Investment": {"2020-09-30": "0.66200", "2020-06-30": "0.74730", "2020-03-31": "0.62980", "2019-12-31": "-0.18380", "2019-09-30": "0.76920", "2019-06-30": "0.85630", "2019-03-31": "0.52460", "2018-12-31": "-6.03580", "2018-09-30": "0.78940", "2018-06-30": "1.00820", "2018-03-31": "0.86090", "2017-12-31": "1.20610", "2017-09-30": "0.79500", "2017-06-30": "0.88370", "2017-03-31": "0.63430", "2016-12-31": "0.76420", "2016-09-30": "-2.02900", "2016-06-30": "0.92430", "2016-03-31": "0.41860", "2015-12-31": "0.87470", "2015-09-30": "0.77080", "2015-06-30": "0.94510", "2015-03-31": "0.44640", "2014-12-31": "1.15330", "2014-09-30": "1.33780", "2014-06-30": "1.54770", "2014-03-31": "1.13250", "2013-12-31": "1.14520", "2013-09-30": "1.40070", "2013-06-30": "1.21840", "2013-03-31": "0.40660", "2012-12-31": "0.49970", "2012-09-30": "1.22410", "2012-06-30": "1.14060", "2012-03-31": "0.83130", "2011-12-31": "-4.02450", "2011-09-30": "1.71390", "2011-06-30": "", "2011-03-31": "", "2010-12-31": "", "2010-09-30": "", "2009-12-31": ""}, "Book Value Per Share": {"2020-09-30": "29.64790", "2020-06-30": "28.48000", "2020-03-31": "28.05230", "2019-12-31": "28.56240", "2019-09-30": "27.61580", "2019-06-30": "27.63820", "2019-03-31": "27.43730", "2018-12-31": "26.68340", "2018-09-30": "30.67950", "2018-06-30": "30.38250", "2018-03-31": "30.95060", "2017-12-31": "29.55290", "2017-09-30": "28.57820", "2017-06-30": "27.32310", "2017-03-31": "25.72490", "2016-12-31": "25.00600", "2016-09-30": "25.87440", "2016-06-30": "28.14200", "2016-03-31": "29.61490", "2015-12-31": "23.78970", "2015-09-30": "23.62340", "2015-06-30": "23.60300", "2015-03-31": "19.12250", "2014-12-31": "14.87820", "2014-09-30": "14.98030", "2014-06-30": "15.13170", "2014-03-31": "9.88010", "2013-12-31": "9.60060", "2013-09-30": "9.32280", "2013-06-30": "9.01000", "2013-03-31": "8.74350", "2012-12-31": "8.67060", "2012-09-30": "6.07000", "2012-06-30": "5.90310", "2012-03-31": "3.13370", "2011-12-31": "3.00050", "2011-09-30": "4.36600", "2011-06-30": "", "2011-03-31": "", "2010-12-31": "", "2010-09-30": "", "2009-12-31": ""}, "Operating Cash Flow Per Share": {"2020-09-30": 2.3246, "2020-06-30": 2.4724, "2020-03-31": "0.51770", "2019-12-31": 1.3605, "2019-09-30": 0.9653, "2019-06-30": 0.9671, "2019-03-31": "0.49800", "2018-12-31": 1.4745, "2018-09-30": 0.7848, "2018-06-30": 1.6557, "2018-03-31": "0.82880", "2017-12-31": 1.4769, "2017-09-30": 0.9584, "2017-06-30": 1.4984, "2017-03-31": "0.65600", "2016-12-31": 1.2069, "2016-09-30": 0.8929, "2016-06-30": 1.4016, "2016-03-31": "0.70320", "2015-12-31": 1.517, "2015-09-30": 0.6721, "2015-06-30": 1.0363, "2015-03-31": "0.28970", "2014-12-31": 0.9215, "2014-09-30": 0.5979, "2014-06-30": 0.4188, "2014-03-31": "0.14550", "2013-12-31": 0.3861, "2013-09-30": 0.3367, "2013-06-30": 0.5629, "2013-03-31": "0.01870", "2012-12-31": 0.3203, "2012-09-30": 0.2683, "2012-06-30": 0.1348, "2012-03-31": "0.15260", "2011-12-31": -1.5311, "2011-09-30": 0.2264, "2011-06-30": 0.1694, "2011-03-31": "0.03350", "2010-12-31": -0.3104, "2010-09-30": 0.3104, "2009-12-31": 0}, "Free Cash Flow Per Share": {"2020-09-30": 1.6104, "2020-06-30": 1.7719, "2020-03-31": "-0.30630", "2019-12-31": 0.4713, "2019-09-30": 0.2338, "2019-06-30": 0.2563, "2019-03-31": "-0.29320", "2018-12-31": 0.4096, "2018-09-30": -0.23, "2018-06-30": 0.5622, "2018-03-31": "-0.02600", "2017-12-31": 0.5216, "2017-09-30": -0.0349, "2017-06-30": 0.4967, "2017-03-31": "0.04570", "2016-12-31": 0.4803, "2016-09-30": -0.058, "2016-06-30": 0.2859, "2016-03-31": "-0.55410", "2015-12-31": 0.2249, "2015-09-30": -0.636, "2015-06-30": 0.0791, "2015-03-31": "-0.57840", "2014-12-31": 0.02, "2014-09-30": 0.2234, "2014-06-30": -0.0233, "2014-03-31": "-0.60210", "2013-12-31": -0.0469, "2013-09-30": -0.0933, "2013-06-30": 0.1473, "2013-03-31": "-0.23530", "2012-12-31": -10.2993, "2012-09-30": -0.6996, "2012-06-30": -0.3304, "2012-03-31": "0.03170", "2011-12-31": -1.9985, "2011-09-30": 0.0242, "2011-06-30": -0.0902, "2011-03-31": "-0.01100", "2010-12-31": -0.2737, "2010-09-30": 0.2737, "2009-12-31": 0}}, "revenue": {"Acadia Healthcare Annual Revenue (Millions of US $)": {"2019": "$3,107", "2018": "$3,012", "2017": "$2,836", "2016": "$2,811", "2015": "$1,794", "2014": "$1,005", "2013": "$713", "2012": "$407", "2011": "$216", "2010": "$62", "2009": "$49"}, "Acadia Healthcare Quarterly Revenue (Millions of US $)": {"2020-09-30": "$833", "2020-06-30": "$750", "2020-03-31": "$783", "2019-12-31": "$780", "2019-09-30": "$777", "2019-06-30": "$789", "2019-03-31": "$761", "2018-12-31": "$744", "2018-09-30": "$761", "2018-06-30": "$766", "2018-03-31": "$742", "2017-12-31": "$725", "2017-09-30": "$717", "2017-06-30": "$716", "2017-03-31": "$679", "2016-12-31": "$703", "2016-09-30": "$735", "2016-06-30": "$757", "2016-03-31": "$617", "2015-12-31": "$495", "2015-09-30": "$480", "2015-06-30": "$454", "2015-03-31": "$366", "2014-12-31": "$295", "2014-09-30": "$294", "2014-06-30": "$214", "2014-03-31": "$201", "2013-12-31": "$190", "2013-09-30": "$185", "2013-06-30": "$177", "2013-03-31": "$161", "2012-12-31": "$114", "2012-09-30": "$103", "2012-06-30": "$101", "2012-03-31": "$90", "2011-12-31": "$75", "2011-09-30": "$61", "2011-06-30": "$64", "2011-03-31": "$17", "2010-12-31": "", "2010-09-30": "$16", "2009-12-31": ""}}, "gross-profit": {"Acadia Healthcare Annual Gross Profit (Millions of US $)": {"2019": "$3,107", "2018": "$3,012", "2017": "$2,836", "2016": "$2,811", "2015": "$1,794", "2014": "$1,005", "2013": "$713", "2012": "$407", "2011": "$216", "2010": "$62", "2009": "$49"}, "Acadia Healthcare Quarterly Gross Profit (Millions of US $)": {"2020-09-30": "$833", "2020-06-30": "$750", "2020-03-31": "$783", "2019-12-31": "$780", "2019-09-30": "$777", "2019-06-30": "$789", "2019-03-31": "$761", "2018-12-31": "$744", "2018-09-30": "$761", "2018-06-30": "$766", "2018-03-31": "$742", "2017-12-31": "$725", "2017-09-30": "$717", "2017-06-30": "$716", "2017-03-31": "$679", "2016-12-31": "$703", "2016-09-30": "$735", "2016-06-30": "$757", "2016-03-31": "$617", "2015-12-31": "$495", "2015-09-30": "$480", "2015-06-30": "$454", "2015-03-31": "$366", "2014-12-31": "$295", "2014-09-30": "$294", "2014-06-30": "$214", "2014-03-31": "$201", "2013-12-31": "$190", "2013-09-30": "$185", "2013-06-30": "$177", "2013-03-31": "$161", "2012-12-31": "$114", "2012-09-30": "$103", "2012-06-30": "$101", "2012-03-31": "$90", "2011-12-31": "$75", "2011-09-30": "$61", "2011-06-30": "$64", "2011-03-31": "$17", "2010-12-31": "", "2010-09-30": "$16", "2009-12-31": ""}}, "operating-income": {"Acadia Healthcare Annual Operating Income (Millions of US $)": {"2019": "$405", "2018": "$413", "2017": "$438", "2016": "$445", "2015": "$321", "2014": "$173", "2013": "$123", "2012": "$71", "2011": "$12", "2010": "$9", "2009": "$4"}, "Acadia Healthcare Quarterly Operating Income (Millions of US $)": {"2020-09-30": "$111", "2020-06-30": "$97", "2020-03-31": "$86", "2019-12-31": "$100", "2019-09-30": "$102", "2019-06-30": "$114", "2019-03-31": "$89", "2018-12-31": "$92", "2018-09-30": "$104", "2018-06-30": "$118", "2018-03-31": "$99", "2017-12-31": "$111", "2017-09-30": "$112", "2017-06-30": "$120", "2017-03-31": "$95", "2016-12-31": "$108", "2016-09-30": "$112", "2016-06-30": "$129", "2016-03-31": "$96", "2015-12-31": "$87", "2015-09-30": "$86", "2015-06-30": "$86", "2015-03-31": "$62", "2014-12-31": "$52", "2014-09-30": "$52", "2014-06-30": "$36", "2014-03-31": "$32", "2013-12-31": "$33", "2013-09-30": "$33", "2013-06-30": "$31", "2013-03-31": "$26", "2012-12-31": "$21", "2012-09-30": "$18", "2012-06-30": "$18", "2012-03-31": "$13", "2011-12-31": "$13", "2011-09-30": "$9", "2011-06-30": "$-11", "2011-03-31": "$2", "2010-12-31": "", "2010-09-30": "$2", "2009-12-31": ""}}, "ebitda": {"Acadia Healthcare Annual EBITDA (Millions of US $)": {"2019": "$581", "2018": "$582", "2017": "$591", "2016": "$591", "2015": "$391", "2014": "$209", "2013": "$142", "2012": "$81", "2011": "$18", "2010": "$10", "2009": "$5"}, "Acadia Healthcare Quarterly EBITDA (Millions of US $)": {"2020-09-30": "$157", "2020-06-30": "$142", "2020-03-31": "$131", "2019-12-31": "$144", "2019-09-30": "$146", "2019-06-30": "$158", "2019-03-31": "$133", "2018-12-31": "$134", "2018-09-30": "$146", "2018-06-30": "$160", "2018-03-31": "$141", "2017-12-31": "$152", "2017-09-30": "$151", "2017-06-30": "$157", "2017-03-31": "$131", "2016-12-31": "$145", "2016-09-30": "$151", "2016-06-30": "$168", "2016-03-31": "$126", "2015-12-31": "$108", "2015-09-30": "$105", "2015-06-30": "$102", "2015-03-31": "$76", "2014-12-31": "$64", "2014-09-30": "$63", "2014-06-30": "$43", "2014-03-31": "$38", "2013-12-31": "$38", "2013-09-30": "$38", "2013-06-30": "$36", "2013-03-31": "$30", "2012-12-31": "$24", "2012-09-30": "$21", "2012-06-30": "$20", "2012-03-31": "$15", "2011-12-31": "$14", "2011-09-30": "$10", "2011-06-30": "$-9", "2011-03-31": "$3", "2010-12-31": "", "2010-09-30": "$2", "2009-12-31": ""}}, "net-income": {"Acadia Healthcare Annual Net Income (Millions of US $)": {"2019": "$109", "2018": "$-176", "2017": "$200", "2016": "$6", "2015": "$113", "2014": "$83", "2013": "$43", "2012": "$20", "2011": "$-35", "2010": "$6", "2009": "$3"}, "Acadia Healthcare Quarterly Net Income (Millions of US $)": {"2020-09-30": "$37", "2020-06-30": "$41", "2020-03-31": "$33", "2019-12-31": "$-11", "2019-09-30": "$43", "2019-06-30": "$48", "2019-03-31": "$29", "2018-12-31": "$-332", "2018-09-30": "$46", "2018-06-30": "$59", "2018-03-31": "$51", "2017-12-31": "$70", "2017-09-30": "$46", "2017-06-30": "$50", "2017-03-31": "$35", "2016-12-31": "$42", "2016-09-30": "$-118", "2016-06-30": "$56", "2016-03-31": "$26", "2015-12-31": "$35", "2015-09-30": "$30", "2015-06-30": "$34", "2015-03-31": "$15", "2014-12-31": "$22", "2014-09-30": "$25", "2014-06-30": "$22", "2014-03-31": "$13", "2013-12-31": "$12", "2013-09-30": "$14", "2013-06-30": "$12", "2013-03-31": "$4", "2012-12-31": "$4", "2012-09-30": "$6", "2012-06-30": "$6", "2012-03-31": "$4", "2011-12-31": "$-16", "2011-09-30": "$3", "2011-06-30": "$-22", "2011-03-31": "$-0", "2010-12-31": "", "2010-09-30": "$2", "2009-12-31": ""}}, "eps-earnings-per-share-diluted": {"Acadia Healthcare Annual EPS": {"2019": "$1.24", "2018": "$-2.01", "2017": "$2.30", "2016": "$0.07", "2015": "$1.64", "2014": "$1.50", "2013": "$0.85", "2012": "$0.53", "2011": "$-1.86", "2010": "$0.35", "2009": "$0.16"}, "Acadia Healthcare Quarterly EPS": {"2020-09-30": "$0.42", "2020-06-30": "$0.46", "2020-03-31": "$0.38", "2019-12-31": "$-0.13", "2019-09-30": "$0.48", "2019-06-30": "$0.55", "2019-03-31": "$0.34", "2018-12-31": "$-3.79", "2018-09-30": "$0.53", "2018-06-30": "$0.67", "2018-03-31": "$0.58", "2017-12-31": "$0.81", "2017-09-30": "$0.52", "2017-06-30": "$0.57", "2017-03-31": "$0.40", "2016-12-31": "$0.47", "2016-09-30": "$-1.36", "2016-06-30": "$0.65", "2016-03-31": "$0.31", "2015-12-31": "$0.50", "2015-09-30": "$0.42", "2015-06-30": "$0.49", "2015-03-31": "$0.23", "2014-12-31": "$0.38", "2014-09-30": "$0.43", "2014-06-30": "$0.43", "2014-03-31": "$0.26", "2013-12-31": "$0.25", "2013-09-30": "$0.29", "2013-06-30": "$0.24", "2013-03-31": "$0.07", "2012-12-31": "$0.11", "2012-09-30": "$0.15", "2012-06-30": "$0.16", "2012-03-31": "$0.11", "2011-12-31": "$-0.79", "2011-09-30": "$0.18", "2011-06-30": "$-1.24", "2011-03-31": "$-0.01", "2010-12-31": "$0.00", "2010-09-30": "$0.09", "2009-12-31": "$0.00"}}, "shares-outstanding": {"Acadia Healthcare Annual Shares Outstanding (Millions of Shares)": {"2019": "88", "2018": "87", "2017": "87", "2016": "86", "2015": "68", "2014": "55", "2013": "50", "2012": "39", "2011": "19", "2010": "18", "2009": "18"}, "Acadia Healthcare Quarterly Shares Outstanding (Millions of Shares)": {"2020-09-30": "89", "2020-06-30": "89", "2020-03-31": "88", "2019-12-31": "88", "2019-09-30": "88", "2019-06-30": "88", "2019-03-31": "88", "2018-12-31": "87", "2018-09-30": "88", "2018-06-30": "87", "2018-03-31": "87", "2017-12-31": "87", "2017-09-30": "87", "2017-06-30": "87", "2017-03-31": "87", "2016-12-31": "86", "2016-09-30": "87", "2016-06-30": "87", "2016-03-31": "83", "2015-12-31": "68", "2015-09-30": "71", "2015-06-30": "69", "2015-03-31": "63", "2014-12-31": "55", "2014-09-30": "59", "2014-06-30": "52", "2014-03-31": "50", "2013-12-31": "50", "2013-09-30": "50", "2013-06-30": "50", "2013-03-31": "50", "2012-12-31": "39", "2012-09-30": "42", "2012-06-30": "37", "2012-03-31": "32", "2011-12-31": "19", "2011-09-30": "18", "2011-06-30": "18", "2011-03-31": "18", "2010-12-31": "", "2010-09-30": "18", "2009-12-31": ""}}, "total-assets": {"Acadia Healthcare Annual Total Assets (Millions of US $)": {"2019": "$6,879", "2018": "$6,173", "2017": "$6,425", "2016": "$6,025", "2015": "$4,279", "2014": "$2,207", "2013": "$1,225", "2012": "$983", "2011": "$413", "2010": "$45", "2009": "$0"}, "Acadia Healthcare Quarterly Total Assets (Millions of US $)": {"2020-09-30": "$7,105", "2020-06-30": "$6,833", "2020-03-31": "$6,718", "2019-12-31": "$6,879", "2019-09-30": "$6,728", "2019-06-30": "$6,790", "2019-03-31": "$6,786", "2018-12-31": "$6,173", "2018-09-30": "$6,530", "2018-06-30": "$6,503", "2018-03-31": "$6,585", "2017-12-31": "$6,425", "2017-09-30": "$6,343", "2017-06-30": "$6,228", "2017-03-31": "$6,066", "2016-12-31": "$6,025", "2016-09-30": "$6,453", "2016-06-30": "$6,684", "2016-03-31": "$6,696", "2015-12-31": "$4,279", "2015-09-30": "$4,145", "2015-06-30": "$3,926", "2015-03-31": "$3,627", "2014-12-31": "$2,207", "2014-09-30": "$2,140", "2014-06-30": "$1,593", "2014-03-31": "$1,283", "2013-12-31": "$1,225", "2013-09-30": "$1,163", "2013-06-30": "$1,114", "2013-03-31": "$1,085", "2012-12-31": "$983", "2012-09-30": "$604", "2012-06-30": "$586", "2012-03-31": "$453", "2011-12-31": "$413", "2011-09-30": "$270", "2011-06-30": "$0", "2011-03-31": "$0", "2010-12-31": "$0", "2010-09-30": "$0", "2009-12-31": "$0"}}, "cash-on-hand": {"Acadia Healthcare Annual Cash on Hand (Millions of US $)": {"2019": "$124", "2018": "$51", "2017": "$67", "2016": "$57", "2015": "$11", "2014": "$94", "2013": "$5", "2012": "$49", "2011": "$61", "2010": "$9", "2009": "$"}, "Acadia Healthcare Quarterly Cash on Hand (Millions of US $)": {"2020-09-30": "$339", "2020-06-30": "$212", "2020-03-31": "$81", "2019-12-31": "$124", "2019-09-30": "$93", "2019-06-30": "$44", "2019-03-31": "$44", "2018-12-31": "$51", "2018-09-30": "$49", "2018-06-30": "$79", "2018-03-31": "$58", "2017-12-31": "$67", "2017-09-30": "$76", "2017-06-30": "$79", "2017-03-31": "$43", "2016-12-31": "$57", "2016-09-30": "$28", "2016-06-30": "$31", "2016-03-31": "$37", "2015-12-31": "$11", "2015-09-30": "$51", "2015-06-30": "$35", "2015-03-31": "$38", "2014-12-31": "$94", "2014-09-30": "$42", "2014-06-30": "$278", "2014-03-31": "$7", "2013-12-31": "$5", "2013-09-30": "$4", "2013-06-30": "$7", "2013-03-31": "$100", "2012-12-31": "$49", "2012-09-30": "$12", "2012-06-30": "$120", "2012-03-31": "$1", "2011-12-31": "$61", "2011-09-30": "$1", "2011-06-30": "", "2011-03-31": "", "2010-12-31": "", "2010-09-30": "", "2009-12-31": ""}}, "long-term-debt": {"Acadia Healthcare Annual Long Term Debt (Millions of US $)": {"2019": "$3,105", "2018": "$3,159", "2017": "$3,205", "2016": "$3,253", "2015": "$2,195", "2014": "$1,053", "2013": "$602", "2012": "$466", "2011": "$271", "2010": "$", "2009": "$"}, "Acadia Healthcare Quarterly Long Term Debt (Millions of US $)": {"2020-09-30": "$3,067", "2020-06-30": "$3,078", "2020-03-31": "$2,945", "2019-12-31": "$3,105", "2019-09-30": "$3,134", "2019-06-30": "$3,207", "2019-03-31": "$3,222", "2018-12-31": "$3,159", "2018-09-30": "$3,182", "2018-06-30": "$3,188", "2018-03-31": "$3,208", "2017-12-31": "$3,205", "2017-09-30": "$3,234", "2017-06-30": "$3,240", "2017-03-31": "$3,247", "2016-12-31": "$3,253", "2016-09-30": "$3,584", "2016-06-30": "$3,578", "2016-03-31": "$3,498", "2015-12-31": "$2,195", "2015-09-30": "$2,092", "2015-06-30": "$1,915", "2015-03-31": "$2,019", "2014-12-31": "$1,053", "2014-09-30": "$1,016", "2014-06-30": "$556", "2014-03-31": "$654", "2013-12-31": "$602", "2013-09-30": "$572", "2013-06-30": "$556", "2013-03-31": "$560", "2012-12-31": "$466", "2012-09-30": "$285", "2012-06-30": "$289", "2012-03-31": "$300", "2011-12-31": "$271", "2011-09-30": "$131", "2011-06-30": "", "2011-03-31": "", "2010-12-31": "", "2010-09-30": "", "2009-12-31": ""}}, "total-liabilities": {"Acadia Healthcare Annual Total Liabilities (Millions of US $)": {"2019": "$4,374", "2018": "$3,839", "2017": "$3,852", "2016": "$3,857", "2015": "$2,596", "2014": "$1,326", "2013": "$744", "2012": "$551", "2011": "$317", "2010": "$20", "2009": "$0"}, "Acadia Healthcare Quarterly Total Liabilities (Millions of US $)": {"2020-09-30": "$4,499", "2020-06-30": "$4,330", "2020-03-31": "$4,254", "2019-12-31": "$4,374", "2019-09-30": "$4,307", "2019-06-30": "$4,368", "2019-03-31": "$4,382", "2018-12-31": "$3,839", "2018-09-30": "$3,849", "2018-06-30": "$3,850", "2018-03-31": "$3,883", "2017-12-31": "$3,852", "2017-09-30": "$3,855", "2017-06-30": "$3,851", "2017-03-31": "$3,830", "2016-12-31": "$3,857", "2016-09-30": "$4,211", "2016-06-30": "$4,248", "2016-03-31": "$4,133", "2015-12-31": "$2,596", "2015-09-30": "$2,475", "2015-06-30": "$2,260", "2015-03-31": "$2,377", "2014-12-31": "$1,326", "2014-09-30": "$1,254", "2014-06-30": "$697", "2014-03-31": "$787", "2013-12-31": "$744", "2013-09-30": "$696", "2013-06-30": "$663", "2013-03-31": "$648", "2012-12-31": "$551", "2012-09-30": "$350", "2012-06-30": "$340", "2012-03-31": "$353", "2011-12-31": "$317", "2011-09-30": "$193", "2011-06-30": "$0", "2011-03-31": "$0", "2010-12-31": "", "2010-09-30": "$0", "2009-12-31": "$0"}}, "total-share-holder-equity": {"Acadia Healthcare Annual Share Holder Equity (Millions of US $)": {"2019": "$2,505", "2018": "$2,333", "2017": "$2,573", "2016": "$2,168", "2015": "$1,683", "2014": "$881", "2013": "$481", "2012": "$433", "2011": "$96", "2010": "$25", "2009": "$0"}, "Acadia Healthcare Quarterly Share Holder Equity (Millions of US $)": {"2020-09-30": "$2,607", "2020-06-30": "$2,503", "2020-03-31": "$2,464", "2019-12-31": "$2,505", "2019-09-30": "$2,421", "2019-06-30": "$2,422", "2019-03-31": "$2,403", "2018-12-31": "$2,333", "2018-09-30": "$2,680", "2018-06-30": "$2,653", "2018-03-31": "$2,702", "2017-12-31": "$2,573", "2017-09-30": "$2,488", "2017-06-30": "$2,377", "2017-03-31": "$2,236", "2016-12-31": "$2,168", "2016-09-30": "$2,242", "2016-06-30": "$2,436", "2016-03-31": "$2,563", "2015-12-31": "$1,683", "2015-09-30": "$1,671", "2015-06-30": "$1,666", "2015-03-31": "$1,250", "2014-12-31": "$881", "2014-09-30": "$887", "2014-06-30": "$895", "2014-03-31": "$496", "2013-12-31": "$481", "2013-09-30": "$467", "2013-06-30": "$451", "2013-03-31": "$437", "2012-12-31": "$433", "2012-09-30": "$254", "2012-06-30": "$246", "2012-03-31": "$101", "2011-12-31": "$96", "2011-09-30": "$77", "2011-06-30": "$0", "2011-03-31": "$0", "2010-12-31": "", "2010-09-30": "$0", "2009-12-31": "$0"}}, "profit-margins": {"current": "3.19%"}, "gross margin": {"2020-09-30": "100.00%", "2020-06-30": "100.00%", "2020-03-31": "100.00%", "2019-12-31": "100.00%", "2019-09-30": "100.00%", "2019-06-30": "100.00%", "2019-03-31": "100.00%", "2018-12-31": "100.00%", "2018-09-30": "100.00%", "2018-06-30": "100.00%", "2018-03-31": "100.00%", "2017-12-31": "100.00%", "2017-09-30": "100.00%", "2017-06-30": "100.00%", "2017-03-31": "100.00%", "2016-12-31": "100.00%", "2016-09-30": "100.00%", "2016-06-30": "100.00%", "2016-03-31": "100.00%", "2015-12-31": "100.00%", "2015-09-30": "100.00%", "2015-06-30": "100.00%", "2015-03-31": "100.00%", "2014-12-31": "100.00%", "2014-09-30": "100.00%", "2014-06-30": "100.00%", "2014-03-31": "100.00%", "2013-12-31": "100.00%", "2013-09-30": "100.00%", "2013-06-30": "100.00%", "2013-03-31": "100.00%", "2012-12-31": "100.00%", "2012-09-30": "100.00%", "2012-06-30": "100.00%", "2012-03-31": "100.00%", "2011-12-31": "100.00%", "2011-06-30": "100.00%"}, "operating margin": {"2020-09-30": "12.52%", "2020-06-30": "12.46%", "2020-03-31": "12.85%", "2019-12-31": "13.04%", "2019-09-30": "12.93%", "2019-06-30": "13.06%", "2019-03-31": "13.29%", "2018-12-31": "13.71%", "2018-09-30": "14.43%", "2018-06-30": "14.92%", "2018-03-31": "15.24%", "2017-12-31": "15.44%", "2017-09-30": "15.45%", "2017-06-30": "15.35%", "2017-03-31": "15.45%", "2016-12-31": "15.83%", "2016-09-30": "16.28%", "2016-06-30": "16.94%", "2016-03-31": "17.35%", "2015-12-31": "17.88%", "2015-09-30": "17.93%", "2015-06-30": "17.89%", "2015-03-31": "17.28%", "2014-12-31": "17.13%", "2014-09-30": "17.02%", "2014-06-30": "16.96%", "2014-03-31": "17.13%", "2013-12-31": "17.25%", "2013-09-30": "17.43%", "2013-06-30": "17.30%", "2013-03-31": "17.33%", "2012-12-31": "17.16%", "2012-09-30": "16.80%", "2012-06-30": "16.21%", "2012-03-31": "8.28%", "2011-12-31": "5.99%", "2011-06-30": "-7.22%"}, "ebitda margin": {"2020-09-30": "18.25%", "2020-06-30": "18.22%", "2020-03-31": "18.50%", "2019-12-31": "18.70%", "2019-09-30": "18.59%", "2019-06-30": "18.69%", "2019-03-31": "18.90%", "2018-12-31": "19.28%", "2018-09-30": "20.01%", "2018-06-30": "20.47%", "2018-03-31": "20.72%", "2017-12-31": "20.83%", "2017-09-30": "20.75%", "2017-06-30": "20.61%", "2017-03-31": "20.70%", "2016-12-31": "20.98%", "2016-09-30": "21.24%", "2016-06-30": "21.58%", "2016-03-31": "21.55%", "2015-12-31": "21.78%", "2015-09-30": "21.76%", "2015-06-30": "21.65%", "2015-03-31": "21.04%", "2014-12-31": "20.72%", "2014-09-30": "20.24%", "2014-06-30": "19.87%", "2014-03-31": "19.92%", "2013-12-31": "19.92%", "2013-09-30": "20.09%", "2013-06-30": "20.00%", "2013-03-31": "19.83%", "2012-12-31": "19.61%", "2012-09-30": "18.97%", "2012-06-30": "18.04%", "2012-03-31": "10.34%", "2011-12-31": "8.29%", "2011-06-30": "-4.12%"}, "pre tax profit margin": {"2020-09-30": "3.97%", "2020-06-30": "4.21%", "2020-03-31": "4.47%", "2019-12-31": "4.41%", "2019-09-30": "-6.32%", "2019-06-30": "-6.19%", "2019-03-31": "-5.94%", "2018-12-31": "-5.61%", "2018-09-30": "7.78%", "2018-06-30": "8.10%", "2018-03-31": "8.14%", "2017-12-31": "8.32%", "2017-09-30": "7.71%", "2017-06-30": "1.41%", "2017-03-31": "1.67%", "2016-12-31": "1.14%", "2016-09-30": "1.65%", "2016-06-30": "8.56%", "2016-03-31": "8.60%", "2015-12-31": "9.19%", "2015-09-30": "9.22%", "2015-06-30": "9.79%", "2015-03-31": "10.78%", "2014-12-31": "12.55%", "2014-09-30": "12.35%", "2014-06-30": "12.66%", "2014-03-31": "11.02%", "2013-12-31": "9.68%", "2013-09-30": "8.95%", "2013-06-30": "8.11%", "2013-03-31": "7.31%", "2012-12-31": "8.09%", "2012-09-30": "0.54%", "2012-06-30": "-1.22%", "2012-03-31": "-11.38%", "2011-12-31": "-17.97%", "2011-06-30": "-18.56%"}, "net profit margin": {"2020-09-30": "3.18%", "2020-06-30": "3.43%", "2020-03-31": "3.61%", "2019-12-31": "3.51%", "2019-09-30": "-6.90%", "2019-06-30": "-6.84%", "2019-03-31": "-6.53%", "2018-12-31": "-5.84%", "2018-09-30": "7.55%", "2018-06-30": "7.66%", "2018-03-31": "7.48%", "2017-12-31": "7.08%", "2017-09-30": "6.15%", "2017-06-30": "0.32%", "2017-03-31": "0.52%", "2016-12-31": "0.21%", "2016-09-30": "-0.04%", "2016-06-30": "6.26%", "2016-03-31": "6.11%", "2015-12-31": "6.35%", "2015-09-30": "6.33%", "2015-06-30": "6.81%", "2015-03-31": "7.19%", "2014-12-31": "8.17%", "2014-09-30": "8.01%", "2014-06-30": "7.72%", "2014-03-31": "6.77%", "2013-12-31": "5.89%", "2013-09-30": "5.34%", "2013-06-30": "4.68%", "2013-03-31": "4.18%", "2012-12-31": "4.90%", "2012-09-30": "0.00%", "2012-06-30": "-0.92%", "2012-03-31": "-10.69%", "2011-12-31": "-16.13%", "2011-06-30": "-20.62%"}, "pe ratio": {"current": "25.30", "2021-02-05": "48.14", "2020-09-30": "26.09", "2020-06-30": "21.11", "2020-03-31": "14.34", "2019-12-31": "26.79", "2019-09-30": "0.00", "2019-06-30": "0.00", "2019-03-31": "0.00", "2018-12-31": "0.00", "2018-09-30": "13.64", "2018-06-30": "15.92", "2018-03-31": "15.86", "2017-12-31": "14.25", "2017-09-30": "24.24", "2017-06-30": "548.67", "2017-03-31": "256.47", "2016-12-31": "413.75", "2016-09-30": "275.28", "2016-06-30": "28.27", "2016-03-31": "30.62", "2015-12-31": "36.31", "2015-09-30": "43.89", "2015-06-30": "51.53", "2015-03-31": "49.04", "2014-12-31": "41.08", "2014-09-30": "35.66", "2014-06-30": "37.30", "2014-03-31": "43.81", "2013-12-31": "56.35", "2013-09-30": "56.33", "2013-06-30": "59.05", "2013-03-31": "61.23", "2012-12-31": "44.90", "2012-09-30": "0.00", "2012-06-30": "0.00", "2012-03-31": "0.00", "2011-12-31": "0.00", "2011-09-30": "0.00", "2011-06-30": "0.00", "2011-03-31": "0.00"}, "price sales": {"2021-02-05": "1.53", "2020-09-30": "0.83", "2020-06-30": "0.72", "2020-03-31": "0.52", "2019-12-31": "0.94", "2019-09-30": "0.89", "2019-06-30": "1.00", "2019-03-31": "0.85", "2018-12-31": "0.75", "2018-09-30": "1.03", "2018-06-30": "1.21", "2018-03-31": "1.18", "2017-12-31": "1.00", "2017-09-30": "1.47", "2017-06-30": "1.51", "2017-03-31": "1.31", "2016-12-31": "1.01", "2016-09-30": "1.56", "2016-06-30": "1.84", "2016-03-31": "1.97", "2015-12-31": "2.37", "2015-09-30": "2.71", "2015-06-30": "3.45", "2015-03-31": "3.54", "2014-12-31": "3.33", "2014-09-30": "2.88", "2014-06-30": "2.92", "2014-03-31": "3.01", "2013-12-31": "3.34", "2013-09-30": "2.95", "2013-06-30": "2.72", "2013-03-31": "2.59", "2012-12-31": "2.14", "2012-09-30": "1.99", "2012-06-30": "1.35", "2012-03-31": "1.18", "2011-12-31": "0.83", "2011-09-30": "0.52", "2011-06-30": "1.07", "2011-03-31": "2.48"}, "price book": {"current": "1.86", "2021-02-05": "1.83", "2020-09-30": "0.99", "2020-06-30": "0.88", "2020-03-31": "0.65", "2019-12-31": "1.16", "2019-09-30": "1.13", "2019-06-30": "1.26", "2019-03-31": "1.07", "2018-12-31": "0.96", "2018-09-30": "1.15", "2018-06-30": "1.35", "2018-03-31": "1.27", "2017-12-31": "1.10", "2017-09-30": "1.67", "2017-06-30": "1.81", "2017-03-31": "1.69", "2016-12-31": "1.32", "2016-09-30": "1.92", "2016-06-30": "1.97", "2016-03-31": "1.86", "2015-12-31": "2.63", "2015-09-30": "2.81", "2015-06-30": "3.32", "2015-03-31": "3.74", "2014-12-31": "4.11", "2014-09-30": "3.24", "2014-06-30": "3.01", "2014-03-31": "4.57", "2013-12-31": "4.93", "2013-09-30": "4.23", "2013-06-30": "3.67", "2013-03-31": "3.36", "2012-12-31": "2.69", "2012-09-30": "3.93", "2012-06-30": "2.97", "2012-03-31": "5.20", "2011-12-31": "3.32", "2011-09-30": "0.95", "2011-06-30": "0.00", "2011-03-31": "0.00", "2010-12-31": "0.00", "2010-09-30": "0.00", "2009-12-31": "0.00"}, "price fcf": {"2021-02-05": "", "2020-09-30": "$3.55", "2020-06-30": "$2.17", "2020-03-31": "$0.66", "2019-12-31": "$0.67", "2019-09-30": "$0.61", "2019-06-30": "$0.14", "2019-03-31": "$0.45", "2018-12-31": "$0.72", "2018-09-30": "$0.83", "2018-06-30": "$1.02", "2018-03-31": "$0.96", "2017-12-31": "$1.03", "2017-09-30": "$0.99", "2017-06-30": "$0.96", "2017-03-31": "$0.75", "2016-12-31": "$0.15", "2016-09-30": "$-0.10", "2016-06-30": "$-0.68", "2016-03-31": "$-0.89", "2015-12-31": "$-0.91", "2015-09-30": "$-1.12", "2015-06-30": "$-0.26", "2015-03-31": "$-0.36", "2014-12-31": "$-0.38", "2014-09-30": "$-0.45", "2014-06-30": "$-0.77", "2014-03-31": "$-0.60", "2013-12-31": "$-0.23", "2013-09-30": "$-10.48", "2013-06-30": "$-11.09", "2013-03-31": "$-11.56", "2012-12-31": "$-11.30", "2012-09-30": "$-3.00", "2012-06-30": "$-2.27", "2012-03-31": "$-2.03", "2011-12-31": "$-2.08", "2011-09-30": "$-0.35", "2011-06-30": "$-0.10", "2011-03-31": "$-0.01"}, "net worth": {"value": "$4.84B"}, "current ratio": {"2020-09-30": "1.26", "2020-06-30": "1.16", "2020-03-31": "0.87", "2019-12-31": "1.17", "2019-09-30": "1.17", "2019-06-30": "1.10", "2019-03-31": "1.07", "2018-12-31": "1.08", "2018-09-30": "1.26", "2018-06-30": "1.24", "2018-03-31": "1.29", "2017-12-31": "1.25", "2017-09-30": "1.36", "2017-06-30": "1.32", "2017-03-31": "1.26", "2016-12-31": "1.25", "2016-09-30": "1.03", "2016-06-30": "0.94", "2016-03-31": "0.96", "2015-12-31": "1.02", "2015-09-30": "1.43", "2015-06-30": "1.34", "2015-03-31": "1.41", "2014-12-31": "1.65", "2014-09-30": "1.61", "2014-06-30": "4.38", "2014-03-31": "1.60", "2013-12-31": "1.27", "2013-09-30": "1.41", "2013-06-30": "1.47", "2013-03-31": "3.00", "2012-12-31": "1.96", "2012-09-30": "1.51", "2012-06-30": "4.16", "2012-03-31": "1.33", "2011-12-31": "2.77", "2011-09-30": "1.00", "2011-06-30": "0.00", "2011-03-31": "0.00", "2010-12-31": "0.00", "2010-09-30": "0.00", "2009-12-31": "0.00"}, "quick ratio": {"2020-09-30": "0.00", "2020-06-30": "0.00", "2020-03-31": "0.00", "2019-12-31": "0.00", "2019-09-30": "0.00", "2019-06-30": "0.00", "2019-03-31": "0.00", "2018-12-31": "0.00", "2018-09-30": "0.00", "2018-06-30": "0.00", "2018-03-31": "0.00", "2017-12-31": "0.00", "2017-09-30": "0.00", "2017-06-30": "0.00", "2017-03-31": "0.00", "2016-12-31": "0.00", "2016-09-30": "0.00", "2016-06-30": "0.00", "2016-03-31": "0.00", "2015-12-31": "0.00", "2015-09-30": "0.00", "2015-06-30": "0.00", "2015-03-31": "0.00", "2014-12-31": "0.00", "2014-09-30": "0.00", "2014-06-30": "0.00", "2014-03-31": "0.00", "2013-12-31": "0.00", "2013-09-30": "0.00", "2013-06-30": "0.00", "2013-03-31": "0.00", "2012-12-31": "0.00", "2012-09-30": "0.00", "2012-06-30": "0.00", "2012-03-31": "0.00", "2011-12-31": "0.00", "2011-09-30": "0.00", "2011-06-30": "0.00", "2011-03-31": "0.00", "2010-12-31": "0.00", "2010-09-30": "0.00", "2009-12-31": "0.00"}, "debt equity ratio": {"current": "1.18", "2020-09-30": "1.73", "2020-06-30": "1.73", "2020-03-31": "1.73", "2019-12-31": "1.75", "2019-09-30": "1.78", "2019-06-30": "1.80", "2019-03-31": "1.82", "2018-12-31": "1.65", "2018-09-30": "1.44", "2018-06-30": "1.45", "2018-03-31": "1.44", "2017-12-31": "1.50", "2017-09-30": "1.55", "2017-06-30": "1.62", "2017-03-31": "1.71", "2016-12-31": "1.78", "2016-09-30": "1.88", "2016-06-30": "1.74", "2016-03-31": "1.61", "2015-12-31": "1.54", "2015-09-30": "1.48", "2015-06-30": "1.36", "2015-03-31": "1.90", "2014-12-31": "1.51", "2014-09-30": "1.41", "2014-06-30": "0.78", "2014-03-31": "1.59", "2013-12-31": "1.55", "2013-09-30": "1.49", "2013-06-30": "1.47", "2013-03-31": "1.48", "2012-12-31": "1.27", "2012-09-30": "1.38", "2012-06-30": "1.38", "2012-03-31": "3.50", "2011-12-31": "3.29", "2011-09-30": "2.50", "2011-06-30": "0.00", "2011-03-31": "0.00", "2010-12-31": "0.00", "2010-09-30": "0.00", "2009-12-31": "0.00"}, "return on equity": {"2020-09-30": "3.97%", "2020-06-30": "4.29%", "2020-03-31": "4.61%", "2019-12-31": "4.47%", "2019-09-30": "-8.85%", "2019-06-30": "-8.50%", "2019-03-31": "-7.87%", "2018-12-31": "-6.79%", "2018-09-30": "8.52%", "2018-06-30": "8.68%", "2018-03-31": "8.56%", "2017-12-31": "8.31%", "2017-09-30": "7.47%", "2017-06-30": "0.40%", "2017-03-31": "0.66%", "2016-12-31": "0.26%", "2016-09-30": "-0.04%", "2016-06-30": "7.04%", "2016-03-31": "6.59%", "2015-12-31": "7.27%", "2015-09-30": "7.39%", "2015-06-30": "8.20%", "2015-03-31": "8.59%", "2014-12-31": "10.38%", "2014-09-30": "10.44%", "2014-06-30": "10.43%", "2014-03-31": "10.77%", "2013-12-31": "9.15%", "2013-09-30": "7.61%", "2013-06-30": "6.60%", "2013-03-31": "5.84%", "2012-12-31": "7.74%", "2012-09-30": "0.00%", "2012-06-30": "-2.31%", "2012-03-31": "-45.26%", "2011-12-31": "-80.92%", "2011-06-30": "inf%"}, "return on assets": {"2020-09-30": "1.45%", "2020-06-30": "1.56%", "2020-03-31": "1.67%", "2019-12-31": "1.60%", "2019-09-30": "-3.20%", "2019-06-30": "-3.18%", "2019-03-31": "-3.05%", "2018-12-31": "-2.73%", "2018-09-30": "3.47%", "2018-06-30": "3.50%", "2018-03-31": "3.39%", "2017-12-31": "3.21%", "2017-09-30": "2.81%", "2017-06-30": "0.15%", "2017-03-31": "0.24%", "2016-12-31": "0.09%", "2016-09-30": "-0.02%", "2016-06-30": "2.70%", "2016-03-31": "2.63%", "2015-12-31": "2.85%", "2015-09-30": "2.91%", "2015-06-30": "3.23%", "2015-03-31": "3.51%", "2014-12-31": "4.54%", "2014-09-30": "4.61%", "2014-06-30": "4.64%", "2014-03-31": "4.26%", "2013-12-31": "3.66%", "2013-09-30": "3.13%", "2013-06-30": "2.75%", "2013-03-31": "2.46%", "2012-12-31": "3.05%", "2012-09-30": "0.00%", "2012-06-30": "-0.70%", "2012-03-31": "-10.92%", "2011-12-31": "-20.50%", "2011-06-30": "inf%"}, "return on investments": {"2020-09-30": "7.07%", "2020-06-30": "6.95%", "2020-03-31": "7.24%", "2019-12-31": "7.23%", "2019-09-30": "7.12%", "2019-06-30": "7.06%", "2019-03-31": "7.06%", "2018-12-31": "7.15%", "2018-09-30": "7.39%", "2018-06-30": "7.57%", "2018-03-31": "7.68%", "2017-12-31": "7.75%", "2017-09-30": "7.82%", "2017-06-30": "7.79%", "2017-03-31": "7.81%", "2016-12-31": "7.63%", "2016-09-30": "7.79%", "2016-06-30": "8.07%", "2016-03-31": "8.22%", "2015-12-31": "8.86%", "2015-09-30": "9.12%", "2015-06-30": "9.43%", "2015-03-31": "9.44%", "2014-12-31": "10.69%", "2014-09-30": "10.95%", "2014-06-30": "11.35%", "2014-03-31": "12.06%", "2013-12-31": "11.93%", "2013-09-30": "11.27%", "2013-06-30": "11.16%", "2013-03-31": "11.19%", "2012-12-31": "11.81%", "2012-09-30": "13.48%", "2012-06-30": "14.04%", "2012-03-31": "9.85%", "2011-12-31": "9.04%", "2011-06-30": "inf%"}, "return on tangible equity": {"2020-09-30": "-975.61%", "2020-06-30": "-223.16%", "2020-03-31": "-160.85%", "2019-12-31": "-122.13%", "2019-09-30": "178.53%", "2019-06-30": "159.85%", "2019-03-31": "132.22%", "2018-12-31": "110.00%", "2018-09-30": "-119.89%", "2018-06-30": "-95.86%", "2018-03-31": "-73.37%", "2017-12-31": "-52.01%", "2017-09-30": "-36.87%", "2017-06-30": "-1.72%", "2017-03-31": "-2.79%", "2016-12-31": "-1.24%", "2016-09-30": "0.22%", "2016-06-30": "-35.27%", "2016-03-31": "-32.81%", "2015-12-31": "-23.68%", "2015-09-30": "-29.60%", "2015-06-30": "-41.07%", "2015-03-31": "-86.60%", "2014-12-31": "242.96%", "2014-09-30": "-236.07%", "2014-06-30": "-63.87%", "2014-03-31": "-25.82%", "2013-12-31": "-22.55%", "2013-09-30": "-19.85%", "2013-06-30": "-17.96%", "2013-03-31": "-19.75%", "2012-12-31": "-18.60%", "2012-09-30": "0.00%", "2012-06-30": "3.13%", "2012-03-31": "34.64%", "2011-12-31": "74.47%", "2011-06-30": "inf%"}, "dividend yield history": {"last payout": "$0.00", "last yield": "0.00%"}}