{"ticker": "ACN", "price": {"title": "Accenture Historical Annual Stock Price Data", "value": 253.54, "historical": {"2020": {"Average Stock Price": "212.8577", "Year Open": "210.1500", "Year High": "266.2500", "Year Low": "143.6900", "Year Close": "261.2100", "Annual % Change": "24.05%"}, "2019": {"Average Stock Price": "181.5810", "Year Open": "140.5900", "Year High": "212.2200", "Year Low": "135.7900", "Year Close": "210.5700", "Annual % Change": "49.33%"}, "2018": {"Average Stock Price": "159.6480", "Year Open": "153.8400", "Year High": "174.1900", "Year Low": "133.6700", "Year Close": "141.0100", "Annual % Change": "-7.89%"}, "2017": {"Average Stock Price": "129.1480", "Year Open": "116.4600", "Year High": "154.2000", "Year Low": "113.2100", "Year Close": "153.0900", "Annual % Change": "30.70%"}, "2016": {"Average Stock Price": "112.9099", "Year Open": "101.8300", "Year High": "125.4000", "Year Low": "93.3200", "Year Close": "117.1300", "Annual % Change": "12.09%"}, "2015": {"Average Stock Price": "97.5011", "Year Open": "88.8400", "Year High": "109.7300", "Year Low": "84.0300", "Year Close": "104.5000", "Annual % Change": "17.01%"}, "2014": {"Average Stock Price": "81.4019", "Year Open": "81.1300", "Year High": "91.4200", "Year Low": "75.8500", "Year Close": "89.3100", "Annual % Change": "8.62%"}, "2013": {"Average Stock Price": "75.6598", "Year Open": "69.0600", "Year High": "83.0900", "Year Low": "68.8100", "Year Close": "82.2200", "Annual % Change": "23.64%"}, "2012": {"Average Stock Price": "62.1754", "Year Open": "52.9500", "Year High": "71.3900", "Year Low": "51.7400", "Year Close": "66.5000", "Annual % Change": "24.93%"}, "2011": {"Average Stock Price": "54.9859", "Year Open": "48.5900", "Year High": "63.4400", "Year Low": "47.4400", "Year Close": "53.2300", "Annual % Change": "9.78%"}, "2010": {"Average Stock Price": "41.7429", "Year Open": "42.0700", "Year High": "50.3200", "Year Low": "36.4400", "Year Close": "48.4900", "Annual % Change": "16.84%"}, "2009": {"Average Stock Price": "33.9941", "Year Open": "33.6700", "Year High": "42.8700", "Year Low": "26.6700", "Year Close": "41.5000", "Annual % Change": "26.56%"}, "2008": {"Average Stock Price": "35.8004", "Year Open": "36.0600", "Year High": "41.9600", "Year Low": "26.7100", "Year Close": "32.7900", "Annual % Change": "-8.99%"}, "2007": {"Average Stock Price": "38.7294", "Year Open": "36.3800", "Year High": "43.8100", "Year Low": "33.7800", "Year Close": "36.0300", "Annual % Change": "-2.44%"}, "2006": {"Average Stock Price": "30.5462", "Year Open": "29.3000", "Year High": "37.2700", "Year Low": "25.7800", "Year Close": "36.9300", "Annual % Change": "27.92%"}, "2005": {"Average Stock Price": "25.0409", "Year Open": "26.3700", "Year High": "29.1800", "Year Low": "21.4700", "Year Close": "28.8700", "Annual % Change": "6.93%"}, "2004": {"Average Stock Price": "25.0749", "Year Open": "25.9200", "Year High": "27.9100", "Year Low": "22.0300", "Year Close": "27.0000", "Annual % Change": "2.58%"}, "2003": {"Average Stock Price": "19.4309", "Year Open": "18.6100", "Year High": "26.3300", "Year Low": "13.7900", "Year Close": "26.3200", "Annual % Change": "46.30%"}, "2002": {"Average Stock Price": "20.2345", "Year Open": "26.2100", "Year High": "29.9000", "Year Low": "12.2000", "Year Close": "17.9900", "Annual % Change": "-33.17%"}, "2001": {"Average Stock Price": "17.9038", "Year Open": "15.1700", "Year High": "27.0500", "Year Low": "11.8500", "Year Close": "26.9200", "Annual % Change": "0.00%"}}}, "market cap": {"value": "$167.05B"}, "income statement": {"Revenue": {"2020-08-31": "44327.04000", "2019-08-31": "43215.01000", "2018-08-31": "40992.54000", "2017-08-31": "36176.84000", "2016-08-31": "34797.66000", "2015-08-31": "32914.43000", "2014-08-31": "31874.68000", "2013-08-31": "30394.29000", "2012-08-31": "29777.98000", "2011-08-31": "27352.91000", "2010-08-31": "23094.08000", "2009-08-31": "23170.97000", "2008-08-31": "25313.83000", "2007-08-31": "21452.75000", "2006-08-31": "18228.37000", "2005-08-31": "17094.42000"}, "Cost Of Goods Sold": {"2020-08-31": "30350.88000", "2019-08-31": "29900.32000", "2018-08-31": "28499.17000", "2017-08-31": "25105.35000", "2016-08-31": "24520.23000", "2015-08-31": "23105.19000", "2014-08-31": "22190.21000", "2013-08-31": "21010.11000", "2012-08-31": "20790.28000", "2011-08-31": "18966.20000", "2010-08-31": "15843.33000", "2009-08-31": "16329.85000", "2008-08-31": "18128.24000", "2007-08-31": "15411.27000", "2006-08-31": "13234.19000", "2005-08-31": "12002.04000"}, "Gross Profit": {"2020-08-31": "13976.16000", "2019-08-31": "13314.69000", "2018-08-31": "12493.37000", "2017-08-31": "11071.49000", "2016-08-31": "10277.43000", "2015-08-31": "9809.24000", "2014-08-31": "9684.46500", "2013-08-31": "9384.17600", "2012-08-31": "8987.70100", "2011-08-31": "8386.71900", "2010-08-31": "7250.74700", "2009-08-31": "6841.11400", "2008-08-31": "7185.58600", "2007-08-31": "6041.47200", "2006-08-31": "4994.17400", "2005-08-31": "5092.37900"}, "Research And Development Expenses": {"2020-08-31": "", "2019-08-31": "", "2018-08-31": "", "2017-08-31": "", "2016-08-31": "", "2015-08-31": "", "2014-08-31": "", "2013-08-31": "", "2012-08-31": "", "2011-08-31": "", "2010-08-31": "", "2009-08-31": "", "2008-08-31": "", "2007-08-31": "", "2006-08-31": "", "2005-08-31": ""}, "SG&A Expenses": {"2020-08-31": "7462.51400", "2019-08-31": "7009.61400", "2018-08-31": "6594.58500", "2017-08-31": "5880.09000", "2016-08-31": "5466.98200", "2015-08-31": "5308.98800", "2014-08-31": "5401.96900", "2013-08-31": "5317.53700", "2012-08-31": "5114.46200", "2011-08-31": "4914.74200", "2010-08-31": "4326.36400", "2009-08-31": "3947.97600", "2008-08-31": "4151.13100", "2007-08-31": "3522.48800", "2006-08-31": "3201.08200", "2005-08-31": "3070.39800"}, "Other Operating Income Or Expenses": {"2020-08-31": "", "2019-08-31": "", "2018-08-31": "", "2017-08-31": "", "2016-08-31": "", "2015-08-31": "", "2014-08-31": "", "2013-08-31": "", "2012-08-31": "", "2011-08-31": "", "2010-08-31": "", "2009-08-31": "", "2008-08-31": "", "2007-08-31": "", "2006-08-31": "", "2005-08-31": ""}, "Operating Expenses": {"2020-08-31": "37813.39000", "2019-08-31": "36909.94000", "2018-08-31": "35093.75000", "2017-08-31": "30985.44000", "2016-08-31": "29987.22000", "2015-08-31": "28478.56000", "2014-08-31": "27574.17000", "2013-08-31": "26055.61000", "2012-08-31": "25906.44000", "2011-08-31": "23882.46000", "2010-08-31": "20179.23000", "2009-08-31": "20527.10000", "2008-08-31": "22302.24000", "2007-08-31": "18960.13000", "2006-08-31": "16387.31000", "2005-08-31": "14983.18000"}, "Operating Income": {"2020-08-31": "6513.64500", "2019-08-31": "6305.07400", "2018-08-31": "5898.78100", "2017-08-31": "5191.40000", "2016-08-31": "4810.44300", "2015-08-31": "4435.86900", "2014-08-31": "4300.51200", "2013-08-31": "4338.68000", "2012-08-31": "3871.54700", "2011-08-31": "3470.45700", "2010-08-31": "2914.84600", "2009-08-31": "2643.86500", "2008-08-31": "3011.58400", "2007-08-31": "2492.61900", "2006-08-31": "1841.05900", "2005-08-31": "2111.23700"}, "Total Non-Operating Income/Expense": {"2020-08-31": "260.68700", "2019-08-31": "-53.27700", "2018-08-31": "-90.68600", "2017-08-31": "-575.37000", "2016-08-31": "793.12700", "2015-08-31": "-25.33900", "2014-08-31": "-2.81100", "2013-08-31": "0.61400", "2012-08-31": "32.62600", "2011-08-31": "41.56500", "2010-08-31": "-0.47600", "2009-08-31": "33.87100", "2008-08-31": "96.18000", "2007-08-31": "126.29900", "2006-08-31": "82.60800", "2005-08-31": "94.76400"}, "Pre-Tax Income": {"2020-08-31": "6774.33100", "2019-08-31": "6251.79700", "2018-08-31": "5808.09300", "2017-08-31": "4616.03200", "2016-08-31": "5603.57200", "2015-08-31": "4410.53000", "2014-08-31": "4297.70100", "2013-08-31": "4339.29400", "2012-08-31": "3904.17400", "2011-08-31": "3512.02200", "2010-08-31": "2914.36900", "2009-08-31": "2677.73600", "2008-08-31": "3107.76200", "2007-08-31": "2618.91800", "2006-08-31": "1923.66700", "2005-08-31": "2206.00200"}, "Income Taxes": {"2020-08-31": "1589.01800", "2019-08-31": "1405.55600", "2018-08-31": "1593.49900", "2017-08-31": "981.10000", "2016-08-31": "1253.96900", "2015-08-31": "1136.74100", "2014-08-31": "1121.74300", "2013-08-31": "784.77500", "2012-08-31": "1079.24100", "2011-08-31": "958.78200", "2010-08-31": "853.91000", "2009-08-31": "739.59000", "2008-08-31": "910.57400", "2007-08-31": "895.86100", "2006-08-31": "490.53500", "2005-08-31": "697.09700"}, "Income After Taxes": {"2020-08-31": "5185.31300", "2019-08-31": "4846.24100", "2018-08-31": "4214.59400", "2017-08-31": "3634.93200", "2016-08-31": "4349.60300", "2015-08-31": "3273.78900", "2014-08-31": "3175.95800", "2013-08-31": "3554.51900", "2012-08-31": "2824.93300", "2011-08-31": "2553.24000", "2010-08-31": "2060.45900", "2009-08-31": "1938.14600", "2008-08-31": "2197.18800", "2007-08-31": "1723.05700", "2006-08-31": "1433.13200", "2005-08-31": "1508.90500"}, "Other Income": {"2020-08-31": "", "2019-08-31": "", "2018-08-31": "", "2017-08-31": "", "2016-08-31": "", "2015-08-31": "", "2014-08-31": "", "2013-08-31": "", "2012-08-31": "", "2011-08-31": "", "2010-08-31": "", "2009-08-31": "", "2008-08-31": "", "2007-08-31": "", "2006-08-31": "", "2005-08-31": ""}, "Income From Continuous Operations": {"2020-08-31": "5185.31300", "2019-08-31": "4846.24100", "2018-08-31": "4214.59400", "2017-08-31": "3634.93200", "2016-08-31": "4349.60300", "2015-08-31": "3273.78900", "2014-08-31": "3175.95800", "2013-08-31": "3554.51900", "2012-08-31": "2824.93300", "2011-08-31": "2553.24000", "2010-08-31": "2060.45900", "2009-08-31": "1938.14600", "2008-08-31": "2197.18800", "2007-08-31": "1243.14800", "2006-08-31": "973.32900", "2005-08-31": "940.47410"}, "Income From Discontinued Operations": {"2020-08-31": "", "2019-08-31": "", "2018-08-31": "", "2017-08-31": "", "2016-08-31": "", "2015-08-31": "", "2014-08-31": "", "2013-08-31": "", "2012-08-31": "", "2011-08-31": "", "2010-08-31": "", "2009-08-31": "", "2008-08-31": "", "2007-08-31": "", "2006-08-31": "", "2005-08-31": ""}, "Net Income": {"2020-08-31": "5107.83900", "2019-08-31": "4779.11200", "2018-08-31": "4059.90700", "2017-08-31": "3445.14900", "2016-08-31": "4111.89200", "2015-08-31": "3053.58100", "2014-08-31": "2941.49800", "2013-08-31": "3281.87800", "2012-08-31": "2553.51000", "2011-08-31": "2277.67700", "2010-08-31": "1780.65600", "2009-08-31": "1589.96300", "2008-08-31": "1691.75100", "2007-08-31": "1243.14800", "2006-08-31": "973.32900", "2005-08-31": "940.47400"}, "EBITDA": {"2020-08-31": "8286.76900", "2019-08-31": "7197.83400", "2018-08-31": "6825.55700", "2017-08-31": "5993.18900", "2016-08-31": "5539.49500", "2015-08-31": "5081.79200", "2014-08-31": "4921.25500", "2013-08-31": "4931.70800", "2012-08-31": "4465.09200", "2011-08-31": "3983.71300", "2010-08-31": "3389.53400", "2009-08-31": "3142.45600", "2008-08-31": "3503.00500", "2007-08-31": "2937.11800", "2006-08-31": "2193.00600", "2005-08-31": "2393.31000"}, "EBIT": {"2020-08-31": "6513.64500", "2019-08-31": "6305.07400", "2018-08-31": "5898.78100", "2017-08-31": "5191.40000", "2016-08-31": "4810.44300", "2015-08-31": "4435.86900", "2014-08-31": "4300.51200", "2013-08-31": "4338.68000", "2012-08-31": "3871.54700", "2011-08-31": "3470.45700", "2010-08-31": "2914.84600", "2009-08-31": "2643.86500", "2008-08-31": "3011.58400", "2007-08-31": "2492.61900", "2006-08-31": "1841.05900", "2005-08-31": "2111.23700"}, "Basic Shares Outstanding": {"2020-08-31": "636.29990", "2019-08-31": "638.09810", "2018-08-31": "628.45170", "2017-08-31": "620.10420", "2016-08-31": "624.79780", "2015-08-31": "626.79960", "2014-08-31": "634.21620", "2013-08-31": "645.53700", "2012-08-31": "643.13260", "2011-08-31": "645.63000", "2010-08-31": "637.17000", "2009-08-31": "623.00700", "2008-08-31": "610.94900", "2007-08-31": "604.12900", "2006-08-31": "589.10000", "2005-08-31": "588.50500"}, "Shares Outstanding": {"2020-08-31": "647.79700", "2019-08-31": "650.20490", "2018-08-31": "655.29610", "2017-08-31": "660.46330", "2016-08-31": "667.77030", "2015-08-31": "678.75710", "2014-08-31": "692.39000", "2013-08-31": "713.34050", "2012-08-31": "727.38670", "2011-08-31": "743.21100", "2010-08-31": "767.01300", "2009-08-31": "786.89100", "2008-08-31": "824.01300", "2007-08-31": "863.06700", "2006-08-31": "894.66400", "2005-08-31": "961.12500"}, "Basic EPS": {"2020-08-31": "8.03000", "2019-08-31": "7.49000", "2018-08-31": "6.46000", "2017-08-31": "5.56000", "2016-08-31": "6.58000", "2015-08-31": "4.87000", "2014-08-31": "4.64000", "2013-08-31": "5.08000", "2012-08-31": "3.97000", "2011-08-31": "3.53000", "2010-08-31": "2.79000", "2009-08-31": "2.55000", "2008-08-31": "2.77000", "2007-08-31": "2.06000", "2006-08-31": "1.65000", "2005-08-31": "1.60000"}, "EPS - Earnings Per Share": {"2020-08-31": "7.89000", "2019-08-31": "7.36000", "2018-08-31": "6.34000", "2017-08-31": "5.44000", "2016-08-31": "6.45000", "2015-08-31": "4.76000", "2014-08-31": "4.52000", "2013-08-31": "4.93000", "2012-08-31": "3.84000", "2011-08-31": "3.39000", "2010-08-31": "2.66000", "2009-08-31": "2.44000", "2008-08-31": "2.64000", "2007-08-31": "1.97000", "2006-08-31": "1.59000", "2005-08-31": "1.56000"}}, "income statement, quarterly": {"Revenue": {"2020-11-30": "11762.18000", "2020-08-31": "10835.27000", "2020-05-31": "10991.30000", "2020-02-29": "11141.50000", "2019-11-30": "11358.96000", "2019-08-31": "11055.65000", "2019-05-31": "11099.69000", "2019-02-28": "10454.13000", "2018-11-30": "10605.55000", "2018-08-31": "10503.99000", "2018-05-31": "10695.00000", "2018-02-28": "9909.23800", "2017-11-30": "9884.31300", "2017-08-31": "9052.26900", "2017-05-31": "9356.78700", "2017-02-28": "8762.18200", "2016-11-30": "9005.60300", "2016-08-31": "8965.58000", "2016-05-31": "8969.04400", "2016-02-29": "8397.05300", "2015-11-30": "8465.98400", "2015-08-31": "8364.51300", "2015-05-31": "8275.06600", "2015-02-28": "7931.59000", "2014-11-30": "8343.25700", "2014-08-31": "8267.32000", "2014-05-31": "8240.18000", "2014-02-28": "7567.48300", "2013-11-30": "7799.69600", "2013-08-31": "7524.99300", "2013-05-31": "7707.93500", "2013-02-28": "7493.32000", "2012-11-30": "7668.03600", "2012-08-31": "7288.25900", "2012-05-31": "7640.79000", "2012-02-29": "7259.82800", "2011-11-30": "7589.10800", "2011-08-31": "7174.07300", "2011-05-31": "7204.35500", "2011-02-28": "6496.29300", "2010-11-30": "6478.19300", "2010-08-31": "5833.07200", "2010-05-31": "5975.49500", "2010-02-28": "5537.82300", "2009-11-30": "5747.68700", "2009-08-31": "5505.45100", "2009-05-31": "5537.34800", "2009-02-28": "5657.56300", "2008-11-30": "6470.60800", "2008-08-31": "6561.04500", "2008-05-31": "6593.20100", "2008-02-29": "6057.62300", "2007-11-30": "6101.95700", "2007-08-31": "5573.35000", "2007-05-31": "5543.68400", "2007-02-28": "5169.35300", "2006-11-30": "5166.35900", "2006-08-31": "4388.91000", "2006-05-31": "4805.32700", "2006-02-28": "4491.11200", "2005-11-30": "4543.01600", "2005-08-31": "4309.05500", "2005-05-31": "4497.61000", "2005-02-28": "4216.38400"}, "Cost Of Goods Sold": {"2020-11-30": "7863.88900", "2020-08-31": "7394.73000", "2020-05-31": "7462.61700", "2020-02-29": "7782.33400", "2019-11-30": "7711.19900", "2019-08-31": "7621.03300", "2019-05-31": "7571.39000", "2019-02-28": "7399.78000", "2018-11-30": "7308.12100", "2018-08-31": "7266.33100", "2018-05-31": "7362.98100", "2018-02-28": "7049.69800", "2017-11-30": "6820.16000", "2017-08-31": "6124.59700", "2017-05-31": "6447.15600", "2017-02-28": "6258.02600", "2016-11-30": "6275.57100", "2016-08-31": "6310.04100", "2016-05-31": "6279.49200", "2016-02-29": "6027.23700", "2015-11-30": "5903.46500", "2015-08-31": "5860.10500", "2015-05-31": "5750.16100", "2015-02-28": "5690.95100", "2014-11-30": "5803.96700", "2014-08-31": "5798.70100", "2014-05-31": "5703.82300", "2014-02-28": "5337.34100", "2013-11-30": "5350.34900", "2013-08-31": "5175.39400", "2013-05-31": "5269.91600", "2013-02-28": "5262.95700", "2012-11-30": "5301.84300", "2012-08-31": "5039.36900", "2012-05-31": "5269.88500", "2012-02-29": "5143.46200", "2011-11-30": "5337.56800", "2011-08-31": "4958.68800", "2011-05-31": "4894.72700", "2011-02-28": "4579.06900", "2010-11-30": "4533.71300", "2010-08-31": "3988.26100", "2010-05-31": "4043.84500", "2010-02-28": "3847.49200", "2009-11-30": "3963.73300", "2009-08-31": "3845.09600", "2009-05-31": "3866.72100", "2009-02-28": "4035.23800", "2008-11-30": "4582.80000", "2008-08-31": "4656.26900", "2008-05-31": "4670.52000", "2008-02-29": "4404.57300", "2007-11-30": "4396.88000", "2007-08-31": "3979.03100", "2007-05-31": "3933.84200", "2007-02-28": "3764.28700", "2006-11-30": "3734.11500", "2006-08-31": "3037.58600", "2006-05-31": "3351.44200", "2006-02-28": "3622.45600", "2005-11-30": "3222.70800", "2005-08-31": "3015.68000", "2005-05-31": "3088.09300", "2005-02-28": "3041.81200"}, "Gross Profit": {"2020-11-30": "3898.29500", "2020-08-31": "3440.54200", "2020-05-31": "3528.68800", "2020-02-29": "3359.17100", "2019-11-30": "3647.75900", "2019-08-31": "3434.61600", "2019-05-31": "3528.29800", "2019-02-28": "3054.34900", "2018-11-30": "3297.42500", "2018-08-31": "3237.65600", "2018-05-31": "3332.01500", "2018-02-28": "2859.54000", "2017-11-30": "3064.15300", "2017-08-31": "2927.67100", "2017-05-31": "2909.63100", "2017-02-28": "2504.15600", "2016-11-30": "2730.03200", "2016-08-31": "2655.53900", "2016-05-31": "2689.55200", "2016-02-29": "2369.81600", "2015-11-30": "2562.52000", "2015-08-31": "2504.40700", "2015-05-31": "2524.90500", "2015-02-28": "2240.63900", "2014-11-30": "2539.29000", "2014-08-31": "2468.62000", "2014-05-31": "2536.35700", "2014-02-28": "2230.14200", "2013-11-30": "2449.34700", "2013-08-31": "2349.60000", "2013-05-31": "2438.01900", "2013-02-28": "2230.36300", "2012-11-30": "2366.19300", "2012-08-31": "2248.89100", "2012-05-31": "2370.90500", "2012-02-29": "2116.36600", "2011-11-30": "2251.54000", "2011-08-31": "2215.38500", "2011-05-31": "2309.62800", "2011-02-28": "1917.22400", "2010-11-30": "1944.48000", "2010-08-31": "1844.81100", "2010-05-31": "1931.65000", "2010-02-28": "1690.33100", "2009-11-30": "1783.95400", "2009-08-31": "1660.35500", "2009-05-31": "1670.62700", "2009-02-28": "1622.32500", "2008-11-30": "1887.80800", "2008-08-31": "1904.77600", "2008-05-31": "1922.68100", "2008-02-29": "1653.05000", "2007-11-30": "1705.07700", "2007-08-31": "1594.32000", "2007-05-31": "1609.84200", "2007-02-28": "1405.06600", "2006-11-30": "1432.24400", "2006-08-31": "1351.32400", "2006-05-31": "1453.88500", "2006-02-28": "868.65580", "2005-11-30": "1320.30800", "2005-08-31": "1293.37500", "2005-05-31": "1409.51700", "2005-02-28": "1174.57200"}, "Research And Development Expenses": {"2020-11-30": "", "2020-08-31": "", "2020-05-31": "", "2020-02-29": "", "2019-11-30": "", "2019-08-31": "", "2019-05-31": "", "2019-02-28": "", "2018-11-30": "", "2018-08-31": "", "2018-05-31": "", "2018-02-28": "", "2017-11-30": "", "2017-08-31": "", "2017-05-31": "", "2017-02-28": "", "2016-11-30": "", "2016-08-31": "", "2016-05-31": "", "2016-02-29": "", "2015-11-30": "", "2015-08-31": "", "2015-05-31": "", "2015-02-28": "", "2014-11-30": "", "2014-08-31": "", "2014-05-31": "", "2014-02-28": "", "2013-11-30": "", "2013-08-31": "", "2013-05-31": "", "2013-02-28": "", "2012-11-30": "", "2012-08-31": "", "2012-05-31": "", "2012-02-29": "", "2011-11-30": "", "2011-08-31": "", "2011-05-31": "", "2011-02-28": "", "2010-11-30": "", "2010-08-31": "", "2010-05-31": "", "2010-02-28": "", "2009-11-30": "", "2009-08-31": "", "2009-05-31": "", "2009-02-28": "", "2008-11-30": "", "2008-08-31": "", "2008-05-31": "", "2008-02-29": "", "2007-11-30": "", "2007-08-31": "", "2007-05-31": "", "2007-02-28": "", "2006-11-30": "", "2006-08-31": "", "2006-05-31": "", "2006-02-28": "", "2005-11-30": "", "2005-08-31": "", "2005-05-31": "", "2005-02-28": ""}, "SG&A Expenses": {"2020-11-30": "2007.62700", "2020-08-31": "1895.83700", "2020-05-31": "1815.95500", "2020-02-29": "1870.22600", "2019-11-30": "1880.49600", "2019-08-31": "1863.12300", "2019-05-31": "1810.35500", "2019-02-28": "1667.72300", "2018-11-30": "1668.41300", "2018-08-31": "1767.97200", "2018-05-31": "1697.14000", "2018-02-28": "1563.49600", "2017-11-30": "1565.97700", "2017-08-31": "1582.11100", "2017-05-31": "1534.40300", "2017-02-28": "1365.50300", "2016-11-30": "1398.07300", "2016-08-31": "1460.34200", "2016-05-31": "1383.60900", "2016-02-29": "1281.77200", "2015-11-30": "1341.25900", "2015-08-31": "1410.79700", "2015-05-31": "1327.00400", "2015-02-28": "1219.60600", "2014-11-30": "1351.58100", "2014-08-31": "1389.25500", "2014-05-31": "1357.59100", "2014-02-28": "1278.86000", "2013-11-30": "1376.26300", "2013-08-31": "1365.61300", "2013-05-31": "1345.27200", "2013-02-28": "1289.59800", "2012-11-30": "1317.05400", "2012-08-31": "1308.10700", "2012-05-31": "1309.70900", "2012-02-29": "1226.65200", "2011-11-30": "1269.99400", "2011-08-31": "1292.45100", "2011-05-31": "1359.81600", "2011-02-28": "1145.27800", "2010-11-30": "1117.19700", "2010-08-31": "1131.11800", "2010-05-31": "1124.54400", "2010-02-28": "1036.72100", "2009-11-30": "1033.98100", "2009-08-31": "984.76700", "2009-05-31": "935.41100", "2009-02-28": "957.86700", "2008-11-30": "1069.93100", "2008-08-31": "1115.42200", "2008-05-31": "1056.17200", "2008-02-29": "1009.18200", "2007-11-30": "970.35500", "2007-08-31": "945.08230", "2007-05-31": "921.47500", "2007-02-28": "839.35800", "2006-11-30": "816.57300", "2006-08-31": "844.19500", "2006-05-31": "815.76000", "2006-02-28": "738.75900", "2005-11-30": "802.36800", "2005-08-31": "778.57500", "2005-05-31": "803.66800", "2005-02-28": "738.39700"}, "Other Operating Income Or Expenses": {"2020-11-30": "", "2020-08-31": "", "2020-05-31": "", "2020-02-29": "", "2019-11-30": "", "2019-08-31": "", "2019-05-31": "", "2019-02-28": "", "2018-11-30": "", "2018-08-31": "", "2018-05-31": "", "2018-02-28": "", "2017-11-30": "", "2017-08-31": "", "2017-05-31": "", "2017-02-28": "", "2016-11-30": "", "2016-08-31": "", "2016-05-31": "", "2016-02-29": "", "2015-11-30": "", "2015-08-31": "", "2015-05-31": "", "2015-02-28": "", "2014-11-30": "", "2014-08-31": "", "2014-05-31": "", "2014-02-28": "", "2013-11-30": "", "2013-08-31": "", "2013-05-31": "", "2013-02-28": "", "2012-11-30": "", "2012-08-31": "", "2012-05-31": "", "2012-02-29": "", "2011-11-30": "", "2011-08-31": "", "2011-05-31": "", "2011-02-28": "", "2010-11-30": "", "2010-08-31": "", "2010-05-31": "", "2010-02-28": "", "2009-11-30": "", "2009-08-31": "", "2009-05-31": "", "2009-02-28": "", "2008-11-30": "", "2008-08-31": "", "2008-05-31": "", "2008-02-29": "", "2007-11-30": "", "2007-08-31": "", "2007-05-31": "", "2007-02-28": "", "2006-11-30": "", "2006-08-31": "", "2006-05-31": "", "2006-02-28": "", "2005-11-30": "", "2005-08-31": "", "2005-05-31": "", "2005-02-28": ""}, "Operating Expenses": {"2020-11-30": "9871.51700", "2020-08-31": "9290.56600", "2020-05-31": "9278.57200", "2020-02-29": "9652.56000", "2019-11-30": "9591.69500", "2019-08-31": "9484.15300", "2019-05-31": "9381.74500", "2019-02-28": "9067.50300", "2018-11-30": "8976.53400", "2018-08-31": "9034.30100", "2018-05-31": "9060.12100", "2018-02-28": "8613.19400", "2017-11-30": "8386.13700", "2017-08-31": "7196.91300", "2017-05-31": "8491.35300", "2017-02-28": "7623.52900", "2016-11-30": "7673.64400", "2016-08-31": "7770.38300", "2016-05-31": "7663.10100", "2016-02-29": "7309.00900", "2015-11-30": "7244.72400", "2015-08-31": "7270.90500", "2015-05-31": "7141.54700", "2015-02-28": "6910.55700", "2014-11-30": "7155.54800", "2014-08-31": "7187.95400", "2014-05-31": "7061.41400", "2014-02-28": "6616.20100", "2013-11-30": "6708.59700", "2013-08-31": "6541.49100", "2013-05-31": "6565.96400", "2013-02-28": "6328.78800", "2012-11-30": "6619.36200", "2012-08-31": "6347.90900", "2012-05-31": "6580.02900", "2012-02-29": "6370.52900", "2011-11-30": "6607.97000", "2011-08-31": "6251.54300", "2011-05-31": "6254.93900", "2011-02-28": "5724.71600", "2010-11-30": "5651.25800", "2010-08-31": "5119.44000", "2010-05-31": "5171.66500", "2010-02-28": "4886.85000", "2009-11-30": "5001.27900", "2009-08-31": "5085.86300", "2009-05-31": "4805.30800", "2009-02-28": "4980.09600", "2008-11-30": "5655.83600", "2008-08-31": "5776.07100", "2008-05-31": "5731.04700", "2008-02-29": "5419.56600", "2007-11-30": "5375.55800", "2007-08-31": "4931.24500", "2007-05-31": "4862.15500", "2007-02-28": "4609.96100", "2006-11-30": "4556.76700", "2006-08-31": "3887.84400", "2006-05-31": "4115.20300", "2006-02-28": "4353.80000", "2005-11-30": "4030.46000", "2005-08-31": "3799.86700", "2005-05-31": "3825.66200", "2005-02-28": "3744.43200"}, "Operating Income": {"2020-11-30": "1890.66800", "2020-08-31": "1544.70600", "2020-05-31": "1712.73200", "2020-02-29": "1488.94500", "2019-11-30": "1767.26300", "2019-08-31": "1571.49600", "2019-05-31": "1717.94300", "2019-02-28": "1386.62600", "2018-11-30": "1629.01200", "2018-08-31": "1469.68700", "2018-05-31": "1634.87500", "2018-02-28": "1296.04400", "2017-11-30": "1498.17700", "2017-08-31": "1855.35500", "2017-05-31": "865.43460", "2017-02-28": "1138.65300", "2016-11-30": "1331.95900", "2016-08-31": "1195.19700", "2016-05-31": "1305.94300", "2016-02-29": "1088.04400", "2015-11-30": "1221.26100", "2015-08-31": "1093.60700", "2015-05-31": "1133.52000", "2015-02-28": "1021.03300", "2014-11-30": "1187.70900", "2014-08-31": "1079.36700", "2014-05-31": "1178.76600", "2014-02-28": "951.28220", "2013-11-30": "1091.09900", "2013-08-31": "983.50240", "2013-05-31": "1141.97100", "2013-02-28": "1164.53200", "2012-11-30": "1048.67400", "2012-08-31": "940.35060", "2012-05-31": "1060.76100", "2012-02-29": "889.29930", "2011-11-30": "981.13770", "2011-08-31": "922.52930", "2011-05-31": "949.41600", "2011-02-28": "771.57710", "2010-11-30": "826.93460", "2010-08-31": "713.63180", "2010-05-31": "803.83060", "2010-02-28": "650.97310", "2009-11-30": "746.40820", "2009-08-31": "419.58740", "2009-05-31": "732.04050", "2009-02-28": "677.46680", "2008-11-30": "814.77200", "2008-08-31": "784.97410", "2008-05-31": "862.15430", "2008-02-29": "638.05710", "2007-11-30": "726.39890", "2007-08-31": "642.10550", "2007-05-31": "681.52930", "2007-02-28": "559.39210", "2006-11-30": "609.59180", "2006-08-31": "501.06590", "2006-05-31": "690.12400", "2006-02-28": "137.31200", "2005-11-30": "512.55620", "2005-08-31": "509.18800", "2005-05-31": "671.94780", "2005-02-28": "471.95190"}, "Total Non-Operating Income/Expense": {"2020-11-30": "96.19800", "2020-08-31": "238.65200", "2020-05-31": "-31.96000", "2020-02-29": "20.61100", "2019-11-30": "33.38400", "2019-08-31": "-10.74100", "2019-05-31": "-13.63600", "2019-02-28": "-10.37200", "2018-11-30": "-18.52800", "2018-08-31": "-13.07000", "2018-05-31": "-22.31700", "2018-02-28": "-51.24700", "2017-11-30": "-4.05200", "2017-08-31": "-563.35400", "2017-05-31": "8.96500", "2017-02-28": "-20.14300", "2016-11-30": "-0.83800", "2016-08-31": "263.71510", "2016-05-31": "-12.23900", "2016-02-29": "534.54800", "2015-11-30": "7.10300", "2015-08-31": "-12.14700", "2015-05-31": "-1.42800", "2015-02-28": "-16.07300", "2014-11-30": "4.30900", "2014-08-31": "8.69300", "2014-05-31": "-2.82800", "2014-02-28": "-1.15400", "2013-11-30": "-7.52200", "2013-08-31": "-18.59900", "2013-05-31": "4.61400", "2013-02-28": "16.81700", "2012-11-30": "-2.21800", "2012-08-31": "5.80400", "2012-05-31": "5.69200", "2012-02-29": "9.24100", "2011-11-30": "11.88900", "2011-08-31": "12.86900", "2011-05-31": "8.43300", "2011-02-28": "2.57000", "2010-11-30": "17.69300", "2010-08-31": "2.96000", "2010-05-31": "-0.55000", "2010-02-28": "-11.58300", "2009-11-30": "8.69700", "2009-08-31": "2.89600", "2009-05-31": "15.73100", "2009-02-28": "21.49500", "2008-11-30": "-6.25100", "2008-08-31": "21.90200", "2008-05-31": "15.66700", "2008-02-29": "11.52100", "2007-11-30": "47.09000", "2007-08-31": "42.18400", "2007-05-31": "27.85600", "2007-02-28": "24.68600", "2006-11-30": "31.57300", "2006-08-31": "25.06600", "2006-05-31": "21.76300", "2006-02-28": "24.62000", "2005-11-30": "11.15900", "2005-08-31": "33.28100", "2005-05-31": "16.45500", "2005-02-28": "19.01000"}, "Pre-Tax Income": {"2020-11-30": "1986.86700", "2020-08-31": "1783.35500", "2020-05-31": "1680.77300", "2020-02-29": "1509.55600", "2019-11-30": "1800.64700", "2019-08-31": "1560.75200", "2019-05-31": "1704.30700", "2019-02-28": "1376.25400", "2018-11-30": "1610.48400", "2018-08-31": "1456.61400", "2018-05-31": "1612.55800", "2018-02-28": "1244.79700", "2017-11-30": "1494.12400", "2017-08-31": "1292.00100", "2017-05-31": "874.40000", "2017-02-28": "1118.51000", "2016-11-30": "1331.12100", "2016-08-31": "1458.91300", "2016-05-31": "1293.70400", "2016-02-29": "1622.59200", "2015-11-30": "1228.36300", "2015-08-31": "1081.46100", "2015-05-31": "1132.09100", "2015-02-28": "1004.96000", "2014-11-30": "1192.01800", "2014-08-31": "1088.05800", "2014-05-31": "1175.93800", "2014-02-28": "950.12800", "2013-11-30": "1083.57700", "2013-08-31": "964.90390", "2013-05-31": "1146.58500", "2013-02-28": "1181.34900", "2012-11-30": "1046.45600", "2012-08-31": "946.15420", "2012-05-31": "1066.45300", "2012-02-29": "898.54000", "2011-11-30": "993.02700", "2011-08-31": "935.39790", "2011-05-31": "957.84900", "2011-02-28": "774.14700", "2010-11-30": "844.62800", "2010-08-31": "716.59390", "2010-05-31": "803.28000", "2010-02-28": "639.39000", "2009-11-30": "755.10500", "2009-08-31": "422.48220", "2009-05-31": "747.77100", "2009-02-28": "698.96200", "2008-11-30": "808.52100", "2008-08-31": "806.87390", "2008-05-31": "877.82100", "2008-02-29": "649.57800", "2007-11-30": "773.48900", "2007-08-31": "684.29000", "2007-05-31": "709.38500", "2007-02-28": "584.07800", "2006-11-30": "641.16500", "2006-08-31": "526.13300", "2006-05-31": "711.88700", "2006-02-28": "161.93200", "2005-11-30": "523.71500", "2005-08-31": "542.46890", "2005-05-31": "688.40300", "2005-02-28": "490.96200"}, "Income Taxes": {"2020-11-30": "464.81000", "2020-08-31": "477.93090", "2020-05-31": "428.13400", "2020-02-29": "257.47400", "2019-11-30": "425.47900", "2019-08-31": "415.20410", "2019-05-31": "435.65800", "2019-02-28": "235.53400", "2018-11-30": "319.16000", "2018-08-31": "408.24310", "2018-05-31": "554.41700", "2018-02-28": "325.25700", "2017-11-30": "305.58200", "2017-08-31": "308.82700", "2017-05-31": "169.59900", "2017-02-28": "231.30200", "2016-11-30": "271.37200", "2016-08-31": "328.13200", "2016-05-31": "343.42100", "2016-02-29": "222.73400", "2015-11-30": "359.68200", "2015-08-31": "293.33600", "2015-05-31": "281.86100", "2015-02-28": "261.76800", "2014-11-30": "299.77600", "2014-08-31": "327.89000", "2014-05-31": "294.12500", "2014-02-28": "227.79700", "2013-11-30": "271.93100", "2013-08-31": "237.57710", "2013-05-31": "272.52200", "2013-02-28": "-5.74900", "2012-11-30": "280.42500", "2012-08-31": "309.99890", "2012-05-31": "303.62200", "2012-02-29": "184.35000", "2011-11-30": "281.27000", "2011-08-31": "252.53290", "2011-05-31": "258.78000", "2011-02-28": "208.39700", "2010-11-30": "239.07200", "2010-08-31": "206.33100", "2010-05-31": "239.76100", "2010-02-28": "177.51100", "2009-11-30": "230.30700", "2009-08-31": "116.50600", "2009-05-31": "211.24200", "2009-02-28": "196.55400", "2008-11-30": "215.28800", "2008-08-31": "256.61100", "2008-05-31": "270.25000", "2008-02-29": "115.78200", "2007-11-30": "267.93100", "2007-08-31": "253.04300", "2007-05-31": "235.96800", "2007-02-28": "171.54200", "2006-11-30": "235.30800", "2006-08-31": "23.75800", "2006-05-31": "213.08800", "2006-02-28": "57.82000", "2005-11-30": "195.86900", "2005-08-31": "179.73800", "2005-05-31": "202.39200", "2005-02-28": "150.35000"}, "Income After Taxes": {"2020-11-30": "1522.05700", "2020-08-31": "1305.42400", "2020-05-31": "1252.63900", "2020-02-29": "1252.08200", "2019-11-30": "1375.16800", "2019-08-31": "1145.54800", "2019-05-31": "1268.64900", "2019-02-28": "1140.72000", "2018-11-30": "1291.32400", "2018-08-31": "1048.37100", "2018-05-31": "1058.14100", "2018-02-28": "919.54000", "2017-11-30": "1188.54200", "2017-08-31": "983.17410", "2017-05-31": "704.80100", "2017-02-28": "887.20800", "2016-11-30": "1059.74900", "2016-08-31": "1130.78100", "2016-05-31": "950.28300", "2016-02-29": "1399.85800", "2015-11-30": "868.68100", "2015-08-31": "788.12490", "2015-05-31": "850.23000", "2015-02-28": "743.19200", "2014-11-30": "892.24190", "2014-08-31": "760.16800", "2014-05-31": "881.81300", "2014-02-28": "722.33100", "2013-11-30": "811.64600", "2013-08-31": "727.32700", "2013-05-31": "874.06300", "2013-02-28": "1187.09800", "2012-11-30": "766.03110", "2012-08-31": "636.15520", "2012-05-31": "762.83100", "2012-02-29": "714.18990", "2011-11-30": "711.75700", "2011-08-31": "682.86510", "2011-05-31": "699.06900", "2011-02-28": "565.75000", "2010-11-30": "605.55600", "2010-08-31": "510.26290", "2010-05-31": "563.51900", "2010-02-28": "461.87900", "2009-11-30": "524.79800", "2009-08-31": "305.97600", "2009-05-31": "536.52900", "2009-02-28": "502.40800", "2008-11-30": "593.23300", "2008-08-31": "550.26290", "2008-05-31": "607.57100", "2008-02-29": "533.79600", "2007-11-30": "505.55800", "2007-08-31": "431.24690", "2007-05-31": "473.41700", "2007-02-28": "412.53600", "2006-11-30": "405.85700", "2006-08-31": "502.37490", "2006-05-31": "498.79900", "2006-02-28": "104.11200", "2005-11-30": "327.84600", "2005-08-31": "362.73100", "2005-05-31": "486.01100", "2005-02-28": "340.61200"}, "Other Income": {"2020-11-30": "", "2020-08-31": "", "2020-05-31": "", "2020-02-29": "", "2019-11-30": "", "2019-08-31": "", "2019-05-31": "", "2019-02-28": "", "2018-11-30": "", "2018-08-31": "", "2018-05-31": "", "2018-02-28": "", "2017-11-30": "", "2017-08-31": "", "2017-05-31": "", "2017-02-28": "", "2016-11-30": "", "2016-08-31": "", "2016-05-31": "", "2016-02-29": "", "2015-11-30": "", "2015-08-31": "", "2015-05-31": "", "2015-02-28": "", "2014-11-30": "", "2014-08-31": "", "2014-05-31": "", "2014-02-28": "", "2013-11-30": "", "2013-08-31": "", "2013-05-31": "", "2013-02-28": "", "2012-11-30": "", "2012-08-31": "", "2012-05-31": "", "2012-02-29": "", "2011-11-30": "", "2011-08-31": "", "2011-05-31": "", "2011-02-28": "", "2010-11-30": "", "2010-08-31": "", "2010-05-31": "", "2010-02-28": "", "2009-11-30": "", "2009-08-31": "", "2009-05-31": "", "2009-02-28": "", "2008-11-30": "", "2008-08-31": "", "2008-05-31": "", "2008-02-29": "", "2007-11-30": "", "2007-08-31": "", "2007-05-31": "", "2007-02-28": "", "2006-11-30": "", "2006-08-31": "", "2006-05-31": "", "2006-02-28": "", "2005-11-30": "", "2005-08-31": "", "2005-05-31": "", "2005-02-28": ""}, "Income From Continuous Operations": {"2020-11-30": "1522.05700", "2020-08-31": "1305.42400", "2020-05-31": "1252.63900", "2020-02-29": "1252.08200", "2019-11-30": "1375.16800", "2019-08-31": "1145.54800", "2019-05-31": "1268.64900", "2019-02-28": "1140.72000", "2018-11-30": "1291.32400", "2018-08-31": "1048.37100", "2018-05-31": "1058.14100", "2018-02-28": "919.54000", "2017-11-30": "1188.54200", "2017-08-31": "983.17410", "2017-05-31": "704.80100", "2017-02-28": "887.20800", "2016-11-30": "1059.74900", "2016-08-31": "1130.78100", "2016-05-31": "950.28300", "2016-02-29": "1399.85800", "2015-11-30": "868.68100", "2015-08-31": "788.12490", "2015-05-31": "850.23000", "2015-02-28": "743.19200", "2014-11-30": "892.24190", "2014-08-31": "760.16800", "2014-05-31": "881.81300", "2014-02-28": "722.33100", "2013-11-30": "811.64600", "2013-08-31": "727.32700", "2013-05-31": "874.06300", "2013-02-28": "1187.09800", "2012-11-30": "766.03110", "2012-08-31": "636.15520", "2012-05-31": "762.83100", "2012-02-29": "714.18990", "2011-11-30": "711.75700", "2011-08-31": "682.86510", "2011-05-31": "699.06900", "2011-02-28": "565.75000", "2010-11-30": "605.55600", "2010-08-31": "510.26290", "2010-05-31": "563.51900", "2010-02-28": "461.87900", "2009-11-30": "524.79800", "2009-08-31": "305.97600", "2009-05-31": "536.52900", "2009-02-28": "502.40800", "2008-11-30": "593.23300", "2008-08-31": "940.25700", "2008-05-31": "469.08900", "2008-02-29": "406.55700", "2007-11-30": "381.28500", "2007-08-31": "316.79390", "2007-05-31": "345.40000", "2007-02-28": "296.72200", "2006-11-30": "284.23200", "2006-08-31": "346.44490", "2006-05-31": "342.26400", "2006-02-28": "69.68000", "2005-11-30": "214.94000", "2005-08-31": "229.13500", "2005-05-31": "305.28000", "2005-02-28": "209.78600"}, "Income From Discontinued Operations": {"2020-11-30": "", "2020-08-31": "", "2020-05-31": "", "2020-02-29": "", "2019-11-30": "", "2019-08-31": "", "2019-05-31": "", "2019-02-28": "", "2018-11-30": "", "2018-08-31": "", "2018-05-31": "", "2018-02-28": "", "2017-11-30": "", "2017-08-31": "", "2017-05-31": "", "2017-02-28": "", "2016-11-30": "", "2016-08-31": "", "2016-05-31": "", "2016-02-29": "", "2015-11-30": "", "2015-08-31": "", "2015-05-31": "", "2015-02-28": "", "2014-11-30": "", "2014-08-31": "", "2014-05-31": "", "2014-02-28": "", "2013-11-30": "", "2013-08-31": "", "2013-05-31": "", "2013-02-28": "", "2012-11-30": "", "2012-08-31": "", "2012-05-31": "", "2012-02-29": "", "2011-11-30": "", "2011-08-31": "", "2011-05-31": "", "2011-02-28": "", "2010-11-30": "", "2010-08-31": "", "2010-05-31": "", "2010-02-28": "", "2009-11-30": "", "2009-08-31": "", "2009-05-31": "", "2009-02-28": "", "2008-11-30": "", "2008-08-31": "", "2008-05-31": "", "2008-02-29": "", "2007-11-30": "", "2007-08-31": "", "2007-05-31": "", "2007-02-28": "", "2006-11-30": "", "2006-08-31": "", "2006-05-31": "", "2006-02-28": "", "2005-11-30": "", "2005-08-31": "", "2005-05-31": "", "2005-02-28": ""}, "Net Income": {"2020-11-30": "1500.27600", "2020-08-31": "1287.92900", "2020-05-31": "1228.20200", "2020-02-29": "1234.74000", "2019-11-30": "1356.96800", "2019-08-31": "1130.42700", "2019-05-31": "1249.51600", "2019-02-28": "1124.44900", "2018-11-30": "1274.72000", "2018-08-31": "1029.52400", "2018-05-31": "1043.02000", "2018-02-28": "863.70300", "2017-11-30": "1123.66000", "2017-08-31": "932.45290", "2017-05-31": "669.46800", "2017-02-28": "838.75200", "2016-11-30": "1004.47600", "2016-08-31": "1069.22600", "2016-05-31": "897.24700", "2016-02-29": "1326.52000", "2015-11-30": "818.89900", "2015-08-31": "737.62790", "2015-05-31": "793.69700", "2015-02-28": "690.72600", "2014-11-30": "831.53000", "2014-08-31": "701.01610", "2014-05-31": "817.33600", "2014-02-28": "671.30000", "2013-11-30": "751.84600", "2013-08-31": "671.00090", "2013-05-31": "810.25800", "2013-02-28": "1101.80200", "2012-11-30": "698.81700", "2012-08-31": "578.28200", "2012-05-31": "689.21900", "2012-02-29": "643.92300", "2011-11-30": "642.08600", "2011-08-31": "611.93310", "2011-05-31": "628.01300", "2011-02-28": "503.01700", "2010-11-30": "534.71400", "2010-08-31": "445.48210", "2010-05-31": "490.59700", "2010-02-28": "399.76000", "2009-11-30": "444.81700", "2009-08-31": "254.69200", "2009-05-31": "443.96900", "2009-02-28": "411.43600", "2008-11-30": "479.86600", "2008-08-31": "434.82000", "2008-05-31": "469.08900", "2008-02-29": "406.55700", "2007-11-30": "381.28500", "2007-08-31": "316.79390", "2007-05-31": "345.40000", "2007-02-28": "296.72200", "2006-11-30": "284.23200", "2006-08-31": "346.44490", "2006-05-31": "342.26400", "2006-02-28": "69.68000", "2005-11-30": "214.94000", "2005-08-31": "229.13500", "2005-05-31": "305.28000", "2005-02-28": "209.78600"}, "EBITDA": {"2020-11-30": "2358.86800", "2020-08-31": "2031.59600", "2020-05-31": "2157.39300", "2020-02-29": "1931.06100", "2019-11-30": "2166.72100", "2019-08-31": "1811.66400", "2019-05-31": "1939.25200", "2019-02-28": "1606.22400", "2018-11-30": "1840.69700", "2018-08-31": "1704.77700", "2018-05-31": "1873.26400", "2018-02-28": "1516.70800", "2017-11-30": "1730.81000", "2017-08-31": "2087.42500", "2017-05-31": "1059.91500", "2017-02-28": "1326.46000", "2016-11-30": "1519.39200", "2016-08-31": "1388.61200", "2016-05-31": "1486.95300", "2016-02-29": "1260.78900", "2015-11-30": "1403.14300", "2015-08-31": "1267.37000", "2015-05-31": "1286.92500", "2015-02-28": "1173.26900", "2014-11-30": "1354.22800", "2014-08-31": "1243.44600", "2014-05-31": "1340.96300", "2014-02-28": "1100.42200", "2013-11-30": "1236.42600", "2013-08-31": "1137.20900", "2013-05-31": "1284.10200", "2013-02-28": "1321.79800", "2012-11-30": "1188.59800", "2012-08-31": "1119.26000", "2012-05-31": "1195.76200", "2012-02-29": "1036.30900", "2011-11-30": "1113.76300", "2011-08-31": "1063.86900", "2011-05-31": "1080.18900", "2011-02-28": "892.66110", "2010-11-30": "946.99360", "2010-08-31": "838.58980", "2010-05-31": "920.14460", "2010-02-28": "769.49110", "2009-11-30": "861.30620", "2009-08-31": "547.16940", "2009-05-31": "848.41750", "2009-02-28": "812.53580", "2008-11-30": "934.33500", "2008-08-31": "921.93120", "2008-05-31": "980.40530", "2008-02-29": "749.10210", "2007-11-30": "851.56690", "2007-08-31": "757.67650", "2007-05-31": "761.01130", "2007-02-28": "663.85710", "2006-11-30": "754.57280", "2006-08-31": "623.97990", "2006-05-31": "765.23900", "2006-02-28": "211.95900", "2005-11-30": "591.82710", "2005-08-31": "584.27200", "2005-05-31": "757.03080", "2005-02-28": "540.92290"}, "EBIT": {"2020-11-30": "1890.66800", "2020-08-31": "1544.70400", "2020-05-31": "1712.73200", "2020-02-29": "1488.94500", "2019-11-30": "1767.26300", "2019-08-31": "1571.49300", "2019-05-31": "1717.94300", "2019-02-28": "1386.62600", "2018-11-30": "1629.01200", "2018-08-31": "1469.68600", "2018-05-31": "1634.87500", "2018-02-28": "1296.04400", "2017-11-30": "1498.17700", "2017-08-31": "1855.35400", "2017-05-31": "865.43460", "2017-02-28": "1138.65300", "2016-11-30": "1331.95900", "2016-08-31": "1195.19600", "2016-05-31": "1305.94300", "2016-02-29": "1088.04400", "2015-11-30": "1221.26100", "2015-08-31": "1093.60800", "2015-05-31": "1133.52000", "2015-02-28": "1021.03300", "2014-11-30": "1187.70900", "2014-08-31": "1079.36500", "2014-05-31": "1178.76600", "2014-02-28": "951.28220", "2013-11-30": "1091.09900", "2013-08-31": "983.50240", "2013-05-31": "1141.97100", "2013-02-28": "1164.53200", "2012-11-30": "1048.67400", "2012-08-31": "940.34860", "2012-05-31": "1060.76100", "2012-02-29": "889.29930", "2011-11-30": "981.13770", "2011-08-31": "922.52930", "2011-05-31": "949.41600", "2011-02-28": "771.57710", "2010-11-30": "826.93460", "2010-08-31": "713.63380", "2010-05-31": "803.83060", "2010-02-28": "650.97310", "2009-11-30": "746.40820", "2009-08-31": "419.58590", "2009-05-31": "732.04050", "2009-02-28": "677.46680", "2008-11-30": "814.77200", "2008-08-31": "784.97360", "2008-05-31": "862.15430", "2008-02-29": "638.05710", "2007-11-30": "726.39890", "2007-08-31": "642.10600", "2007-05-31": "681.52930", "2007-02-28": "559.39210", "2006-11-30": "609.59180", "2006-08-31": "501.06640", "2006-05-31": "690.12400", "2006-02-28": "137.31200", "2005-11-30": "512.55620", "2005-08-31": "509.18770", "2005-05-31": "671.94780", "2005-02-28": "471.95190"}, "Basic Shares Outstanding": {"2020-11-30": "634.27150", "2020-08-31": "636.29990", "2020-05-31": "636.14620", "2020-02-29": "637.48600", "2019-11-30": "635.72230", "2019-08-31": "638.09810", "2019-05-31": "637.83140", "2019-02-28": "638.64000", "2018-11-30": "638.87740", "2018-08-31": "628.45170", "2018-05-31": "639.21730", "2018-02-28": "617.85470", "2017-11-30": "615.83600", "2017-08-31": "620.10420", "2017-05-31": "619.43700", "2017-02-28": "621.99990", "2016-11-30": "621.57000", "2016-08-31": "624.79780", "2016-05-31": "623.72590", "2016-02-29": "626.52380", "2015-11-30": "626.46310", "2015-08-31": "626.79960", "2015-05-31": "625.96940", "2015-02-28": "628.25500", "2014-11-30": "628.43900", "2014-08-31": "634.21620", "2014-05-31": "633.12800", "2014-02-28": "635.92900", "2013-11-30": "636.69600", "2013-08-31": "645.53700", "2013-05-31": "650.62600", "2013-02-28": "649.52000", "2012-11-30": "639.65900", "2012-08-31": "643.13260", "2012-05-31": "645.76200", "2012-02-29": "646.45300", "2011-11-30": "644.28500", "2011-08-31": "645.63000", "2011-05-31": "651.33900", "2011-02-28": "646.29200", "2010-11-30": "637.29800", "2010-08-31": "637.17000", "2010-05-31": "641.35600", "2010-02-28": "638.69500", "2009-11-30": "631.52700", "2009-08-31": "623.00700", "2009-05-31": "623.64900", "2009-02-28": "620.46200", "2008-11-30": "622.24400", "2008-08-31": "610.94900", "2008-05-31": "606.51300", "2008-02-29": "608.47300", "2007-11-30": "611.84200", "2007-08-31": "604.12900", "2007-05-31": "607.42100", "2007-02-28": "604.32600", "2006-11-30": "598.61300", "2006-08-31": "589.10000", "2006-05-31": "589.93400", "2006-02-28": "585.67500", "2005-11-30": "586.26800", "2005-08-31": "588.50500", "2005-05-31": "587.27700", "2005-02-28": "591.69500"}, "Shares Outstanding": {"2020-11-30": "646.87980", "2020-08-31": "647.79700", "2020-05-31": "645.60790", "2020-02-29": "648.83400", "2019-11-30": "649.38950", "2019-08-31": "650.20490", "2019-05-31": "649.29770", "2019-02-28": "649.17100", "2018-11-30": "652.15140", "2018-08-31": "655.29610", "2018-05-31": "654.60000", "2018-02-28": "656.11880", "2017-11-30": "656.67100", "2017-08-31": "660.46330", "2017-05-31": "658.77000", "2017-02-28": "661.07930", "2016-11-30": "663.75300", "2016-08-31": "667.77030", "2016-05-31": "666.40330", "2016-02-29": "668.12510", "2015-11-30": "671.30070", "2015-08-31": "678.75710", "2015-05-31": "677.82570", "2015-02-28": "679.16500", "2014-11-30": "682.33300", "2014-08-31": "692.39000", "2014-05-31": "691.03800", "2014-02-28": "693.84600", "2013-11-30": "698.50400", "2013-08-31": "713.34050", "2013-05-31": "715.62800", "2013-02-28": "715.46400", "2012-11-30": "716.89200", "2012-08-31": "727.38670", "2012-05-31": "729.52800", "2012-02-29": "729.81000", "2011-11-30": "730.74500", "2011-08-31": "743.21100", "2011-05-31": "746.20500", "2011-02-28": "743.50500", "2010-11-30": "743.49500", "2010-08-31": "767.01300", "2010-05-31": "767.16200", "2010-02-28": "769.18800", "2009-11-30": "774.37800", "2009-08-31": "786.89100", "2009-05-31": "784.04700", "2009-02-28": "787.14800", "2008-11-30": "797.58600", "2008-08-31": "824.01300", "2008-05-31": "817.31100", "2008-02-29": "828.81200", "2007-11-30": "839.99400", "2007-08-31": "863.06700", "2007-05-31": "859.71600", "2007-02-28": "867.84300", "2006-11-30": "875.77900", "2006-08-31": "894.66400", "2006-05-31": "887.34700", "2006-02-28": "892.89400", "2005-11-30": "914.05700", "2005-08-31": "961.12500", "2005-05-31": "952.29200", "2005-02-28": "980.08000"}, "Basic EPS": {"2020-11-30": "2.37000", "2020-08-31": "2.03000", "2020-05-31": "1.93000", "2020-02-29": "1.94000", "2019-11-30": "2.13000", "2019-08-31": "1.77000", "2019-05-31": "1.96000", "2019-02-28": "1.76000", "2018-11-30": "2.00000", "2018-08-31": "1.61000", "2018-05-31": "1.63000", "2018-02-28": "1.40000", "2017-11-30": "1.82000", "2017-08-31": "1.51000", "2017-05-31": "1.08000", "2017-02-28": "1.35000", "2016-11-30": "1.62000", "2016-08-31": "1.71000", "2016-05-31": "1.44000", "2016-02-29": "2.12000", "2015-11-30": "1.31000", "2015-08-31": "1.18000", "2015-05-31": "1.27000", "2015-02-28": "1.10000", "2014-11-30": "1.32000", "2014-08-31": "1.11000", "2014-05-31": "1.29000", "2014-02-28": "1.06000", "2013-11-30": "1.18000", "2013-08-31": "1.04000", "2013-05-31": "1.25000", "2013-02-28": "1.70000", "2012-11-30": "1.09000", "2012-08-31": "0.90000", "2012-05-31": "1.07000", "2012-02-29": "1.00000", "2011-11-30": "1.00000", "2011-08-31": "0.95000", "2011-05-31": "0.96000", "2011-02-28": "0.78000", "2010-11-30": "0.84000", "2010-08-31": "0.70000", "2010-05-31": "0.76000", "2010-02-28": "0.63000", "2009-11-30": "0.70000", "2009-08-31": "0.41000", "2009-05-31": "0.71000", "2009-02-28": "0.66000", "2008-11-30": "0.77000", "2008-08-31": "0.71000", "2008-05-31": "0.77000", "2008-02-29": "0.67000", "2007-11-30": "0.62000", "2007-08-31": "0.53000", "2007-05-31": "0.57000", "2007-02-28": "0.49000", "2006-11-30": "0.47000", "2006-08-31": "0.58000", "2006-05-31": "0.58000", "2006-02-28": "0.12000", "2005-11-30": "0.37000", "2005-08-31": "0.40000", "2005-05-31": "0.52000", "2005-02-28": "0.35000"}, "EPS - Earnings Per Share": {"2020-11-30": "2.32000", "2020-08-31": "1.99000", "2020-05-31": "1.90000", "2020-02-29": "1.91000", "2019-11-30": "2.09000", "2019-08-31": "1.74000", "2019-05-31": "1.93000", "2019-02-28": "1.73000", "2018-11-30": "1.96000", "2018-08-31": "1.58000", "2018-05-31": "1.60000", "2018-02-28": "1.37000", "2017-11-30": "1.79000", "2017-08-31": "1.48000", "2017-05-31": "1.05000", "2017-02-28": "1.33000", "2016-11-30": "1.58000", "2016-08-31": "1.68000", "2016-05-31": "1.41000", "2016-02-29": "2.08000", "2015-11-30": "1.28000", "2015-08-31": "1.15000", "2015-05-31": "1.24000", "2015-02-28": "1.08000", "2014-11-30": "1.29000", "2014-08-31": "1.08000", "2014-05-31": "1.26000", "2014-02-28": "1.03000", "2013-11-30": "1.15000", "2013-08-31": "1.01000", "2013-05-31": "1.21000", "2013-02-28": "1.65000", "2012-11-30": "1.06000", "2012-08-31": "0.88000", "2012-05-31": "1.03000", "2012-02-29": "0.97000", "2011-11-30": "0.96000", "2011-08-31": "0.90000", "2011-05-31": "0.93000", "2011-02-28": "0.75000", "2010-11-30": "0.81000", "2010-08-31": "0.66000", "2010-05-31": "0.73000", "2010-02-28": "0.60000", "2009-11-30": "0.67000", "2009-08-31": "0.39000", "2009-05-31": "0.68000", "2009-02-28": "0.63000", "2008-11-30": "0.74000", "2008-08-31": "0.66000", "2008-05-31": "0.74000", "2008-02-29": "0.64000", "2007-11-30": "0.60000", "2007-08-31": "0.50000", "2007-05-31": "0.54000", "2007-02-28": "0.47000", "2006-11-30": "0.46000", "2006-08-31": "0.56000", "2006-05-31": "0.56000", "2006-02-28": "0.11000", "2005-11-30": "0.36000", "2005-08-31": "0.38000", "2005-05-31": "0.51000", "2005-02-28": "0.35000"}}, "balance sheet": {"Cash On Hand": {"2020-08-31": "8509.63900", "2019-08-31": "6130.16600", "2018-08-31": "5064.55200", "2017-08-31": "4129.87100", "2016-08-31": "4908.48400", "2015-08-31": "4363.21400", "2014-08-31": "4923.90700", "2013-08-31": "5634.41000", "2012-08-31": "6642.78700", "2011-08-31": "5706.00700", "2010-08-31": "4841.27900", "2009-08-31": "4549.56600", "2008-08-31": "3623.04200", "2007-08-31": "3545.67400", "2006-08-31": "3419.93900", "2005-08-31": "2947.45000"}, "Receivables": {"2020-08-31": "7846.89200", "2019-08-31": "8095.07100", "2018-08-31": "7496.36800", "2017-08-31": "6885.25700", "2016-08-31": "6222.39900", "2015-08-31": "5725.42400", "2014-08-31": "5663.33400", "2013-08-31": "4846.57400", "2012-08-31": "4480.71100", "2011-08-31": "4621.79200", "2010-08-31": "3662.42500", "2009-08-31": "3361.78500", "2008-08-31": "4515.39500", "2007-08-31": "3699.33400", "2006-08-31": "3103.69900", "2005-08-31": "3106.61300"}, "Inventory": {"2020-08-31": "", "2019-08-31": "", "2018-08-31": "", "2017-08-31": "", "2016-08-31": "", "2015-08-31": "", "2014-08-31": "", "2013-08-31": "", "2012-08-31": "", "2011-08-31": "", "2010-08-31": "", "2009-08-31": "", "2008-08-31": "", "2007-08-31": "", "2006-08-31": "", "2005-08-31": ""}, "Pre-Paid Expenses": {"2020-08-31": "", "2019-08-31": "", "2018-08-31": "", "2017-08-31": "", "2016-08-31": "", "2015-08-31": "", "2014-08-31": "", "2013-08-31": "", "2012-08-31": "", "2011-08-31": "", "2010-08-31": "", "2009-08-31": "", "2008-08-31": "", "2007-08-31": "", "2006-08-31": "", "2005-08-31": ""}, "Other Current Assets": {"2020-08-31": "1393.22500", "2019-08-31": "1225.36400", "2018-08-31": "1024.63900", "2017-08-31": "1082.16100", "2016-08-31": "845.33900", "2015-08-31": "611.43600", "2014-08-31": "585.38100", "2013-08-31": "568.27700", "2012-08-31": "778.70100", "2011-08-31": "587.22400", "2010-08-31": "490.24300", "2009-08-31": "599.50100", "2008-08-31": "594.83200", "2007-08-31": "407.99800", "2006-08-31": "479.50100", "2005-08-31": "509.81800"}, "Total Current Assets": {"2020-08-31": "17749.76000", "2019-08-31": "15450.60000", "2018-08-31": "13585.56000", "2017-08-31": "12097.29000", "2016-08-31": "11976.22000", "2015-08-31": "10700.07000", "2014-08-31": "11904.44000", "2013-08-31": "11844.18000", "2012-08-31": "12587.93000", "2011-08-31": "11471.18000", "2010-08-31": "9563.62500", "2009-08-31": "8990.51400", "2008-08-31": "9159.12800", "2007-08-31": "7971.17800", "2006-08-31": "7190.85900", "2005-08-31": "6685.26700"}, "Property, Plant, And Equipment": {"2020-08-31": "1545.56800", "2019-08-31": "1391.16600", "2018-08-31": "1264.02000", "2017-08-31": "1140.59800", "2016-08-31": "956.54200", "2015-08-31": "801.88400", "2014-08-31": "793.44400", "2013-08-31": "779.67500", "2012-08-31": "779.49400", "2011-08-31": "785.23100", "2010-08-31": "659.56900", "2009-08-31": "701.14400", "2008-08-31": "800.16400", "2007-08-31": "808.06900", "2006-08-31": "727.69200", "2005-08-31": "693.71000"}, "Long-Term Investments": {"2020-08-31": "324.51400", "2019-08-31": "240.31300", "2018-08-31": "215.53200", "2017-08-31": "211.61000", "2016-08-31": "198.63300", "2015-08-31": "45.02700", "2014-08-31": "66.78300", "2013-08-31": "43.63100", "2012-08-31": "28.18000", "2011-08-31": "40.36500", "2010-08-31": "41.02300", "2009-08-31": "29.01100", "2008-08-31": "19.03400", "2007-08-31": "81.93500", "2006-08-31": "125.11900", "2005-08-31": "262.87300"}, "Goodwill And Intangible Assets": {"2020-08-31": "7709.82000", "2019-08-31": "6205.55000", "2018-08-31": "5383.01200", "2017-08-31": "5002.35200", "2016-08-31": "3609.43700", "2015-08-31": "2929.83300", "2014-08-31": "2395.89400", "2013-08-31": "1818.58600", "2012-08-31": "1215.38300", "2011-08-31": "1131.99100", "2010-08-31": "841.23400", "2009-08-31": "825.15200", "2008-08-31": "839.95700", "2007-08-31": "643.72800", "2006-08-31": "527.64800", "2005-08-31": "378.48800"}, "Other Long-Term Assets": {"2020-08-31": "1689.27500", "2019-08-31": "1471.29400", "2018-08-31": "1209.02900", "2017-08-31": "1226.33100", "2016-08-31": "989.49400", "2015-08-31": "964.91800", "2014-08-31": "959.84000", "2013-08-31": "789.21800", "2012-08-31": "695.56800", "2011-08-31": "937.67500", "2010-08-31": "624.52100", "2009-08-31": "338.41200", "2008-08-31": "382.81600", "2007-08-31": "380.75900", "2006-08-31": "428.88200", "2005-08-31": "173.55100"}, "Total Long-Term Assets": {"2020-08-31": "19328.84000", "2019-08-31": "14339.28000", "2018-08-31": "10863.52000", "2017-08-31": "10592.60000", "2016-08-31": "8632.78100", "2015-08-31": "7502.57300", "2014-08-31": "6026.01000", "2013-08-31": "5022.87100", "2012-08-31": "4077.48400", "2011-08-31": "4260.32700", "2010-08-31": "3271.62800", "2009-08-31": "3265.22000", "2008-08-31": "3239.39700", "2007-08-31": "2775.98400", "2006-08-31": "2306.63300", "2005-08-31": "2272.08500"}, "Total Assets": {"2020-08-31": "37078.59000", "2019-08-31": "29789.88000", "2018-08-31": "24449.08000", "2017-08-31": "22689.89000", "2016-08-31": "20609.00000", "2015-08-31": "18202.65000", "2014-08-31": "17930.45000", "2013-08-31": "16867.05000", "2012-08-31": "16665.41000", "2011-08-31": "15731.51000", "2010-08-31": "12835.25000", "2009-08-31": "12255.73000", "2008-08-31": "12398.53000", "2007-08-31": "10747.16000", "2006-08-31": "9497.49200", "2005-08-31": "8957.35200"}, "Total Current Liabilities": {"2020-08-31": "12662.59000", "2019-08-31": "11061.90000", "2018-08-31": "10151.75000", "2017-08-31": "9824.27900", "2016-08-31": "8878.92400", "2015-08-31": "8491.00600", "2014-08-31": "8158.07900", "2013-08-31": "8160.99000", "2012-08-31": "8109.20500", "2011-08-31": "7906.58900", "2010-08-31": "6567.60400", "2009-08-31": "6238.95900", "2008-08-31": "6847.87800", "2007-08-31": "6879.32000", "2006-08-31": "5772.70300", "2005-08-31": "4931.13300"}, "Long Term Debt": {"2020-08-31": "54.05200", "2019-08-31": "16.24700", "2018-08-31": "19.67600", "2017-08-31": "22.16300", "2016-08-31": "24.45700", "2015-08-31": "25.58700", "2014-08-31": "26.40300", "2013-08-31": "25.60000", "2012-08-31": "0.02200", "2011-08-31": "", "2010-08-31": "1.44500", "2009-08-31": "0.36100", "2008-08-31": "1.70800", "2007-08-31": "2.56500", "2006-08-31": "27.06500", "2005-08-31": "44.11600"}, "Other Non-Current Liabilities": {"2020-08-31": "1465.11600", "2019-08-31": "1419.67600", "2018-08-31": "1398.55900", "2017-08-31": "924.14300", "2016-08-31": "1155.62600", "2015-08-31": "1314.03300", "2014-08-31": "1609.13700", "2013-08-31": "1687.65400", "2012-08-31": "1920.18600", "2011-08-31": "1852.65700", "2010-08-31": "1473.65600", "2009-08-31": "1343.86900", "2008-08-31": "1284.21400", "2007-08-31": "232.42600", "2006-08-31": "426.15600", "2005-08-31": "545.05100"}, "Total Long Term Liabilities": {"2020-08-31": "6916.83000", "2019-08-31": "3900.29300", "2018-08-31": "3572.74400", "2017-08-31": "3155.41100", "2016-08-31": "3540.70400", "2015-08-31": "3064.07000", "2014-08-31": "3487.03600", "2013-08-31": "3278.23000", "2012-08-31": "3931.78200", "2011-08-31": "3474.04900", "2010-08-31": "2992.92600", "2009-08-31": "2630.56900", "2008-08-31": "3010.14100", "2007-08-31": "1804.51000", "2006-08-31": "1830.53400", "2005-08-31": "2329.30500"}, "Total Liabilities": {"2020-08-31": "19579.42000", "2019-08-31": "14962.19000", "2018-08-31": "13724.49000", "2017-08-31": "12979.69000", "2016-08-31": "12419.62000", "2015-08-31": "11555.08000", "2014-08-31": "11645.12000", "2013-08-31": "11439.22000", "2012-08-31": "12040.99000", "2011-08-31": "11380.64000", "2010-08-31": "9560.53000", "2009-08-31": "8869.52800", "2008-08-31": "9858.01900", "2007-08-31": "8683.83000", "2006-08-31": "7603.23700", "2005-08-31": "7260.43800"}, "Common Stock Net": {"2020-08-31": "0.07200", "2019-08-31": "0.07200", "2018-08-31": "0.07200", "2017-08-31": "0.07100", "2016-08-31": "0.07200", "2015-08-31": "0.07600", "2014-08-31": "0.07600", "2013-08-31": "0.07500", "2012-08-31": "0.07400", "2011-08-31": "0.07400", "2010-08-31": "0.07400", "2009-08-31": "0.01700", "2008-08-31": "0.01800", "2007-08-31": "0.01800", "2006-08-31": "0.02000", "2005-08-31": "0.02000"}, "Retained Earnings (Accumulated Deficit)": {"2020-08-31": "12375.53000", "2019-08-31": "10421.54000", "2018-08-31": "7952.41300", "2017-08-31": "7081.85500", "2016-08-31": "7879.96000", "2015-08-31": "13470.01000", "2014-08-31": "11758.13000", "2013-08-31": "875.15600", "2012-08-31": "7904.24200", "2011-08-31": "6281.51700", "2010-08-31": "4634.32900", "2009-08-31": "3947.12900", "2008-08-31": "3120.51500", "2007-08-31": "2362.70300", "2006-08-31": "1607.39100", "2005-08-31": "962.33900"}, "Comprehensive Income": {"2020-08-31": "-1561.83700", "2019-08-31": "-1840.57700", "2018-08-31": "-1576.17100", "2017-08-31": "-1094.78400", "2016-08-31": "-1661.72000", "2015-08-31": "-1411.97200", "2014-08-31": "-871.94800", "2013-08-31": "-1052.74600", "2012-08-31": "-678.14800", "2011-08-31": "-134.38000", "2010-08-31": "-386.29200", "2009-08-31": "-227.17800", "2008-08-31": "6.12800", "2007-08-31": "84.16100", "2006-08-31": "-26.49400", "2005-08-31": "-232.48400"}, "Other Share Holders Equity": {"2020-08-31": "1585.30200", "2019-08-31": "1411.90300", "2018-08-31": "1234.62300", "2017-08-31": "1095.02600", "2016-08-31": "1004.12800", "2015-08-31": "1031.20300", "2014-08-31": "921.58590", "2013-08-31": "10069.84000", "2012-08-31": "863.71400", "2011-08-31": "784.27700", "2010-08-31": "973.88900", "2009-08-31": "870.69900", "2008-08-31": "819.57700", "2007-08-31": "649.47500", "2006-08-31": "482.28900", "2005-08-31": "365.70800"}, "Share Holder Equity": {"2020-08-31": "17499.17000", "2019-08-31": "14827.69000", "2018-08-31": "10724.59000", "2017-08-31": "9710.20000", "2016-08-31": "8189.37600", "2015-08-31": "6647.57100", "2014-08-31": "6285.33700", "2013-08-31": "5427.82900", "2012-08-31": "4624.42800", "2011-08-31": "4350.87200", "2010-08-31": "3274.72300", "2009-08-31": "3386.20600", "2008-08-31": "2540.50600", "2007-08-31": "2063.33200", "2006-08-31": "1894.25500", "2005-08-31": "1696.91400"}, "Total Liabilities And Share Holders Equity": {"2020-08-31": "37078.59000", "2019-08-31": "29789.88000", "2018-08-31": "24449.08000", "2017-08-31": "22689.89000", "2016-08-31": "20609.00000", "2015-08-31": "18202.65000", "2014-08-31": "17930.45000", "2013-08-31": "16867.05000", "2012-08-31": "16665.41000", "2011-08-31": "15731.51000", "2010-08-31": "12835.25000", "2009-08-31": "12255.73000", "2008-08-31": "12398.53000", "2007-08-31": "10747.16000", "2006-08-31": "9497.49200", "2005-08-31": "8957.35200"}}, "balance sheet, quarterly": {"Cash On Hand": {"2020-11-30": "8677.15100", "2020-08-31": "8509.63900", "2020-05-31": "6445.93700", "2020-02-29": "5440.09900", "2019-11-30": "5813.84000", "2019-08-31": "6130.16600", "2019-05-31": "4772.49600", "2019-02-28": "4468.00000", "2018-11-30": "4366.90600", "2018-08-31": "5064.55200", "2018-05-31": "3932.10600", "2018-02-28": "3598.49700", "2017-11-30": "3682.39300", "2017-08-31": "4129.87100", "2017-05-31": "3384.84700", "2017-02-28": "3241.36400", "2016-11-30": "4079.56900", "2016-08-31": "4908.48400", "2016-05-31": "3500.74700", "2016-02-29": "3037.47900", "2015-11-30": "3075.92100", "2015-08-31": "4363.21400", "2015-05-31": "4028.57200", "2015-02-28": "4064.01900", "2014-11-30": "4474.80600", "2014-08-31": "4923.90700", "2014-05-31": "4051.54600", "2014-02-28": "3682.98000", "2013-11-30": "4529.79200", "2013-08-31": "5634.41000", "2013-05-31": "5940.57100", "2013-02-28": "5636.49000", "2012-11-30": "5681.24100", "2012-08-31": "6642.78700", "2012-05-31": "5630.89700", "2012-02-29": "5571.85300", "2011-11-30": "5096.54400", "2011-08-31": "5706.00700", "2011-05-31": "5261.34900", "2011-02-28": "4682.73600", "2010-11-30": "4163.61600", "2010-08-31": "4841.27900", "2010-05-31": "4320.20500", "2010-02-28": "4122.07400", "2009-11-30": "4005.11900", "2009-08-31": "4549.56600", "2009-05-31": "4011.91800", "2009-02-28": "2991.45000", "2008-11-30": "2796.07800", "2008-08-31": "3623.04200", "2008-05-31": "3354.64800", "2008-02-29": "2657.84500", "2007-11-30": "2621.79700", "2007-08-31": "3545.67400", "2007-05-31": "3378.04400", "2007-02-28": "3141.94600", "2006-11-30": "2736.38100", "2006-08-31": "3419.93900", "2006-05-31": "2986.11500", "2006-02-28": "2346.79400", "2005-11-30": "1966.64400", "2005-08-31": "2947.45000", "2005-05-31": "3195.42800", "2005-02-28": "3466.65900"}, "Receivables": {"2020-11-30": "8547.71100", "2020-08-31": "7846.89200", "2020-05-31": "8345.60100", "2020-02-29": "8517.94900", "2019-11-30": "8577.38600", "2019-08-31": "8095.07100", "2019-05-31": "8134.14700", "2019-02-28": "8151.41100", "2018-11-30": "8023.05700", "2018-08-31": "7496.36800", "2018-05-31": "7446.69900", "2018-02-28": "7511.30100", "2017-11-30": "7457.95500", "2017-08-31": "6885.25700", "2017-05-31": "6741.72500", "2017-02-28": "6563.89300", "2016-11-30": "6469.00800", "2016-08-31": "6222.39900", "2016-05-31": "6440.47800", "2016-02-29": "6006.55400", "2015-11-30": "6025.64500", "2015-08-31": "5725.42400", "2015-05-31": "5548.13500", "2015-02-28": "5426.17800", "2014-11-30": "5654.72800", "2014-08-31": "5663.33400", "2014-05-31": "5570.06100", "2014-02-28": "5318.68400", "2013-11-30": "5232.58000", "2013-08-31": "4846.57400", "2013-05-31": "4850.28500", "2013-02-28": "4975.90200", "2012-11-30": "4989.47000", "2012-08-31": "4480.71100", "2012-05-31": "4679.43700", "2012-02-29": "4774.75800", "2011-11-30": "4815.09700", "2011-08-31": "4621.79200", "2011-05-31": "4696.16500", "2011-02-28": "4445.47900", "2010-11-30": "4201.41500", "2010-08-31": "3662.42500", "2010-05-31": "3516.35000", "2010-02-28": "3589.90200", "2009-11-30": "3794.81400", "2009-08-31": "3361.78500", "2009-05-31": "3744.51100", "2009-02-28": "3626.05800", "2008-11-30": "4144.50700", "2008-08-31": "4515.39500", "2008-05-31": "4458.36800", "2008-02-29": "4147.36400", "2007-11-30": "4198.52800", "2007-08-31": "3699.33400", "2007-05-31": "3957.77000", "2007-02-28": "3736.40600", "2006-11-30": "3807.60600", "2006-08-31": "3103.69900", "2006-05-31": "3330.86500", "2006-02-28": "3197.98100", "2005-11-30": "3286.43900", "2005-08-31": "3106.61300", "2005-05-31": "3325.65300", "2005-02-28": "3275.68500"}, "Inventory": {"2020-11-30": "", "2020-08-31": "", "2020-05-31": "", "2020-02-29": "", "2019-11-30": "", "2019-08-31": "", "2019-05-31": "", "2019-02-28": "", "2018-11-30": "", "2018-08-31": "", "2018-05-31": "", "2018-02-28": "", "2017-11-30": "", "2017-08-31": "", "2017-05-31": "", "2017-02-28": "", "2016-11-30": "", "2016-08-31": "", "2016-05-31": "", "2016-02-29": "", "2015-11-30": "", "2015-08-31": "", "2015-05-31": "", "2015-02-28": "", "2014-11-30": "", "2014-08-31": "", "2014-05-31": "", "2014-02-28": "", "2013-11-30": "", "2013-08-31": "", "2013-05-31": "", "2013-02-28": "", "2012-11-30": "", "2012-08-31": "", "2012-05-31": "", "2012-02-29": "", "2011-11-30": "", "2011-08-31": "", "2011-05-31": "", "2011-02-28": "", "2010-11-30": "", "2010-08-31": "", "2010-05-31": "", "2010-02-28": "", "2009-11-30": "", "2009-08-31": "", "2009-05-31": "", "2009-02-28": "", "2008-11-30": "", "2008-08-31": "", "2008-05-31": "", "2008-02-29": "", "2007-11-30": "", "2007-08-31": "", "2007-05-31": "", "2007-02-28": "", "2006-11-30": "", "2006-08-31": "", "2006-05-31": "", "2006-02-28": "", "2005-11-30": "", "2005-08-31": "", "2005-05-31": "", "2005-02-28": ""}, "Pre-Paid Expenses": {"2020-11-30": "", "2020-08-31": "", "2020-05-31": "", "2020-02-29": "", "2019-11-30": "", "2019-08-31": "", "2019-05-31": "", "2019-02-28": "", "2018-11-30": "", "2018-08-31": "", "2018-05-31": "", "2018-02-28": "", "2017-11-30": "", "2017-08-31": "", "2017-05-31": "", "2017-02-28": "", "2016-11-30": "", "2016-08-31": "", "2016-05-31": "", "2016-02-29": "", "2015-11-30": "", "2015-08-31": "", "2015-05-31": "", "2015-02-28": "", "2014-11-30": "", "2014-08-31": "", "2014-05-31": "", "2014-02-28": "", "2013-11-30": "", "2013-08-31": "", "2013-05-31": "", "2013-02-28": "", "2012-11-30": "", "2012-08-31": "", "2012-05-31": "", "2012-02-29": "", "2011-11-30": "", "2011-08-31": "", "2011-05-31": "", "2011-02-28": "", "2010-11-30": "", "2010-08-31": "", "2010-05-31": "", "2010-02-28": "", "2009-11-30": "", "2009-08-31": "", "2009-05-31": "", "2009-02-28": "", "2008-11-30": "", "2008-08-31": "", "2008-05-31": "", "2008-02-29": "", "2007-11-30": "", "2007-08-31": "", "2007-05-31": "", "2007-02-28": "", "2006-11-30": "", "2006-08-31": "", "2006-05-31": "", "2006-02-28": "", "2005-11-30": "", "2005-08-31": "", "2005-05-31": "", "2005-02-28": ""}, "Other Current Assets": {"2020-11-30": "1401.23200", "2020-08-31": "1393.22500", "2020-05-31": "1354.69800", "2020-02-29": "1447.24500", "2019-11-30": "1214.87800", "2019-08-31": "1225.36400", "2019-05-31": "1235.01700", "2019-02-28": "1213.88900", "2018-11-30": "1150.44500", "2018-08-31": "1024.63900", "2018-05-31": "958.06700", "2018-02-28": "1175.15000", "2017-11-30": "1163.49300", "2017-08-31": "1082.16100", "2017-05-31": "1079.16300", "2017-02-28": "958.74500", "2016-11-30": "819.82900", "2016-08-31": "845.33900", "2016-05-31": "743.39600", "2016-02-29": "766.13600", "2015-11-30": "745.27100", "2015-08-31": "611.43600", "2015-05-31": "627.34200", "2015-02-28": "768.38400", "2014-11-30": "706.32800", "2014-08-31": "585.38100", "2014-05-31": "694.33900", "2014-02-28": "796.37100", "2013-11-30": "723.89300", "2013-08-31": "568.27700", "2013-05-31": "564.40700", "2013-02-28": "673.21100", "2012-11-30": "670.36000", "2012-08-31": "778.70100", "2012-05-31": "506.68100", "2012-02-29": "623.92000", "2011-11-30": "512.42900", "2011-08-31": "587.22400", "2011-05-31": "615.22500", "2011-02-28": "583.23600", "2010-11-30": "543.71100", "2010-08-31": "490.24300", "2010-05-31": "496.77000", "2010-02-28": "563.40800", "2009-11-30": "636.91200", "2009-08-31": "599.50100", "2009-05-31": "485.25100", "2009-02-28": "475.55200", "2008-11-30": "463.17800", "2008-08-31": "594.83200", "2008-05-31": "414.82200", "2008-02-29": "430.26900", "2007-11-30": "418.09200", "2007-08-31": "407.99800", "2007-05-31": "434.79600", "2007-02-28": "446.83000", "2006-11-30": "464.49200", "2006-08-31": "479.50100", "2006-05-31": "502.19400", "2006-02-28": "501.63000", "2005-11-30": "477.03700", "2005-08-31": "509.81800", "2005-05-31": "481.50900", "2005-02-28": "520.14600"}, "Total Current Assets": {"2020-11-30": "18626.09000", "2020-08-31": "17749.76000", "2020-05-31": "16146.24000", "2020-02-29": "15405.29000", "2019-11-30": "15606.10000", "2019-08-31": "15450.60000", "2019-05-31": "14141.66000", "2019-02-28": "13833.30000", "2018-11-30": "13540.41000", "2018-08-31": "13585.56000", "2018-05-31": "12336.87000", "2018-02-28": "12284.95000", "2017-11-30": "12303.84000", "2017-08-31": "12097.29000", "2017-05-31": "11205.74000", "2017-02-28": "10764.00000", "2016-11-30": "11368.41000", "2016-08-31": "11976.22000", "2016-05-31": "11576.01000", "2016-02-29": "10678.80000", "2015-11-30": "10623.05000", "2015-08-31": "10700.07000", "2015-05-31": "11069.52000", "2015-02-28": "11007.81000", "2014-11-30": "11576.25000", "2014-08-31": "11904.44000", "2014-05-31": "11134.69000", "2014-02-28": "10633.88000", "2013-11-30": "11291.46000", "2013-08-31": "11844.18000", "2013-05-31": "12078.92000", "2013-02-28": "12016.95000", "2012-11-30": "12013.53000", "2012-08-31": "12587.93000", "2012-05-31": "11458.03000", "2012-02-29": "11554.68000", "2011-11-30": "10992.72000", "2011-08-31": "11471.18000", "2011-05-31": "11147.26000", "2011-02-28": "10279.28000", "2010-11-30": "9469.71000", "2010-08-31": "9563.62500", "2010-05-31": "8843.39000", "2010-02-28": "8774.45200", "2009-11-30": "8929.31100", "2009-08-31": "8990.51400", "2009-05-31": "8624.82600", "2009-02-28": "7526.94800", "2008-11-30": "7830.61200", "2008-08-31": "9159.12800", "2008-05-31": "8613.55000", "2008-02-29": "7600.46800", "2007-11-30": "7579.07900", "2007-08-31": "7971.17800", "2007-05-31": "8039.68900", "2007-02-28": "7557.33700", "2006-11-30": "7202.92100", "2006-08-31": "7190.85900", "2006-05-31": "6923.16200", "2006-02-28": "6147.99600", "2005-11-30": "5847.85900", "2005-08-31": "6685.26700", "2005-05-31": "7066.79400", "2005-02-28": "7346.04800"}, "Property, Plant, And Equipment": {"2020-11-30": "1506.82500", "2020-08-31": "1545.56800", "2020-05-31": "1445.18300", "2020-02-29": "1425.43200", "2019-11-30": "1386.44000", "2019-08-31": "1391.16600", "2019-05-31": "1341.54800", "2019-02-28": "1282.76500", "2018-11-30": "1243.26800", "2018-08-31": "1264.02000", "2018-05-31": "1228.94600", "2018-02-28": "1196.19500", "2017-11-30": "1158.96000", "2017-08-31": "1140.59800", "2017-05-31": "1041.00600", "2017-02-28": "968.43300", "2016-11-30": "928.90000", "2016-08-31": "956.54200", "2016-05-31": "883.60900", "2016-02-29": "856.40300", "2015-11-30": "804.01200", "2015-08-31": "801.88400", "2015-05-31": "752.36200", "2015-02-28": "725.91700", "2014-11-30": "740.49600", "2014-08-31": "793.44400", "2014-05-31": "786.59900", "2014-02-28": "783.96100", "2013-11-30": "779.24700", "2013-08-31": "779.67500", "2013-05-31": "798.91500", "2013-02-28": "810.89600", "2012-11-30": "799.44300", "2012-08-31": "779.49400", "2012-05-31": "752.49500", "2012-02-29": "775.87100", "2011-11-30": "745.89800", "2011-08-31": "785.23100", "2011-05-31": "740.77100", "2011-02-28": "694.78800", "2010-11-30": "673.69700", "2010-08-31": "659.56900", "2010-05-31": "625.53400", "2010-02-28": "646.72700", "2009-11-30": "685.05200", "2009-08-31": "701.14400", "2009-05-31": "717.42200", "2009-02-28": "708.64300", "2008-11-30": "734.59700", "2008-08-31": "800.16400", "2008-05-31": "819.05400", "2008-02-29": "840.07100", "2007-11-30": "834.68600", "2007-08-31": "808.06900", "2007-05-31": "748.18500", "2007-02-28": "714.46900", "2006-11-30": "715.88100", "2006-08-31": "727.69200", "2006-05-31": "739.48900", "2006-02-28": "723.40900", "2005-11-30": "694.45200", "2005-08-31": "693.71000", "2005-05-31": "669.08600", "2005-02-28": "657.44400"}, "Long-Term Investments": {"2020-11-30": "298.90600", "2020-08-31": "324.51400", "2020-05-31": "270.98400", "2020-02-29": "284.26100", "2019-11-30": "278.76500", "2019-08-31": "240.31300", "2019-05-31": "235.28600", "2019-02-28": "229.08500", "2018-11-30": "231.98000", "2018-08-31": "215.53200", "2018-05-31": "208.55700", "2018-02-28": "218.50900", "2017-11-30": "227.18900", "2017-08-31": "211.61000", "2017-05-31": "199.46500", "2017-02-28": "190.35800", "2016-11-30": "239.47000", "2016-08-31": "198.63300", "2016-05-31": "132.42700", "2016-02-29": "61.03700", "2015-11-30": "44.17900", "2015-08-31": "45.02700", "2015-05-31": "43.76300", "2015-02-28": "50.13000", "2014-11-30": "60.32100", "2014-08-31": "66.78300", "2014-05-31": "70.40500", "2014-02-28": "43.35000", "2013-11-30": "43.53600", "2013-08-31": "43.63100", "2013-05-31": "55.57700", "2013-02-28": "45.82700", "2012-11-30": "27.90200", "2012-08-31": "28.18000", "2012-05-31": "28.70600", "2012-02-29": "39.37600", "2011-11-30": "38.20700", "2011-08-31": "40.36500", "2011-05-31": "41.98300", "2011-02-28": "37.70800", "2010-11-30": "40.00200", "2010-08-31": "41.02300", "2010-05-31": "39.59000", "2010-02-28": "30.16200", "2009-11-30": "31.25000", "2009-08-31": "29.01100", "2009-05-31": "9.16800", "2009-02-28": "11.84600", "2008-11-30": "12.42800", "2008-08-31": "19.03400", "2008-05-31": "25.08500", "2008-02-29": "68.99000", "2007-11-30": "69.10000", "2007-08-31": "81.93500", "2007-05-31": "82.51900", "2007-02-28": "99.18300", "2006-11-30": "123.04900", "2006-08-31": "125.11900", "2006-05-31": "148.80600", "2006-02-28": "193.03700", "2005-11-30": "209.41700", "2005-08-31": "262.87300", "2005-05-31": "310.17400", "2005-02-28": "321.82300"}, "Goodwill And Intangible Assets": {"2020-11-30": "8127.41100", "2020-08-31": "7709.82000", "2020-05-31": "7334.59400", "2020-02-29": "6698.69000", "2019-11-30": "6300.00400", "2019-08-31": "6205.55000", "2019-05-31": "6078.81600", "2019-02-28": "5782.85600", "2018-11-30": "5522.68700", "2018-08-31": "5383.01200", "2018-05-31": "5275.29300", "2018-02-28": "5286.19700", "2017-11-30": "5078.50400", "2017-08-31": "5002.35200", "2017-05-31": "4610.99600", "2017-02-28": "4224.00700", "2016-11-30": "4008.76000", "2016-08-31": "3609.43700", "2016-05-31": "3538.14700", "2016-02-29": "3501.41900", "2015-11-30": "3521.82800", "2015-08-31": "2929.83300", "2015-05-31": "2669.17200", "2015-02-28": "2437.59500", "2014-11-30": "2399.30800", "2014-08-31": "2395.89400", "2014-05-31": "2354.81100", "2014-02-28": "2312.14500", "2013-11-30": "1931.12000", "2013-08-31": "1818.58600", "2013-05-31": "1472.95500", "2013-02-28": "1439.23800", "2012-11-30": "1386.63000", "2012-08-31": "1215.38300", "2012-05-31": "1205.67800", "2012-02-29": "1232.47400", "2011-11-30": "1225.29800", "2011-08-31": "1131.99100", "2011-05-31": "983.38900", "2011-02-28": "966.81900", "2010-11-30": "895.23300", "2010-08-31": "841.23400", "2010-05-31": "805.28200", "2010-02-28": "813.78300", "2009-11-30": "838.81800", "2009-08-31": "825.15200", "2009-05-31": "803.74800", "2009-02-28": "771.89900", "2008-11-30": "786.84700", "2008-08-31": "839.95700", "2008-05-31": "816.65000", "2008-02-29": "781.23700", "2007-11-30": "690.33100", "2007-08-31": "643.72800", "2007-05-31": "528.38900", "2007-02-28": "504.54300", "2006-11-30": "527.35000", "2006-08-31": "527.64800", "2006-05-31": "469.48000", "2006-02-28": "404.27300", "2005-11-30": "375.89400", "2005-08-31": "378.48800", "2005-05-31": "235.30800", "2005-02-28": "242.92600"}, "Other Long-Term Assets": {"2020-11-30": "1714.33500", "2020-08-31": "1689.27500", "2020-05-31": "1690.72500", "2020-02-29": "1562.83000", "2019-11-30": "1452.26200", "2019-08-31": "1471.29400", "2019-05-31": "1451.43400", "2019-02-28": "1280.12800", "2018-11-30": "1245.86600", "2018-08-31": "1209.02900", "2018-05-31": "1160.08600", "2018-02-28": "1231.82600", "2017-11-30": "1189.65300", "2017-08-31": "1226.33100", "2017-05-31": "1167.01300", "2017-02-28": "1111.04800", "2016-11-30": "1041.23700", "2016-08-31": "989.49400", "2016-05-31": "1054.51300", "2016-02-29": "1059.63900", "2015-11-30": "1038.94900", "2015-08-31": "964.91800", "2015-05-31": "896.68400", "2015-02-28": "959.68900", "2014-11-30": "947.89900", "2014-08-31": "959.84000", "2014-05-31": "914.54900", "2014-02-28": "901.51900", "2013-11-30": "817.17500", "2013-08-31": "789.21800", "2013-05-31": "606.34800", "2013-02-28": "654.47900", "2012-11-30": "753.03200", "2012-08-31": "695.56800", "2012-05-31": "694.95500", "2012-02-29": "844.57800", "2011-11-30": "885.08000", "2011-08-31": "937.67500", "2011-05-31": "752.63300", "2011-02-28": "755.79500", "2010-11-30": "660.03800", "2010-08-31": "624.52100", "2010-05-31": "336.84900", "2010-02-28": "323.27000", "2009-11-30": "336.03200", "2009-08-31": "338.41200", "2009-05-31": "374.84600", "2009-02-28": "355.73900", "2008-11-30": "368.40800", "2008-08-31": "382.81600", "2008-05-31": "1005.51300", "2008-02-29": "959.71700", "2007-11-30": "883.08200", "2007-08-31": "380.75900", "2007-05-31": "179.52900", "2007-02-28": "165.96700", "2006-11-30": "176.21900", "2006-08-31": "428.88200", "2006-05-31": "166.90100", "2006-02-28": "152.96900", "2005-11-30": "170.75900", "2005-08-31": "173.55100", "2005-05-31": "136.86200", "2005-02-28": "128.51300"}, "Total Long-Term Assets": {"2020-11-30": "19642.22000", "2020-08-31": "19328.84000", "2020-05-31": "18911.08000", "2020-02-29": "18098.14000", "2019-11-30": "17564.61000", "2019-08-31": "14339.28000", "2019-05-31": "14014.70000", "2019-02-28": "13556.91000", "2018-11-30": "13166.00000", "2018-08-31": "10863.52000", "2018-05-31": "10913.92000", "2018-02-28": "10848.03000", "2017-11-30": "10670.31000", "2017-08-31": "10592.60000", "2017-05-31": "9929.85600", "2017-02-28": "9314.77100", "2016-11-30": "9075.33500", "2016-08-31": "8632.78100", "2016-05-31": "7615.03500", "2016-02-29": "7468.97800", "2015-11-30": "7370.82700", "2015-08-31": "7502.57300", "2015-05-31": "6239.20700", "2015-02-28": "5983.75700", "2014-11-30": "6053.78800", "2014-08-31": "6026.01000", "2014-05-31": "5867.69100", "2014-02-28": "5723.32900", "2013-11-30": "5224.47900", "2013-08-31": "5022.87100", "2013-05-31": "4444.83900", "2013-02-28": "4341.78100", "2012-11-30": "4394.49400", "2012-08-31": "4077.48400", "2012-05-31": "4077.88900", "2012-02-29": "4253.41600", "2011-11-30": "4298.12600", "2011-08-31": "4260.32700", "2011-05-31": "3756.70900", "2011-02-28": "3614.39600", "2010-11-30": "3399.16400", "2010-08-31": "3271.62800", "2010-05-31": "3074.26800", "2010-02-28": "3115.63600", "2009-11-30": "3255.50800", "2009-08-31": "3265.22000", "2009-05-31": "3202.83800", "2009-02-28": "3030.41100", "2008-11-30": "3101.44300", "2008-08-31": "3239.39700", "2008-05-31": "3303.85500", "2008-02-29": "3307.84600", "2007-11-30": "3168.42100", "2007-08-31": "2775.98400", "2007-05-31": "2009.32700", "2007-02-28": "1997.02200", "2006-11-30": "2011.65200", "2006-08-31": "2306.63300", "2006-05-31": "2088.00900", "2006-02-28": "1976.65600", "2005-11-30": "2275.32100", "2005-08-31": "2272.08500", "2005-05-31": "2013.33400", "2005-02-28": "1996.79100"}, "Total Assets": {"2020-11-30": "38268.31000", "2020-08-31": "37078.59000", "2020-05-31": "35057.32000", "2020-02-29": "33503.43000", "2019-11-30": "33170.71000", "2019-08-31": "29789.88000", "2019-05-31": "28156.36000", "2019-02-28": "27390.21000", "2018-11-30": "26706.41000", "2018-08-31": "24449.08000", "2018-05-31": "23250.79000", "2018-02-28": "23132.98000", "2017-11-30": "22974.15000", "2017-08-31": "22689.89000", "2017-05-31": "21135.59000", "2017-02-28": "20078.77000", "2016-11-30": "20443.74000", "2016-08-31": "20609.00000", "2016-05-31": "19191.05000", "2016-02-29": "18147.78000", "2015-11-30": "17993.88000", "2015-08-31": "18202.65000", "2015-05-31": "17308.73000", "2015-02-28": "16991.56000", "2014-11-30": "17630.03000", "2014-08-31": "17930.45000", "2014-05-31": "17002.38000", "2014-02-28": "16357.21000", "2013-11-30": "16515.94000", "2013-08-31": "16867.05000", "2013-05-31": "16523.76000", "2013-02-28": "16358.73000", "2012-11-30": "16408.02000", "2012-08-31": "16665.41000", "2012-05-31": "15535.92000", "2012-02-29": "15808.10000", "2011-11-30": "15290.84000", "2011-08-31": "15731.51000", "2011-05-31": "14903.97000", "2011-02-28": "13893.67000", "2010-11-30": "12868.87000", "2010-08-31": "12835.25000", "2010-05-31": "11917.66000", "2010-02-28": "11890.09000", "2009-11-30": "12184.82000", "2009-08-31": "12255.73000", "2009-05-31": "11827.66000", "2009-02-28": "10557.36000", "2008-11-30": "10932.05000", "2008-08-31": "12398.53000", "2008-05-31": "11917.41000", "2008-02-29": "10908.31000", "2007-11-30": "10747.50000", "2007-08-31": "10747.16000", "2007-05-31": "10049.02000", "2007-02-28": "9554.35900", "2006-11-30": "9214.57300", "2006-08-31": "9497.49200", "2006-05-31": "9011.17100", "2006-02-28": "8124.65200", "2005-11-30": "8123.18000", "2005-08-31": "8957.35200", "2005-05-31": "9080.12800", "2005-02-28": "9342.83900"}, "Total Current Liabilities": {"2020-11-30": "12819.10000", "2020-08-31": "12662.59000", "2020-05-31": "11828.28000", "2020-02-29": "11177.58000", "2019-11-30": "11199.41000", "2019-08-31": "11061.90000", "2019-05-31": "10551.99000", "2019-02-28": "10219.05000", "2018-11-30": "10176.33000", "2018-08-31": "10151.75000", "2018-05-31": "9553.59600", "2018-02-28": "9367.91200", "2017-11-30": "9863.02600", "2017-08-31": "9824.27900", "2017-05-31": "9154.32500", "2017-02-28": "8352.77300", "2016-11-30": "9170.08200", "2016-08-31": "8878.92400", "2016-05-31": "8161.13300", "2016-02-29": "7573.17900", "2015-11-30": "8472.39800", "2015-08-31": "8491.00600", "2015-05-31": "7888.44200", "2015-02-28": "7493.98600", "2014-11-30": "8137.40300", "2014-08-31": "8158.07900", "2014-05-31": "7616.16800", "2014-02-28": "7288.35800", "2013-11-30": "7828.74300", "2013-08-31": "8160.99000", "2013-05-31": "7630.62200", "2013-02-28": "7365.47400", "2012-11-30": "7977.35900", "2012-08-31": "8109.20500", "2012-05-31": "7593.06700", "2012-02-29": "7537.85100", "2011-11-30": "7575.12500", "2011-08-31": "7906.58900", "2011-05-31": "7372.66600", "2011-02-28": "6617.09600", "2010-11-30": "6446.85100", "2010-08-31": "6567.60400", "2010-05-31": "5829.05400", "2010-02-28": "5809.21900", "2009-11-30": "6177.16900", "2009-08-31": "6238.95900", "2009-05-31": "5908.43600", "2009-02-28": "5460.61800", "2008-11-30": "6024.24300", "2008-08-31": "6847.87800", "2008-05-31": "6546.08300", "2008-02-29": "6034.34000", "2007-11-30": "6011.17700", "2007-08-31": "6879.32000", "2007-05-31": "6667.48600", "2007-02-28": "6075.54200", "2006-11-30": "5921.96600", "2006-08-31": "5772.70300", "2006-05-31": "5720.97500", "2006-02-28": "5239.37600", "2005-11-30": "4921.56100", "2005-08-31": "4931.13300", "2005-05-31": "5018.58900", "2005-02-28": "4954.56900"}, "Long Term Debt": {"2020-11-30": "59.88100", "2020-08-31": "54.05200", "2020-05-31": "60.34200", "2020-02-29": "13.18290", "2019-11-30": "15.93510", "2019-08-31": "16.24700", "2019-05-31": "19.85500", "2019-02-28": "19.75300", "2018-11-30": "19.89600", "2018-08-31": "19.67600", "2018-05-31": "25.95800", "2018-02-28": "25.92300", "2017-11-30": "22.22600", "2017-08-31": "22.16300", "2017-05-31": "24.73200", "2017-02-28": "24.54600", "2016-11-30": "24.56200", "2016-08-31": "24.45700", "2016-05-31": "26.80100", "2016-02-29": "26.86600", "2015-11-30": "25.80700", "2015-08-31": "25.58700", "2015-05-31": "27.21700", "2015-02-28": "27.03300", "2014-11-30": "26.78600", "2014-08-31": "26.40300", "2014-05-31": "26.53400", "2014-02-28": "26.32200", "2013-11-30": "25.94300", "2013-08-31": "25.60000", "2013-05-31": "", "2013-02-28": "0.01600", "2012-11-30": "0.01900", "2012-08-31": "0.02200", "2012-05-31": "0.04900", "2012-02-29": "1.20100", "2011-11-30": "1.62000", "2011-08-31": "", "2011-05-31": "", "2011-02-28": "4.12900", "2010-11-30": "", "2010-08-31": "1.44500", "2010-05-31": "0.19800", "2010-02-28": "0.19900", "2009-11-30": "0.85500", "2009-08-31": "0.36100", "2009-05-31": "0.67300", "2009-02-28": "0.52900", "2008-11-30": "1.19800", "2008-08-31": "1.70800", "2008-05-31": "2.49000", "2008-02-29": "2.69100", "2007-11-30": "2.06600", "2007-08-31": "2.56500", "2007-05-31": "3.22600", "2007-02-28": "4.24900", "2006-11-30": "5.10900", "2006-08-31": "27.06500", "2006-05-31": "25.58900", "2006-02-28": "28.03800", "2005-11-30": "31.20200", "2005-08-31": "44.11600", "2005-05-31": "45.63800", "2005-02-28": "36.73600"}, "Other Non-Current Liabilities": {"2020-11-30": "1590.31100", "2020-08-31": "1465.11600", "2020-05-31": "1313.13400", "2020-02-29": "1132.00800", "2019-11-30": "1188.20300", "2019-08-31": "1419.67600", "2019-05-31": "1301.40400", "2019-02-28": "1263.47300", "2018-11-30": "1312.84200", "2018-08-31": "1398.55900", "2018-05-31": "1301.83400", "2018-02-28": "1071.74700", "2017-11-30": "963.80900", "2017-08-31": "924.14300", "2017-05-31": "845.84800", "2017-02-28": "807.95600", "2016-11-30": "964.60700", "2016-08-31": "1155.62600", "2016-05-31": "1232.06600", "2016-02-29": "1203.93300", "2015-11-30": "1343.29100", "2015-08-31": "1314.03300", "2015-05-31": "1176.49100", "2015-02-28": "1177.90700", "2014-11-30": "1625.72400", "2014-08-31": "1609.13700", "2014-05-31": "1616.34600", "2014-02-28": "1674.12500", "2013-11-30": "1642.98600", "2013-08-31": "1687.65400", "2013-05-31": "1512.54800", "2013-02-28": "1457.59900", "2012-11-30": "1910.93700", "2012-08-31": "1920.18600", "2012-05-31": "1790.05200", "2012-02-29": "1682.34700", "2011-11-30": "1903.87800", "2011-08-31": "1852.65700", "2011-05-31": "1716.26000", "2011-02-28": "1622.34400", "2010-11-30": "1558.96400", "2010-08-31": "1473.65600", "2010-05-31": "1405.56700", "2010-02-28": "1381.48700", "2009-11-30": "1371.82400", "2009-08-31": "1343.86900", "2009-05-31": "1218.02500", "2009-02-28": "1165.54300", "2008-11-30": "1277.54400", "2008-08-31": "1284.21400", "2008-05-31": "1612.02100", "2008-02-29": "1523.05400", "2007-11-30": "1541.85600", "2007-08-31": "232.42600", "2007-05-31": "237.12300", "2007-02-28": "238.04600", "2006-11-30": "1028.48200", "2006-08-31": "426.15600", "2006-05-31": "996.63400", "2006-02-28": "339.81700", "2005-11-30": "629.84700", "2005-08-31": "545.05100", "2005-05-31": "589.60900", "2005-02-28": "679.18600"}, "Total Long Term Liabilities": {"2020-11-30": "7022.99600", "2020-08-31": "6916.83000", "2020-05-31": "6745.39300", "2020-02-29": "6405.04900", "2019-11-30": "6370.09600", "2019-08-31": "3900.29300", "2019-05-31": "3461.41500", "2019-02-28": "3442.61400", "2018-11-30": "3474.50900", "2018-08-31": "3572.74400", "2018-05-31": "3544.46100", "2018-02-28": "3326.64100", "2017-11-30": "3217.69000", "2017-08-31": "3155.41100", "2017-05-31": "3104.60700", "2017-02-28": "3110.85100", "2016-11-30": "3239.50800", "2016-08-31": "3540.70400", "2016-05-31": "3323.35600", "2016-02-29": "3201.08300", "2015-11-30": "3116.06500", "2015-08-31": "3064.07000", "2015-05-31": "2954.05400", "2015-02-28": "2947.93600", "2014-11-30": "3476.26600", "2014-08-31": "3487.03600", "2014-05-31": "3240.91800", "2014-02-28": "3282.16400", "2013-11-30": "3270.93400", "2013-08-31": "3278.23000", "2013-05-31": "3083.07600", "2013-02-28": "3053.38500", "2012-11-30": "3436.68900", "2012-08-31": "3931.78200", "2012-05-31": "3354.75500", "2012-02-29": "3277.10000", "2011-11-30": "3496.53600", "2011-08-31": "3474.04900", "2011-05-31": "3354.87100", "2011-02-28": "3228.80600", "2010-11-30": "3110.91300", "2010-08-31": "2992.92600", "2010-05-31": "2627.20400", "2010-02-28": "2639.96600", "2009-11-30": "2693.77300", "2009-08-31": "2630.56900", "2009-05-31": "2969.80700", "2009-02-28": "2710.83500", "2008-11-30": "2835.60500", "2008-08-31": "3010.14100", "2008-05-31": "2907.00800", "2008-02-29": "2783.83300", "2007-11-30": "2772.90800", "2007-08-31": "1804.51000", "2007-05-31": "1503.46800", "2007-02-28": "1554.69800", "2006-11-30": "1568.58200", "2006-08-31": "1830.53400", "2006-05-31": "1807.55100", "2006-02-28": "1724.17100", "2005-11-30": "2036.15400", "2005-08-31": "2329.30500", "2005-05-31": "2290.40300", "2005-02-28": "2501.16900"}, "Total Liabilities": {"2020-11-30": "19842.09000", "2020-08-31": "19579.42000", "2020-05-31": "18573.68000", "2020-02-29": "17582.62000", "2019-11-30": "17569.50000", "2019-08-31": "14962.19000", "2019-05-31": "14013.40000", "2019-02-28": "13661.67000", "2018-11-30": "13650.84000", "2018-08-31": "13724.49000", "2018-05-31": "13098.05000", "2018-02-28": "12694.55000", "2017-11-30": "13080.72000", "2017-08-31": "12979.69000", "2017-05-31": "12258.93000", "2017-02-28": "11463.62000", "2016-11-30": "12409.59000", "2016-08-31": "12419.62000", "2016-05-31": "11484.49000", "2016-02-29": "10774.26000", "2015-11-30": "11588.46000", "2015-08-31": "11555.08000", "2015-05-31": "10842.50000", "2015-02-28": "10441.92000", "2014-11-30": "11613.67000", "2014-08-31": "11645.12000", "2014-05-31": "10857.09000", "2014-02-28": "10570.52000", "2013-11-30": "11099.68000", "2013-08-31": "11439.22000", "2013-05-31": "10713.70000", "2013-02-28": "10418.86000", "2012-11-30": "11414.05000", "2012-08-31": "12040.99000", "2012-05-31": "10947.82000", "2012-02-29": "10814.95000", "2011-11-30": "11071.66000", "2011-08-31": "11380.64000", "2011-05-31": "10727.54000", "2011-02-28": "9845.90200", "2010-11-30": "9557.76400", "2010-08-31": "9560.53000", "2010-05-31": "8456.25800", "2010-02-28": "8449.18500", "2009-11-30": "8870.94200", "2009-08-31": "8869.52800", "2009-05-31": "8878.24300", "2009-02-28": "8171.45300", "2008-11-30": "8859.84800", "2008-08-31": "9858.01900", "2008-05-31": "9453.09100", "2008-02-29": "8818.17300", "2007-11-30": "8784.08500", "2007-08-31": "8683.83000", "2007-05-31": "8170.95400", "2007-02-28": "7630.24000", "2006-11-30": "7490.54800", "2006-08-31": "7603.23700", "2006-05-31": "7528.52600", "2006-02-28": "6963.54700", "2005-11-30": "6957.71500", "2005-08-31": "7260.43800", "2005-05-31": "7308.99200", "2005-02-28": "7455.73800"}, "Common Stock Net": {"2020-11-30": "0.07200", "2020-08-31": "0.07200", "2020-05-31": "0.07200", "2020-02-29": "0.07200", "2019-11-30": "0.07200", "2019-08-31": "0.07200", "2019-05-31": "0.07200", "2019-02-28": "0.07200", "2018-11-30": "0.07200", "2018-08-31": "0.07200", "2018-05-31": "0.07200", "2018-02-28": "0.07100", "2017-11-30": "0.07100", "2017-08-31": "0.07100", "2017-05-31": "0.07200", "2017-02-28": "0.07200", "2016-11-30": "0.07200", "2016-08-31": "0.07200", "2016-05-31": "0.07600", "2016-02-29": "0.07600", "2015-11-30": "0.07600", "2015-08-31": "0.07600", "2015-05-31": "0.07600", "2015-02-28": "0.07600", "2014-11-30": "0.07600", "2014-08-31": "0.07600", "2014-05-31": "0.07600", "2014-02-28": "0.07600", "2013-11-30": "0.07500", "2013-08-31": "0.07500", "2013-05-31": "0.07500", "2013-02-28": "0.07500", "2012-11-30": "0.07500", "2012-08-31": "0.07400", "2012-05-31": "0.07400", "2012-02-29": "0.07400", "2011-11-30": "0.07400", "2011-08-31": "0.07400", "2011-05-31": "0.07400", "2011-02-28": "0.07400", "2010-11-30": "0.07400", "2010-08-31": "0.07400", "2010-05-31": "0.07500", "2010-02-28": "0.01800", "2009-11-30": "0.01700", "2009-08-31": "0.01700", "2009-05-31": "0.01700", "2009-02-28": "0.01700", "2008-11-30": "0.01800", "2008-08-31": "0.01800", "2008-05-31": "0.01800", "2008-02-29": "0.01700", "2007-11-30": "0.01800", "2007-08-31": "0.01800", "2007-05-31": "0.01800", "2007-02-28": "0.01800", "2006-11-30": "0.01900", "2006-08-31": "0.02000", "2006-05-31": "0.01900", "2006-02-28": "0.01900", "2005-11-30": "0.01900", "2005-08-31": "0.02000", "2005-05-31": "0.02100", "2005-02-28": "0.02100"}, "Retained Earnings (Accumulated Deficit)": {"2020-11-30": "13276.70000", "2020-08-31": "12375.53000", "2020-05-31": "12565.86000", "2020-02-29": "11867.51000", "2019-11-30": "11236.28000", "2019-08-31": "10421.54000", "2019-05-31": "11709.32000", "2019-02-28": "11421.96000", "2018-11-30": "10384.06000", "2018-08-31": "7952.41300", "2018-05-31": "8296.83000", "2018-02-28": "8149.09000", "2017-11-30": "7339.18800", "2017-08-31": "7081.85500", "2017-05-31": "8844.77300", "2017-02-28": "8953.19000", "2016-11-30": "8113.53900", "2016-08-31": "7879.96000", "2016-05-31": "15090.82000", "2016-02-29": "14915.91000", "2015-11-30": "13582.45000", "2015-08-31": "13470.01000", "2015-05-31": "12741.22000", "2015-02-28": "12615.32000", "2014-11-30": "11928.13000", "2014-08-31": "11758.13000", "2014-05-31": "11064.79000", "2014-02-28": "10871.32000", "2013-11-30": "10200.63000", "2013-08-31": "875.15600", "2013-05-31": "9404.27700", "2013-02-28": "9157.79700", "2012-11-30": "8060.24000", "2012-08-31": "7904.24200", "2012-05-31": "7330.21500", "2012-02-29": "7113.03700", "2011-11-30": "6467.62200", "2011-08-31": "6281.51700", "2011-05-31": "5674.77200", "2011-02-28": "5367.50400", "2010-11-30": "4860.44300", "2010-08-31": "4634.32900", "2010-05-31": "4180.88500", "2010-02-28": "4031.83400", "2009-11-30": "3744.67600", "2009-08-31": "3947.12900", "2009-05-31": "3958.42900", "2009-02-28": "3593.00700", "2008-11-30": "3179.83700", "2008-08-31": "3120.51500", "2008-05-31": "2982.97300", "2008-02-29": "2753.20600", "2007-11-30": "2386.87100", "2007-08-31": "2362.70300", "2007-05-31": "2192.25200", "2007-02-28": "1868.56600", "2006-11-30": "1576.65700", "2006-08-31": "1607.39100", "2006-05-31": "1274.66000", "2006-02-28": "932.49800", "2005-11-30": "882.02700", "2005-08-31": "962.33900", "2005-05-31": "743.99700", "2005-02-28": "448.46200"}, "Comprehensive Income": {"2020-11-30": "-1479.20200", "2020-08-31": "-1561.83700", "2020-05-31": "-1993.81900", "2020-02-29": "-1802.25700", "2019-11-30": "-1779.96800", "2019-08-31": "-1840.57700", "2019-05-31": "-1466.50900", "2019-02-28": "-1465.01300", "2018-11-30": "-1476.54600", "2018-08-31": "-1576.17100", "2018-05-31": "-1343.70100", "2018-02-28": "-1066.26600", "2017-11-30": "-1133.15300", "2017-08-31": "-1094.78400", "2017-05-31": "-1335.52300", "2017-02-28": "-1739.35100", "2016-11-30": "-1855.21800", "2016-08-31": "-1661.72000", "2016-05-31": "-1392.60600", "2016-02-29": "-1521.63300", "2015-11-30": "-1489.47300", "2015-08-31": "-1411.97200", "2015-05-31": "-1252.26800", "2015-02-28": "-1132.89000", "2014-11-30": "-1040.70900", "2014-08-31": "-871.94800", "2014-05-31": "-706.41200", "2014-02-28": "-866.50100", "2013-11-30": "-885.71400", "2013-08-31": "-1052.74600", "2013-05-31": "-852.15200", "2013-02-28": "-688.59300", "2012-11-30": "-610.39800", "2012-08-31": "-678.14800", "2012-05-31": "-596.55400", "2012-02-29": "-282.12400", "2011-11-30": "-452.48300", "2011-08-31": "-134.38000", "2011-05-31": "-152.81200", "2011-02-28": "-239.48100", "2010-11-30": "-329.25000", "2010-08-31": "-386.29200", "2010-05-31": "-279.25800", "2010-02-28": "-198.70300", "2009-11-30": "-111.60600", "2009-08-31": "-227.17800", "2009-05-31": "-170.04000", "2009-02-28": "-377.00700", "2008-11-30": "-322.60600", "2008-08-31": "6.12800", "2008-05-31": "145.95100", "2008-02-29": "139.98600", "2007-11-30": "108.63200", "2007-08-31": "84.16100", "2007-05-31": "42.61400", "2007-02-28": "-10.54300", "2006-11-30": "-4.27600", "2006-08-31": "-26.49400", "2006-05-31": "-187.95600", "2006-02-28": "-238.76600", "2005-11-30": "-256.08000", "2005-08-31": "-232.48400", "2005-05-31": "-113.54500", "2005-02-28": "-50.33900"}, "Other Share Holders Equity": {"2020-11-30": "1721.68100", "2020-08-31": "1585.30200", "2020-05-31": "1337.76100", "2020-02-29": "1095.56000", "2019-11-30": "1525.89800", "2019-08-31": "1411.90300", "2019-05-31": "1195.98300", "2019-02-28": "954.61300", "2018-11-30": "1342.96500", "2018-08-31": "1234.62300", "2018-05-31": "1110.95100", "2018-02-28": "884.98200", "2017-11-30": "1187.77500", "2017-08-31": "1095.02600", "2017-05-31": "1085.27200", "2017-02-28": "875.14800", "2016-11-30": "994.44900", "2016-08-31": "1004.12800", "2016-05-31": "1109.89100", "2016-02-29": "878.17200", "2015-11-30": "999.04110", "2015-08-31": "1031.20300", "2015-05-31": "1113.82700", "2015-02-28": "914.53910", "2014-11-30": "943.54210", "2014-08-31": "921.58590", "2014-05-31": "986.49500", "2014-02-28": "791.81600", "2013-11-30": "874.18110", "2013-08-31": "10069.84000", "2013-05-31": "929.42700", "2013-02-28": "725.84010", "2012-11-30": "842.84500", "2012-08-31": "863.71400", "2012-05-31": "874.13600", "2012-02-29": "714.19210", "2011-11-30": "768.23900", "2011-08-31": "784.27700", "2011-05-31": "791.09190", "2011-02-28": "664.23600", "2010-11-30": "688.05700", "2010-08-31": "973.88900", "2010-05-31": "971.15000", "2010-02-28": "862.92910", "2009-11-30": "848.50210", "2009-08-31": "870.69900", "2009-05-31": "978.17500", "2009-02-28": "868.62400", "2008-11-30": "813.50900", "2008-08-31": "819.57700", "2008-05-31": "786.40700", "2008-02-29": "696.41300", "2007-11-30": "621.33200", "2007-08-31": "649.47500", "2007-05-31": "626.19800", "2007-02-28": "561.90500", "2006-11-30": "510.63200", "2006-08-31": "482.28900", "2006-05-31": "466.55000", "2006-02-28": "426.04600", "2005-11-30": "387.62000", "2005-08-31": "365.70800", "2005-05-31": "623.86500", "2005-02-28": "599.24900"}, "Share Holder Equity": {"2020-11-30": "18426.22000", "2020-08-31": "17499.17000", "2020-05-31": "16483.64000", "2020-02-29": "15920.81000", "2019-11-30": "15601.21000", "2019-08-31": "14827.69000", "2019-05-31": "14142.96000", "2019-02-28": "13728.54000", "2018-11-30": "13055.57000", "2018-08-31": "10724.59000", "2018-05-31": "10152.74000", "2018-02-28": "10438.43000", "2017-11-30": "9893.43700", "2017-08-31": "9710.20000", "2017-05-31": "8876.66000", "2017-02-28": "8615.14900", "2016-11-30": "8034.15100", "2016-08-31": "8189.37600", "2016-05-31": "7706.55800", "2016-02-29": "7373.51600", "2015-11-30": "6405.41200", "2015-08-31": "6647.57100", "2015-05-31": "6466.23100", "2015-02-28": "6549.64300", "2014-11-30": "6016.36400", "2014-08-31": "6285.33700", "2014-05-31": "6145.29800", "2014-02-28": "5786.68700", "2013-11-30": "5416.26100", "2013-08-31": "5427.82900", "2013-05-31": "5810.06000", "2013-02-28": "5939.87100", "2012-11-30": "4993.97200", "2012-08-31": "4624.42800", "2012-05-31": "4588.09300", "2012-02-29": "4993.14500", "2011-11-30": "4219.18400", "2011-08-31": "4350.87200", "2011-05-31": "4176.43200", "2011-02-28": "4047.77100", "2010-11-30": "3311.11000", "2010-08-31": "3274.72300", "2010-05-31": "3461.40000", "2010-02-28": "3440.90300", "2009-11-30": "3313.87700", "2009-08-31": "3386.20600", "2009-05-31": "2949.42100", "2009-02-28": "2385.90600", "2008-11-30": "2072.20700", "2008-08-31": "2540.50600", "2008-05-31": "2464.31400", "2008-02-29": "2090.14100", "2007-11-30": "1963.41500", "2007-08-31": "2063.33200", "2007-05-31": "1878.06200", "2007-02-28": "1924.11900", "2006-11-30": "1724.02500", "2006-08-31": "1894.25500", "2006-05-31": "1482.64500", "2006-02-28": "1161.10500", "2005-11-30": "1165.46500", "2005-08-31": "1696.91400", "2005-05-31": "1771.13600", "2005-02-28": "1887.10100"}, "Total Liabilities And Share Holders Equity": {"2020-11-30": "38268.31000", "2020-08-31": "37078.59000", "2020-05-31": "35057.32000", "2020-02-29": "33503.43000", "2019-11-30": "33170.71000", "2019-08-31": "29789.88000", "2019-05-31": "28156.36000", "2019-02-28": "27390.21000", "2018-11-30": "26706.41000", "2018-08-31": "24449.08000", "2018-05-31": "23250.79000", "2018-02-28": "23132.98000", "2017-11-30": "22974.15000", "2017-08-31": "22689.89000", "2017-05-31": "21135.59000", "2017-02-28": "20078.77000", "2016-11-30": "20443.74000", "2016-08-31": "20609.00000", "2016-05-31": "19191.05000", "2016-02-29": "18147.78000", "2015-11-30": "17993.88000", "2015-08-31": "18202.65000", "2015-05-31": "17308.73000", "2015-02-28": "16991.56000", "2014-11-30": "17630.03000", "2014-08-31": "17930.45000", "2014-05-31": "17002.38000", "2014-02-28": "16357.21000", "2013-11-30": "16515.94000", "2013-08-31": "16867.05000", "2013-05-31": "16523.76000", "2013-02-28": "16358.73000", "2012-11-30": "16408.02000", "2012-08-31": "16665.41000", "2012-05-31": "15535.92000", "2012-02-29": "15808.10000", "2011-11-30": "15290.84000", "2011-08-31": "15731.51000", "2011-05-31": "14903.97000", "2011-02-28": "13893.67000", "2010-11-30": "12868.87000", "2010-08-31": "12835.25000", "2010-05-31": "11917.66000", "2010-02-28": "11890.09000", "2009-11-30": "12184.82000", "2009-08-31": "12255.73000", "2009-05-31": "11827.66000", "2009-02-28": "10557.36000", "2008-11-30": "10932.05000", "2008-08-31": "12398.53000", "2008-05-31": "11917.41000", "2008-02-29": "10908.31000", "2007-11-30": "10747.50000", "2007-08-31": "10747.16000", "2007-05-31": "10049.02000", "2007-02-28": "9554.35900", "2006-11-30": "9214.57300", "2006-08-31": "9497.49200", "2006-05-31": "9011.17100", "2006-02-28": "8124.65200", "2005-11-30": "8123.18000", "2005-08-31": "8957.35200", "2005-05-31": "9080.12800", "2005-02-28": "9342.83900"}}, "cash flow statement": {"Net Income/Loss": {"2020-08-31": "5185.31300", "2019-08-31": "4846.24100", "2018-08-31": "4214.59400", "2017-08-31": "3634.93200", "2016-08-31": "4349.60300", "2015-08-31": "3273.78900", "2014-08-31": "3175.95800", "2013-08-31": "3554.51900", "2012-08-31": "2824.93300", "2011-08-31": "2553.24000", "2010-08-31": "2060.45900", "2009-08-31": "1938.14600", "2008-08-31": "2197.18800", "2007-08-31": "1243.14800", "2006-08-31": "973.32900", "2005-08-31": "940.47400"}, "Total Depreciation And Amortization - Cash Flow": {"2020-08-31": "1773.12400", "2019-08-31": "892.76000", "2018-08-31": "926.77600", "2017-08-31": "801.78900", "2016-08-31": "729.05200", "2015-08-31": "645.92300", "2014-08-31": "620.74300", "2013-08-31": "593.02800", "2012-08-31": "593.54500", "2011-08-31": "513.25600", "2010-08-31": "474.68800", "2009-08-31": "498.59100", "2008-08-31": "491.42100", "2007-08-31": "444.49900", "2006-08-31": "351.94700", "2005-08-31": "282.07300"}, "Other Non-Cash Items": {"2020-08-31": "1368.75700", "2019-08-31": "996.89310", "2018-08-31": "1070.90800", "2017-08-31": "892.26200", "2016-08-31": "-24.70700", "2015-08-31": "285.60200", "2014-08-31": "579.19400", "2013-08-31": "134.16200", "2012-08-31": "596.75800", "2011-08-31": "255.26200", "2010-08-31": "494.08900", "2009-08-31": "639.11700", "2008-08-31": "310.28500", "2007-08-31": "705.39700", "2006-08-31": "459.08400", "2005-08-31": "630.65410"}, "Total Non-Cash Items": {"2020-08-31": "3141.88100", "2019-08-31": "1889.65300", "2018-08-31": "1997.68400", "2017-08-31": "1694.05100", "2016-08-31": "704.34500", "2015-08-31": "931.52500", "2014-08-31": "1199.93700", "2013-08-31": "727.19000", "2012-08-31": "1190.30300", "2011-08-31": "768.51790", "2010-08-31": "968.77700", "2009-08-31": "1137.70800", "2008-08-31": "801.70600", "2007-08-31": "1149.89600", "2006-08-31": "811.03100", "2005-08-31": "912.72710"}, "Change In Accounts Receivable": {"2020-08-31": "", "2019-08-31": "", "2018-08-31": "", "2017-08-31": "", "2016-08-31": "-370.06800", "2015-08-31": "-427.12500", "2014-08-31": "-704.53200", "2013-08-31": "-309.69400", "2012-08-31": "-128.45900", "2011-08-31": "-620.48100", "2010-08-31": "-377.23300", "2009-08-31": "982.06200", "2008-08-31": "-762.24100", "2007-08-31": "-374.81800", "2006-08-31": "309.68400", "2005-08-31": "-656.44400"}, "Change In Inventories": {"2020-08-31": "", "2019-08-31": "", "2018-08-31": "", "2017-08-31": "", "2016-08-31": "", "2015-08-31": "", "2014-08-31": "", "2013-08-31": "", "2012-08-31": "", "2011-08-31": "", "2010-08-31": "", "2009-08-31": "", "2008-08-31": "", "2007-08-31": "", "2006-08-31": "", "2005-08-31": ""}, "Change In Accounts Payable": {"2020-08-31": "-359.68200", "2019-08-31": "177.18600", "2018-08-31": "-167.97100", "2017-08-31": "173.71200", "2016-08-31": "72.62600", "2015-08-31": "113.54800", "2014-08-31": "72.52600", "2013-08-31": "-5.07300", "2012-08-31": "-68.08200", "2011-08-31": "63.00500", "2010-08-31": "125.12600", "2009-08-31": "-306.16600", "2008-08-31": "34.19800", "2007-08-31": "53.66100", "2006-08-31": "48.15700", "2005-08-31": "270.49900"}, "Change In Assets/Liabilities": {"2020-08-31": "444.15400", "2019-08-31": "-422.61900", "2018-08-31": "-855.57400", "2017-08-31": "-515.77500", "2016-08-31": "-262.44800", "2015-08-31": "-253.30900", "2014-08-31": "-332.99600", "2013-08-31": "-401.07100", "2012-08-31": "43.29400", "2011-08-31": "-32.71400", "2010-08-31": "-269.90700", "2009-08-31": "-411.76000", "2008-08-31": "-32.55200", "2007-08-31": "-147.42900", "2006-08-31": "367.22400", "2005-08-31": "347.41800"}, "Total Change In Assets/Liabilities": {"2020-08-31": "131.82500", "2019-08-31": "-21.41900", "2018-08-31": "-193.19600", "2017-08-31": "-444.06700", "2016-08-31": "-332.84200", "2015-08-31": "208.72500", "2014-08-31": "-994.76000", "2013-08-31": "-888.53800", "2012-08-31": "335.94800", "2011-08-31": "38.85400", "2010-08-31": "26.78000", "2009-08-31": "1.41800", "2008-08-31": "-171.97300", "2007-08-31": "242.02900", "2006-08-31": "884.79200", "2005-08-31": "46.99000"}, "Cash Flow From Operating Activities": {"2020-08-31": "8215.15200", "2019-08-31": "6626.95300", "2018-08-31": "6026.69100", "2017-08-31": "4973.03900", "2016-08-31": "4667.40000", "2015-08-31": "4176.16300", "2014-08-31": "3486.08500", "2013-08-31": "3303.12800", "2012-08-31": "4256.85200", "2011-08-31": "3441.73900", "2010-08-31": "3091.62000", "2009-08-31": "3160.20200", "2008-08-31": "2803.24800", "2007-08-31": "2630.56500", "2006-08-31": "2667.98900", "2005-08-31": "1887.08100"}, "Net Change In Property, Plant, And Equipment": {"2020-08-31": "-599.13200", "2019-08-31": "-599.00900", "2018-08-31": "-619.18700", "2017-08-31": "-515.91900", "2016-08-31": "-492.34600", "2015-08-31": "-389.23300", "2014-08-31": "-316.34400", "2013-08-31": "-352.22700", "2012-08-31": "-365.99700", "2011-08-31": "-396.95900", "2010-08-31": "-234.42300", "2009-08-31": "-238.79000", "2008-08-31": "-309.52900", "2007-08-31": "-349.82200", "2006-08-31": "-292.22300", "2005-08-31": "-311.45400"}, "Net Change In Intangible Assets": {"2020-08-31": "", "2019-08-31": "", "2018-08-31": "", "2017-08-31": "", "2016-08-31": "", "2015-08-31": "", "2014-08-31": "", "2013-08-31": "", "2012-08-31": "", "2011-08-31": "", "2010-08-31": "", "2009-08-31": "", "2008-08-31": "", "2007-08-31": "", "2006-08-31": "", "2005-08-31": ""}, "Net Acquisitions/Divestitures": {"2020-08-31": "-1301.20600", "2019-08-31": "-1165.12000", "2018-08-31": "-637.34900", "2017-08-31": "-1728.22300", "2016-08-31": "-118.00400", "2015-08-31": "-781.15100", "2014-08-31": "-740.06700", "2013-08-31": "-803.98800", "2012-08-31": "-174.38300", "2011-08-31": "-306.18700", "2010-08-31": "-41.07500", "2009-08-31": "-27.32400", "2008-08-31": "-296.31200", "2007-08-31": "-192.35600", "2006-08-31": "-206.72500", "2005-08-31": "-188.46900"}, "Net Change In Short-term Investments": {"2020-08-31": "", "2019-08-31": "", "2018-08-31": "", "2017-08-31": "", "2016-08-31": "", "2015-08-31": "", "2014-08-31": "", "2013-08-31": "", "2012-08-31": "", "2011-08-31": "", "2010-08-31": "", "2009-08-31": "", "2008-08-31": "", "2007-08-31": "", "2006-08-31": "", "2005-08-31": ""}, "Net Change In Long-Term Investments": {"2020-08-31": "", "2019-08-31": "", "2018-08-31": "", "2017-08-31": "", "2016-08-31": "", "2015-08-31": "", "2014-08-31": "", "2013-08-31": "", "2012-08-31": "4.99500", "2011-08-31": "-0.24100", "2010-08-31": "1.73300", "2009-08-31": "20.94000", "2008-08-31": "281.84700", "2007-08-31": "191.73000", "2006-08-31": "256.44800", "2005-08-31": "-74.83300"}, "Net Change In Investments - Total": {"2020-08-31": "", "2019-08-31": "", "2018-08-31": "", "2017-08-31": "", "2016-08-31": "", "2015-08-31": "", "2014-08-31": "", "2013-08-31": "", "2012-08-31": "4.99500", "2011-08-31": "-0.24100", "2010-08-31": "1.73300", "2009-08-31": "20.94000", "2008-08-31": "281.84700", "2007-08-31": "191.73000", "2006-08-31": "256.44800", "2005-08-31": "-74.83300"}, "Investing Activities - Other": {"2020-08-31": "5.81900", "2019-08-31": "8.55300", "2018-08-31": "6.93200", "2017-08-31": "10.26300", "2016-08-31": "", "2015-08-31": "", "2014-08-31": "", "2013-08-31": "", "2012-08-31": "", "2011-08-31": "", "2010-08-31": "", "2009-08-31": "", "2008-08-31": "", "2007-08-31": "", "2006-08-31": "", "2005-08-31": ""}, "Cash Flow From Investing Activities": {"2020-08-31": "-1894.51900", "2019-08-31": "-1755.57600", "2018-08-31": "-1249.60400", "2017-08-31": "-2233.87900", "2016-08-31": "-610.35000", "2015-08-31": "-1170.38400", "2014-08-31": "-1056.41100", "2013-08-31": "-1156.21500", "2012-08-31": "-535.38500", "2011-08-31": "-703.38700", "2010-08-31": "-273.76500", "2009-08-31": "-245.17400", "2008-08-31": "-323.99400", "2007-08-31": "-350.44800", "2006-08-31": "-242.50000", "2005-08-31": "-574.75600"}, "Net Long-Term Debt": {"2020-08-31": "-6.71900", "2019-08-31": "-4.77200", "2018-08-31": "-4.19500", "2017-08-31": "-2.12000", "2016-08-31": "-1.05900", "2015-08-31": "0.70100", "2014-08-31": "0.54300", "2013-08-31": "", "2012-08-31": "-6.39900", "2011-08-31": "-1.53900", "2010-08-31": "0.68200", "2009-08-31": "-2.18200", "2008-08-31": "-22.03400", "2007-08-31": "-24.39500", "2006-08-31": "-16.31400", "2005-08-31": "-3.40600"}, "Net Current Debt": {"2020-08-31": "", "2019-08-31": "", "2018-08-31": "", "2017-08-31": "", "2016-08-31": "", "2015-08-31": "", "2014-08-31": "", "2013-08-31": "0.05400", "2012-08-31": "0.13100", "2011-08-31": "-0.06900", "2010-08-31": "0.00500", "2009-08-31": "-4.78700", "2008-08-31": "4.04900", "2007-08-31": "-1.47400", "2006-08-31": "-12.38800", "2005-08-31": "-9.20900"}, "Debt Issuance/Retirement Net - Total": {"2020-08-31": "-6.71900", "2019-08-31": "-4.77200", "2018-08-31": "-4.19500", "2017-08-31": "-2.12000", "2016-08-31": "-1.05900", "2015-08-31": "0.70100", "2014-08-31": "0.54300", "2013-08-31": "0.05400", "2012-08-31": "-6.26800", "2011-08-31": "-1.60800", "2010-08-31": "0.68700", "2009-08-31": "-6.96900", "2008-08-31": "-17.98500", "2007-08-31": "-25.86900", "2006-08-31": "-28.70200", "2005-08-31": "-12.61500"}, "Net Common Equity Issued/Repurchased": {"2020-08-31": "-1960.53900", "2019-08-31": "-1842.66900", "2018-08-31": "-1885.94800", "2017-08-31": "-1973.00600", "2016-08-31": "-2013.63200", "2015-08-31": "-1898.84000", "2014-08-31": "-2000.93700", "2013-08-31": "-2028.54000", "2012-08-31": "-1644.45400", "2011-08-31": "-1614.51100", "2010-08-31": "-1633.85000", "2009-08-31": "-1450.67400", "2008-08-31": "-1820.26700", "2007-08-31": "-1819.69700", "2006-08-31": "-1650.10900", "2005-08-31": "-1326.39000"}, "Net Total Equity Issued/Repurchased": {"2020-08-31": "-1960.53900", "2019-08-31": "-1842.66900", "2018-08-31": "-1885.94800", "2017-08-31": "-1973.00600", "2016-08-31": "-2013.63200", "2015-08-31": "-1898.84000", "2014-08-31": "-2000.93700", "2013-08-31": "-2028.54000", "2012-08-31": "-1644.45400", "2011-08-31": "-1614.51100", "2010-08-31": "-1633.85000", "2009-08-31": "-1450.67400", "2008-08-31": "-1820.26700", "2007-08-31": "-1819.69700", "2006-08-31": "-1650.10900", "2005-08-31": "-1326.39000"}, "Total Common And Preferred Stock Dividends Paid": {"2020-08-31": "-2037.73300", "2019-08-31": "-1864.35300", "2018-08-31": "-1708.72400", "2017-08-31": "-1567.57800", "2016-08-31": "-1438.13800", "2015-08-31": "-1353.47100", "2014-08-31": "-1254.91600", "2013-08-31": "-1121.73800", "2012-08-31": "-950.85700", "2011-08-31": "-643.64200", "2010-08-31": "-824.14800", "2009-08-31": "-378.44600", "2008-08-31": "-333.68500", "2007-08-31": "-293.05900", "2006-08-31": "-267.97300", "2005-08-31": ""}, "Financial Activities - Other": {"2020-08-31": "-44.10100", "2019-08-31": "-55.37700", "2018-08-31": "-110.16100", "2017-08-31": "-17.53100", "2016-08-31": "-36.38900", "2015-08-31": "-34.71200", "2014-08-31": "89.89400", "2013-08-31": "84.59500", "2012-08-31": "42.72400", "2011-08-31": "138.25700", "2010-08-31": "28.28500", "2009-08-31": "-14.21400", "2008-08-31": "10.42000", "2007-08-31": "10.91900", "2006-08-31": "2.31700", "2005-08-31": "-38.45300"}, "Cash Flow From Financial Activities": {"2020-08-31": "-4049.09200", "2019-08-31": "-3767.17100", "2018-08-31": "-3709.02800", "2017-08-31": "-3560.23500", "2016-08-31": "-3489.21800", "2015-08-31": "-3286.32200", "2014-08-31": "-3165.41600", "2013-08-31": "-3065.62900", "2012-08-31": "-2558.85500", "2011-08-31": "-2121.50400", "2010-08-31": "-2429.02600", "2009-08-31": "-1850.30300", "2008-08-31": "-2161.51700", "2007-08-31": "-2127.70600", "2006-08-31": "-1944.46700", "2005-08-31": "-1377.45800"}, "Net Cash Flow": {"2020-08-31": "2288.47700", "2019-08-31": "1065.49300", "2018-08-31": "934.50000", "2017-08-31": "-778.74900", "2016-08-31": "544.84300", "2015-08-31": "-560.53900", "2014-08-31": "-710.58000", "2013-08-31": "-1008.64100", "2012-08-31": "939.44800", "2011-08-31": "862.78600", "2010-08-31": "296.63000", "2009-08-31": "938.90200", "2008-08-31": "288.36400", "2007-08-31": "247.40800", "2006-08-31": "582.99800", "2005-08-31": "-68.96800"}, "Stock-Based Compensation": {"2020-08-31": "1197.80600", "2019-08-31": "1093.25300", "2018-08-31": "976.90800", "2017-08-31": "795.23500", "2016-08-31": "758.17600", "2015-08-31": "680.32900", "2014-08-31": "671.30100", "2013-08-31": "615.87800", "2012-08-31": "538.08600", "2011-08-31": "450.13700", "2010-08-31": "425.82200", "2009-08-31": "452.82300", "2008-08-31": "377.36500", "2007-08-31": "306.79500", "2006-08-31": "270.88400", "2005-08-31": "88.34100"}, "Common Stock Dividends Paid": {"2020-08-31": "-2037.73300", "2019-08-31": "-1864.35300", "2018-08-31": "-1708.72400", "2017-08-31": "-1567.57800", "2016-08-31": "-1438.13800", "2015-08-31": "-1353.47100", "2014-08-31": "-1254.91600", "2013-08-31": "-1121.73800", "2012-08-31": "-950.85700", "2011-08-31": "-643.64200", "2010-08-31": "-824.14800", "2009-08-31": "-378.44600", "2008-08-31": "-333.68500", "2007-08-31": "-293.05900", "2006-08-31": "-267.97300", "2005-08-31": ""}}, "cash flow statement, quarterly": {"Net Income/Loss": {"2020-11-30": "1522.05700", "2020-08-31": 1305.424, "2020-05-31": 1252.639, "2020-02-29": 1252.082, "2019-11-30": "1375.16800", "2019-08-31": 1145.548, "2019-05-31": 1268.649, "2019-02-28": 1140.72, "2018-11-30": "1291.32400", "2018-08-31": 1048.371, "2018-05-31": 1058.141, "2018-02-28": 919.54, "2017-11-30": "1188.54200", "2017-08-31": 983.174, "2017-05-31": 704.801, "2017-02-28": 887.208, "2016-11-30": "1059.74900", "2016-08-31": 1130.781, "2016-05-31": 950.283, "2016-02-29": 1399.858, "2015-11-30": "868.68100", "2015-08-31": 788.125, "2015-05-31": 850.23, "2015-02-28": 743.192, "2014-11-30": "892.24200", "2014-08-31": 760.168, "2014-05-31": 881.813, "2014-02-28": 722.331, "2013-11-30": "811.64600", "2013-08-31": 727.327, "2013-05-31": 874.063, "2013-02-28": 1187.098, "2012-11-30": "766.03100", "2012-08-31": 636.155, "2012-05-31": 762.831, "2012-02-29": 714.19, "2011-11-30": "711.75700", "2011-08-31": 682.865, "2011-05-31": 699.069, "2011-02-28": 565.75, "2010-11-30": "605.55600", "2010-08-31": 510.263, "2010-05-31": 563.519, "2010-02-28": 461.879, "2009-11-30": "524.79800", "2009-08-31": 305.976, "2009-05-31": 536.529, "2009-02-28": 615.775, "2008-11-30": "479.86600", "2008-08-31": 940.257, "2008-05-31": 469.089, "2008-02-29": 406.557, "2007-11-30": "381.28500", "2007-08-31": 316.794, "2007-05-31": 345.4, "2007-02-28": 296.722, "2006-11-30": "284.23200", "2006-08-31": 346.445, "2006-05-31": 342.264, "2006-02-28": 69.68, "2005-11-30": "214.94000", "2005-08-31": 229.135, "2005-05-31": 305.28, "2005-02-28": 406.059}, "Total Depreciation And Amortization - Cash Flow": {"2020-11-30": "468.20000", "2020-08-31": 486.89, "2020-05-31": 444.66, "2020-02-29": 442.116, "2019-11-30": "399.45800", "2019-08-31": 240.168, "2019-05-31": 221.309, "2019-02-28": 219.598, "2018-11-30": "211.68500", "2018-08-31": 235.09, "2018-05-31": 238.389, "2018-02-28": 220.664, "2017-11-30": "232.63300", "2017-08-31": 232.069, "2017-05-31": 194.48, "2017-02-28": 187.807, "2016-11-30": "187.43300", "2016-08-31": 193.415, "2016-05-31": 181.01, "2016-02-29": 172.745, "2015-11-30": "181.88200", "2015-08-31": 173.763, "2015-05-31": 153.405, "2015-02-28": 152.236, "2014-11-30": "166.51900", "2014-08-31": 164.079, "2014-05-31": 162.197, "2014-02-28": 149.14, "2013-11-30": "145.32700", "2013-08-31": 153.707, "2013-05-31": 142.131, "2013-02-28": 157.266, "2012-11-30": "139.92400", "2012-08-31": 178.909, "2012-05-31": 135.001, "2012-02-29": 147.01, "2011-11-30": "132.62500", "2011-08-31": 141.34, "2011-05-31": 130.773, "2011-02-28": 121.084, "2010-11-30": "120.05900", "2010-08-31": 124.958, "2010-05-31": 116.314, "2010-02-28": 118.518, "2009-11-30": "114.89800", "2009-08-31": 127.582, "2009-05-31": 116.377, "2009-02-28": 135.069, "2008-11-30": "119.56300", "2008-08-31": 136.957, "2008-05-31": 118.251, "2008-02-29": 111.045, "2007-11-30": "125.16800", "2007-08-31": 115.571, "2007-05-31": 79.482, "2007-02-28": 104.465, "2006-11-30": "144.98100", "2006-08-31": 122.914, "2006-05-31": 75.115, "2006-02-28": 74.647, "2005-11-30": "79.27100", "2005-08-31": 75.084, "2005-05-31": 85.083, "2005-02-28": 121.906}, "Other Non-Cash Items": {"2020-11-30": "292.22500", "2020-08-31": 302.412, "2020-05-31": 332.122, "2020-02-29": 422.703, "2019-11-30": "311.52000", "2019-08-31": 187.0711, "2019-05-31": 266.168, "2019-02-28": 299.772, "2018-11-30": "243.88200", "2018-08-31": 395.067, "2018-05-31": 111.353, "2018-02-28": 389.175, "2017-11-30": "175.31300", "2017-08-31": 143.325, "2017-05-31": 394.538, "2017-02-28": 290.616, "2016-11-30": "63.78300", "2016-08-31": -20.154, "2016-05-31": 254.119, "2016-02-29": -368.005, "2015-11-30": "109.33300", "2015-08-31": -121.128, "2015-05-31": 74.695, "2015-02-28": 322.455, "2014-11-30": "9.58000", "2014-08-31": 280.825, "2014-05-31": 137.436, "2014-02-28": 115.786, "2013-11-30": "45.14700", "2013-08-31": 62.742, "2013-05-31": 48.756, "2013-02-28": -23.474, "2012-11-30": "46.13800", "2012-08-31": 315.914, "2012-05-31": 80.039, "2012-02-29": 128.426, "2011-11-30": "72.37900", "2011-08-31": 33.844, "2011-05-31": 45.725, "2011-02-28": 113.405, "2010-11-30": "62.28800", "2010-08-31": 182.269, "2010-05-31": 90.763, "2010-02-28": 128.096, "2009-11-30": "92.96100", "2009-08-31": 301.656, "2009-05-31": 161.162, "2009-02-28": -6.184, "2008-11-30": "182.48300", "2008-08-31": -358.668, "2008-05-31": 246.984, "2008-02-29": 250.053, "2007-11-30": "171.91600", "2007-08-31": 183.723, "2007-05-31": 198.156, "2007-02-28": 145.722, "2006-11-30": "177.79600", "2006-08-31": 107.352, "2006-05-31": 94.02, "2006-02-28": 127.9, "2005-11-30": "129.81200", "2005-08-31": 146.7501, "2005-05-31": 248.597, "2005-02-28": 235.307}, "Total Non-Cash Items": {"2020-11-30": "760.42500", "2020-08-31": 789.302, "2020-05-31": 776.782, "2020-02-29": 864.819, "2019-11-30": "710.97800", "2019-08-31": 427.239, "2019-05-31": 487.477, "2019-02-28": 519.37, "2018-11-30": "455.56700", "2018-08-31": 630.157, "2018-05-31": 349.742, "2018-02-28": 609.839, "2017-11-30": "407.94600", "2017-08-31": 375.394, "2017-05-31": 589.018, "2017-02-28": 478.423, "2016-11-30": "251.21600", "2016-08-31": 173.261, "2016-05-31": 435.129, "2016-02-29": -195.26, "2015-11-30": "291.21500", "2015-08-31": 52.635, "2015-05-31": 228.1, "2015-02-28": 474.691, "2014-11-30": "176.09900", "2014-08-31": 444.904, "2014-05-31": 299.633, "2014-02-28": 264.926, "2013-11-30": "190.47400", "2013-08-31": 216.449, "2013-05-31": 190.887, "2013-02-28": 133.792, "2012-11-30": "186.06200", "2012-08-31": 494.823, "2012-05-31": 215.04, "2012-02-29": 275.436, "2011-11-30": "205.00400", "2011-08-31": 175.184, "2011-05-31": 176.4979, "2011-02-28": 234.489, "2010-11-30": "182.34700", "2010-08-31": 307.227, "2010-05-31": 207.077, "2010-02-28": 246.614, "2009-11-30": "207.85900", "2009-08-31": 429.238, "2009-05-31": 277.539, "2009-02-28": 128.885, "2008-11-30": "302.04600", "2008-08-31": -221.711, "2008-05-31": 365.235, "2008-02-29": 361.098, "2007-11-30": "297.08400", "2007-08-31": 299.2939, "2007-05-31": 277.6381, "2007-02-28": 250.187, "2006-11-30": "322.77700", "2006-08-31": 230.266, "2006-05-31": 169.135, "2006-02-28": 202.547, "2005-11-30": "209.08300", "2005-08-31": 221.834, "2005-05-31": 333.6801, "2005-02-28": 357.213}, "Change In Accounts Receivable": {"2020-11-30": "", "2020-08-31": 580.19, "2020-05-31": -580.19, "2020-02-29": 0, "2019-11-30": "", "2019-08-31": 866.875, "2019-05-31": -866.875, "2019-02-28": 0, "2018-11-30": "", "2018-08-31": 652.315, "2018-05-31": -652.315, "2018-02-28": 587.222, "2017-11-30": "-587.22200", "2017-08-31": 238.214, "2017-05-31": 66.196, "2017-02-28": 38.854, "2016-11-30": "-343.26400", "2016-08-31": 225.245, "2016-05-31": -266.762, "2016-02-29": 51.492, "2015-11-30": "-380.04300", "2015-08-31": -113.661, "2015-05-31": -102.419, "2015-02-28": 14.472, "2014-11-30": "-225.51700", "2014-08-31": -206.139, "2014-05-31": -222.822, "2014-02-28": -2.455, "2013-11-30": "-273.11600", "2013-08-31": 43.998, "2013-05-31": 52.382, "2013-02-28": 12.314, "2012-11-30": "-418.38800", "2012-08-31": 336.477, "2012-05-31": -200.535, "2012-02-29": 200.331, "2011-11-30": "-464.73200", "2011-08-31": 57.873, "2011-05-31": -106.842, "2011-02-28": -85.388, "2010-11-30": "-486.12400", "2010-08-31": 25.948, "2010-05-31": -116.05, "2010-02-28": -48.606, "2009-11-30": "-238.52500", "2009-08-31": 348.964, "2009-05-31": 222.511, "2009-02-28": 521.765, "2008-11-30": "-111.17800", "2008-08-31": -295.891, "2008-05-31": -272.473, "2008-02-29": 108.381, "2007-11-30": "-302.25800", "2007-08-31": 96.588, "2007-05-31": -116.211, "2007-02-28": 62.64, "2006-11-30": "-417.83500", "2006-08-31": 49.352, "2006-05-31": 77.217, "2006-02-28": 465.352, "2005-11-30": "-282.23700", "2005-08-31": 123.692, "2005-05-31": -249.879, "2005-02-28": -530.257}, "Change In Inventories": {"2020-11-30": "", "2020-08-31": 0, "2020-05-31": 0, "2020-02-29": 0, "2019-11-30": "", "2019-08-31": 0, "2019-05-31": 0, "2019-02-28": 0, "2018-11-30": "", "2018-08-31": 0, "2018-05-31": 0, "2018-02-28": 0, "2017-11-30": "", "2017-08-31": 0, "2017-05-31": 0, "2017-02-28": 0, "2016-11-30": "", "2016-08-31": 0, "2016-05-31": 0, "2016-02-29": 0, "2015-11-30": "", "2015-08-31": 0, "2015-05-31": 0, "2015-02-28": 0, "2014-11-30": "", "2014-08-31": 0, "2014-05-31": 0, "2014-02-28": 0, "2013-11-30": "", "2013-08-31": 0, "2013-05-31": 0, "2013-02-28": 0, "2012-11-30": "", "2012-08-31": 0, "2012-05-31": 0, "2012-02-29": 0, "2011-11-30": "", "2011-08-31": 0, "2011-05-31": 0, "2011-02-28": 0, "2010-11-30": "", "2010-08-31": 0, "2010-05-31": 0, "2010-02-28": 0, "2009-11-30": "", "2009-08-31": 0, "2009-05-31": 0, "2009-02-28": 0, "2008-11-30": "", "2008-08-31": 0, "2008-05-31": 0, "2008-02-29": 0, "2007-11-30": "", "2007-08-31": 0, "2007-05-31": 0, "2007-02-28": 0, "2006-11-30": "", "2006-08-31": 0, "2006-05-31": 0, "2006-02-28": 0, "2005-11-30": "", "2005-08-31": 0, "2005-05-31": 0, "2005-02-28": 0}, "Change In Accounts Payable": {"2020-11-30": "148.49500", "2020-08-31": -113.964, "2020-05-31": -124.721, "2020-02-29": -59.068, "2019-11-30": "-61.92900", "2019-08-31": 83.042, "2019-05-31": 65.414, "2019-02-28": 43.217, "2018-11-30": "-14.48700", "2018-08-31": -35.364, "2018-05-31": 46.831, "2018-02-28": 40.555, "2017-11-30": "-219.99300", "2017-08-31": 203.409, "2017-05-31": 44.279, "2017-02-28": 29.414, "2016-11-30": "-103.39000", "2016-08-31": 133.968, "2016-05-31": 13.944, "2016-02-29": -10.782, "2015-11-30": "-64.50400", "2015-08-31": 98.621, "2015-05-31": 54.074, "2015-02-28": 56.008, "2014-11-30": "-95.15500", "2014-08-31": 122.581, "2014-05-31": 23.992, "2014-02-28": -71.089, "2013-11-30": "-2.95800", "2013-08-31": -30.029, "2013-05-31": 55.338, "2013-02-28": -20.834, "2012-11-30": "-9.54800", "2012-08-31": 63.946, "2012-05-31": -35.131, "2012-02-29": -22.54, "2011-11-30": "-74.35700", "2011-08-31": 80.765, "2011-05-31": 2.246, "2011-02-28": 29.979, "2010-11-30": "-49.98500", "2010-08-31": 138.299, "2010-05-31": 16.639, "2010-02-28": 36.592, "2009-11-30": "-66.40400", "2009-08-31": 28.242, "2009-05-31": -65.302, "2009-02-28": -169.819, "2008-11-30": "-99.28700", "2008-08-31": 14.528, "2008-05-31": 32.366, "2008-02-29": 13.081, "2007-11-30": "-25.77700", "2007-08-31": 82.16, "2007-05-31": 28.999, "2007-02-28": -11.935, "2006-11-30": "-45.56300", "2006-08-31": 66.332, "2006-05-31": 9.629, "2006-02-28": -21.657, "2005-11-30": "-6.14700", "2005-08-31": 34.575, "2005-05-31": 4.078, "2005-02-28": 231.846}, "Change In Assets/Liabilities": {"2020-11-30": "-807.46600", "2020-08-31": 247.908, "2020-05-31": 922.581, "2020-02-29": 213.292, "2019-11-30": "-939.62700", "2019-08-31": -749.156, "2019-05-31": 661.821, "2019-02-28": 360.931, "2018-11-30": "-696.21500", "2018-08-31": -871.636, "2018-05-31": 523.122, "2018-02-28": -242.761, "2017-11-30": "-264.29900", "2017-08-31": -115.602, "2017-05-31": -184.92, "2017-02-28": -0.842, "2016-11-30": "-214.41100", "2016-08-31": -152.261, "2016-05-31": -36.561, "2016-02-29": 215.143, "2015-11-30": "-288.76900", "2015-08-31": -22.367, "2015-05-31": 6.136, "2015-02-28": 59.868, "2014-11-30": "-296.94600", "2014-08-31": 199.129, "2014-05-31": -29.645, "2014-02-28": 1.876, "2013-11-30": "-504.35600", "2013-08-31": 91.113, "2013-05-31": -5.118, "2013-02-28": 154.4, "2012-11-30": "-641.46600", "2012-08-31": -231.463, "2012-05-31": 146.815, "2012-02-29": -22.68, "2011-11-30": "150.62200", "2011-08-31": -3.609, "2011-05-31": 45.875, "2011-02-28": 36.739, "2010-11-30": "-111.71900", "2010-08-31": -108.803, "2010-05-31": -113.11, "2010-02-28": 185.163, "2009-11-30": "-233.15700", "2009-08-31": -125.719, "2009-05-31": -102.184, "2009-02-28": -147.693, "2008-11-30": "-36.16400", "2008-08-31": 140.961, "2008-05-31": 125.198, "2008-02-29": 109.213, "2007-11-30": "-407.92400", "2007-08-31": -277.16, "2007-05-31": 2.233, "2007-02-28": 236.442, "2006-11-30": "-108.94400", "2006-08-31": 168.417, "2006-05-31": -92.148, "2006-02-28": 171.956, "2005-11-30": "118.99900", "2005-08-31": -52.911, "2005-05-31": 32.525, "2005-02-28": 367.804}, "Total Change In Assets/Liabilities": {"2020-11-30": "-575.83100", "2020-08-31": 1162.332, "2020-05-31": 685.702, "2020-02-29": -537.901, "2019-11-30": "-1178.30800", "2019-08-31": 545.2631, "2019-05-31": 373.716, "2019-02-28": -263.2591, "2018-11-30": "-677.13900", "2018-08-31": 467.256, "2018-05-31": 597.135, "2018-02-28": -671.651, "2017-11-30": "-585.93600", "2017-08-31": 465.439, "2017-05-31": 403.717, "2017-02-28": -1227.324, "2016-11-30": "-85.89900", "2016-08-31": 769.638, "2016-05-31": 201.598, "2016-02-29": -866.307, "2015-11-30": "-437.77100", "2015-08-31": 741.329, "2015-05-31": 396.924, "2015-02-28": -845.278, "2014-11-30": "-84.25000", "2014-08-31": 472.204, "2014-05-31": 151.115, "2014-02-28": -717.38, "2013-11-30": "-900.69900", "2013-08-31": 356.493, "2013-05-31": 503.929, "2013-02-28": -661.496, "2012-11-30": "-1087.46400", "2012-08-31": 511.472, "2012-05-31": 410.194, "2012-02-29": -161.573, "2011-11-30": "-424.14500", "2011-08-31": 504.6421, "2011-05-31": 465.0388, "2011-02-28": -230.7169, "2010-11-30": "-700.11000", "2010-08-31": 389.004, "2010-05-31": 223.673, "2010-02-28": -15.524, "2009-11-30": "-570.37300", "2009-08-31": 307.91, "2009-05-31": 166.12, "2009-02-28": -157.24, "2008-11-30": "-315.37200", "2008-08-31": 304.311, "2008-05-31": 242.744, "2008-02-29": -23.2959, "2007-11-30": "-695.73210", "2007-08-31": 157.53, "2007-05-31": 364.367, "2007-02-28": 162.717, "2006-11-30": "-442.58500", "2006-08-31": 233.853, "2006-05-31": 293.453, "2006-02-28": 411.904, "2005-11-30": "-54.41800", "2005-08-31": 131.907, "2005-05-31": -50.306, "2005-02-28": -34.611}, "Cash Flow From Operating Activities": {"2020-11-30": "1602.84500", "2020-08-31": 3156.134, "2020-05-31": 2741.466, "2020-02-29": 1530.641, "2019-11-30": "786.91100", "2019-08-31": 2116.253, "2019-05-31": 2123.542, "2019-02-28": 1359.65, "2018-11-30": "1027.50800", "2018-08-31": 2109.258, "2018-05-31": 1987.538, "2018-02-28": 924.057, "2017-11-30": "1005.83800", "2017-08-31": 1941.882, "2017-05-31": 1792.572, "2017-02-28": 154.703, "2016-11-30": "1083.88200", "2016-08-31": 2065.959, "2016-05-31": 1593.989, "2016-02-29": 364.195, "2015-11-30": "643.25700", "2015-08-31": 1588.612, "2015-05-31": 1413.364, "2015-02-28": 301.287, "2014-11-30": "872.90000", "2014-08-31": 1649.212, "2014-05-31": 1363.26, "2014-02-28": 292.38, "2013-11-30": "181.23300", "2013-08-31": 1275.51, "2013-05-31": 1502.209, "2013-02-28": 634.224, "2012-11-30": "-108.81500", "2012-08-31": 1708.191, "2012-05-31": 1215.59, "2012-02-29": 857.813, "2011-11-30": "475.25800", "2011-08-31": 1381.276, "2011-05-31": 1352.96, "2011-02-28": 601.104, "2010-11-30": "106.39900", "2010-08-31": 1251.605, "2010-05-31": 960.923, "2010-02-28": 659.981, "2009-11-30": "219.11100", "2009-08-31": 1046.814, "2009-05-31": 1014.619, "2009-02-28": 630.637, "2008-11-30": "468.13200", "2008-08-31": 1030.68, "2008-05-31": 1080.045, "2008-02-29": 723.994, "2007-11-30": "-31.47100", "2007-08-31": 777.041, "2007-05-31": 977.518, "2007-02-28": 710.178, "2006-11-30": "165.82800", "2006-08-31": 810.364, "2006-05-31": 805.57, "2006-02-28": 683.674, "2005-11-30": "368.38100", "2005-08-31": 567.158, "2005-05-31": 593.916, "2005-02-28": 726.007}, "Net Change In Property, Plant, And Equipment": {"2020-11-30": "-93.11500", "2020-08-31": -188.718, "2020-05-31": -149.981, "2020-02-29": -165.37, "2019-11-30": "-95.06300", "2019-08-31": -241.26, "2019-05-31": -140.261, "2019-02-28": -139.797, "2018-11-30": "-77.69100", "2018-08-31": -179.383, "2018-05-31": -173.556, "2018-02-28": -134.786, "2017-11-30": "-131.46200", "2017-08-31": -200.123, "2017-05-31": -134.127, "2017-02-28": -98.354, "2016-11-30": "-83.31500", "2016-08-31": -158.706, "2016-05-31": -92.334, "2016-02-29": -147.48, "2015-11-30": "-93.82600", "2015-08-31": -144.987, "2015-05-31": -112.761, "2015-02-28": -80.913, "2014-11-30": "-50.57200", "2014-08-31": -100.026, "2014-05-31": -82.696, "2014-02-28": -75.457, "2013-11-30": "-58.16500", "2013-08-31": -97.743, "2013-05-31": -80.047, "2013-02-28": -88.652, "2012-11-30": "-85.78500", "2012-08-31": -111.916, "2012-05-31": -89.733, "2012-02-29": -84.43, "2011-11-30": "-79.91800", "2011-08-31": -133.606, "2011-05-31": -111.225, "2011-02-28": -77.365, "2010-11-30": "-74.76300", "2010-08-31": -100.893, "2010-05-31": -56.853, "2010-02-28": -42.64, "2009-11-30": "-34.03700", "2009-08-31": -73.925, "2009-05-31": -42.045, "2009-02-28": -51.694, "2008-11-30": "-71.12600", "2008-08-31": -86.047, "2008-05-31": -63.48, "2008-02-29": -72.361, "2007-11-30": "-87.64100", "2007-08-31": -137.348, "2007-05-31": -79.691, "2007-02-28": -69.196, "2006-11-30": "-63.58700", "2006-08-31": -96.229, "2006-05-31": -56.912, "2006-02-28": -62.526, "2005-11-30": "-76.55600", "2005-08-31": -128.211, "2005-05-31": -69.355, "2005-02-28": -113.888}, "Net Change In Intangible Assets": {"2020-11-30": "", "2020-08-31": 0, "2020-05-31": 0, "2020-02-29": 0, "2019-11-30": "", "2019-08-31": 0, "2019-05-31": 0, "2019-02-28": 0, "2018-11-30": "", "2018-08-31": 0, "2018-05-31": 0, "2018-02-28": 0, "2017-11-30": "", "2017-08-31": 0, "2017-05-31": 0, "2017-02-28": 0, "2016-11-30": "", "2016-08-31": 0, "2016-05-31": 0, "2016-02-29": 0, "2015-11-30": "", "2015-08-31": 0, "2015-05-31": 0, "2015-02-28": 0, "2014-11-30": "", "2014-08-31": 0, "2014-05-31": 0, "2014-02-28": 0, "2013-11-30": "", "2013-08-31": 0, "2013-05-31": 0, "2013-02-28": 0, "2012-11-30": "", "2012-08-31": 0, "2012-05-31": 0, "2012-02-29": 0, "2011-11-30": "", "2011-08-31": 0, "2011-05-31": 0, "2011-02-28": 0, "2010-11-30": "", "2010-08-31": 0, "2010-05-31": 0, "2010-02-28": 0, "2009-11-30": "", "2009-08-31": 0, "2009-05-31": 0, "2009-02-28": 0, "2008-11-30": "", "2008-08-31": 0, "2008-05-31": 0, "2008-02-29": 0, "2007-11-30": "", "2007-08-31": 0, "2007-05-31": 0, "2007-02-28": 0, "2006-11-30": "", "2006-08-31": 0, "2006-05-31": 0, "2006-02-28": 0, "2005-11-30": "", "2005-08-31": 0, "2005-05-31": 0, "2005-02-28": 0}, "Net Acquisitions/Divestitures": {"2020-11-30": "-354.84100", "2020-08-31": -59.726, "2020-05-31": -736.376, "2020-02-29": -434.456, "2019-11-30": "-70.64800", "2019-08-31": -137.12, "2019-05-31": -514.7271, "2019-02-28": -313.2969, "2018-11-30": "-199.97600", "2018-08-31": -195.272, "2018-05-31": -97.575, "2018-02-28": -217.005, "2017-11-30": "-127.49700", "2017-08-31": -462.534, "2017-05-31": -413.57, "2017-02-28": -245.812, "2016-11-30": "-606.30700", "2016-08-31": 96.234, "2016-05-31": -84.911, "2016-02-29": 483.339, "2015-11-30": "-612.66600", "2015-08-31": -349.502, "2015-05-31": -312.187, "2015-02-28": -80.821, "2014-11-30": "-38.64100", "2014-08-31": -64.847, "2014-05-31": -65.631, "2014-02-28": -472.202, "2013-11-30": "-137.38700", "2013-08-31": -434.843, "2013-05-31": -71.182, "2013-02-28": -88.011, "2012-11-30": "-209.95200", "2012-08-31": -0.699, "2012-05-31": -10.808, "2012-02-29": -2.821, "2011-11-30": "-160.05500", "2011-08-31": -187.525, "2011-05-31": -0.4, "2011-02-28": -58.219, "2010-11-30": "-60.04300", "2010-08-31": -12.545, "2010-05-31": -28.441, "2010-02-28": -2.266, "2009-11-30": "2.17700", "2009-08-31": -24.099, "2009-05-31": -2.582, "2009-02-28": -1.536, "2008-11-30": "0.89300", "2008-08-31": -53.642, "2008-05-31": -46.808, "2008-02-29": -145.243, "2007-11-30": "-50.61900", "2007-08-31": -158.74, "2007-05-31": -27.949, "2007-02-28": -0.805, "2006-11-30": "-4.86200", "2006-08-31": -91.851, "2006-05-31": -77.432, "2006-02-28": -32.315, "2005-11-30": "-5.12700", "2005-08-31": -181.604, "2005-05-31": -6.865, "2005-02-28": 0}, "Net Change In Short-term Investments": {"2020-11-30": "", "2020-08-31": 0, "2020-05-31": 0, "2020-02-29": 0, "2019-11-30": "", "2019-08-31": 0, "2019-05-31": 0, "2019-02-28": 0, "2018-11-30": "", "2018-08-31": 0, "2018-05-31": 0, "2018-02-28": 0, "2017-11-30": "", "2017-08-31": 0, "2017-05-31": 0, "2017-02-28": 0, "2016-11-30": "", "2016-08-31": 0, "2016-05-31": 0, "2016-02-29": 0, "2015-11-30": "", "2015-08-31": 0, "2015-05-31": 0, "2015-02-28": 0, "2014-11-30": "", "2014-08-31": 0, "2014-05-31": 0, "2014-02-28": 0, "2013-11-30": "", "2013-08-31": 0, "2013-05-31": 0, "2013-02-28": 0, "2012-11-30": "", "2012-08-31": 0, "2012-05-31": 0, "2012-02-29": 0, "2011-11-30": "", "2011-08-31": 0, "2011-05-31": 0, "2011-02-28": 0, "2010-11-30": "", "2010-08-31": 0, "2010-05-31": 0, "2010-02-28": 0, "2009-11-30": "", "2009-08-31": 0, "2009-05-31": 0, "2009-02-28": 0, "2008-11-30": "", "2008-08-31": 0, "2008-05-31": 0, "2008-02-29": 0, "2007-11-30": "", "2007-08-31": 0, "2007-05-31": 0, "2007-02-28": 0, "2006-11-30": "", "2006-08-31": 0, "2006-05-31": 0, "2006-02-28": 0, "2005-11-30": "", "2005-08-31": 0, "2005-05-31": 0, "2005-02-28": 0}, "Net Change In Long-Term Investments": {"2020-11-30": "", "2020-08-31": 0, "2020-05-31": 0, "2020-02-29": 0, "2019-11-30": "", "2019-08-31": 0, "2019-05-31": 0, "2019-02-28": 0, "2018-11-30": "", "2018-08-31": 0, "2018-05-31": 0, "2018-02-28": 0, "2017-11-30": "", "2017-08-31": 0, "2017-05-31": 0, "2017-02-28": 0, "2016-11-30": "", "2016-08-31": 0, "2016-05-31": 0, "2016-02-29": 0, "2015-11-30": "", "2015-08-31": 0, "2015-05-31": 0, "2015-02-28": 0, "2014-11-30": "", "2014-08-31": 0, "2014-05-31": 0, "2014-02-28": 0, "2013-11-30": "", "2013-08-31": 0, "2013-05-31": 0, "2013-02-28": 0, "2012-11-30": "", "2012-08-31": 0, "2012-05-31": 4.973, "2012-02-29": -0.04, "2011-11-30": "0.06200", "2011-08-31": 0.001, "2011-05-31": -0.207, "2011-02-28": -0.001, "2010-11-30": "-0.03400", "2010-08-31": 3.518, "2010-05-31": -1.337, "2010-02-28": -2.948, "2009-11-30": "2.50000", "2009-08-31": 2.442, "2009-05-31": 8.039, "2009-02-28": -0.001, "2008-11-30": "10.46000", "2008-08-31": 13.845, "2008-05-31": 88.944, "2008-02-29": 78.201, "2007-11-30": "100.85700", "2007-08-31": 61.609, "2007-05-31": -73.891, "2007-02-28": 142.286, "2006-11-30": "61.72600", "2006-08-31": -134.249, "2006-05-31": 167.419, "2006-02-28": -15.345, "2005-11-30": "238.62300", "2005-08-31": 5.665, "2005-05-31": 5.126, "2005-02-28": -85.624}, "Net Change In Investments - Total": {"2020-11-30": "", "2020-08-31": 0, "2020-05-31": 0, "2020-02-29": 0, "2019-11-30": "", "2019-08-31": 0, "2019-05-31": 0, "2019-02-28": 0, "2018-11-30": "", "2018-08-31": 0, "2018-05-31": 0, "2018-02-28": 0, "2017-11-30": "", "2017-08-31": 0, "2017-05-31": 0, "2017-02-28": 0, "2016-11-30": "", "2016-08-31": 0, "2016-05-31": 0, "2016-02-29": 0, "2015-11-30": "", "2015-08-31": 0, "2015-05-31": 0, "2015-02-28": 0, "2014-11-30": "", "2014-08-31": 0, "2014-05-31": 0, "2014-02-28": 0, "2013-11-30": "", "2013-08-31": 0, "2013-05-31": 0, "2013-02-28": 0, "2012-11-30": "", "2012-08-31": 0, "2012-05-31": 4.973, "2012-02-29": -0.04, "2011-11-30": "0.06200", "2011-08-31": 0.001, "2011-05-31": -0.207, "2011-02-28": -0.001, "2010-11-30": "-0.03400", "2010-08-31": 3.518, "2010-05-31": -1.337, "2010-02-28": -2.948, "2009-11-30": "2.50000", "2009-08-31": 2.442, "2009-05-31": 8.039, "2009-02-28": -0.001, "2008-11-30": "10.46000", "2008-08-31": 13.845, "2008-05-31": 88.944, "2008-02-29": 78.201, "2007-11-30": "100.85700", "2007-08-31": 61.609, "2007-05-31": -73.891, "2007-02-28": 142.286, "2006-11-30": "61.72600", "2006-08-31": -134.249, "2006-05-31": 167.419, "2006-02-28": -15.345, "2005-11-30": "238.62300", "2005-08-31": 5.665, "2005-05-31": 5.126, "2005-02-28": -85.624}, "Investing Activities - Other": {"2020-11-30": "1.54900", "2020-08-31": 2.102, "2020-05-31": 1.362, "2020-02-29": 2.537, "2019-11-30": "-0.18200", "2019-08-31": 2.512, "2019-05-31": -0.177, "2019-02-28": 1.419, "2018-11-30": "4.79900", "2018-08-31": -0.313, "2018-05-31": 1.13, "2018-02-28": 6.115, "2017-11-30": "", "2017-08-31": 10.263, "2017-05-31": 0, "2017-02-28": 0, "2016-11-30": "", "2016-08-31": 0, "2016-05-31": 0, "2016-02-29": 0, "2015-11-30": "", "2015-08-31": 0, "2015-05-31": 0, "2015-02-28": 0, "2014-11-30": "", "2014-08-31": 0, "2014-05-31": 0, "2014-02-28": 0, "2013-11-30": "", "2013-08-31": 0, "2013-05-31": 0, "2013-02-28": 0, "2012-11-30": "", "2012-08-31": 0, "2012-05-31": 0, "2012-02-29": 0, "2011-11-30": "", "2011-08-31": 0, "2011-05-31": 0, "2011-02-28": 0, "2010-11-30": "", "2010-08-31": 0, "2010-05-31": 0, "2010-02-28": 0, "2009-11-30": "", "2009-08-31": 0, "2009-05-31": 0, "2009-02-28": 0, "2008-11-30": "", "2008-08-31": 0, "2008-05-31": 0, "2008-02-29": 0, "2007-11-30": "", "2007-08-31": 0, "2007-05-31": 0, "2007-02-28": 0, "2006-11-30": "", "2006-08-31": 0, "2006-05-31": 0, "2006-02-28": 0, "2005-11-30": "", "2005-08-31": 0, "2005-05-31": 0, "2005-02-28": 0}, "Cash Flow From Investing Activities": {"2020-11-30": "-446.40700", "2020-08-31": -246.342, "2020-05-31": -884.995, "2020-02-29": -597.289, "2019-11-30": "-165.89300", "2019-08-31": -375.868, "2019-05-31": -655.165, "2019-02-28": -451.675, "2018-11-30": "-272.86800", "2018-08-31": -374.968, "2018-05-31": -270.001, "2018-02-28": -345.676, "2017-11-30": "-258.95900", "2017-08-31": -652.394, "2017-05-31": -547.697, "2017-02-28": -344.166, "2016-11-30": "-689.62200", "2016-08-31": -62.472, "2016-05-31": -177.245, "2016-02-29": 335.859, "2015-11-30": "-706.49200", "2015-08-31": -494.489, "2015-05-31": -424.948, "2015-02-28": -161.734, "2014-11-30": "-89.21300", "2014-08-31": -164.873, "2014-05-31": -148.327, "2014-02-28": -547.659, "2013-11-30": "-195.55200", "2013-08-31": -532.586, "2013-05-31": -151.229, "2013-02-28": -176.663, "2012-11-30": "-295.73700", "2012-08-31": -112.615, "2012-05-31": -95.568, "2012-02-29": -87.291, "2011-11-30": "-239.91100", "2011-08-31": -321.13, "2011-05-31": -111.832, "2011-02-28": -135.585, "2010-11-30": "-134.84000", "2010-08-31": -109.92, "2010-05-31": -86.631, "2010-02-28": -47.854, "2009-11-30": "-29.36000", "2009-08-31": -95.582, "2009-05-31": -36.588, "2009-02-28": -53.231, "2008-11-30": "-59.77300", "2008-08-31": -125.844, "2008-05-31": -21.344, "2008-02-29": -139.403, "2007-11-30": "-37.40300", "2007-08-31": -234.479, "2007-05-31": -181.531, "2007-02-28": 72.285, "2006-11-30": "-6.72300", "2006-08-31": -322.329, "2006-05-31": 33.075, "2006-02-28": -110.186, "2005-11-30": "156.94000", "2005-08-31": -304.15, "2005-05-31": -71.094, "2005-02-28": -199.512}, "Net Long-Term Debt": {"2020-11-30": "-0.08200", "2020-08-31": -6.512, "2020-05-31": 0.159, "2020-02-29": 0.204, "2019-11-30": "-0.57000", "2019-08-31": -3.789, "2019-05-31": -0.111, "2019-02-28": -0.503, "2018-11-30": "-0.36900", "2018-08-31": -3.739, "2018-05-31": -0.72, "2018-02-28": 0.129, "2017-11-30": "0.13500", "2017-08-31": -2.635, "2017-05-31": 0.154, "2017-02-28": 0.223, "2016-11-30": "0.13800", "2016-08-31": -1.645, "2016-05-31": 0.208, "2016-02-29": 0.159, "2015-11-30": "0.21900", "2015-08-31": 0.217, "2015-05-31": 0.216, "2015-02-28": 0.212, "2014-11-30": "0.05600", "2014-08-31": -0.191, "2014-05-31": 0.183, "2014-02-28": 0.208, "2013-11-30": "0.34300", "2013-08-31": 0.034, "2013-05-31": -0.028, "2013-02-28": -0.003, "2012-11-30": "-0.00300", "2012-08-31": -0.053, "2012-05-31": -5.417, "2012-02-29": -0.891, "2011-11-30": "-0.03800", "2011-08-31": -0.144, "2011-05-31": -0.135, "2011-02-28": 0.075, "2010-11-30": "-1.33500", "2010-08-31": 1.232, "2010-05-31": -0.001, "2010-02-28": -2.152, "2009-11-30": "1.60300", "2009-08-31": -0.705, "2009-05-31": -0.032, "2009-02-28": -0.897, "2008-11-30": "-0.54800", "2008-08-31": -0.9, "2008-05-31": -0.541, "2008-02-29": 0.437, "2007-11-30": "-21.03000", "2007-08-31": -1.628, "2007-05-31": -1.588, "2007-02-28": -1.397, "2006-11-30": "-19.78200", "2006-08-31": 0.179, "2006-05-31": -2.742, "2006-02-28": -4.379, "2005-11-30": "-9.37200", "2005-08-31": -0.35, "2005-05-31": 1.605, "2005-02-28": -4.661}, "Net Current Debt": {"2020-11-30": "", "2020-08-31": 0, "2020-05-31": 0, "2020-02-29": 0, "2019-11-30": "", "2019-08-31": 0, "2019-05-31": 0, "2019-02-28": 0, "2018-11-30": "", "2018-08-31": 0, "2018-05-31": 0, "2018-02-28": 0, "2017-11-30": "", "2017-08-31": 0, "2017-05-31": 0, "2017-02-28": 0, "2016-11-30": "", "2016-08-31": 0, "2016-05-31": 0, "2016-02-29": 0, "2015-11-30": "", "2015-08-31": 0, "2015-05-31": 0, "2015-02-28": 0, "2014-11-30": "", "2014-08-31": 0, "2014-05-31": 0, "2014-02-28": 0, "2013-11-30": "", "2013-08-31": -0.015, "2013-05-31": 0.069, "2013-02-28": 0, "2012-11-30": "", "2012-08-31": -5.213, "2012-05-31": 5.344, "2012-02-29": 0, "2011-11-30": "", "2011-08-31": -0.069, "2011-05-31": 0, "2011-02-28": 0, "2010-11-30": "", "2010-08-31": -0.388, "2010-05-31": 0.393, "2010-02-28": 0, "2009-11-30": "", "2009-08-31": 0.001, "2009-05-31": -0.013, "2009-02-28": -0.006, "2008-11-30": "-4.76900", "2008-08-31": 2.816, "2008-05-31": -1.768, "2008-02-29": 0.166, "2007-11-30": "2.83500", "2007-08-31": -0.672, "2007-05-31": 0.023, "2007-02-28": -1.14, "2006-11-30": "0.31500", "2006-08-31": -1.622, "2006-05-31": -26.975, "2006-02-28": 26.54, "2005-11-30": "-10.33100", "2005-08-31": 2.695, "2005-05-31": -23.099, "2005-02-28": 11.195}, "Debt Issuance/Retirement Net - Total": {"2020-11-30": "-0.08200", "2020-08-31": -6.512, "2020-05-31": 0.159, "2020-02-29": 0.204, "2019-11-30": "-0.57000", "2019-08-31": -3.789, "2019-05-31": -0.111, "2019-02-28": -0.503, "2018-11-30": "-0.36900", "2018-08-31": -3.739, "2018-05-31": -0.72, "2018-02-28": 0.129, "2017-11-30": "0.13500", "2017-08-31": -2.635, "2017-05-31": 0.154, "2017-02-28": 0.223, "2016-11-30": "0.13800", "2016-08-31": -1.645, "2016-05-31": 0.208, "2016-02-29": 0.159, "2015-11-30": "0.21900", "2015-08-31": 0.217, "2015-05-31": 0.216, "2015-02-28": 0.212, "2014-11-30": "0.05600", "2014-08-31": -0.191, "2014-05-31": 0.183, "2014-02-28": 0.208, "2013-11-30": "0.34300", "2013-08-31": 0.019, "2013-05-31": 0.041, "2013-02-28": -0.003, "2012-11-30": "-0.00300", "2012-08-31": -5.266, "2012-05-31": -0.073, "2012-02-29": -0.891, "2011-11-30": "-0.03800", "2011-08-31": -0.213, "2011-05-31": -0.135, "2011-02-28": 0.075, "2010-11-30": "-1.33500", "2010-08-31": 0.844, "2010-05-31": 0.392, "2010-02-28": -2.152, "2009-11-30": "1.60300", "2009-08-31": -0.704, "2009-05-31": -0.045, "2009-02-28": -0.903, "2008-11-30": "-5.31700", "2008-08-31": 1.916, "2008-05-31": -2.309, "2008-02-29": 0.603, "2007-11-30": "-18.19500", "2007-08-31": -2.3, "2007-05-31": -1.565, "2007-02-28": -2.537, "2006-11-30": "-19.46700", "2006-08-31": -1.443, "2006-05-31": -29.717, "2006-02-28": 22.161, "2005-11-30": "-19.70300", "2005-08-31": 2.345, "2005-05-31": -21.494, "2005-02-28": 6.534}, "Net Common Equity Issued/Repurchased": {"2020-11-30": "-430.00400", "2020-08-31": -484.149, "2020-05-31": -277.523, "2020-02-29": -770.056, "2019-11-30": "-428.81100", "2019-08-31": -312.535, "2019-05-31": -180.277, "2019-02-28": -827.712, "2018-11-30": "-522.14500", "2018-08-31": -465.508, "2018-05-31": -436.58, "2018-02-28": -660.452, "2017-11-30": "-323.40800", "2017-08-31": -581.721, "2017-05-31": -338.603, "2017-02-28": -677.458, "2016-11-30": "-375.22400", "2016-08-31": -574.574, "2016-05-31": -255.464, "2016-02-29": -708.068, "2015-11-30": "-475.52600", "2015-08-31": -606.205, "2015-05-31": -331.024, "2015-02-28": -487.466, "2014-11-30": "-474.14500", "2014-08-31": -586.838, "2014-05-31": -246.167, "2014-02-28": -626.651, "2013-11-30": "-541.28100", "2013-08-31": -1039.096, "2013-05-31": -436.5, "2013-02-28": -496.719, "2012-11-30": "-56.22500", "2012-08-31": -639.019, "2012-05-31": -484.235, "2012-02-29": -376.042, "2011-11-30": "-145.15800", "2011-08-31": -641.801, "2011-05-31": -457.533, "2011-02-28": -65.728, "2010-11-30": "-449.44900", "2010-08-31": -692.556, "2010-05-31": -298.139, "2010-02-28": -343.166, "2009-11-30": "-299.98900", "2009-08-31": -462.041, "2009-05-31": -154.149, "2009-02-28": -276.129, "2008-11-30": "-558.35500", "2008-08-31": -530.863, "2008-05-31": -323.155, "2008-02-29": -496.113, "2007-11-30": "-470.13600", "2007-08-31": -342.518, "2007-05-31": -688.2701, "2007-02-28": -262.1519, "2006-11-30": "-526.75700", "2006-08-31": -208.312, "2006-05-31": -169.979, "2006-02-28": -267.623, "2005-11-30": "-1004.19500", "2005-08-31": -507.241, "2005-05-31": -694.274, "2005-02-28": -124.875}, "Net Total Equity Issued/Repurchased": {"2020-11-30": "-430.00400", "2020-08-31": -484.149, "2020-05-31": -277.523, "2020-02-29": -770.056, "2019-11-30": "-428.81100", "2019-08-31": -312.535, "2019-05-31": -180.277, "2019-02-28": -827.712, "2018-11-30": "-522.14500", "2018-08-31": -465.508, "2018-05-31": -436.58, "2018-02-28": -660.452, "2017-11-30": "-323.40800", "2017-08-31": -581.721, "2017-05-31": -338.603, "2017-02-28": -677.458, "2016-11-30": "-375.22400", "2016-08-31": -574.574, "2016-05-31": -255.464, "2016-02-29": -708.068, "2015-11-30": "-475.52600", "2015-08-31": -606.205, "2015-05-31": -331.024, "2015-02-28": -487.466, "2014-11-30": "-474.14500", "2014-08-31": -586.838, "2014-05-31": -246.167, "2014-02-28": -626.651, "2013-11-30": "-541.28100", "2013-08-31": -1039.096, "2013-05-31": -436.5, "2013-02-28": -496.719, "2012-11-30": "-56.22500", "2012-08-31": -639.019, "2012-05-31": -484.235, "2012-02-29": -376.042, "2011-11-30": "-145.15800", "2011-08-31": -641.801, "2011-05-31": -457.533, "2011-02-28": -65.728, "2010-11-30": "-449.44900", "2010-08-31": -692.556, "2010-05-31": -298.139, "2010-02-28": -343.166, "2009-11-30": "-299.98900", "2009-08-31": -462.041, "2009-05-31": -154.149, "2009-02-28": -276.129, "2008-11-30": "-558.35500", "2008-08-31": -530.863, "2008-05-31": -323.155, "2008-02-29": -496.113, "2007-11-30": "-470.13600", "2007-08-31": -342.518, "2007-05-31": -688.2701, "2007-02-28": -262.1519, "2006-11-30": "-526.75700", "2006-08-31": -208.312, "2006-05-31": -169.979, "2006-02-28": -267.623, "2005-11-30": "-1004.19500", "2005-08-31": -507.241, "2005-05-31": -694.274, "2005-02-28": -124.875}, "Total Common And Preferred Stock Dividends Paid": {"2020-11-30": "-558.05200", "2020-08-31": -509.201, "2020-05-31": -508.913, "2020-02-29": -511.238, "2019-11-30": "-508.38100", "2019-08-31": 0, "2019-05-31": -931.515, "2019-02-28": 0, "2018-11-30": "-932.83800", "2018-08-31": 0, "2018-05-31": -855.11, "2018-02-28": 0, "2017-11-30": "-853.61400", "2017-08-31": 0, "2017-05-31": -782.451, "2017-02-28": 0, "2016-11-30": "-785.12700", "2016-08-31": 0, "2016-05-31": -717.462, "2016-02-29": 0, "2015-11-30": "-720.67600", "2015-08-31": 0, "2015-05-31": -674.735, "2015-02-28": 0, "2014-11-30": "-678.73600", "2014-08-31": 0, "2014-05-31": -624.682, "2014-02-28": 0, "2013-11-30": "-630.23400", "2013-08-31": 0, "2013-05-31": -561.603, "2013-02-28": 0, "2012-11-30": "-560.13500", "2012-08-31": 0, "2012-05-31": -475.961, "2012-02-29": 0, "2011-11-30": "-474.89600", "2011-08-31": 0, "2011-05-31": -322.992, "2011-02-28": 0, "2010-11-30": "-320.65000", "2010-08-31": 0, "2010-05-31": -272.706, "2010-02-28": 0, "2009-11-30": "-551.44200", "2009-08-31": 0, "2009-05-31": 0, "2009-02-28": 0, "2008-11-30": "-378.44600", "2008-08-31": 0, "2008-05-31": 0, "2008-02-29": 0, "2007-11-30": "-333.68500", "2007-08-31": 0, "2007-05-31": 0, "2007-02-28": 0, "2006-11-30": "-293.05900", "2006-08-31": 0, "2006-05-31": 0, "2006-02-28": 0, "2005-11-30": "-267.97300", "2005-08-31": 0, "2005-05-31": 0, "2005-02-28": 0}, "Financial Activities - Other": {"2020-11-30": "-11.31300", "2020-08-31": -13.68, "2020-05-31": -11.773, "2020-02-29": -8.186, "2019-11-30": "-10.46200", "2019-08-31": -34.694, "2019-05-31": -10.159, "2019-02-28": -3.708, "2018-11-30": "-6.81600", "2018-08-31": -62.369, "2018-05-31": -2.778, "2018-02-28": -42.881, "2017-11-30": "-2.13300", "2017-08-31": -8.208, "2017-05-31": -2.676, "2017-02-28": -4.085, "2016-11-30": "-2.56200", "2016-08-31": -22.439, "2016-05-31": -1.637, "2016-02-29": -12.311, "2015-11-30": "-0.00200", "2015-08-31": -86.397, "2015-05-31": 2.885, "2015-02-28": 22.852, "2014-11-30": "25.94800", "2014-08-31": 2.188, "2014-05-31": 4.686, "2014-02-28": 50.364, "2013-11-30": "32.65600", "2013-08-31": 15.441, "2013-05-31": -0.845, "2013-02-28": 31.298, "2012-11-30": "38.70100", "2012-08-31": 1.301, "2012-05-31": 10.297, "2012-02-29": -1.349, "2011-11-30": "32.47500", "2011-08-31": 27.479, "2011-05-31": 24.19, "2011-02-28": 18.761, "2010-11-30": "67.82700", "2010-08-31": -14.694, "2010-05-31": 22.422, "2010-02-28": 2.442, "2009-11-30": "18.11500", "2009-08-31": -0.658, "2009-05-31": -4.837, "2009-02-28": -22.917, "2008-11-30": "14.19800", "2008-08-31": 4.592, "2008-05-31": -8.179, "2008-02-29": -16.663, "2007-11-30": "30.67000", "2007-08-31": -3.631, "2007-05-31": 3.831, "2007-02-28": 0.926, "2006-11-30": "9.79300", "2006-08-31": -15.422, "2006-05-31": -2.14, "2006-02-28": 6.148, "2005-11-30": "13.73100", "2005-08-31": -27.594, "2005-05-31": -4.601, "2005-02-28": -6.258}, "Cash Flow From Financial Activities": {"2020-11-30": "-999.45100", "2020-08-31": -1013.542, "2020-05-31": -798.05, "2020-02-29": -1289.276, "2019-11-30": "-948.22400", "2019-08-31": -351.018, "2019-05-31": -1122.062, "2019-02-28": -831.923, "2018-11-30": "-1462.16800", "2018-08-31": -531.616, "2018-05-31": -1295.188, "2018-02-28": -703.204, "2017-11-30": "-1179.02000", "2017-08-31": -592.564, "2017-05-31": -1123.576, "2017-02-28": -681.32, "2016-11-30": "-1162.77500", "2016-08-31": -598.658, "2016-05-31": -974.355, "2016-02-29": -720.22, "2015-11-30": "-1195.98500", "2015-08-31": -692.385, "2015-05-31": -1002.658, "2015-02-28": -464.402, "2014-11-30": "-1126.87700", "2014-08-31": -584.841, "2014-05-31": -865.98, "2014-02-28": -576.079, "2013-11-30": "-1138.51600", "2013-08-31": -1023.636, "2013-05-31": -998.907, "2013-02-28": -465.424, "2012-11-30": "-577.66200", "2012-08-31": -642.984, "2012-05-31": -949.972, "2012-02-29": -378.282, "2011-11-30": "-587.61700", "2011-08-31": -614.535, "2011-05-31": -756.47, "2011-02-28": -46.892, "2010-11-30": "-703.60700", "2010-08-31": -706.406, "2010-05-31": -548.031, "2010-02-28": -342.876, "2009-11-30": "-831.71300", "2009-08-31": -463.403, "2009-05-31": -159.031, "2009-02-28": -299.949, "2008-11-30": "-927.92000", "2008-08-31": -524.355, "2008-05-31": -333.643, "2008-02-29": -512.173, "2007-11-30": "-791.34600", "2007-08-31": -348.449, "2007-05-31": -686.004, "2007-02-28": -263.763, "2006-11-30": "-829.49000", "2006-08-31": -225.177, "2006-05-31": -201.836, "2006-02-28": -239.314, "2005-11-30": "-1278.14000", "2005-08-31": -532.49, "2005-05-31": -720.369, "2005-02-28": -124.599}, "Net Cash Flow": {"2020-11-30": "178.67300", "2020-08-31": 1973.069, "2020-05-31": 1005.805, "2020-02-29": -374.081, "2019-11-30": "-316.31600", "2019-08-31": 1357.695, "2019-05-31": 304.269, "2019-02-28": 101.099, "2018-11-30": "-697.57000", "2018-08-31": 1132.515, "2018-05-31": 333.766, "2018-02-28": -86.632, "2017-11-30": "-445.14900", "2017-08-31": 744.652, "2017-05-31": 143.346, "2017-02-28": -838.196, "2016-11-30": "-828.55100", "2016-08-31": 1407.731, "2016-05-31": 463.219, "2016-02-29": -38.534, "2015-11-30": "-1287.57300", "2015-08-31": 334.577, "2015-05-31": -35.211, "2015-02-28": -410.947, "2014-11-30": "-448.95800", "2014-08-31": 872.446, "2014-05-31": 368.585, "2014-02-28": -846.924, "2013-11-30": "-1104.68700", "2013-08-31": -306.2, "2013-05-31": 301.999, "2013-02-28": -42.806, "2012-11-30": "-961.63400", "2012-08-31": 1011.867, "2012-05-31": 59.913, "2012-02-29": 476.84, "2011-11-30": "-609.17200", "2011-08-31": 444.394, "2011-05-31": 579.14, "2011-02-28": 517.092, "2010-11-30": "-677.84000", "2010-08-31": 526.181, "2010-05-31": 197.36, "2010-02-28": 114.688, "2009-11-30": "-541.59900", "2009-08-31": 539.203, "2009-05-31": 1024.459, "2009-02-28": 195.039, "2008-11-30": "-819.79900", "2008-08-31": 276.337, "2008-05-31": 742.284, "2008-02-29": 111.766, "2007-11-30": "-842.02300", "2007-08-31": 220.762, "2007-05-31": 133.695, "2007-02-28": 522.409, "2006-11-30": "-629.45800", "2006-08-31": 273.272, "2006-05-31": 759.682, "2006-02-28": 348.037, "2005-11-30": "-797.99300", "2005-08-31": -289.041, "2005-05-31": -287.172, "2005-02-28": 507.245}, "Stock-Based Compensation": {"2020-11-30": "311.32100", "2020-08-31": 259.706, "2020-05-31": 290.866, "2020-02-29": 372.305, "2019-11-30": "274.92900", "2019-08-31": 236.301, "2019-05-31": 263.674, "2019-02-28": 346.762, "2018-11-30": "246.51600", "2018-08-31": 225.082, "2018-05-31": 245.9, "2018-02-28": 293.035, "2017-11-30": "212.89100", "2017-08-31": 183.298, "2017-05-31": 209.614, "2017-02-28": 252.527, "2016-11-30": "149.79600", "2016-08-31": 173.532, "2016-05-31": 226.929, "2016-02-29": 228.532, "2015-11-30": "129.18300", "2015-08-31": 148.638, "2015-05-31": 195.576, "2015-02-28": 207.2, "2014-11-30": "128.91500", "2014-08-31": 151.312, "2014-05-31": 186.303, "2014-02-28": 206.78, "2013-11-30": "126.90600", "2013-08-31": 142.561, "2013-05-31": 174.713, "2013-02-28": 184.434, "2012-11-30": "114.17000", "2012-08-31": 125.697, "2012-05-31": 150.872, "2012-02-29": 160.959, "2011-11-30": "100.55800", "2011-08-31": 106.419, "2011-05-31": 125.53, "2011-02-28": 133.092, "2010-11-30": "85.09600", "2010-08-31": 99.193, "2010-05-31": 107.213, "2010-02-28": 120.811, "2009-11-30": "98.60500", "2009-08-31": 109.988, "2009-05-31": 120.735, "2009-02-28": 134.977, "2008-11-30": "87.12300", "2008-08-31": 95.254, "2008-05-31": 105.19, "2008-02-29": 104.904, "2007-11-30": "72.01700", "2007-08-31": 77.937, "2007-05-31": 82.234, "2007-02-28": 84.39, "2006-11-30": "62.23400", "2006-08-31": 70.354, "2006-05-31": 73.132, "2006-02-28": 76.566, "2005-11-30": "50.83200", "2005-08-31": 26.989, "2005-05-31": 23.48, "2005-02-28": 37.872}, "Common Stock Dividends Paid": {"2020-11-30": "-558.05200", "2020-08-31": -509.201, "2020-05-31": -508.913, "2020-02-29": -511.238, "2019-11-30": "-508.38100", "2019-08-31": 0, "2019-05-31": -931.515, "2019-02-28": 0, "2018-11-30": "-932.83800", "2018-08-31": 0, "2018-05-31": -855.11, "2018-02-28": 0, "2017-11-30": "-853.61400", "2017-08-31": 0, "2017-05-31": -782.451, "2017-02-28": 0, "2016-11-30": "-785.12700", "2016-08-31": 0, "2016-05-31": -717.462, "2016-02-29": 0, "2015-11-30": "-720.67600", "2015-08-31": 0, "2015-05-31": -674.735, "2015-02-28": 0, "2014-11-30": "-678.73600", "2014-08-31": 0, "2014-05-31": -624.682, "2014-02-28": 0, "2013-11-30": "-630.23400", "2013-08-31": 0, "2013-05-31": -561.603, "2013-02-28": 0, "2012-11-30": "-560.13500", "2012-08-31": 0, "2012-05-31": -475.961, "2012-02-29": 0, "2011-11-30": "-474.89600", "2011-08-31": 0, "2011-05-31": -322.992, "2011-02-28": 0, "2010-11-30": "-320.65000", "2010-08-31": 0, "2010-05-31": -272.706, "2010-02-28": 0, "2009-11-30": "-551.44200", "2009-08-31": 0, "2009-05-31": 0, "2009-02-28": 0, "2008-11-30": "-378.44600", "2008-08-31": 0, "2008-05-31": 0, "2008-02-29": 0, "2007-11-30": "-333.68500", "2007-08-31": 0, "2007-05-31": 0, "2007-02-28": 0, "2006-11-30": "-293.05900", "2006-08-31": 0, "2006-05-31": 0, "2006-02-28": 0, "2005-11-30": "-267.97300", "2005-08-31": 0, "2005-05-31": 0, "2005-02-28": 0}}, "financial ratios": {"Current Ratio": {"2020-08-31": "1.40170", "2019-08-31": "1.39670", "2018-08-31": "1.33820", "2017-08-31": "1.23140", "2016-08-31": "1.34880", "2015-08-31": "1.26020", "2014-08-31": "1.45920", "2013-08-31": "1.45130", "2012-08-31": "1.55230", "2011-08-31": "1.45080", "2010-08-31": "1.45620", "2009-08-31": "1.44100", "2008-08-31": "1.33750", "2007-08-31": "1.15870", "2006-08-31": "1.24570", "2005-08-31": "1.35570"}, "Long-term Debt / Capital": {"2020-08-31": "0.00310", "2019-08-31": "0.00110", "2018-08-31": "0.00180", "2017-08-31": "0.00230", "2016-08-31": "0.00300", "2015-08-31": "0.00380", "2014-08-31": "0.00420", "2013-08-31": "0.00470", "2012-08-31": "0.00000", "2011-08-31": "", "2010-08-31": "0.00040", "2009-08-31": "0.00010", "2008-08-31": "0.00070", "2007-08-31": "0.00120", "2006-08-31": "0.01410", "2005-08-31": "0.02530"}, "Debt/Equity Ratio": {"2020-08-31": "0.00350", "2019-08-31": "0.00150", "2018-08-31": "0.00230", "2017-08-31": "0.00260", "2016-08-31": "0.00330", "2015-08-31": "0.00410", "2014-08-31": "0.00430", "2013-08-31": "0.00470", "2012-08-31": "0.00000", "2011-08-31": "0.00100", "2010-08-31": "0.00050", "2009-08-31": "0.00030", "2008-08-31": "0.00330", "2007-08-31": "0.01280", "2006-08-31": "0.02740", "2005-08-31": "0.04430"}, "Gross Margin": {"2020-08-31": "31.52960", "2019-08-31": "30.81030", "2018-08-31": "30.47720", "2017-08-31": "30.60380", "2016-08-31": "29.53480", "2015-08-31": "29.80230", "2014-08-31": "30.38300", "2013-08-31": "30.87480", "2012-08-31": "30.18240", "2011-08-31": "30.66120", "2010-08-31": "31.39660", "2009-08-31": "29.52450", "2008-08-31": "28.38600", "2007-08-31": "28.16180", "2006-08-31": "27.39790", "2005-08-31": "29.78970"}, "Operating Margin": {"2020-08-31": "14.69450", "2019-08-31": "14.59000", "2018-08-31": "14.38990", "2017-08-31": "14.35010", "2016-08-31": "13.82400", "2015-08-31": "13.47700", "2014-08-31": "13.49190", "2013-08-31": "14.27470", "2012-08-31": "13.00140", "2011-08-31": "12.68770", "2010-08-31": "12.62160", "2009-08-31": "11.41030", "2008-08-31": "11.89700", "2007-08-31": "11.61910", "2006-08-31": "10.10000", "2005-08-31": "12.35050"}, "EBIT Margin": {"2020-08-31": "14.69450", "2019-08-31": "14.59000", "2018-08-31": "14.38990", "2017-08-31": "14.35010", "2016-08-31": "13.82400", "2015-08-31": "13.47700", "2014-08-31": "13.49190", "2013-08-31": "14.27470", "2012-08-31": "13.00140", "2011-08-31": "12.68770", "2010-08-31": "12.62160", "2009-08-31": "11.41030", "2008-08-31": "11.89700", "2007-08-31": "11.61910", "2006-08-31": "10.10000", "2005-08-31": "12.35050"}, "EBITDA Margin": {"2020-08-31": "18.69460", "2019-08-31": "16.65590", "2018-08-31": "16.65070", "2017-08-31": "16.56640", "2016-08-31": "15.91920", "2015-08-31": "15.43940", "2014-08-31": "15.43940", "2013-08-31": "16.22580", "2012-08-31": "14.99460", "2011-08-31": "14.56410", "2010-08-31": "14.67710", "2009-08-31": "13.56200", "2008-08-31": "13.83830", "2007-08-31": "13.69110", "2006-08-31": "12.03070", "2005-08-31": "14.00050"}, "Pre-Tax Profit Margin": {"2020-08-31": "15.28260", "2019-08-31": "14.46670", "2018-08-31": "14.16870", "2017-08-31": "12.75960", "2016-08-31": "16.10330", "2015-08-31": "13.40000", "2014-08-31": "13.48310", "2013-08-31": "14.27670", "2012-08-31": "13.11090", "2011-08-31": "12.83970", "2010-08-31": "12.61960", "2009-08-31": "11.55640", "2008-08-31": "12.27690", "2007-08-31": "12.20780", "2006-08-31": "10.55320", "2005-08-31": "12.90480"}, "Net Profit Margin": {"2020-08-31": "11.52310", "2019-08-31": "11.05890", "2018-08-31": "9.90400", "2017-08-31": "9.52310", "2016-08-31": "11.81660", "2015-08-31": "9.27730", "2014-08-31": "9.22830", "2013-08-31": "10.79770", "2012-08-31": "8.57520", "2011-08-31": "8.32700", "2010-08-31": "7.71040", "2009-08-31": "6.86190", "2008-08-31": "6.68310", "2007-08-31": "5.79480", "2006-08-31": "5.33960", "2005-08-31": "5.50160"}, "Asset Turnover": {"2020-08-31": "1.19550", "2019-08-31": "1.45070", "2018-08-31": "1.67660", "2017-08-31": "1.59440", "2016-08-31": "1.68850", "2015-08-31": "1.80820", "2014-08-31": "1.77770", "2013-08-31": "1.80200", "2012-08-31": "1.78680", "2011-08-31": "1.73870", "2010-08-31": "1.79930", "2009-08-31": "1.89060", "2008-08-31": "2.04170", "2007-08-31": "1.99610", "2006-08-31": "1.91930", "2005-08-31": "1.90840"}, "Inventory Turnover Ratio": {"2020-08-31": "", "2019-08-31": "", "2018-08-31": "", "2017-08-31": "", "2016-08-31": "", "2015-08-31": "", "2014-08-31": "", "2013-08-31": "", "2012-08-31": "", "2011-08-31": "", "2010-08-31": "", "2009-08-31": "", "2008-08-31": "", "2007-08-31": "", "2006-08-31": "", "2005-08-31": ""}, "Receiveable Turnover": {"2020-08-31": "5.64900", "2019-08-31": "5.33840", "2018-08-31": "5.46830", "2017-08-31": "5.25420", "2016-08-31": "5.59230", "2015-08-31": "5.74880", "2014-08-31": "5.62830", "2013-08-31": "6.27130", "2012-08-31": "6.64580", "2011-08-31": "5.91820", "2010-08-31": "6.30570", "2009-08-31": "6.89250", "2008-08-31": "5.60610", "2007-08-31": "5.79910", "2006-08-31": "5.87310", "2005-08-31": "5.50260"}, "Days Sales In Receivables": {"2020-08-31": "64.61330", "2019-08-31": "68.37210", "2018-08-31": "66.74810", "2017-08-31": "69.46760", "2016-08-31": "65.26810", "2015-08-31": "63.49130", "2014-08-31": "64.85140", "2013-08-31": "58.20170", "2012-08-31": "54.92180", "2011-08-31": "61.67370", "2010-08-31": "57.88430", "2009-08-31": "52.95640", "2008-08-31": "65.10750", "2007-08-31": "62.94100", "2006-08-31": "62.14770", "2005-08-31": "66.33240"}, "ROE - Return On Equity": {"2020-08-31": "29.63180", "2019-08-31": "32.68370", "2018-08-31": "39.29840", "2017-08-31": "37.43420", "2016-08-31": "53.11280", "2015-08-31": "49.24790", "2014-08-31": "50.52970", "2013-08-31": "65.48700", "2012-08-31": "61.08720", "2011-08-31": "58.68340", "2010-08-31": "62.92010", "2009-08-31": "57.23650", "2008-08-31": "86.48620", "2007-08-31": "60.24950", "2006-08-31": "51.38320", "2005-08-31": "55.42260"}, "Return On Tangible Equity": {"2020-08-31": "52.96890", "2019-08-31": "56.20690", "2018-08-31": "78.90160", "2017-08-31": "77.21010", "2016-08-31": "94.97070", "2015-08-31": "88.05860", "2014-08-31": "81.65590", "2013-08-31": "98.48380", "2012-08-31": "82.86590", "2011-08-31": "79.32070", "2010-08-31": "84.67100", "2009-08-31": "75.67770", "2008-08-31": "129.20460", "2007-08-31": "87.57010", "2006-08-31": "71.22230", "2005-08-31": "71.33310"}, "ROA - Return On Assets": {"2020-08-31": "13.98470", "2019-08-31": "16.26810", "2018-08-31": "17.23830", "2017-08-31": "16.02010", "2016-08-31": "21.10540", "2015-08-31": "17.98520", "2014-08-31": "17.71270", "2013-08-31": "21.07380", "2012-08-31": "16.95090", "2011-08-31": "16.23010", "2010-08-31": "16.05310", "2009-08-31": "15.81420", "2008-08-31": "17.72140", "2007-08-31": "11.56720", "2006-08-31": "10.24830", "2005-08-31": "10.49950"}, "ROI - Return On Investment": {"2020-08-31": "29.54050", "2019-08-31": "32.64790", "2018-08-31": "39.22650", "2017-08-31": "37.34890", "2016-08-31": "52.95460", "2015-08-31": "49.05910", "2014-08-31": "50.31830", "2013-08-31": "65.17950", "2012-08-31": "61.08690", "2011-08-31": "58.68340", "2010-08-31": "62.89240", "2009-08-31": "57.23040", "2008-08-31": "86.42810", "2007-08-31": "60.17470", "2006-08-31": "50.65940", "2005-08-31": "54.01830"}, "Book Value Per Share": {"2020-08-31": "27.57110", "2019-08-31": "23.29990", "2018-08-31": "16.76530", "2017-08-31": "15.26550", "2016-08-31": "12.74430", "2015-08-31": "10.22650", "2014-08-31": "9.57320", "2013-08-31": "8.14560", "2012-08-31": "6.83330", "2011-08-31": "6.29830", "2010-08-31": "4.74580", "2009-08-31": "4.75010", "2008-08-31": "3.47440", "2007-08-31": "2.72010", "2006-08-31": "2.29440", "2005-08-31": "1.90340"}, "Operating Cash Flow Per Share": {"2020-08-31": 2.4896, "2019-08-31": 0.9952, "2018-08-31": 1.6673, "2017-08-31": 0.5401, "2016-08-31": 0.8368, "2015-08-31": 1.1178, "2014-08-31": 0.4044, "2013-08-31": -1.2218, "2012-08-31": 1.2214, "2011-08-31": 0.6002, "2010-08-31": 0.0146, "2009-08-31": 0.6142, "2008-08-31": 0.354, "2007-08-31": 0.0658, "2006-08-31": 1.0187, "2005-08-31": 1.9634}, "Free Cash Flow Per Share": {"2020-08-31": 2.486, "2019-08-31": 1.0188, "2018-08-31": 1.5035, "2017-08-31": 0.4963, "2016-08-31": 0.673, "2015-08-31": 1.0012, "2014-08-31": 0.4413, "2013-08-31": -1.2124, "2012-08-31": 1.2523, "2011-08-31": 0.3717, "2010-08-31": 0.0125, "2009-08-31": 0.6863, "2008-08-31": 0.3837, "2007-08-31": -0.0129, "2006-08-31": 1.0161, "2005-08-31": 1.6394}}, "financial ratios, quarterly": {"Current Ratio": {"2020-11-30": "1.45300", "2020-08-31": "1.40170", "2020-05-31": "1.36510", "2020-02-29": "1.37820", "2019-11-30": "1.39350", "2019-08-31": "1.39670", "2019-05-31": "1.34020", "2019-02-28": "1.35370", "2018-11-30": "1.33060", "2018-08-31": "1.33820", "2018-05-31": "1.29130", "2018-02-28": "1.31140", "2017-11-30": "1.24750", "2017-08-31": "1.23140", "2017-05-31": "1.22410", "2017-02-28": "1.28870", "2016-11-30": "1.23970", "2016-08-31": "1.34880", "2016-05-31": "1.41840", "2016-02-29": "1.41010", "2015-11-30": "1.25380", "2015-08-31": "1.26020", "2015-05-31": "1.40330", "2015-02-28": "1.46890", "2014-11-30": "1.42260", "2014-08-31": "1.45920", "2014-05-31": "1.46200", "2014-02-28": "1.45900", "2013-11-30": "1.44230", "2013-08-31": "1.45130", "2013-05-31": "1.58300", "2013-02-28": "1.63150", "2012-11-30": "1.50600", "2012-08-31": "1.55230", "2012-05-31": "1.50900", "2012-02-29": "1.53290", "2011-11-30": "1.45120", "2011-08-31": "1.45080", "2011-05-31": "1.51200", "2011-02-28": "1.55340", "2010-11-30": "1.46890", "2010-08-31": "1.45620", "2010-05-31": "1.51710", "2010-02-28": "1.51040", "2009-11-30": "1.44550", "2009-08-31": "1.44100", "2009-05-31": "1.45970", "2009-02-28": "1.37840", "2008-11-30": "1.29990", "2008-08-31": "1.33750", "2008-05-31": "1.31580", "2008-02-29": "1.25950", "2007-11-30": "1.26080", "2007-08-31": "1.15870", "2007-05-31": "1.20580", "2007-02-28": "1.24390", "2006-11-30": "1.21630", "2006-08-31": "1.24570", "2006-05-31": "1.21010", "2006-02-28": "1.17340", "2005-11-30": "1.18820", "2005-08-31": "1.35570", "2005-05-31": "1.40810", "2005-02-28": "1.48270"}, "Long-term Debt / Capital": {"2020-11-30": "0.00320", "2020-08-31": "0.00310", "2020-05-31": "0.00360", "2020-02-29": "0.00080", "2019-11-30": "0.00100", "2019-08-31": "0.00110", "2019-05-31": "0.00140", "2019-02-28": "0.00140", "2018-11-30": "0.00150", "2018-08-31": "0.00180", "2018-05-31": "0.00260", "2018-02-28": "0.00250", "2017-11-30": "0.00220", "2017-08-31": "0.00230", "2017-05-31": "0.00280", "2017-02-28": "0.00280", "2016-11-30": "0.00300", "2016-08-31": "0.00300", "2016-05-31": "0.00350", "2016-02-29": "0.00360", "2015-11-30": "0.00400", "2015-08-31": "0.00380", "2015-05-31": "0.00420", "2015-02-28": "0.00410", "2014-11-30": "0.00440", "2014-08-31": "0.00420", "2014-05-31": "0.00430", "2014-02-28": "0.00450", "2013-11-30": "0.00480", "2013-08-31": "0.00470", "2013-05-31": "", "2013-02-28": "0.00000", "2012-11-30": "0.00000", "2012-08-31": "0.00000", "2012-05-31": "0.00000", "2012-02-29": "0.00020", "2011-11-30": "0.00040", "2011-08-31": "", "2011-05-31": "", "2011-02-28": "0.00100", "2010-11-30": "", "2010-08-31": "0.00040", "2010-05-31": "0.00010", "2010-02-28": "0.00010", "2009-11-30": "0.00030", "2009-08-31": "0.00010", "2009-05-31": "0.00020", "2009-02-28": "0.00020", "2008-11-30": "0.00060", "2008-08-31": "0.00070", "2008-05-31": "0.00100", "2008-02-29": "0.00130", "2007-11-30": "0.00110", "2007-08-31": "0.00120", "2007-05-31": "0.00170", "2007-02-28": "0.00220", "2006-11-30": "0.00300", "2006-08-31": "0.01410", "2006-05-31": "0.01700", "2006-02-28": "0.02360", "2005-11-30": "0.02610", "2005-08-31": "0.02530", "2005-05-31": "0.02510", "2005-02-28": "0.01910"}, "Debt/Equity Ratio": {"2020-11-30": "0.00370", "2020-08-31": "0.00350", "2020-05-31": "0.00420", "2020-02-29": "0.00120", "2019-11-30": "0.00130", "2019-08-31": "0.00150", "2019-05-31": "0.00170", "2019-02-28": "0.00180", "2018-11-30": "0.00190", "2018-08-31": "0.00230", "2018-05-31": "0.00280", "2018-02-28": "0.00280", "2017-11-30": "0.00250", "2017-08-31": "0.00260", "2017-05-31": "0.00310", "2017-02-28": "0.00320", "2016-11-30": "0.00340", "2016-08-31": "0.00330", "2016-05-31": "0.00370", "2016-02-29": "0.00390", "2015-11-30": "0.00430", "2015-08-31": "0.00410", "2015-05-31": "0.00420", "2015-02-28": "0.00420", "2014-11-30": "0.00450", "2014-08-31": "0.00430", "2014-05-31": "0.00430", "2014-02-28": "0.00460", "2013-11-30": "0.00480", "2013-08-31": "0.00470", "2013-05-31": "", "2013-02-28": "0.00000", "2012-11-30": "0.00000", "2012-08-31": "0.00000", "2012-05-31": "0.00120", "2012-02-29": "0.00120", "2011-11-30": "0.00150", "2011-08-31": "0.00100", "2011-05-31": "0.00110", "2011-02-28": "0.00110", "2010-11-30": "0.00010", "2010-08-31": "0.00050", "2010-05-31": "0.00020", "2010-02-28": "0.00010", "2009-11-30": "0.00080", "2009-08-31": "0.00030", "2009-05-31": "0.00060", "2009-02-28": "0.00060", "2008-11-30": "0.00120", "2008-08-31": "0.00330", "2008-05-31": "0.00270", "2008-02-29": "0.00440", "2007-11-30": "0.00430", "2007-08-31": "0.01280", "2007-05-31": "0.01500", "2007-02-28": "0.01520", "2006-11-30": "0.01830", "2006-08-31": "0.02740", "2006-05-31": "0.03400", "2006-02-28": "0.04520", "2005-11-30": "0.04610", "2005-08-31": "0.04430", "2005-05-31": "0.04040", "2005-02-28": "0.04360"}, "Gross Margin": {"2020-11-30": "33.14260", "2020-08-31": "31.75320", "2020-05-31": "32.10440", "2020-02-29": "30.15010", "2019-11-30": "32.11350", "2019-08-31": "31.06660", "2019-05-31": "31.78740", "2019-02-28": "29.21670", "2018-11-30": "31.09150", "2018-08-31": "30.82310", "2018-05-31": "31.15490", "2018-02-28": "28.85730", "2017-11-30": "31.00020", "2017-08-31": "32.34190", "2017-05-31": "31.09650", "2017-02-28": "28.57910", "2016-11-30": "30.31480", "2016-08-31": "29.61930", "2016-05-31": "29.98710", "2016-02-29": "28.22200", "2015-11-30": "30.26840", "2015-08-31": "29.94090", "2015-05-31": "30.51220", "2015-02-28": "28.24960", "2014-11-30": "30.43520", "2014-08-31": "29.86000", "2014-05-31": "30.78040", "2014-02-28": "29.47010", "2013-11-30": "31.40310", "2013-08-31": "31.22400", "2013-05-31": "31.63000", "2013-02-28": "29.76470", "2012-11-30": "30.85790", "2012-08-31": "30.85630", "2012-05-31": "31.02960", "2012-02-29": "29.15170", "2011-11-30": "29.66810", "2011-08-31": "30.88050", "2011-05-31": "32.05880", "2011-02-28": "29.51260", "2010-11-30": "30.01580", "2010-08-31": "31.62680", "2010-05-31": "32.32620", "2010-02-28": "30.52340", "2009-11-30": "31.03780", "2009-08-31": "30.15850", "2009-05-31": "30.17020", "2009-02-28": "28.67530", "2008-11-30": "29.17510", "2008-08-31": "29.03170", "2008-05-31": "29.16160", "2008-02-29": "27.28880", "2007-11-30": "27.94310", "2007-08-31": "28.60630", "2007-05-31": "29.03920", "2007-02-28": "27.18070", "2006-11-30": "27.72250", "2006-08-31": "30.78970", "2006-05-31": "30.25570", "2006-02-28": "19.34170", "2005-11-30": "29.06240", "2005-08-31": "30.01530", "2005-05-31": "31.33920", "2005-02-28": "27.85730"}, "Operating Margin": {"2020-11-30": "16.07410", "2020-08-31": "14.25630", "2020-05-31": "15.58260", "2020-02-29": "13.36400", "2019-11-30": "15.55830", "2019-08-31": "14.21440", "2019-05-31": "15.47740", "2019-02-28": "13.26390", "2018-11-30": "15.36000", "2018-08-31": "13.99170", "2018-05-31": "15.28640", "2018-02-28": "13.07920", "2017-11-30": "15.15710", "2017-08-31": "20.49600", "2017-05-31": "9.24930", "2017-02-28": "12.99510", "2016-11-30": "14.79030", "2016-08-31": "13.33100", "2016-05-31": "14.56060", "2016-02-29": "12.95750", "2015-11-30": "14.42550", "2015-08-31": "13.07440", "2015-05-31": "13.69800", "2015-02-28": "12.87300", "2014-11-30": "14.23560", "2014-08-31": "13.05580", "2014-05-31": "14.30510", "2014-02-28": "12.57070", "2013-11-30": "13.98900", "2013-08-31": "13.06980", "2013-05-31": "14.81550", "2013-02-28": "15.54090", "2012-11-30": "13.67590", "2012-08-31": "12.90230", "2012-05-31": "13.88290", "2012-02-29": "12.24960", "2011-11-30": "12.92820", "2011-08-31": "12.85920", "2011-05-31": "13.17840", "2011-02-28": "11.87720", "2010-11-30": "12.76490", "2010-08-31": "12.23420", "2010-05-31": "13.45210", "2010-02-28": "11.75500", "2009-11-30": "12.98620", "2009-08-31": "7.62130", "2009-05-31": "13.22010", "2009-02-28": "11.97450", "2008-11-30": "12.59190", "2008-08-31": "11.96420", "2008-05-31": "13.07640", "2008-02-29": "10.53310", "2007-11-30": "11.90440", "2007-08-31": "11.52100", "2007-05-31": "12.29380", "2007-02-28": "10.82130", "2006-11-30": "11.79930", "2006-08-31": "11.41660", "2006-05-31": "14.36170", "2006-02-28": "3.05740", "2005-11-30": "11.28230", "2005-08-31": "11.81670", "2005-05-31": "14.94010", "2005-02-28": "11.19330"}, "EBIT Margin": {"2020-11-30": "16.07410", "2020-08-31": "14.25630", "2020-05-31": "15.58260", "2020-02-29": "13.36400", "2019-11-30": "15.55830", "2019-08-31": "14.21440", "2019-05-31": "15.47740", "2019-02-28": "13.26390", "2018-11-30": "15.36000", "2018-08-31": "13.99170", "2018-05-31": "15.28640", "2018-02-28": "13.07920", "2017-11-30": "15.15710", "2017-08-31": "20.49600", "2017-05-31": "9.24930", "2017-02-28": "12.99510", "2016-11-30": "14.79030", "2016-08-31": "13.33090", "2016-05-31": "14.56060", "2016-02-29": "12.95750", "2015-11-30": "14.42550", "2015-08-31": "13.07440", "2015-05-31": "13.69800", "2015-02-28": "12.87300", "2014-11-30": "14.23560", "2014-08-31": "13.05580", "2014-05-31": "14.30510", "2014-02-28": "12.57070", "2013-11-30": "13.98900", "2013-08-31": "13.06980", "2013-05-31": "14.81550", "2013-02-28": "15.54090", "2012-11-30": "13.67590", "2012-08-31": "12.90220", "2012-05-31": "13.88290", "2012-02-29": "12.24960", "2011-11-30": "12.92820", "2011-08-31": "12.85920", "2011-05-31": "13.17840", "2011-02-28": "11.87720", "2010-11-30": "12.76490", "2010-08-31": "12.23430", "2010-05-31": "13.45210", "2010-02-28": "11.75500", "2009-11-30": "12.98620", "2009-08-31": "7.62130", "2009-05-31": "13.22010", "2009-02-28": "11.97450", "2008-11-30": "12.59190", "2008-08-31": "11.96420", "2008-05-31": "13.07640", "2008-02-29": "10.53310", "2007-11-30": "11.90440", "2007-08-31": "11.52100", "2007-05-31": "12.29380", "2007-02-28": "10.82130", "2006-11-30": "11.79930", "2006-08-31": "11.41670", "2006-05-31": "14.36170", "2006-02-28": "3.05740", "2005-11-30": "11.28230", "2005-08-31": "11.81670", "2005-05-31": "14.94010", "2005-02-28": "11.19330"}, "EBITDA Margin": {"2020-11-30": "", "2020-08-31": "", "2020-05-31": "", "2020-02-29": "", "2019-11-30": "", "2019-08-31": "", "2019-05-31": "", "2019-02-28": "", "2018-11-30": "", "2018-08-31": "", "2018-05-31": "", "2018-02-28": "", "2017-11-30": "", "2017-08-31": "", "2017-05-31": "", "2017-02-28": "", "2016-11-30": "", "2016-08-31": "", "2016-05-31": "", "2016-02-29": "", "2015-11-30": "", "2015-08-31": "", "2015-05-31": "", "2015-02-28": "", "2014-11-30": "", "2014-08-31": "", "2014-05-31": "", "2014-02-28": "", "2013-11-30": "", "2013-08-31": "", "2013-05-31": "", "2013-02-28": "", "2012-11-30": "", "2012-08-31": "", "2012-05-31": "", "2012-02-29": "", "2011-11-30": "", "2011-08-31": "", "2011-05-31": "", "2011-02-28": "", "2010-11-30": "", "2010-08-31": "", "2010-05-31": "", "2010-02-28": "", "2009-11-30": "", "2009-08-31": "", "2009-05-31": "", "2009-02-28": "", "2008-11-30": "", "2008-08-31": "", "2008-05-31": "", "2008-02-29": "", "2007-11-30": "", "2007-08-31": "", "2007-05-31": "", "2007-02-28": "", "2006-11-30": "", "2006-08-31": "", "2006-05-31": "", "2006-02-28": "", "2005-11-30": "", "2005-08-31": "", "2005-05-31": "", "2005-02-28": ""}, "Pre-Tax Profit Margin": {"2020-11-30": "16.89200", "2020-08-31": "16.45880", "2020-05-31": "15.29180", "2020-02-29": "13.54890", "2019-11-30": "15.85220", "2019-08-31": "14.11720", "2019-05-31": "15.35460", "2019-02-28": "13.16470", "2018-11-30": "15.18530", "2018-08-31": "13.86730", "2018-05-31": "15.07770", "2018-02-28": "12.56200", "2017-11-30": "15.11610", "2017-08-31": "14.27270", "2017-05-31": "9.34510", "2017-02-28": "12.76520", "2016-11-30": "14.78100", "2016-08-31": "16.27240", "2016-05-31": "14.42410", "2016-02-29": "19.32340", "2015-11-30": "14.50940", "2015-08-31": "12.92920", "2015-05-31": "13.68080", "2015-02-28": "12.67040", "2014-11-30": "14.28720", "2014-08-31": "13.16100", "2014-05-31": "14.27080", "2014-02-28": "12.55540", "2013-11-30": "13.89260", "2013-08-31": "12.82270", "2013-05-31": "14.87540", "2013-02-28": "15.76540", "2012-11-30": "13.64700", "2012-08-31": "12.98190", "2012-05-31": "13.95740", "2012-02-29": "12.37690", "2011-11-30": "13.08490", "2011-08-31": "13.03860", "2011-05-31": "13.29540", "2011-02-28": "11.91680", "2010-11-30": "13.03800", "2010-08-31": "12.28500", "2010-05-31": "13.44290", "2010-02-28": "11.54590", "2009-11-30": "13.13750", "2009-08-31": "7.67390", "2009-05-31": "13.50410", "2009-02-28": "12.35450", "2008-11-30": "12.49530", "2008-08-31": "12.29800", "2008-05-31": "13.31400", "2008-02-29": "10.72330", "2007-11-30": "12.67610", "2007-08-31": "12.27790", "2007-05-31": "12.79630", "2007-02-28": "11.29890", "2006-11-30": "12.41040", "2006-08-31": "11.98780", "2006-05-31": "14.81450", "2006-02-28": "3.60560", "2005-11-30": "11.52790", "2005-08-31": "12.58910", "2005-05-31": "15.30600", "2005-02-28": "11.64420"}, "Net Profit Margin": {"2020-11-30": "12.75510", "2020-08-31": "11.88650", "2020-05-31": "11.17430", "2020-02-29": "11.08230", "2019-11-30": "11.94620", "2019-08-31": "10.22490", "2019-05-31": "11.25720", "2019-02-28": "10.75600", "2018-11-30": "12.01940", "2018-08-31": "9.80130", "2018-05-31": "9.75240", "2018-02-28": "8.71610", "2017-11-30": "11.36810", "2017-08-31": "10.30080", "2017-05-31": "7.15490", "2017-02-28": "9.57240", "2016-11-30": "11.15390", "2016-08-31": "11.92590", "2016-05-31": "10.00380", "2016-02-29": "15.79750", "2015-11-30": "9.67280", "2015-08-31": "8.81850", "2015-05-31": "9.59140", "2015-02-28": "8.70850", "2014-11-30": "9.96650", "2014-08-31": "8.47940", "2014-05-31": "9.91890", "2014-02-28": "8.87080", "2013-11-30": "9.63940", "2013-08-31": "8.91700", "2013-05-31": "10.51200", "2013-02-28": "14.70380", "2012-11-30": "9.11340", "2012-08-31": "7.93440", "2012-05-31": "9.02030", "2012-02-29": "8.86970", "2011-11-30": "8.46060", "2011-08-31": "8.52980", "2011-05-31": "8.71710", "2011-02-28": "7.74310", "2010-11-30": "8.25410", "2010-08-31": "7.63720", "2010-05-31": "8.21010", "2010-02-28": "7.21870", "2009-11-30": "7.73910", "2009-08-31": "4.62620", "2009-05-31": "8.01770", "2009-02-28": "7.27230", "2008-11-30": "7.41610", "2008-08-31": "6.62730", "2008-05-31": "7.11470", "2008-02-29": "6.71150", "2007-11-30": "6.24860", "2007-08-31": "5.68410", "2007-05-31": "6.23050", "2007-02-28": "5.74000", "2006-11-30": "5.50160", "2006-08-31": "7.89360", "2006-05-31": "7.12260", "2006-02-28": "1.55150", "2005-11-30": "4.73120", "2005-08-31": "5.31750", "2005-05-31": "6.78760", "2005-02-28": "4.97550"}, "Asset Turnover": {"2020-11-30": "0.30740", "2020-08-31": "0.29220", "2020-05-31": "0.31350", "2020-02-29": "0.33250", "2019-11-30": "0.34240", "2019-08-31": "0.37110", "2019-05-31": "0.39420", "2019-02-28": "0.38170", "2018-11-30": "0.39710", "2018-08-31": "0.42960", "2018-05-31": "0.46000", "2018-02-28": "0.42840", "2017-11-30": "0.43020", "2017-08-31": "0.39900", "2017-05-31": "0.44270", "2017-02-28": "0.43640", "2016-11-30": "0.44050", "2016-08-31": "0.43500", "2016-05-31": "0.46740", "2016-02-29": "0.46270", "2015-11-30": "0.47050", "2015-08-31": "0.45950", "2015-05-31": "0.47810", "2015-02-28": "0.46680", "2014-11-30": "0.47320", "2014-08-31": "0.46110", "2014-05-31": "0.48460", "2014-02-28": "0.46260", "2013-11-30": "0.47230", "2013-08-31": "0.44610", "2013-05-31": "0.46650", "2013-02-28": "0.45810", "2012-11-30": "0.46730", "2012-08-31": "0.43730", "2012-05-31": "0.49180", "2012-02-29": "0.45920", "2011-11-30": "0.49630", "2011-08-31": "0.45600", "2011-05-31": "0.48340", "2011-02-28": "0.46760", "2010-11-30": "0.50340", "2010-08-31": "0.45450", "2010-05-31": "0.50140", "2010-02-28": "0.46580", "2009-11-30": "0.47170", "2009-08-31": "0.44920", "2009-05-31": "0.46820", "2009-02-28": "0.53590", "2008-11-30": "0.59190", "2008-08-31": "0.52920", "2008-05-31": "0.55320", "2008-02-29": "0.55530", "2007-11-30": "0.56780", "2007-08-31": "0.51860", "2007-05-31": "0.55170", "2007-02-28": "0.54100", "2006-11-30": "0.56070", "2006-08-31": "0.46210", "2006-05-31": "0.53330", "2006-02-28": "0.55280", "2005-11-30": "0.55930", "2005-08-31": "0.48110", "2005-05-31": "0.49530", "2005-02-28": "0.45130"}, "Inventory Turnover Ratio": {"2020-11-30": "", "2020-08-31": "", "2020-05-31": "", "2020-02-29": "", "2019-11-30": "", "2019-08-31": "", "2019-05-31": "", "2019-02-28": "", "2018-11-30": "", "2018-08-31": "", "2018-05-31": "", "2018-02-28": "", "2017-11-30": "", "2017-08-31": "", "2017-05-31": "", "2017-02-28": "", "2016-11-30": "", "2016-08-31": "", "2016-05-31": "", "2016-02-29": "", "2015-11-30": "", "2015-08-31": "", "2015-05-31": "", "2015-02-28": "", "2014-11-30": "", "2014-08-31": "", "2014-05-31": "", "2014-02-28": "", "2013-11-30": "", "2013-08-31": "", "2013-05-31": "", "2013-02-28": "", "2012-11-30": "", "2012-08-31": "", "2012-05-31": "", "2012-02-29": "", "2011-11-30": "", "2011-08-31": "", "2011-05-31": "", "2011-02-28": "", "2010-11-30": "", "2010-08-31": "", "2010-05-31": "", "2010-02-28": "", "2009-11-30": "", "2009-08-31": "", "2009-05-31": "", "2009-02-28": "", "2008-11-30": "", "2008-08-31": "", "2008-05-31": "", "2008-02-29": "", "2007-11-30": "", "2007-08-31": "", "2007-05-31": "", "2007-02-28": "", "2006-11-30": "", "2006-08-31": "", "2006-05-31": "", "2006-02-28": "", "2005-11-30": "", "2005-08-31": "", "2005-05-31": "", "2005-02-28": ""}, "Receiveable Turnover": {"2020-11-30": "1.37610", "2020-08-31": "1.38080", "2020-05-31": "1.31700", "2020-02-29": "1.30800", "2019-11-30": "1.32430", "2019-08-31": "1.36570", "2019-05-31": "1.36460", "2019-02-28": "1.28250", "2018-11-30": "1.32190", "2018-08-31": "1.40120", "2018-05-31": "1.43620", "2018-02-28": "1.31920", "2017-11-30": "1.32530", "2017-08-31": "1.31470", "2017-05-31": "1.38790", "2017-02-28": "1.33490", "2016-11-30": "1.39210", "2016-08-31": "1.44090", "2016-05-31": "1.39260", "2016-02-29": "1.39800", "2015-11-30": "1.40500", "2015-08-31": "1.46090", "2015-05-31": "1.49150", "2015-02-28": "1.46170", "2014-11-30": "1.47540", "2014-08-31": "1.45980", "2014-05-31": "1.47940", "2014-02-28": "1.42280", "2013-11-30": "1.49060", "2013-08-31": "1.55260", "2013-05-31": "1.58920", "2013-02-28": "1.50590", "2012-11-30": "1.53680", "2012-08-31": "1.62660", "2012-05-31": "1.63280", "2012-02-29": "1.52050", "2011-11-30": "1.57610", "2011-08-31": "1.55220", "2011-05-31": "1.53410", "2011-02-28": "1.46130", "2010-11-30": "1.54190", "2010-08-31": "1.59270", "2010-05-31": "1.69930", "2010-02-28": "1.54260", "2009-11-30": "1.51460", "2009-08-31": "1.63770", "2009-05-31": "1.47880", "2009-02-28": "1.56030", "2008-11-30": "1.56120", "2008-08-31": "1.45300", "2008-05-31": "1.47880", "2008-02-29": "1.46060", "2007-11-30": "1.45340", "2007-08-31": "1.50660", "2007-05-31": "1.40070", "2007-02-28": "1.38350", "2006-11-30": "1.35690", "2006-08-31": "1.41410", "2006-05-31": "1.44270", "2006-02-28": "1.40440", "2005-11-30": "1.38240", "2005-08-31": "1.38710", "2005-05-31": "1.35240", "2005-02-28": "1.28720"}, "Days Sales In Receivables": {"2020-11-30": "65.40400", "2020-08-31": "65.17790", "2020-05-31": "68.33620", "2020-02-29": "68.80720", "2019-11-30": "67.96090", "2019-08-31": "65.89900", "2019-05-31": "65.95440", "2019-02-28": "70.17580", "2018-11-30": "68.08470", "2018-08-31": "64.23020", "2018-05-31": "62.66510", "2018-02-28": "68.22090", "2017-11-30": "67.90720", "2017-08-31": "68.45500", "2017-05-31": "64.84650", "2017-02-28": "67.42050", "2016-11-30": "64.64980", "2016-08-31": "62.46290", "2016-05-31": "64.62710", "2016-02-29": "64.37850", "2015-11-30": "64.05730", "2015-08-31": "61.60410", "2015-05-31": "60.34180", "2015-02-28": "61.57100", "2014-11-30": "60.99840", "2014-08-31": "61.65240", "2014-05-31": "60.83670", "2014-02-28": "63.25510", "2013-11-30": "60.37830", "2013-08-31": "57.96570", "2013-05-31": "56.63330", "2013-02-28": "59.76410", "2012-11-30": "58.56160", "2012-08-31": "55.33060", "2012-05-31": "55.11860", "2012-02-29": "59.19260", "2011-11-30": "57.10270", "2011-08-31": "57.98120", "2011-05-31": "58.66660", "2011-02-28": "61.58790", "2010-11-30": "58.36930", "2010-08-31": "56.50850", "2010-05-31": "52.96160", "2010-02-28": "58.34260", "2009-11-30": "59.42100", "2009-08-31": "54.95660", "2009-05-31": "60.86050", "2009-02-28": "57.68300", "2008-11-30": "57.64620", "2008-08-31": "61.93920", "2008-05-31": "60.85860", "2008-02-29": "61.61870", "2007-11-30": "61.92560", "2007-08-31": "59.73790", "2007-05-31": "64.25320", "2007-02-28": "65.05200", "2006-11-30": "66.33000", "2006-08-31": "63.64520", "2006-05-31": "62.38450", "2006-02-28": "64.08620", "2005-11-30": "65.10640", "2005-08-31": "64.88550", "2005-05-31": "66.54840", "2005-02-28": "69.92050"}, "ROE - Return On Equity": {"2020-11-30": "8.26030", "2020-08-31": "7.45990", "2020-05-31": "7.59930", "2020-02-29": "7.86440", "2019-11-30": "8.81450", "2019-08-31": "7.72570", "2019-05-31": "8.97020", "2019-02-28": "8.30910", "2018-11-30": "9.89100", "2018-08-31": "9.77540", "2018-05-31": "10.42220", "2018-02-28": "8.80920", "2017-11-30": "12.01340", "2017-08-31": "10.12520", "2017-05-31": "7.93990", "2017-02-28": "10.29820", "2016-11-30": "13.19060", "2016-08-31": "13.80790", "2016-05-31": "12.33080", "2016-02-29": "18.98500", "2015-11-30": "13.56170", "2015-08-31": "11.85580", "2015-05-31": "13.14880", "2015-02-28": "11.34710", "2014-11-30": "14.83030", "2014-08-31": "12.09430", "2014-05-31": "14.34940", "2014-02-28": "12.48260", "2013-11-30": "14.98540", "2013-08-31": "13.40000", "2013-05-31": "15.04400", "2013-02-28": "19.98530", "2012-11-30": "15.33910", "2012-08-31": "13.75640", "2012-05-31": "16.62630", "2012-02-29": "14.30340", "2011-11-30": "16.86950", "2011-08-31": "15.69490", "2011-05-31": "16.73840", "2011-02-28": "13.97680", "2010-11-30": "18.28860", "2010-08-31": "15.58190", "2010-05-31": "16.28010", "2010-02-28": "13.42320", "2009-11-30": "15.83640", "2009-08-31": "9.03600", "2009-05-31": "18.19100", "2009-02-28": "21.05730", "2008-11-30": "28.62810", "2008-08-31": "37.01060", "2008-05-31": "19.03530", "2008-02-29": "19.45120", "2007-11-30": "19.41950", "2007-08-31": "15.35350", "2007-05-31": "18.39130", "2007-02-28": "15.42120", "2006-11-30": "16.48650", "2006-08-31": "18.28930", "2006-05-31": "23.08470", "2006-02-28": "6.00120", "2005-11-30": "18.44240", "2005-08-31": "13.50300", "2005-05-31": "17.23640", "2005-02-28": "11.11680"}, "Return On Tangible Equity": {"2020-11-30": "14.77900", "2020-08-31": "13.33510", "2020-05-31": "13.69150", "2020-02-29": "13.57700", "2019-11-30": "14.78480", "2019-08-31": "13.28610", "2019-05-31": "15.73200", "2019-02-28": "14.35650", "2018-11-30": "17.14250", "2018-08-31": "19.62660", "2018-05-31": "21.69460", "2018-02-28": "17.84740", "2017-11-30": "24.68450", "2017-08-31": "20.88370", "2017-05-31": "16.52270", "2017-02-28": "20.20450", "2016-11-30": "26.32660", "2016-08-31": "24.68980", "2016-05-31": "22.79730", "2016-02-29": "36.15250", "2015-11-30": "30.12510", "2015-08-31": "21.19910", "2015-05-31": "22.39180", "2015-02-28": "18.07350", "2014-11-30": "24.66760", "2014-08-31": "19.54440", "2014-05-31": "23.26380", "2014-02-28": "20.78930", "2013-11-30": "23.28880", "2013-08-31": "20.15180", "2013-05-31": "20.15310", "2013-02-28": "26.37630", "2012-11-30": "21.23530", "2012-08-31": "18.66080", "2012-05-31": "22.55290", "2012-02-29": "18.99100", "2011-11-30": "23.77370", "2011-08-31": "21.21440", "2011-05-31": "21.89350", "2011-02-28": "18.36280", "2010-11-30": "25.06570", "2010-08-31": "20.96840", "2010-05-31": "21.21590", "2010-02-28": "17.58120", "2009-11-30": "21.20350", "2009-08-31": "11.94730", "2009-05-31": "25.00520", "2009-02-28": "31.12800", "2008-11-30": "46.15310", "2008-08-31": "55.29140", "2008-05-31": "28.46990", "2008-02-29": "31.06090", "2007-11-30": "29.94970", "2007-08-31": "22.31570", "2007-05-31": "25.59140", "2007-02-28": "20.90220", "2006-11-30": "23.75180", "2006-08-31": "25.35070", "2006-05-31": "33.78170", "2006-02-28": "9.20680", "2005-11-30": "27.22240", "2005-08-31": "17.37940", "2005-05-31": "19.87720", "2005-02-28": "12.75940"}, "ROA - Return On Assets": {"2020-11-30": "3.97730", "2020-08-31": "3.52070", "2020-05-31": "3.57310", "2020-02-29": "3.73720", "2019-11-30": "4.14570", "2019-08-31": "3.84540", "2019-05-31": "4.50570", "2019-02-28": "4.16470", "2018-11-30": "4.83530", "2018-08-31": "4.28800", "2018-05-31": "4.55100", "2018-02-28": "3.97500", "2017-11-30": "5.17340", "2017-08-31": "4.33310", "2017-05-31": "3.33470", "2017-02-28": "4.41860", "2016-11-30": "5.18370", "2016-08-31": "5.48680", "2016-05-31": "4.95170", "2016-02-29": "7.71370", "2015-11-30": "4.82760", "2015-08-31": "4.32970", "2015-05-31": "4.91210", "2015-02-28": "4.37390", "2014-11-30": "5.06090", "2014-08-31": "4.23950", "2014-05-31": "5.18640", "2014-02-28": "4.41600", "2013-11-30": "4.91430", "2013-08-31": "4.31210", "2013-05-31": "5.28970", "2013-02-28": "7.25670", "2012-11-30": "4.66860", "2012-08-31": "3.81720", "2012-05-31": "4.91010", "2012-02-29": "4.51790", "2011-11-30": "4.65480", "2011-08-31": "4.34070", "2011-05-31": "4.69050", "2011-02-28": "4.07200", "2010-11-30": "4.70560", "2010-08-31": "3.97550", "2010-05-31": "4.72840", "2010-02-28": "3.88460", "2009-11-30": "4.30700", "2009-08-31": "2.49660", "2009-05-31": "4.53620", "2009-02-28": "4.75880", "2008-11-30": "5.42650", "2008-08-31": "7.58360", "2008-05-31": "3.93620", "2008-02-29": "3.72700", "2007-11-30": "3.54770", "2007-08-31": "2.94770", "2007-05-31": "3.43720", "2007-02-28": "3.10560", "2006-11-30": "3.08460", "2006-08-31": "3.64780", "2006-05-31": "3.79820", "2006-02-28": "0.85760", "2005-11-30": "2.64600", "2005-08-31": "2.55810", "2005-05-31": "3.36210", "2005-02-28": "2.24540"}, "ROI - Return On Investment": {"2020-11-30": "8.23350", "2020-08-31": "7.43690", "2020-05-31": "7.57160", "2020-02-29": "7.85790", "2019-11-30": "8.80550", "2019-08-31": "7.71730", "2019-05-31": "8.95760", "2019-02-28": "8.29720", "2018-11-30": "9.87590", "2018-08-31": "9.75750", "2018-05-31": "10.39570", "2018-02-28": "8.78740", "2017-11-30": "11.98650", "2017-08-31": "10.10210", "2017-05-31": "7.91790", "2017-02-28": "10.26900", "2016-11-30": "13.15040", "2016-08-31": "13.76680", "2016-05-31": "12.28810", "2016-02-29": "18.91600", "2015-11-30": "13.50730", "2015-08-31": "11.81040", "2015-05-31": "13.09370", "2015-02-28": "11.30040", "2014-11-30": "14.76450", "2014-08-31": "12.04370", "2014-05-31": "14.28770", "2014-02-28": "12.42610", "2013-11-30": "14.91390", "2013-08-31": "13.33710", "2013-05-31": "15.04400", "2013-02-28": "19.98520", "2012-11-30": "15.33910", "2012-08-31": "13.75630", "2012-05-31": "16.62610", "2012-02-29": "14.30000", "2011-11-30": "16.86310", "2011-08-31": "15.69490", "2011-05-31": "16.73840", "2011-02-28": "13.96260", "2010-11-30": "18.28860", "2010-08-31": "15.57500", "2010-05-31": "16.27920", "2010-02-28": "13.42240", "2009-11-30": "15.83230", "2009-08-31": "9.03500", "2009-05-31": "18.18680", "2009-02-28": "21.05270", "2008-11-30": "28.61150", "2008-08-31": "36.98580", "2008-05-31": "19.01610", "2008-02-29": "19.42620", "2007-11-30": "19.39910", "2007-08-31": "15.33450", "2007-05-31": "18.35980", "2007-02-28": "15.38720", "2006-11-30": "16.43780", "2006-08-31": "18.03160", "2006-05-31": "22.69300", "2006-02-28": "5.85970", "2005-11-30": "17.96160", "2005-08-31": "13.16090", "2005-05-31": "16.80340", "2005-02-28": "10.90460"}, "Book Value Per Share": {"2020-11-30": "29.05670", "2020-08-31": "27.57110", "2020-05-31": "25.89520", "2020-02-29": "24.96130", "2019-11-30": "24.54600", "2019-08-31": "23.29990", "2019-05-31": "22.17340", "2019-02-28": "21.49910", "2018-11-30": "20.46240", "2018-08-31": "16.76530", "2018-05-31": "15.82530", "2018-02-28": "16.37450", "2017-11-30": "15.57340", "2017-08-31": "15.26550", "2017-05-31": "13.89800", "2017-02-28": "13.43850", "2016-11-30": "12.51100", "2016-08-31": "12.74430", "2016-05-31": "11.95310", "2016-02-29": "11.40210", "2015-11-30": "9.87650", "2015-08-31": "10.22650", "2015-05-31": "9.93880", "2015-02-28": "10.02550", "2014-11-30": "9.19990", "2014-08-31": "9.57320", "2014-05-31": "9.31010", "2014-02-28": "8.73710", "2013-11-30": "8.16400", "2013-08-31": "8.14560", "2013-05-31": "8.58370", "2013-02-28": "8.71360", "2012-11-30": "7.32940", "2012-08-31": "6.83330", "2012-05-31": "6.70400", "2012-02-29": "7.22360", "2011-11-30": "6.09220", "2011-08-31": "6.29830", "2011-05-31": "5.99020", "2011-02-28": "5.76430", "2010-11-30": "4.75450", "2010-08-31": "4.74580", "2010-05-31": "4.90870", "2010-02-28": "4.84940", "2009-11-30": "4.64430", "2009-08-31": "4.75010", "2009-05-31": "4.13510", "2009-02-28": "3.08570", "2008-11-30": "2.66380", "2008-08-31": "3.47440", "2008-05-31": "3.13770", "2008-02-29": "2.81450", "2007-11-30": "2.60270", "2007-08-31": "2.72010", "2007-05-31": "2.46360", "2007-02-28": "2.47250", "2006-11-30": "2.11600", "2006-08-31": "2.29440", "2006-05-31": "1.76830", "2006-02-28": "1.37730", "2005-11-30": "1.37070", "2005-08-31": "1.90340", "2005-05-31": "1.94700", "2005-02-28": "2.01570"}, "Operating Cash Flow Per Share": {"2020-11-30": "2.47780", "2020-08-31": 4.8456, "2020-05-31": 4.2642, "2020-02-29": 2.3601, "2019-11-30": "1.21180", "2019-08-31": 3.2451, "2019-05-31": 3.2698, "2019-02-28": 2.1016, "2018-11-30": "1.57560", "2018-08-31": 3.2124, "2018-05-31": 3.0431, "2018-02-28": 1.4097, "2017-11-30": "1.53170", "2017-08-31": 2.9284, "2017-05-31": 2.7276, "2017-02-28": 0.2406, "2016-11-30": "1.63300", "2016-08-31": 3.0858, "2016-05-31": 2.3958, "2016-02-29": 0.5497, "2015-11-30": "0.95820", "2015-08-31": 2.3353, "2015-05-31": 2.0885, "2015-02-28": 0.4496, "2014-11-30": "1.27930", "2014-08-31": 2.3768, "2014-05-31": 1.9755, "2014-02-28": 0.4231, "2013-11-30": "0.25950", "2013-08-31": 1.7972, "2013-05-31": 2.0989, "2013-02-28": 0.8862, "2012-11-30": "-0.15180", "2012-08-31": 2.3587, "2012-05-31": 1.667, "2012-02-29": 1.1762, "2011-11-30": "0.65040", "2011-08-31": 1.8696, "2011-05-31": 1.8097, "2011-02-28": 0.8085, "2010-11-30": "0.14310", "2010-08-31": 1.6322, "2010-05-31": 1.2556, "2010-02-28": 0.8599, "2009-11-30": "0.28300", "2009-08-31": 1.3206, "2009-05-31": 1.2996, "2009-02-28": 0.809, "2008-11-30": "0.58690", "2008-08-31": 1.2331, "2008-05-31": 1.3332, "2008-02-29": 0.8731, "2007-11-30": "-0.03750", "2007-08-31": 0.8919, "2007-05-31": 1.1466, "2007-02-28": 0.8201, "2006-11-30": "0.18930", "2006-08-31": 0.8886, "2006-05-31": 0.9152, "2006-02-28": 0.7753, "2005-11-30": "0.40300", "2005-08-31": 0.5774, "2005-05-31": 0.6452, "2005-02-28": 0.7408}, "Free Cash Flow Per Share": {"2020-11-30": "2.33390", "2020-08-31": 4.5564, "2020-05-31": 4.0299, "2020-02-29": 2.1051, "2019-11-30": "1.06540", "2019-08-31": 2.8747, "2019-05-31": 3.0539, "2019-02-28": 1.8858, "2018-11-30": "1.45640", "2018-08-31": 2.9394, "2018-05-31": 2.777, "2018-02-28": 1.2041, "2017-11-30": "1.33150", "2017-08-31": 2.6266, "2017-05-31": 2.5231, "2017-02-28": 0.0914, "2016-11-30": "1.50740", "2016-08-31": 2.8492, "2016-05-31": 2.2563, "2016-02-29": 0.3282, "2015-11-30": "0.81850", "2015-08-31": 2.1221, "2015-05-31": 1.9218, "2015-02-28": 0.3301, "2014-11-30": "1.20520", "2014-08-31": 2.2329, "2014-05-31": 1.8551, "2014-02-28": 0.3138, "2013-11-30": "0.17620", "2013-08-31": 1.659, "2013-05-31": 1.9871, "2013-02-28": 0.762, "2012-11-30": "-0.27140", "2012-08-31": 2.2038, "2012-05-31": 1.5439, "2012-02-29": 1.0604, "2011-11-30": "0.54100", "2011-08-31": 1.6885, "2011-05-31": 1.6613, "2011-02-28": 0.7044, "2010-11-30": "0.04260", "2010-08-31": 1.5007, "2010-05-31": 1.1812, "2010-02-28": 0.8042, "2009-11-30": "0.23900", "2009-08-31": 1.2274, "2009-05-31": 1.2453, "2009-02-28": 0.7421, "2008-11-30": "0.49780", "2008-08-31": 1.131, "2008-05-31": 1.2528, "2008-02-29": 0.7843, "2007-11-30": "-0.14180", "2007-08-31": 0.7338, "2007-05-31": 1.0524, "2007-02-28": 0.7397, "2006-11-30": "0.11670", "2006-08-31": 0.7829, "2006-05-31": 0.8501, "2006-02-28": 0.7032, "2005-11-30": "0.31930", "2005-08-31": 0.4458, "2005-05-31": 0.569, "2005-02-28": 0.6246}}, "revenue": {"Accenture Annual Revenue (Millions of US $)": {"2020": "$44,327", "2019": "$43,215", "2018": "$40,993", "2017": "$36,177", "2016": "$34,798", "2015": "$32,914", "2014": "$31,875", "2013": "$30,394", "2012": "$29,778", "2011": "$27,353", "2010": "$23,094", "2009": "$23,171", "2008": "$25,314", "2007": "$21,453", "2006": "$18,228", "2005": "$17,094"}, "Accenture Quarterly Revenue (Millions of US $)": {"2020-11-30": "$11,762", "2020-08-31": "$10,835", "2020-05-31": "$10,991", "2020-02-29": "$11,142", "2019-11-30": "$11,359", "2019-08-31": "$11,056", "2019-05-31": "$11,100", "2019-02-28": "$10,454", "2018-11-30": "$10,606", "2018-08-31": "$10,504", "2018-05-31": "$10,695", "2018-02-28": "$9,909", "2017-11-30": "$9,884", "2017-08-31": "$9,052", "2017-05-31": "$9,357", "2017-02-28": "$8,762", "2016-11-30": "$9,006", "2016-08-31": "$8,966", "2016-05-31": "$8,969", "2016-02-29": "$8,397", "2015-11-30": "$8,466", "2015-08-31": "$8,365", "2015-05-31": "$8,275", "2015-02-28": "$7,932", "2014-11-30": "$8,343", "2014-08-31": "$8,267", "2014-05-31": "$8,240", "2014-02-28": "$7,567", "2013-11-30": "$7,800", "2013-08-31": "$7,525", "2013-05-31": "$7,708", "2013-02-28": "$7,493", "2012-11-30": "$7,668", "2012-08-31": "$7,288", "2012-05-31": "$7,641", "2012-02-29": "$7,260", "2011-11-30": "$7,589", "2011-08-31": "$7,174", "2011-05-31": "$7,204", "2011-02-28": "$6,496", "2010-11-30": "$6,478", "2010-08-31": "$5,833", "2010-05-31": "$5,975", "2010-02-28": "$5,538", "2009-11-30": "$5,748", "2009-08-31": "$5,505", "2009-05-31": "$5,537", "2009-02-28": "$5,658", "2008-11-30": "$6,471", "2008-08-31": "$6,561", "2008-05-31": "$6,593", "2008-02-29": "$6,058", "2007-11-30": "$6,102", "2007-08-31": "$5,573", "2007-05-31": "$5,544", "2007-02-28": "$5,169", "2006-11-30": "$5,166", "2006-08-31": "$4,389", "2006-05-31": "$4,805", "2006-02-28": "$4,491", "2005-11-30": "$4,543", "2005-08-31": "$4,309", "2005-05-31": "$4,498", "2005-02-28": "$4,216"}}, "gross-profit": {"Accenture Annual Gross Profit (Millions of US $)": {"2020": "$13,976", "2019": "$13,315", "2018": "$12,493", "2017": "$11,071", "2016": "$10,277", "2015": "$9,809", "2014": "$9,684", "2013": "$9,384", "2012": "$8,988", "2011": "$8,387", "2010": "$7,251", "2009": "$6,841", "2008": "$7,186", "2007": "$6,041", "2006": "$4,994", "2005": "$5,092"}, "Accenture Quarterly Gross Profit (Millions of US $)": {"2020-11-30": "$3,898", "2020-08-31": "$3,441", "2020-05-31": "$3,529", "2020-02-29": "$3,359", "2019-11-30": "$3,648", "2019-08-31": "$3,435", "2019-05-31": "$3,528", "2019-02-28": "$3,054", "2018-11-30": "$3,297", "2018-08-31": "$3,238", "2018-05-31": "$3,332", "2018-02-28": "$2,860", "2017-11-30": "$3,064", "2017-08-31": "$2,928", "2017-05-31": "$2,910", "2017-02-28": "$2,504", "2016-11-30": "$2,730", "2016-08-31": "$2,656", "2016-05-31": "$2,690", "2016-02-29": "$2,370", "2015-11-30": "$2,563", "2015-08-31": "$2,504", "2015-05-31": "$2,525", "2015-02-28": "$2,241", "2014-11-30": "$2,539", "2014-08-31": "$2,469", "2014-05-31": "$2,536", "2014-02-28": "$2,230", "2013-11-30": "$2,449", "2013-08-31": "$2,350", "2013-05-31": "$2,438", "2013-02-28": "$2,230", "2012-11-30": "$2,366", "2012-08-31": "$2,249", "2012-05-31": "$2,371", "2012-02-29": "$2,116", "2011-11-30": "$2,252", "2011-08-31": "$2,215", "2011-05-31": "$2,310", "2011-02-28": "$1,917", "2010-11-30": "$1,944", "2010-08-31": "$1,845", "2010-05-31": "$1,932", "2010-02-28": "$1,690", "2009-11-30": "$1,784", "2009-08-31": "$1,660", "2009-05-31": "$1,671", "2009-02-28": "$1,622", "2008-11-30": "$1,888", "2008-08-31": "$1,905", "2008-05-31": "$1,923", "2008-02-29": "$1,653", "2007-11-30": "$1,705", "2007-08-31": "$1,594", "2007-05-31": "$1,610", "2007-02-28": "$1,405", "2006-11-30": "$1,432", "2006-08-31": "$1,351", "2006-05-31": "$1,454", "2006-02-28": "$869", "2005-11-30": "$1,320", "2005-08-31": "$1,293", "2005-05-31": "$1,410", "2005-02-28": "$1,175"}}, "operating-income": {"Accenture Annual Operating Income (Millions of US $)": {"2020": "$6,514", "2019": "$6,305", "2018": "$5,899", "2017": "$5,191", "2016": "$4,810", "2015": "$4,436", "2014": "$4,301", "2013": "$4,339", "2012": "$3,872", "2011": "$3,470", "2010": "$2,915", "2009": "$2,644", "2008": "$3,012", "2007": "$2,493", "2006": "$1,841", "2005": "$2,111"}, "Accenture Quarterly Operating Income (Millions of US $)": {"2020-11-30": "$1,891", "2020-08-31": "$1,545", "2020-05-31": "$1,713", "2020-02-29": "$1,489", "2019-11-30": "$1,767", "2019-08-31": "$1,571", "2019-05-31": "$1,718", "2019-02-28": "$1,387", "2018-11-30": "$1,629", "2018-08-31": "$1,470", "2018-05-31": "$1,635", "2018-02-28": "$1,296", "2017-11-30": "$1,498", "2017-08-31": "$1,855", "2017-05-31": "$865", "2017-02-28": "$1,139", "2016-11-30": "$1,332", "2016-08-31": "$1,195", "2016-05-31": "$1,306", "2016-02-29": "$1,088", "2015-11-30": "$1,221", "2015-08-31": "$1,094", "2015-05-31": "$1,134", "2015-02-28": "$1,021", "2014-11-30": "$1,188", "2014-08-31": "$1,079", "2014-05-31": "$1,179", "2014-02-28": "$951", "2013-11-30": "$1,091", "2013-08-31": "$984", "2013-05-31": "$1,142", "2013-02-28": "$1,165", "2012-11-30": "$1,049", "2012-08-31": "$940", "2012-05-31": "$1,061", "2012-02-29": "$889", "2011-11-30": "$981", "2011-08-31": "$923", "2011-05-31": "$949", "2011-02-28": "$772", "2010-11-30": "$827", "2010-08-31": "$714", "2010-05-31": "$804", "2010-02-28": "$651", "2009-11-30": "$746", "2009-08-31": "$420", "2009-05-31": "$732", "2009-02-28": "$677", "2008-11-30": "$815", "2008-08-31": "$785", "2008-05-31": "$862", "2008-02-29": "$638", "2007-11-30": "$726", "2007-08-31": "$642", "2007-05-31": "$682", "2007-02-28": "$559", "2006-11-30": "$610", "2006-08-31": "$501", "2006-05-31": "$690", "2006-02-28": "$137", "2005-11-30": "$513", "2005-08-31": "$509", "2005-05-31": "$672", "2005-02-28": "$472"}}, "ebitda": {"Accenture Annual EBITDA (Millions of US $)": {"2020": "$8,287", "2019": "$7,198", "2018": "$6,826", "2017": "$5,993", "2016": "$5,539", "2015": "$5,082", "2014": "$4,921", "2013": "$4,932", "2012": "$4,465", "2011": "$3,984", "2010": "$3,390", "2009": "$3,142", "2008": "$3,503", "2007": "$2,937", "2006": "$2,193", "2005": "$2,393"}, "Accenture Quarterly EBITDA (Millions of US $)": {"2020-11-30": "$2,359", "2020-08-31": "$2,032", "2020-05-31": "$2,157", "2020-02-29": "$1,931", "2019-11-30": "$2,167", "2019-08-31": "$1,812", "2019-05-31": "$1,939", "2019-02-28": "$1,606", "2018-11-30": "$1,841", "2018-08-31": "$1,705", "2018-05-31": "$1,873", "2018-02-28": "$1,517", "2017-11-30": "$1,731", "2017-08-31": "$2,087", "2017-05-31": "$1,060", "2017-02-28": "$1,326", "2016-11-30": "$1,519", "2016-08-31": "$1,389", "2016-05-31": "$1,487", "2016-02-29": "$1,261", "2015-11-30": "$1,403", "2015-08-31": "$1,267", "2015-05-31": "$1,287", "2015-02-28": "$1,173", "2014-11-30": "$1,354", "2014-08-31": "$1,243", "2014-05-31": "$1,341", "2014-02-28": "$1,100", "2013-11-30": "$1,236", "2013-08-31": "$1,137", "2013-05-31": "$1,284", "2013-02-28": "$1,322", "2012-11-30": "$1,189", "2012-08-31": "$1,119", "2012-05-31": "$1,196", "2012-02-29": "$1,036", "2011-11-30": "$1,114", "2011-08-31": "$1,064", "2011-05-31": "$1,080", "2011-02-28": "$893", "2010-11-30": "$947", "2010-08-31": "$839", "2010-05-31": "$920", "2010-02-28": "$769", "2009-11-30": "$861", "2009-08-31": "$547", "2009-05-31": "$848", "2009-02-28": "$813", "2008-11-30": "$934", "2008-08-31": "$922", "2008-05-31": "$980", "2008-02-29": "$749", "2007-11-30": "$852", "2007-08-31": "$758", "2007-05-31": "$761", "2007-02-28": "$664", "2006-11-30": "$755", "2006-08-31": "$624", "2006-05-31": "$765", "2006-02-28": "$212", "2005-11-30": "$592", "2005-08-31": "$584", "2005-05-31": "$757", "2005-02-28": "$541"}}, "net-income": {"Accenture Annual Net Income (Millions of US $)": {"2020": "$5,108", "2019": "$4,779", "2018": "$4,060", "2017": "$3,445", "2016": "$4,112", "2015": "$3,054", "2014": "$2,941", "2013": "$3,282", "2012": "$2,554", "2011": "$2,278", "2010": "$1,781", "2009": "$1,590", "2008": "$1,692", "2007": "$1,243", "2006": "$973", "2005": "$940"}, "Accenture Quarterly Net Income (Millions of US $)": {"2020-11-30": "$1,500", "2020-08-31": "$1,288", "2020-05-31": "$1,228", "2020-02-29": "$1,235", "2019-11-30": "$1,357", "2019-08-31": "$1,130", "2019-05-31": "$1,250", "2019-02-28": "$1,124", "2018-11-30": "$1,275", "2018-08-31": "$1,030", "2018-05-31": "$1,043", "2018-02-28": "$864", "2017-11-30": "$1,124", "2017-08-31": "$932", "2017-05-31": "$669", "2017-02-28": "$839", "2016-11-30": "$1,004", "2016-08-31": "$1,069", "2016-05-31": "$897", "2016-02-29": "$1,327", "2015-11-30": "$819", "2015-08-31": "$738", "2015-05-31": "$794", "2015-02-28": "$691", "2014-11-30": "$832", "2014-08-31": "$701", "2014-05-31": "$817", "2014-02-28": "$671", "2013-11-30": "$752", "2013-08-31": "$671", "2013-05-31": "$810", "2013-02-28": "$1,102", "2012-11-30": "$699", "2012-08-31": "$578", "2012-05-31": "$689", "2012-02-29": "$644", "2011-11-30": "$642", "2011-08-31": "$612", "2011-05-31": "$628", "2011-02-28": "$503", "2010-11-30": "$535", "2010-08-31": "$445", "2010-05-31": "$491", "2010-02-28": "$400", "2009-11-30": "$445", "2009-08-31": "$255", "2009-05-31": "$444", "2009-02-28": "$411", "2008-11-30": "$480", "2008-08-31": "$435", "2008-05-31": "$469", "2008-02-29": "$407", "2007-11-30": "$381", "2007-08-31": "$317", "2007-05-31": "$345", "2007-02-28": "$297", "2006-11-30": "$284", "2006-08-31": "$346", "2006-05-31": "$342", "2006-02-28": "$70", "2005-11-30": "$215", "2005-08-31": "$229", "2005-05-31": "$305", "2005-02-28": "$210"}}, "eps-earnings-per-share-diluted": {"Accenture Annual EPS": {"2020": "$7.89", "2019": "$7.36", "2018": "$6.34", "2017": "$5.44", "2016": "$6.45", "2015": "$4.76", "2014": "$4.52", "2013": "$4.93", "2012": "$3.84", "2011": "$3.39", "2010": "$2.66", "2009": "$2.44", "2008": "$2.64", "2007": "$1.97", "2006": "$1.59", "2005": "$1.56"}, "Accenture Quarterly EPS": {"2020-11-30": "$2.32", "2020-08-31": "$1.99", "2020-05-31": "$1.90", "2020-02-29": "$1.91", "2019-11-30": "$2.09", "2019-08-31": "$1.74", "2019-05-31": "$1.93", "2019-02-28": "$1.73", "2018-11-30": "$1.96", "2018-08-31": "$1.58", "2018-05-31": "$1.60", "2018-02-28": "$1.37", "2017-11-30": "$1.79", "2017-08-31": "$1.48", "2017-05-31": "$1.05", "2017-02-28": "$1.33", "2016-11-30": "$1.58", "2016-08-31": "$1.68", "2016-05-31": "$1.41", "2016-02-29": "$2.08", "2015-11-30": "$1.28", "2015-08-31": "$1.15", "2015-05-31": "$1.24", "2015-02-28": "$1.08", "2014-11-30": "$1.29", "2014-08-31": "$1.08", "2014-05-31": "$1.26", "2014-02-28": "$1.03", "2013-11-30": "$1.15", "2013-08-31": "$1.01", "2013-05-31": "$1.21", "2013-02-28": "$1.65", "2012-11-30": "$1.06", "2012-08-31": "$0.88", "2012-05-31": "$1.03", "2012-02-29": "$0.97", "2011-11-30": "$0.96", "2011-08-31": "$0.90", "2011-05-31": "$0.93", "2011-02-28": "$0.75", "2010-11-30": "$0.81", "2010-08-31": "$0.66", "2010-05-31": "$0.73", "2010-02-28": "$0.60", "2009-11-30": "$0.67", "2009-08-31": "$0.39", "2009-05-31": "$0.68", "2009-02-28": "$0.63", "2008-11-30": "$0.74", "2008-08-31": "$0.66", "2008-05-31": "$0.74", "2008-02-29": "$0.64", "2007-11-30": "$0.60", "2007-08-31": "$0.50", "2007-05-31": "$0.54", "2007-02-28": "$0.47", "2006-11-30": "$0.46", "2006-08-31": "$0.56", "2006-05-31": "$0.56", "2006-02-28": "$0.11", "2005-11-30": "$0.36", "2005-08-31": "$0.38", "2005-05-31": "$0.51", "2005-02-28": "$0.35"}}, "shares-outstanding": {"Accenture Annual Shares Outstanding (Millions of Shares)": {"2020": "648", "2019": "650", "2018": "655", "2017": "660", "2016": "668", "2015": "679", "2014": "692", "2013": "713", "2012": "727", "2011": "743", "2010": "767", "2009": "787", "2008": "824", "2007": "863", "2006": "895", "2005": "961"}, "Accenture Quarterly Shares Outstanding (Millions of Shares)": {"2020-11-30": "647", "2020-08-31": "648", "2020-05-31": "646", "2020-02-29": "649", "2019-11-30": "649", "2019-08-31": "650", "2019-05-31": "649", "2019-02-28": "649", "2018-11-30": "652", "2018-08-31": "655", "2018-05-31": "655", "2018-02-28": "656", "2017-11-30": "657", "2017-08-31": "660", "2017-05-31": "659", "2017-02-28": "661", "2016-11-30": "664", "2016-08-31": "668", "2016-05-31": "666", "2016-02-29": "668", "2015-11-30": "671", "2015-08-31": "679", "2015-05-31": "678", "2015-02-28": "679", "2014-11-30": "682", "2014-08-31": "692", "2014-05-31": "691", "2014-02-28": "694", "2013-11-30": "699", "2013-08-31": "713", "2013-05-31": "716", "2013-02-28": "715", "2012-11-30": "717", "2012-08-31": "727", "2012-05-31": "730", "2012-02-29": "730", "2011-11-30": "731", "2011-08-31": "743", "2011-05-31": "746", "2011-02-28": "744", "2010-11-30": "743", "2010-08-31": "767", "2010-05-31": "767", "2010-02-28": "769", "2009-11-30": "774", "2009-08-31": "787", "2009-05-31": "784", "2009-02-28": "787", "2008-11-30": "798", "2008-08-31": "824", "2008-05-31": "817", "2008-02-29": "829", "2007-11-30": "840", "2007-08-31": "863", "2007-05-31": "860", "2007-02-28": "868", "2006-11-30": "876", "2006-08-31": "895", "2006-05-31": "887", "2006-02-28": "893", "2005-11-30": "914", "2005-08-31": "961", "2005-05-31": "952", "2005-02-28": "980"}}, "total-assets": {"Accenture Annual Total Assets (Millions of US $)": {"2020": "$37,079", "2019": "$29,790", "2018": "$24,449", "2017": "$22,690", "2016": "$20,609", "2015": "$18,203", "2014": "$17,930", "2013": "$16,867", "2012": "$16,665", "2011": "$15,732", "2010": "$12,835", "2009": "$12,256", "2008": "$12,399", "2007": "$10,747", "2006": "$9,497", "2005": "$8,957"}, "Accenture Quarterly Total Assets (Millions of US $)": {"2020-11-30": "$38,268", "2020-08-31": "$37,079", "2020-05-31": "$35,057", "2020-02-29": "$33,503", "2019-11-30": "$33,171", "2019-08-31": "$29,790", "2019-05-31": "$28,156", "2019-02-28": "$27,390", "2018-11-30": "$26,706", "2018-08-31": "$24,449", "2018-05-31": "$23,251", "2018-02-28": "$23,133", "2017-11-30": "$22,974", "2017-08-31": "$22,690", "2017-05-31": "$21,136", "2017-02-28": "$20,079", "2016-11-30": "$20,444", "2016-08-31": "$20,609", "2016-05-31": "$19,191", "2016-02-29": "$18,148", "2015-11-30": "$17,994", "2015-08-31": "$18,203", "2015-05-31": "$17,309", "2015-02-28": "$16,992", "2014-11-30": "$17,630", "2014-08-31": "$17,930", "2014-05-31": "$17,002", "2014-02-28": "$16,357", "2013-11-30": "$16,516", "2013-08-31": "$16,867", "2013-05-31": "$16,524", "2013-02-28": "$16,359", "2012-11-30": "$16,408", "2012-08-31": "$16,665", "2012-05-31": "$15,536", "2012-02-29": "$15,808", "2011-11-30": "$15,291", "2011-08-31": "$15,732", "2011-05-31": "$14,904", "2011-02-28": "$13,894", "2010-11-30": "$12,869", "2010-08-31": "$12,835", "2010-05-31": "$11,918", "2010-02-28": "$11,890", "2009-11-30": "$12,185", "2009-08-31": "$12,256", "2009-05-31": "$11,828", "2009-02-28": "$10,557", "2008-11-30": "$10,932", "2008-08-31": "$12,399", "2008-05-31": "$11,917", "2008-02-29": "$10,908", "2007-11-30": "$10,748", "2007-08-31": "$10,747", "2007-05-31": "$10,049", "2007-02-28": "$9,554", "2006-11-30": "$9,215", "2006-08-31": "$9,497", "2006-05-31": "$9,011", "2006-02-28": "$8,125", "2005-11-30": "$8,123", "2005-08-31": "$8,957", "2005-05-31": "$9,080", "2005-02-28": "$9,343"}}, "cash-on-hand": {"Accenture Annual Cash on Hand (Millions of US $)": {"2020": "$8,510", "2019": "$6,130", "2018": "$5,065", "2017": "$4,130", "2016": "$4,908", "2015": "$4,363", "2014": "$4,924", "2013": "$5,634", "2012": "$6,643", "2011": "$5,706", "2010": "$4,841", "2009": "$4,550", "2008": "$3,623", "2007": "$3,546", "2006": "$3,420", "2005": "$2,947"}, "Accenture Quarterly Cash on Hand (Millions of US $)": {"2020-11-30": "$8,677", "2020-08-31": "$8,510", "2020-05-31": "$6,446", "2020-02-29": "$5,440", "2019-11-30": "$5,814", "2019-08-31": "$6,130", "2019-05-31": "$4,772", "2019-02-28": "$4,468", "2018-11-30": "$4,367", "2018-08-31": "$5,065", "2018-05-31": "$3,932", "2018-02-28": "$3,598", "2017-11-30": "$3,682", "2017-08-31": "$4,130", "2017-05-31": "$3,385", "2017-02-28": "$3,241", "2016-11-30": "$4,080", "2016-08-31": "$4,908", "2016-05-31": "$3,501", "2016-02-29": "$3,037", "2015-11-30": "$3,076", "2015-08-31": "$4,363", "2015-05-31": "$4,029", "2015-02-28": "$4,064", "2014-11-30": "$4,475", "2014-08-31": "$4,924", "2014-05-31": "$4,052", "2014-02-28": "$3,683", "2013-11-30": "$4,530", "2013-08-31": "$5,634", "2013-05-31": "$5,941", "2013-02-28": "$5,636", "2012-11-30": "$5,681", "2012-08-31": "$6,643", "2012-05-31": "$5,631", "2012-02-29": "$5,572", "2011-11-30": "$5,097", "2011-08-31": "$5,706", "2011-05-31": "$5,261", "2011-02-28": "$4,683", "2010-11-30": "$4,164", "2010-08-31": "$4,841", "2010-05-31": "$4,320", "2010-02-28": "$4,122", "2009-11-30": "$4,005", "2009-08-31": "$4,550", "2009-05-31": "$4,012", "2009-02-28": "$2,991", "2008-11-30": "$2,796", "2008-08-31": "$3,623", "2008-05-31": "$3,355", "2008-02-29": "$2,658", "2007-11-30": "$2,622", "2007-08-31": "$3,546", "2007-05-31": "$3,378", "2007-02-28": "$3,142", "2006-11-30": "$2,736", "2006-08-31": "$3,420", "2006-05-31": "$2,986", "2006-02-28": "$2,347", "2005-11-30": "$1,967", "2005-08-31": "$2,947", "2005-05-31": "$3,195", "2005-02-28": "$3,467"}}, "long-term-debt": {"Accenture Annual Long Term Debt (Millions of US $)": {"2020": "$54", "2019": "$16", "2018": "$20", "2017": "$22", "2016": "$24", "2015": "$26", "2014": "$26", "2013": "$26", "2012": "$0", "2011": "$", "2010": "$1", "2009": "$0", "2008": "$2", "2007": "$3", "2006": "$27", "2005": "$44"}, "Accenture Quarterly Long Term Debt (Millions of US $)": {"2020-11-30": "$60", "2020-08-31": "$54", "2020-05-31": "$60", "2020-02-29": "$13", "2019-11-30": "$16", "2019-08-31": "$16", "2019-05-31": "$20", "2019-02-28": "$20", "2018-11-30": "$20", "2018-08-31": "$20", "2018-05-31": "$26", "2018-02-28": "$26", "2017-11-30": "$22", "2017-08-31": "$22", "2017-05-31": "$25", "2017-02-28": "$25", "2016-11-30": "$25", "2016-08-31": "$24", "2016-05-31": "$27", "2016-02-29": "$27", "2015-11-30": "$26", "2015-08-31": "$26", "2015-05-31": "$27", "2015-02-28": "$27", "2014-11-30": "$27", "2014-08-31": "$26", "2014-05-31": "$27", "2014-02-28": "$26", "2013-11-30": "$26", "2013-08-31": "$26", "2013-05-31": "", "2013-02-28": "$0", "2012-11-30": "$0", "2012-08-31": "$0", "2012-05-31": "$0", "2012-02-29": "$1", "2011-11-30": "$2", "2011-08-31": "", "2011-05-31": "", "2011-02-28": "$4", "2010-11-30": "", "2010-08-31": "$1", "2010-05-31": "$0", "2010-02-28": "$0", "2009-11-30": "$1", "2009-08-31": "$0", "2009-05-31": "$1", "2009-02-28": "$1", "2008-11-30": "$1", "2008-08-31": "$2", "2008-05-31": "$2", "2008-02-29": "$3", "2007-11-30": "$2", "2007-08-31": "$3", "2007-05-31": "$3", "2007-02-28": "$4", "2006-11-30": "$5", "2006-08-31": "$27", "2006-05-31": "$26", "2006-02-28": "$28", "2005-11-30": "$31", "2005-08-31": "$44", "2005-05-31": "$46", "2005-02-28": "$37"}}, "total-liabilities": {"Accenture Annual Total Liabilities (Millions of US $)": {"2020": "$19,579", "2019": "$14,962", "2018": "$13,724", "2017": "$12,980", "2016": "$12,420", "2015": "$11,555", "2014": "$11,645", "2013": "$11,439", "2012": "$12,041", "2011": "$11,381", "2010": "$9,561", "2009": "$8,870", "2008": "$9,858", "2007": "$8,684", "2006": "$7,603", "2005": "$7,260"}, "Accenture Quarterly Total Liabilities (Millions of US $)": {"2020-11-30": "$19,842", "2020-08-31": "$19,579", "2020-05-31": "$18,574", "2020-02-29": "$17,583", "2019-11-30": "$17,570", "2019-08-31": "$14,962", "2019-05-31": "$14,013", "2019-02-28": "$13,662", "2018-11-30": "$13,651", "2018-08-31": "$13,724", "2018-05-31": "$13,098", "2018-02-28": "$12,695", "2017-11-30": "$13,081", "2017-08-31": "$12,980", "2017-05-31": "$12,259", "2017-02-28": "$11,464", "2016-11-30": "$12,410", "2016-08-31": "$12,420", "2016-05-31": "$11,484", "2016-02-29": "$10,774", "2015-11-30": "$11,588", "2015-08-31": "$11,555", "2015-05-31": "$10,843", "2015-02-28": "$10,442", "2014-11-30": "$11,614", "2014-08-31": "$11,645", "2014-05-31": "$10,857", "2014-02-28": "$10,571", "2013-11-30": "$11,100", "2013-08-31": "$11,439", "2013-05-31": "$10,714", "2013-02-28": "$10,419", "2012-11-30": "$11,414", "2012-08-31": "$12,041", "2012-05-31": "$10,948", "2012-02-29": "$10,815", "2011-11-30": "$11,072", "2011-08-31": "$11,381", "2011-05-31": "$10,728", "2011-02-28": "$9,846", "2010-11-30": "$9,558", "2010-08-31": "$9,561", "2010-05-31": "$8,456", "2010-02-28": "$8,449", "2009-11-30": "$8,871", "2009-08-31": "$8,870", "2009-05-31": "$8,878", "2009-02-28": "$8,171", "2008-11-30": "$8,860", "2008-08-31": "$9,858", "2008-05-31": "$9,453", "2008-02-29": "$8,818", "2007-11-30": "$8,784", "2007-08-31": "$8,684", "2007-05-31": "$8,171", "2007-02-28": "$7,630", "2006-11-30": "$7,491", "2006-08-31": "$7,603", "2006-05-31": "$7,529", "2006-02-28": "$6,964", "2005-11-30": "$6,958", "2005-08-31": "$7,260", "2005-05-31": "$7,309", "2005-02-28": "$7,456"}}, "total-share-holder-equity": {"Accenture Annual Share Holder Equity (Millions of US $)": {"2020": "$17,499", "2019": "$14,828", "2018": "$10,725", "2017": "$9,710", "2016": "$8,189", "2015": "$6,648", "2014": "$6,285", "2013": "$5,428", "2012": "$4,624", "2011": "$4,351", "2010": "$3,275", "2009": "$3,386", "2008": "$2,541", "2007": "$2,063", "2006": "$1,894", "2005": "$1,697"}, "Accenture Quarterly Share Holder Equity (Millions of US $)": {"2020-11-30": "$18,426", "2020-08-31": "$17,499", "2020-05-31": "$16,484", "2020-02-29": "$15,921", "2019-11-30": "$15,601", "2019-08-31": "$14,828", "2019-05-31": "$14,143", "2019-02-28": "$13,729", "2018-11-30": "$13,056", "2018-08-31": "$10,725", "2018-05-31": "$10,153", "2018-02-28": "$10,438", "2017-11-30": "$9,893", "2017-08-31": "$9,710", "2017-05-31": "$8,877", "2017-02-28": "$8,615", "2016-11-30": "$8,034", "2016-08-31": "$8,189", "2016-05-31": "$7,707", "2016-02-29": "$7,374", "2015-11-30": "$6,405", "2015-08-31": "$6,648", "2015-05-31": "$6,466", "2015-02-28": "$6,550", "2014-11-30": "$6,016", "2014-08-31": "$6,285", "2014-05-31": "$6,145", "2014-02-28": "$5,787", "2013-11-30": "$5,416", "2013-08-31": "$5,428", "2013-05-31": "$5,810", "2013-02-28": "$5,940", "2012-11-30": "$4,994", "2012-08-31": "$4,624", "2012-05-31": "$4,588", "2012-02-29": "$4,993", "2011-11-30": "$4,219", "2011-08-31": "$4,351", "2011-05-31": "$4,176", "2011-02-28": "$4,048", "2010-11-30": "$3,311", "2010-08-31": "$3,275", "2010-05-31": "$3,461", "2010-02-28": "$3,441", "2009-11-30": "$3,314", "2009-08-31": "$3,386", "2009-05-31": "$2,949", "2009-02-28": "$2,386", "2008-11-30": "$2,072", "2008-08-31": "$2,541", "2008-05-31": "$2,464", "2008-02-29": "$2,090", "2007-11-30": "$1,963", "2007-08-31": "$2,063", "2007-05-31": "$1,878", "2007-02-28": "$1,924", "2006-11-30": "$1,724", "2006-08-31": "$1,894", "2006-05-31": "$1,483", "2006-02-28": "$1,161", "2005-11-30": "$1,165", "2005-08-31": "$1,697", "2005-05-31": "$1,771", "2005-02-28": "$1,887"}}, "profit-margins": {"current": "11.74%"}, "gross margin": {"2020-11-30": "31.81%", "2020-08-31": "31.53%", "2020-05-31": "31.36%", "2020-02-29": "31.28%", "2019-11-30": "31.08%", "2019-08-31": "30.81%", "2019-05-31": "30.74%", "2019-02-28": "30.58%", "2018-11-30": "30.51%", "2018-08-31": "30.48%", "2018-05-31": "30.81%", "2018-02-28": "30.79%", "2017-11-30": "30.78%", "2017-08-31": "30.61%", "2017-05-31": "29.92%", "2017-02-28": "29.63%", "2016-11-30": "29.56%", "2016-08-31": "29.54%", "2016-05-31": "29.61%", "2016-02-29": "29.73%", "2015-11-30": "29.76%", "2015-08-31": "29.80%", "2015-05-31": "29.78%", "2015-02-28": "29.85%", "2014-11-30": "30.15%", "2014-08-31": "30.38%", "2014-05-31": "30.72%", "2014-02-28": "30.94%", "2013-11-30": "31.01%", "2013-08-31": "30.87%", "2013-05-31": "30.78%", "2013-02-28": "30.63%", "2012-11-30": "30.49%", "2012-08-31": "30.18%", "2012-05-31": "30.18%", "2012-02-29": "30.43%", "2011-11-30": "30.54%", "2011-08-31": "30.66%", "2011-05-31": "30.82%", "2011-02-28": "30.82%", "2010-11-30": "31.11%", "2010-08-31": "31.40%", "2010-05-31": "31.04%", "2010-02-28": "30.48%", "2009-11-30": "30.01%", "2009-08-31": "29.52%", "2009-05-31": "29.25%", "2009-02-28": "29.02%", "2008-11-30": "28.69%", "2008-08-31": "28.39%", "2008-05-31": "28.26%", "2008-02-29": "28.19%", "2007-11-30": "28.20%", "2007-08-31": "28.16%", "2007-05-31": "28.61%", "2007-02-28": "28.89%", "2006-11-30": "27.09%", "2006-08-31": "27.40%", "2006-05-31": "27.20%", "2006-02-28": "27.42%", "2005-11-30": "29.59%"}, "operating margin": {"2020-11-30": "14.84%", "2020-08-31": "14.70%", "2020-05-31": "14.68%", "2020-02-29": "14.66%", "2019-11-30": "14.65%", "2019-08-31": "14.59%", "2019-05-31": "14.54%", "2019-02-28": "14.48%", "2018-11-30": "14.46%", "2018-08-31": "14.39%", "2018-05-31": "15.89%", "2018-02-28": "14.43%", "2017-11-30": "14.46%", "2017-08-31": "14.35%", "2017-05-31": "12.55%", "2017-02-28": "13.93%", "2016-11-30": "13.93%", "2016-08-31": "13.82%", "2016-05-31": "13.77%", "2016-02-29": "13.54%", "2015-11-30": "13.53%", "2015-08-31": "13.48%", "2015-05-31": "13.47%", "2015-02-28": "13.63%", "2014-11-30": "13.56%", "2014-08-31": "13.49%", "2014-05-31": "13.51%", "2014-02-28": "13.62%", "2013-11-30": "14.35%", "2013-08-31": "14.28%", "2013-05-31": "14.25%", "2013-02-28": "14.01%", "2012-11-30": "13.19%", "2012-08-31": "13.00%", "2012-05-31": "12.99%", "2012-02-29": "12.80%", "2011-11-30": "12.74%", "2011-08-31": "12.69%", "2011-05-31": "12.54%", "2011-02-28": "12.58%", "2010-11-30": "12.58%", "2010-08-31": "12.62%", "2010-05-31": "11.51%", "2010-02-28": "11.42%", "2009-11-30": "11.47%", "2009-08-31": "11.41%", "2009-05-31": "12.42%", "2009-02-28": "12.42%", "2008-11-30": "12.07%", "2008-08-31": "11.89%", "2008-05-31": "11.79%", "2008-02-29": "11.55%", "2007-11-30": "11.65%", "2007-08-31": "11.62%", "2007-05-31": "11.60%", "2007-02-28": "12.08%", "2006-11-30": "10.28%", "2006-08-31": "10.10%", "2006-05-31": "10.19%", "2006-02-28": "10.26%", "2005-11-30": "12.33%"}, "ebitda margin": {"2020-11-30": "18.96%", "2020-08-31": "18.70%", "2020-05-31": "18.11%", "2020-02-29": "17.58%", "2019-11-30": "17.11%", "2019-08-31": "16.66%", "2019-05-31": "16.62%", "2019-02-28": "16.62%", "2018-11-30": "16.63%", "2018-08-31": "16.65%", "2018-05-31": "18.23%", "2018-02-28": "16.74%", "2017-11-30": "16.74%", "2017-08-31": "16.56%", "2017-05-31": "14.67%", "2017-02-28": "16.02%", "2016-11-30": "16.01%", "2016-08-31": "15.92%", "2016-05-31": "15.84%", "2016-02-29": "15.57%", "2015-11-30": "15.53%", "2015-08-31": "15.44%", "2015-05-31": "15.41%", "2015-02-28": "15.59%", "2014-11-30": "15.54%", "2014-08-31": "15.44%", "2014-05-31": "15.46%", "2014-02-28": "15.55%", "2013-11-30": "16.31%", "2013-08-31": "16.23%", "2013-05-31": "16.29%", "2013-02-28": "16.04%", "2012-11-30": "15.21%", "2012-08-31": "14.99%", "2012-05-31": "14.87%", "2012-02-29": "14.69%", "2011-11-30": "14.58%", "2011-08-31": "14.57%", "2011-05-31": "14.45%", "2011-02-28": "14.52%", "2010-11-30": "14.59%", "2010-08-31": "14.67%", "2010-05-31": "13.60%", "2010-02-28": "13.55%", "2009-11-30": "13.67%", "2009-08-31": "13.56%", "2009-05-31": "14.52%", "2009-02-28": "14.43%", "2008-11-30": "13.96%", "2008-08-31": "13.84%", "2008-05-31": "13.73%", "2008-02-29": "13.40%", "2007-11-30": "13.56%", "2007-08-31": "13.70%", "2007-05-31": "13.83%", "2007-02-28": "14.38%", "2006-11-30": "12.50%", "2006-08-31": "12.03%", "2006-05-31": "11.86%", "2006-02-28": "12.02%", "2005-11-30": "14.08%"}, "pre tax profit margin": {"2020-11-30": "15.56%", "2020-08-31": "15.28%", "2020-05-31": "14.71%", "2020-02-29": "14.73%", "2019-11-30": "14.65%", "2019-08-31": "14.46%", "2019-05-31": "14.41%", "2019-02-28": "14.33%", "2018-11-30": "14.20%", "2018-08-31": "14.17%", "2018-05-31": "14.27%", "2018-02-28": "12.84%", "2017-11-30": "12.90%", "2017-08-31": "12.76%", "2017-05-31": "13.25%", "2017-02-28": "14.57%", "2016-11-30": "16.15%", "2016-08-31": "16.10%", "2016-05-31": "15.28%", "2016-02-29": "15.12%", "2015-11-30": "13.46%", "2015-08-31": "13.40%", "2015-05-31": "13.46%", "2015-02-28": "13.61%", "2014-11-30": "13.59%", "2014-08-31": "13.48%", "2014-05-31": "13.41%", "2014-02-28": "13.55%", "2013-11-30": "14.34%", "2013-08-31": "14.28%", "2013-05-31": "14.33%", "2013-02-28": "14.09%", "2012-11-30": "13.25%", "2012-08-31": "13.11%", "2012-05-31": "13.12%", "2012-02-29": "12.95%", "2011-11-30": "12.86%", "2011-08-31": "12.84%", "2011-05-31": "12.66%", "2011-02-28": "12.67%", "2010-11-30": "12.61%", "2010-08-31": "12.62%", "2010-05-31": "11.50%", "2010-02-28": "11.48%", "2009-11-30": "11.69%", "2009-08-31": "11.56%", "2009-05-31": "12.64%", "2009-02-28": "12.63%", "2008-11-30": "12.24%", "2008-08-31": "12.28%", "2008-05-31": "12.27%", "2008-02-29": "12.10%", "2007-11-30": "12.28%", "2007-08-31": "12.20%", "2007-05-31": "12.14%", "2007-02-28": "12.61%", "2006-11-30": "10.83%", "2006-08-31": "10.56%", "2006-05-31": "10.69%", "2006-02-28": "10.74%", "2005-11-30": "12.78%"}, "net profit margin": {"2020-11-30": "11.74%", "2020-08-31": "11.52%", "2020-05-31": "11.11%", "2020-02-29": "11.13%", "2019-11-30": "11.06%", "2019-08-31": "11.06%", "2019-05-31": "10.97%", "2019-02-28": "10.58%", "2018-11-30": "10.10%", "2018-08-31": "9.91%", "2018-05-31": "10.02%", "2018-02-28": "9.39%", "2017-11-30": "9.62%", "2017-08-31": "9.52%", "2017-05-31": "9.92%", "2017-02-28": "10.67%", "2016-11-30": "12.16%", "2016-08-31": "11.82%", "2016-05-31": "11.06%", "2016-02-29": "10.98%", "2015-11-30": "9.21%", "2015-08-31": "9.28%", "2015-05-31": "9.20%", "2015-02-28": "9.28%", "2014-11-30": "9.32%", "2014-08-31": "9.23%", "2014-05-31": "9.35%", "2014-02-28": "9.49%", "2013-11-30": "10.93%", "2013-08-31": "10.80%", "2013-05-31": "10.57%", "2013-02-28": "10.20%", "2012-11-30": "8.74%", "2012-08-31": "8.57%", "2012-05-31": "8.72%", "2012-02-29": "8.64%", "2011-11-30": "8.38%", "2011-08-31": "8.33%", "2011-05-31": "8.12%", "2011-02-28": "7.97%", "2010-11-30": "7.85%", "2010-08-31": "7.71%", "2010-05-31": "6.99%", "2010-02-28": "6.92%", "2009-11-30": "6.93%", "2009-08-31": "6.86%", "2009-05-31": "7.31%", "2009-02-28": "7.10%", "2008-11-30": "6.97%", "2008-08-31": "6.68%", "2008-05-31": "6.47%", "2008-02-29": "6.23%", "2007-11-30": "5.99%", "2007-08-31": "5.79%", "2007-05-31": "6.28%", "2007-02-28": "6.50%", "2006-11-30": "5.53%", "2006-08-31": "5.34%", "2006-05-31": "4.72%", "2006-02-28": "4.59%", "2005-11-30": "5.46%"}, "pe ratio": {"current": "33.01", "2021-02-05": "31.22", "2020-11-30": "30.57", "2020-08-31": "30.19", "2020-05-31": "26.10", "2020-02-29": "23.18", "2019-11-30": "26.34", "2019-08-31": "26.29", "2019-05-31": "24.15", "2019-02-28": "22.75", "2018-11-30": "24.48", "2018-08-31": "25.59", "2018-05-31": "23.95", "2018-02-28": "26.92", "2017-11-30": "24.92", "2017-08-31": "22.64", "2017-05-31": "20.79", "2017-02-28": "19.04", "2016-11-30": "16.50", "2016-08-31": "16.45", "2016-05-31": "18.55", "2016-02-29": "15.94", "2015-11-30": "20.63", "2015-08-31": "17.91", "2015-05-31": "18.52", "2015-02-28": "17.10", "2014-11-30": "16.58", "2014-08-31": "15.83", "2014-05-31": "16.16", "2014-02-28": "16.53", "2013-11-30": "13.47", "2013-08-31": "12.62", "2013-05-31": "14.73", "2013-02-28": "13.72", "2012-11-30": "14.69", "2012-08-31": "13.51", "2012-05-31": "12.43", "2012-02-29": "13.16", "2011-11-30": "13.60", "2011-08-31": "12.99", "2011-05-31": "15.01", "2011-02-28": "14.26", "2010-11-30": "12.65", "2010-08-31": "11.14", "2010-05-31": "12.71", "2010-02-28": "13.70", "2009-11-30": "13.89", "2009-08-31": "10.65", "2009-05-31": "8.66", "2009-02-28": "8.27", "2008-11-30": "8.74", "2008-08-31": "12.10", "2008-05-31": "12.76", "2008-02-29": "11.98", "2007-11-30": "12.70", "2007-08-31": "16.05", "2007-05-31": "15.48", "2007-02-28": "13.39", "2006-11-30": "15.30"}, "price sales": {"2021-02-05": "3.67", "2020-11-30": "3.59", "2020-08-31": "3.48", "2020-05-31": "2.90", "2020-02-29": "2.59", "2019-11-30": "2.91", "2019-08-31": "2.91", "2019-05-31": "2.66", "2019-02-28": "2.41", "2018-11-30": "2.50", "2018-08-31": "2.60", "2018-05-31": "2.48", "2018-02-28": "2.64", "2017-11-30": "2.50", "2017-08-31": "2.25", "2017-05-31": "2.15", "2017-02-28": "2.13", "2016-11-30": "2.10", "2016-08-31": "2.04", "2016-05-31": "2.15", "2016-02-29": "1.84", "2015-11-30": "2.01", "2015-08-31": "1.76", "2015-05-31": "1.81", "2015-02-28": "1.69", "2014-11-30": "1.64", "2014-08-31": "1.56", "2014-05-31": "1.61", "2014-02-28": "1.68", "2013-11-30": "1.57", "2013-08-31": "1.46", "2013-05-31": "1.69", "2013-02-28": "1.52", "2012-11-30": "1.41", "2012-08-31": "1.27", "2012-05-31": "1.19", "2012-02-29": "1.25", "2011-11-30": "1.26", "2011-08-31": "1.20", "2011-05-31": "1.36", "2011-02-28": "1.28", "2010-11-30": "1.13", "2010-08-31": "0.99", "2010-05-31": "1.03", "2010-02-28": "1.12", "2009-11-30": "1.15", "2009-08-31": "0.88", "2009-05-31": "0.78", "2009-02-28": "0.73", "2008-11-30": "0.78", "2008-08-31": "1.05", "2008-05-31": "1.09", "2008-02-29": "0.99", "2007-11-30": "1.03", "2007-08-31": "1.28", "2007-05-31": "1.35", "2007-02-28": "1.24", "2006-11-30": "1.22"}, "price book": {"current": "9.07", "2021-02-05": "8.73", "2020-11-30": "8.54", "2020-08-31": "8.64", "2020-05-31": "7.70", "2020-02-29": "7.12", "2019-11-30": "8.04", "2019-08-31": "8.31", "2019-05-31": "7.84", "2019-02-28": "7.27", "2018-11-30": "7.79", "2018-08-31": "9.68", "2018-05-31": "9.44", "2018-02-28": "9.35", "2017-11-30": "9.04", "2017-08-31": "8.07", "2017-05-31": "8.44", "2017-02-28": "8.50", "2016-11-30": "8.90", "2016-08-31": "8.33", "2016-05-31": "9.18", "2016-02-29": "8.04", "2015-11-30": "9.92", "2015-08-31": "8.34", "2015-05-31": "8.74", "2015-02-28": "8.04", "2014-11-30": "8.40", "2014-08-31": "7.48", "2014-05-31": "7.72", "2014-02-28": "8.32", "2013-11-30": "8.28", "2013-08-31": "7.64", "2013-05-31": "8.24", "2013-02-28": "7.27", "2012-11-30": "7.90", "2012-08-31": "7.59", "2012-05-31": "7.17", "2012-02-29": "6.87", "2011-11-30": "7.93", "2011-08-31": "7.01", "2011-05-31": "7.89", "2011-02-28": "7.30", "2010-11-30": "7.45", "2010-08-31": "6.24", "2010-05-31": "6.19", "2010-02-28": "6.61", "2009-11-30": "7.09", "2009-08-31": "5.47", "2009-05-31": "5.70", "2009-02-28": "7.45", "2008-11-30": "9.16", "2008-08-31": "9.23", "2008-05-31": "10.08", "2008-02-29": "9.71", "2007-11-30": "10.29", "2007-08-31": "11.63", "2007-05-31": "12.75", "2007-02-28": "11.11", "2006-11-30": "12.22", "2006-08-31": "9.81", "2006-05-31": "12.08", "2006-02-28": "18.00"}, "price fcf": {"2021-02-05": "", "2020-11-30": "$13.03", "2020-08-31": "$11.76", "2020-05-31": "$10.08", "2020-02-29": "$9.10", "2019-11-30": "$8.88", "2019-08-31": "$9.27", "2019-05-31": "$9.34", "2019-02-28": "$9.06", "2018-11-30": "$8.38", "2018-08-31": "$8.25", "2018-05-31": "$7.94", "2018-02-28": "$7.69", "2017-11-30": "$6.57", "2017-08-31": "$6.75", "2017-05-31": "$6.97", "2017-02-28": "$6.70", "2016-11-30": "$6.94", "2016-08-31": "$6.25", "2016-05-31": "$5.53", "2016-02-29": "$5.19", "2015-11-30": "$5.19", "2015-08-31": "$5.58", "2015-05-31": "$5.69", "2015-02-28": "$5.62", "2014-11-30": "$5.61", "2014-08-31": "$4.58", "2014-05-31": "$4.00", "2014-02-28": "$4.14", "2013-11-30": "$4.58", "2013-08-31": "$4.14", "2013-05-31": "$4.68", "2013-02-28": "$4.24", "2012-11-30": "$4.54", "2012-08-31": "$5.35", "2012-05-31": "$4.83", "2012-02-29": "$4.95", "2011-11-30": "$4.60", "2011-08-31": "$4.10", "2011-05-31": "$3.91", "2011-02-28": "$3.43", "2010-11-30": "$3.53", "2010-08-31": "$3.73", "2010-05-31": "$3.45", "2010-02-28": "$3.52", "2009-11-30": "$3.45", "2009-08-31": "$3.71", "2009-05-31": "$3.62", "2009-02-28": "$3.62", "2008-11-30": "$3.67", "2008-08-31": "$3.03", "2008-05-31": "$2.63", "2008-02-29": "$2.43", "2007-11-30": "$2.38", "2007-08-31": "$2.64", "2007-05-31": "$2.69", "2007-02-28": "$2.49", "2006-11-30": "$2.77"}, "net worth": {"value": "$167.05B"}, "current ratio": {"current": "1.45", "2020-11-30": "1.45", "2020-08-31": "1.40", "2020-05-31": "1.37", "2020-02-29": "1.38", "2019-11-30": "1.39", "2019-08-31": "1.40", "2019-05-31": "1.34", "2019-02-28": "1.35", "2018-11-30": "1.33", "2018-08-31": "1.34", "2018-05-31": "1.29", "2018-02-28": "1.31", "2017-11-30": "1.25", "2017-08-31": "1.23", "2017-05-31": "1.22", "2017-02-28": "1.29", "2016-11-30": "1.24", "2016-08-31": "1.35", "2016-05-31": "1.42", "2016-02-29": "1.41", "2015-11-30": "1.25", "2015-08-31": "1.26", "2015-05-31": "1.40", "2015-02-28": "1.47", "2014-11-30": "1.42", "2014-08-31": "1.46", "2014-05-31": "1.46", "2014-02-28": "1.46", "2013-11-30": "1.44", "2013-08-31": "1.45", "2013-05-31": "1.58", "2013-02-28": "1.63", "2012-11-30": "1.51", "2012-08-31": "1.55", "2012-05-31": "1.51", "2012-02-29": "1.53", "2011-11-30": "1.45", "2011-08-31": "1.45", "2011-05-31": "1.51", "2011-02-28": "1.55", "2010-11-30": "1.47", "2010-08-31": "1.46", "2010-05-31": "1.52", "2010-02-28": "1.51", "2009-11-30": "1.45", "2009-08-31": "1.44", "2009-05-31": "1.46", "2009-02-28": "1.38", "2008-11-30": "1.30", "2008-08-31": "1.34", "2008-05-31": "1.32", "2008-02-29": "1.26", "2007-11-30": "1.26", "2007-08-31": "1.16", "2007-05-31": "1.21", "2007-02-28": "1.24", "2006-11-30": "1.22", "2006-08-31": "1.25", "2006-05-31": "1.21", "2006-02-28": "1.17", "2005-11-30": "1.19", "2005-08-31": "1.36", "2005-05-31": "1.41", "2005-02-28": "1.48"}, "quick ratio": {"2020-11-30": "0.00", "2020-08-31": "0.00", "2020-05-31": "0.00", "2020-02-29": "0.00", "2019-11-30": "0.00", "2019-08-31": "0.00", "2019-05-31": "0.00", "2019-02-28": "0.00", "2018-11-30": "0.00", "2018-08-31": "0.00", "2018-05-31": "0.00", "2018-02-28": "0.00", "2017-11-30": "0.00", "2017-08-31": "0.00", "2017-05-31": "0.00", "2017-02-28": "0.00", "2016-11-30": "0.00", "2016-08-31": "0.00", "2016-05-31": "0.00", "2016-02-29": "0.00", "2015-11-30": "0.00", "2015-08-31": "0.00", "2015-05-31": "0.00", "2015-02-28": "0.00", "2014-11-30": "0.00", "2014-08-31": "0.00", "2014-05-31": "0.00", "2014-02-28": "0.00", "2013-11-30": "0.00", "2013-08-31": "0.00", "2013-05-31": "0.00", "2013-02-28": "0.00", "2012-11-30": "0.00", "2012-08-31": "0.00", "2012-05-31": "0.00", "2012-02-29": "0.00", "2011-11-30": "0.00", "2011-08-31": "0.00", "2011-05-31": "0.00", "2011-02-28": "0.00", "2010-11-30": "0.00", "2010-08-31": "0.00", "2010-05-31": "0.00", "2010-02-28": "0.00", "2009-11-30": "0.00", "2009-08-31": "0.00", "2009-05-31": "0.00", "2009-02-28": "0.00", "2008-11-30": "0.00", "2008-08-31": "0.00", "2008-05-31": "0.00", "2008-02-29": "0.00", "2007-11-30": "0.00", "2007-08-31": "0.00", "2007-05-31": "0.00", "2007-02-28": "0.00", "2006-11-30": "0.00", "2006-08-31": "0.00", "2006-05-31": "0.00", "2006-02-28": "0.00", "2005-11-30": "0.00", "2005-08-31": "0.00", "2005-05-31": "0.00", "2005-02-28": "0.00"}, "debt equity ratio": {"current": "0.00", "2020-11-30": "1.08", "2020-08-31": "1.12", "2020-05-31": "1.13", "2020-02-29": "1.10", "2019-11-30": "1.13", "2019-08-31": "1.01", "2019-05-31": "0.99", "2019-02-28": "1.00", "2018-11-30": "1.05", "2018-08-31": "1.28", "2018-05-31": "1.29", "2018-02-28": "1.22", "2017-11-30": "1.32", "2017-08-31": "1.34", "2017-05-31": "1.38", "2017-02-28": "1.33", "2016-11-30": "1.55", "2016-08-31": "1.52", "2016-05-31": "1.49", "2016-02-29": "1.46", "2015-11-30": "1.81", "2015-08-31": "1.74", "2015-05-31": "1.68", "2015-02-28": "1.59", "2014-11-30": "1.93", "2014-08-31": "1.85", "2014-05-31": "1.77", "2014-02-28": "1.83", "2013-11-30": "2.05", "2013-08-31": "2.11", "2013-05-31": "1.84", "2013-02-28": "1.75", "2012-11-30": "2.29", "2012-08-31": "2.60", "2012-05-31": "2.39", "2012-02-29": "2.17", "2011-11-30": "2.62", "2011-08-31": "2.62", "2011-05-31": "2.57", "2011-02-28": "2.43", "2010-11-30": "2.89", "2010-08-31": "2.92", "2010-05-31": "2.44", "2010-02-28": "2.46", "2009-11-30": "2.68", "2009-08-31": "2.62", "2009-05-31": "3.01", "2009-02-28": "3.43", "2008-11-30": "4.28", "2008-08-31": "3.88", "2008-05-31": "3.84", "2008-02-29": "4.22", "2007-11-30": "4.47", "2007-08-31": "4.21", "2007-05-31": "4.35", "2007-02-28": "3.97", "2006-11-30": "4.35", "2006-08-31": "4.01", "2006-05-31": "5.08", "2006-02-28": "6.00", "2005-11-30": "5.97", "2005-08-31": "4.28", "2005-05-31": "4.13", "2005-02-28": "3.95"}, "return on equity": {"2020-11-30": "30.74%", "2020-08-31": "31.19%", "2020-05-31": "31.51%", "2020-02-29": "32.88%", "2019-11-30": "33.35%", "2019-08-31": "34.29%", "2019-05-31": "36.23%", "2019-02-28": "37.53%", "2018-11-30": "37.97%", "2018-08-31": "39.42%", "2018-05-31": "39.44%", "2018-02-28": "36.89%", "2017-11-30": "38.43%", "2017-08-31": "39.10%", "2017-05-31": "42.49%", "2017-02-28": "46.82%", "2016-11-30": "54.91%", "2016-08-31": "55.43%", "2016-05-31": "53.76%", "2016-02-29": "54.71%", "2015-11-30": "46.68%", "2015-08-31": "47.59%", "2015-05-31": "47.68%", "2015-02-28": "48.66%", "2014-11-30": "49.87%", "2014-08-31": "49.78%", "2014-05-31": "51.12%", "2014-02-28": "51.76%", "2013-11-30": "59.04%", "2013-08-31": "59.21%", "2013-05-31": "59.70%", "2013-02-28": "60.92%", "2012-11-30": "54.38%", "2012-08-31": "55.43%", "2012-05-31": "57.01%", "2012-02-29": "56.96%", "2011-11-30": "56.81%", "2011-08-31": "57.36%", "2011-05-31": "57.02%", "2011-02-28": "56.02%", "2010-11-30": "55.49%", "2010-08-31": "52.81%", "2010-05-31": "46.79%", "2010-02-28": "47.18%", "2009-11-30": "51.68%", "2009-08-31": "58.93%", "2009-05-31": "71.17%", "2009-02-28": "75.87%", "2008-11-30": "78.15%", "2008-08-31": "74.72%", "2008-05-31": "73.38%", "2008-02-29": "72.55%", "2007-11-30": "68.47%", "2007-08-31": "65.52%", "2007-05-31": "68.57%", "2007-02-28": "72.26%", "2006-11-30": "66.56%", "2006-08-31": "68.24%", "2006-05-31": "62.19%", "2006-02-28": "56.54%", "2005-11-30": "58.83%"}, "return on assets": {"2020-11-30": "14.60%", "2020-08-31": "14.72%", "2020-05-31": "15.05%", "2020-02-29": "15.96%", "2019-11-30": "16.41%", "2019-08-31": "17.06%", "2019-05-31": "17.54%", "2019-02-28": "17.57%", "2018-11-30": "17.27%", "2018-08-31": "17.32%", "2018-05-31": "17.22%", "2018-02-28": "15.96%", "2017-11-30": "16.41%", "2017-08-31": "16.33%", "2017-05-31": "17.41%", "2017-02-28": "18.97%", "2016-11-30": "21.93%", "2016-08-31": "21.66%", "2016-05-31": "20.57%", "2016-02-29": "20.53%", "2015-11-30": "17.26%", "2015-08-31": "17.42%", "2015-05-31": "17.28%", "2015-02-28": "17.49%", "2014-11-30": "17.53%", "2014-08-31": "17.35%", "2014-05-31": "17.45%", "2014-02-28": "17.53%", "2013-11-30": "20.13%", "2013-08-31": "19.84%", "2013-05-31": "19.34%", "2013-02-28": "18.89%", "2012-11-30": "16.21%", "2012-08-31": "16.13%", "2012-05-31": "16.59%", "2012-02-29": "16.37%", "2011-11-30": "15.95%", "2011-08-31": "15.87%", "2011-05-31": "15.49%", "2011-02-28": "15.33%", "2010-11-30": "15.12%", "2010-08-31": "14.59%", "2010-05-31": "13.19%", "2010-02-28": "12.82%", "2009-11-30": "13.28%", "2009-08-31": "13.96%", "2009-05-31": "15.49%", "2009-02-28": "15.68%", "2008-11-30": "15.52%", "2008-08-31": "14.72%", "2008-05-31": "14.21%", "2008-02-29": "13.66%", "2007-11-30": "13.04%", "2007-08-31": "12.57%", "2007-05-31": "13.28%", "2007-02-28": "13.62%", "2006-11-30": "11.63%", "2006-08-31": "11.20%", "2006-05-31": "10.01%", "2006-02-28": "9.56%", "2005-11-30": "10.80%"}, "return on investments": {"2020-11-30": "38.75%", "2020-08-31": "39.69%", "2020-05-31": "41.56%", "2020-02-29": "43.23%", "2019-11-30": "44.15%", "2019-08-31": "45.17%", "2019-05-31": "47.97%", "2019-02-28": "51.28%", "2018-11-30": "54.25%", "2018-08-31": "57.13%", "2018-05-31": "62.39%", "2018-02-28": "56.54%", "2017-11-30": "57.62%", "2017-08-31": "58.77%", "2017-05-31": "53.60%", "2017-02-28": "60.92%", "2016-11-30": "62.68%", "2016-08-31": "64.61%", "2016-05-31": "66.71%", "2016-02-29": "67.22%", "2015-11-30": "68.31%", "2015-08-31": "68.83%", "2015-05-31": "69.57%", "2015-02-28": "71.18%", "2014-11-30": "72.26%", "2014-08-31": "72.45%", "2014-05-31": "73.51%", "2014-02-28": "99.78%", "2013-11-30": "104.12%", "2013-08-31": "105.94%", "2013-05-31": "110.45%", "2013-02-28": "83.69%", "2012-11-30": "82.06%", "2012-08-31": "84.03%", "2012-05-31": "111.69%", "2012-02-29": "162.43%", "2011-11-30": "175.27%", "2011-08-31": "342.65%", "2011-05-31": "178.06%", "2011-02-28": "115.55%", "2010-11-30": "117.73%", "2010-08-31": "86.41%", "2010-05-31": "77.06%", "2010-02-28": "77.87%", "2009-11-30": "85.56%", "2009-08-31": "97.96%", "2009-05-31": "120.95%", "2009-02-28": "132.62%", "2008-11-30": "135.15%", "2008-08-31": "132.83%", "2008-05-31": "133.54%", "2008-02-29": "134.32%", "2007-11-30": "133.11%", "2007-08-31": "131.14%", "2007-05-31": "126.13%", "2007-02-28": "133.22%", "2006-11-30": "122.14%", "2006-08-31": "126.64%", "2006-05-31": "131.25%", "2006-02-28": "123.22%", "2005-11-30": "129.72%"}, "return on tangible equity": {"2020-11-30": "54.61%", "2020-08-31": "54.54%", "2020-05-31": "54.55%", "2020-02-29": "56.49%", "2019-11-30": "57.30%", "2019-08-31": "59.43%", "2019-05-31": "64.79%", "2019-02-28": "69.61%", "2018-11-30": "73.56%", "2018-08-31": "80.47%", "2018-05-31": "81.08%", "2018-02-28": "75.79%", "2017-11-30": "78.42%", "2017-08-31": "79.22%", "2017-05-31": "82.98%", "2017-02-28": "88.77%", "2016-11-30": "103.26%", "2016-08-31": "106.09%", "2016-05-31": "103.29%", "2016-02-29": "103.09%", "2015-11-30": "83.85%", "2015-08-31": "80.16%", "2015-05-31": "78.31%", "2015-02-28": "78.95%", "2014-11-30": "81.81%", "2014-08-31": "80.36%", "2014-05-31": "81.09%", "2014-02-28": "77.93%", "2013-11-30": "83.73%", "2013-08-31": "81.77%", "2013-05-31": "80.46%", "2013-02-28": "82.37%", "2012-11-30": "73.73%", "2012-08-31": "75.39%", "2012-05-31": "77.48%", "2012-02-29": "76.74%", "2011-11-30": "76.40%", "2011-08-31": "76.51%", "2011-05-31": "75.91%", "2011-02-28": "74.59%", "2010-11-30": "73.86%", "2010-08-31": "69.90%", "2010-05-31": "61.67%", "2010-02-28": "62.96%", "2009-11-30": "70.71%", "2009-08-31": "83.62%", "2009-05-31": "104.95%", "2009-02-28": "114.92%", "2008-11-30": "120.55%", "2008-08-31": "114.11%", "2008-05-31": "111.43%", "2008-02-29": "108.37%", "2007-11-30": "98.11%", "2007-08-31": "92.30%", "2007-05-31": "95.39%", "2007-02-28": "101.58%", "2006-11-30": "96.17%", "2006-08-31": "99.11%", "2006-05-31": "88.29%", "2006-02-28": "74.44%", "2005-11-30": "72.54%"}, "dividend yield history": {"last payout": "$3.52", "last yield": "1.39%"}}