{"ticker": "ATVI", "price": {"title": "Activision Blizzard Historical Annual Stock Price Data", "value": 101.61, "historical": {"2021": {"Average Stock Price": "91.9021", "Year Open": "89.9000", "Year High": "101.6100", "Year Low": "88.0000", "Year Close": "101.6100", "Annual % Change": "9.43%"}, "2020": {"Average Stock Price": "72.9876", "Year Open": "58.6500", "Year High": "92.8500", "Year Low": "52.0500", "Year Close": "92.8500", "Annual % Change": "56.26%"}, "2019": {"Average Stock Price": "49.1458", "Year Open": "47.0300", "Year High": "59.4200", "Year Low": "40.1100", "Year Close": "59.4200", "Annual % Change": "27.59%"}, "2018": {"Average Stock Price": "69.2694", "Year Open": "64.3100", "Year High": "83.3900", "Year Low": "43.9900", "Year Close": "46.5700", "Annual % Change": "-26.45%"}, "2017": {"Average Stock Price": "56.2438", "Year Open": "36.6400", "Year High": "66.7300", "Year Low": "36.6400", "Year Close": "63.3200", "Annual % Change": "75.35%"}, "2016": {"Average Stock Price": "37.9008", "Year Open": "37.6200", "Year High": "45.4700", "Year Low": "28.1200", "Year Close": "36.1100", "Annual % Change": "-6.72%"}, "2015": {"Average Stock Price": "27.6239", "Year Open": "20.1300", "Year High": "39.5800", "Year Low": "18.5500", "Year Close": "38.7100", "Annual % Change": "92.11%"}, "2014": {"Average Stock Price": "20.6336", "Year Open": "18.0700", "Year High": "24.0200", "Year Low": "16.6700", "Year Close": "20.1500", "Annual % Change": "13.01%"}, "2013": {"Average Stock Price": "15.3963", "Year Open": "10.9450", "Year High": "18.2700", "Year Low": "10.9300", "Year Close": "17.8300", "Annual % Change": "67.89%"}, "2012": {"Average Stock Price": "11.8572", "Year Open": "12.2000", "Year High": "12.8750", "Year Low": "10.5600", "Year Close": "10.6200", "Annual % Change": "-13.80%"}, "2011": {"Average Stock Price": "11.7164", "Year Open": "12.5150", "Year High": "13.9300", "Year Low": "10.4300", "Year Close": "12.3200", "Annual % Change": "-0.96%"}, "2010": {"Average Stock Price": "11.2435", "Year Open": "11.3000", "Year High": "12.5700", "Year Low": "10.0100", "Year Close": "12.4400", "Annual % Change": "11.97%"}, "2009": {"Average Stock Price": "11.1560", "Year Open": "9.1200", "Year High": "13.0100", "Year Low": "8.1800", "Year Close": "11.1100", "Annual % Change": "28.59%"}, "2008": {"Average Stock Price": "14.2535", "Year Open": "14.2150", "Year High": "18.8000", "Year Low": "8.5400", "Year Close": "8.6400", "Annual % Change": "-41.82%"}, "2007": {"Average Stock Price": "9.9727", "Year Open": "8.5800", "Year High": "14.8500", "Year Low": "8.1300", "Year Close": "14.8500", "Annual % Change": "72.27%"}, "2006": {"Average Stock Price": "6.9348", "Year Open": "6.9700", "Year High": "8.9700", "Year Low": "5.3600", "Year Close": "8.6200", "Annual % Change": "25.47%"}, "2005": {"Average Stock Price": "6.7673", "Year Open": "5.5212", "Year High": "8.7100", "Year Low": "5.2006", "Year Close": "6.8700", "Annual % Change": "21.04%"}, "2004": {"Average Stock Price": "4.1480", "Year Open": "3.5233", "Year High": "5.6759", "Year Low": "3.2608", "Year Close": "5.6759", "Annual % Change": "66.23%"}, "2003": {"Average Stock Price": "2.2708", "Year Open": "1.9401", "Year High": "3.5627", "Year Low": "1.7088", "Year Close": "3.4145", "Annual % Change": "87.22%"}, "2002": {"Average Stock Price": "3.2576", "Year Open": "3.3027", "Year High": "4.3327", "Year Low": "1.5888", "Year Close": "1.8238", "Annual % Change": "-43.91%"}, "2001": {"Average Stock Price": "2.5339", "Year Open": "1.1667", "Year High": "3.4889", "Year Low": "1.1667", "Year Close": "3.2514", "Annual % Change": "157.86%"}, "2000": {"Average Stock Price": "0.9677", "Year Open": "1.3701", "Year High": "1.4742", "Year Low": "0.4717", "Year Close": "1.2609", "Annual % Change": "-1.18%"}, "1999": {"Average Stock Price": "1.1370", "Year Open": "0.9067", "Year High": "1.4792", "Year Low": "0.8542", "Year Close": "1.2759", "Annual % Change": "37.68%"}, "1998": {"Average Stock Price": "0.9955", "Year Open": "1.3592", "Year High": "1.4584", "Year Low": "0.7709", "Year Close": "0.9267", "Annual % Change": "-37.77%"}, "1997": {"Average Stock Price": "1.1404", "Year Open": "1.0417", "Year High": "1.5109", "Year Low": "0.8334", "Year Close": "1.4892", "Annual % Change": "38.74%"}, "1996": {"Average Stock Price": "1.0599", "Year Open": "0.9584", "Year High": "1.2609", "Year Low": "0.7184", "Year Close": "1.0734", "Annual % Change": "17.09%"}, "1995": {"Average Stock Price": "0.8422", "Year Open": "0.3959", "Year High": "1.6459", "Year Low": "0.3959", "Year Close": "0.9167", "Annual % Change": "119.99%"}, "1994": {"Average Stock Price": "0.5663", "Year Open": "1.1667", "Year High": "1.1667", "Year Low": "0.2917", "Year Close": "0.4167", "Annual % Change": "-62.26%"}}}, "market cap": {"value": "$78.53B"}, "income statement": {"Revenue": {"2020-12-31": "8086.00000", "2019-12-31": "6489.00000", "2018-12-31": "7500.00000", "2017-12-31": "7017.00000", "2016-12-31": "6608.00000", "2015-12-31": "4664.00000", "2014-12-31": "4408.00000", "2013-12-31": "4583.00000", "2012-12-31": "4856.00000", "2011-12-31": "4755.00000", "2010-12-31": "4447.00000", "2009-12-31": "4279.00000", "2008-12-31": "3026.00000", "2007-12-31": "1349.00000", "2007-03-31": "1513.01200", "2006-12-31": "1018.00000", "2006-03-31": "1468.00000", "2005-03-31": "1405.85700"}, "Cost Of Goods Sold": {"2020-12-31": "2260.00000", "2019-12-31": "2094.00000", "2018-12-31": "2517.00000", "2017-12-31": "2501.00000", "2016-12-31": "2394.00000", "2015-12-31": "1585.00000", "2014-12-31": "1525.00000", "2013-12-31": "1531.00000", "2012-12-31": "1662.00000", "2011-12-31": "1772.00000", "2010-12-31": "2135.00000", "2009-12-31": "2307.00000", "2008-12-31": "1839.00000", "2007-12-31": "436.00000", "2007-03-31": "978.06500", "2006-12-31": "367.00000", "2006-03-31": "940.36210", "2005-03-31": "844.94600"}, "Gross Profit": {"2020-12-31": "5826.00000", "2019-12-31": "4395.00000", "2018-12-31": "4983.00000", "2017-12-31": "4516.00000", "2016-12-31": "4214.00000", "2015-12-31": "3079.00000", "2014-12-31": "2883.00000", "2013-12-31": "3052.00000", "2012-12-31": "3194.00000", "2011-12-31": "2983.00000", "2010-12-31": "2312.00000", "2009-12-31": "1972.00000", "2008-12-31": "1187.00000", "2007-12-31": "913.00000", "2007-03-31": "534.94700", "2006-12-31": "651.00000", "2006-03-31": "527.63790", "2005-03-31": "560.91110"}, "Research And Development Expenses": {"2020-12-31": "1150.00000", "2019-12-31": "998.00000", "2018-12-31": "1101.00000", "2017-12-31": "1069.00000", "2016-12-31": "958.00000", "2015-12-31": "646.00000", "2014-12-31": "571.00000", "2013-12-31": "584.00000", "2012-12-31": "604.00000", "2011-12-31": "629.00000", "2010-12-31": "626.00000", "2009-12-31": "627.00000", "2008-12-31": "592.00000", "2007-12-31": "397.00000", "2007-03-31": "133.07300", "2006-12-31": "246.00000", "2006-03-31": "132.65100", "2005-03-31": "87.77600"}, "SG&A Expenses": {"2020-12-31": "1848.00000", "2019-12-31": "1658.00000", "2018-12-31": "1884.00000", "2017-12-31": "2123.00000", "2016-12-31": "1844.00000", "2015-12-31": "1114.00000", "2014-12-31": "1129.00000", "2013-12-31": "1096.00000", "2012-12-31": "1139.00000", "2011-12-31": "1001.00000", "2010-12-31": "891.00000", "2009-12-31": "939.00000", "2008-12-31": "735.00000", "2007-12-31": "338.00000", "2007-03-31": "328.72700", "2006-12-31": "280.00000", "2006-03-31": "379.76100", "2005-03-31": "293.52700"}, "Other Operating Income Or Expenses": {"2020-12-31": "", "2019-12-31": "", "2018-12-31": "", "2017-12-31": "", "2016-12-31": "", "2015-12-31": "", "2014-12-31": "", "2013-12-31": "", "2012-12-31": "", "2011-12-31": "", "2010-12-31": "", "2009-12-31": "", "2008-12-31": "", "2007-12-31": "", "2007-03-31": "", "2006-12-31": "", "2006-03-31": "", "2005-03-31": ""}, "Operating Expenses": {"2020-12-31": "5352.00000", "2019-12-31": "4882.00000", "2018-12-31": "5512.00000", "2017-12-31": "5708.00000", "2016-12-31": "5196.00000", "2015-12-31": "3345.00000", "2014-12-31": "3225.00000", "2013-12-31": "3211.00000", "2012-12-31": "3405.00000", "2011-12-31": "3427.00000", "2010-12-31": "3978.00000", "2009-12-31": "4305.00000", "2008-12-31": "3259.00000", "2007-12-31": "1170.00000", "2007-03-31": "1439.86500", "2006-12-31": "897.00000", "2006-03-31": "1452.77400", "2005-03-31": "1226.24900"}, "Operating Income": {"2020-12-31": "2734.00000", "2019-12-31": "1607.00000", "2018-12-31": "1988.00000", "2017-12-31": "1309.00000", "2016-12-31": "1412.00000", "2015-12-31": "1319.00000", "2014-12-31": "1183.00000", "2013-12-31": "1372.00000", "2012-12-31": "1451.00000", "2011-12-31": "1328.00000", "2010-12-31": "469.00000", "2009-12-31": "-26.00000", "2008-12-31": "-233.00000", "2007-12-31": "179.00000", "2007-03-31": "73.14700", "2006-12-31": "121.00000", "2006-03-31": "15.22600", "2005-03-31": "179.60800"}, "Total Non-Operating Income/Expense": {"2020-12-31": "-118.00000", "2019-12-31": "26.00000", "2018-12-31": "-111.00000", "2017-12-31": "-158.00000", "2016-12-31": "-306.00000", "2015-12-31": "-198.00000", "2014-12-31": "-202.00000", "2013-12-31": "-53.00000", "2012-12-31": "7.00000", "2011-12-31": "3.00000", "2010-12-31": "23.00000", "2009-12-31": "18.00000", "2008-12-31": "46.00000", "2007-12-31": "-4.00000", "2007-03-31": "36.67800", "2006-12-31": "-15.00000", "2006-03-31": "30.63000", "2005-03-31": "13.09200"}, "Pre-Tax Income": {"2020-12-31": "2616.00000", "2019-12-31": "1633.00000", "2018-12-31": "1877.00000", "2017-12-31": "1151.00000", "2016-12-31": "1106.00000", "2015-12-31": "1121.00000", "2014-12-31": "981.00000", "2013-12-31": "1319.00000", "2012-12-31": "1458.00000", "2011-12-31": "1331.00000", "2010-12-31": "492.00000", "2009-12-31": "-8.00000", "2008-12-31": "-187.00000", "2007-12-31": "175.00000", "2007-03-31": "109.82500", "2006-12-31": "106.00000", "2006-03-31": "45.85600", "2005-03-31": "192.70000"}, "Income Taxes": {"2020-12-31": "419.00000", "2019-12-31": "130.00000", "2018-12-31": "29.00000", "2017-12-31": "878.00000", "2016-12-31": "140.00000", "2015-12-31": "229.00000", "2014-12-31": "146.00000", "2013-12-31": "309.00000", "2012-12-31": "309.00000", "2011-12-31": "246.00000", "2010-12-31": "74.00000", "2009-12-31": "-121.00000", "2008-12-31": "-80.00000", "2007-12-31": "-52.00000", "2007-03-31": "24.03800", "2006-12-31": "-33.00000", "2006-03-31": "5.60500", "2005-03-31": "57.64300"}, "Income After Taxes": {"2020-12-31": "2197.00000", "2019-12-31": "1503.00000", "2018-12-31": "1848.00000", "2017-12-31": "273.00000", "2016-12-31": "966.00000", "2015-12-31": "892.00000", "2014-12-31": "835.00000", "2013-12-31": "1010.00000", "2012-12-31": "1149.00000", "2011-12-31": "1085.00000", "2010-12-31": "418.00000", "2009-12-31": "113.00000", "2008-12-31": "-107.00000", "2007-12-31": "227.00000", "2007-03-31": "85.78700", "2006-12-31": "139.00000", "2006-03-31": "40.25100", "2005-03-31": "135.05700"}, "Other Income": {"2020-12-31": "", "2019-12-31": "", "2018-12-31": "", "2017-12-31": "", "2016-12-31": "", "2015-12-31": "", "2014-12-31": "", "2013-12-31": "", "2012-12-31": "", "2011-12-31": "", "2010-12-31": "", "2009-12-31": "", "2008-12-31": "", "2007-12-31": "", "2007-03-31": "", "2006-12-31": "", "2006-03-31": "", "2005-03-31": ""}, "Income From Continuous Operations": {"2020-12-31": "2197.00000", "2019-12-31": "1503.00000", "2018-12-31": "1848.00000", "2017-12-31": "273.00000", "2016-12-31": "966.00000", "2015-12-31": "892.00000", "2014-12-31": "835.00000", "2013-12-31": "1010.00000", "2012-12-31": "1149.00000", "2011-12-31": "1085.00000", "2010-12-31": "418.00000", "2009-12-31": "113.00000", "2008-12-31": "-107.00000", "2007-12-31": "227.00000", "2007-03-31": "85.78700", "2006-12-31": "139.00000", "2006-03-31": "40.25100", "2005-03-31": "135.05700"}, "Income From Discontinued Operations": {"2020-12-31": "", "2019-12-31": "", "2018-12-31": "", "2017-12-31": "", "2016-12-31": "", "2015-12-31": "", "2014-12-31": "", "2013-12-31": "", "2012-12-31": "", "2011-12-31": "", "2010-12-31": "", "2009-12-31": "", "2008-12-31": "", "2007-12-31": "", "2007-03-31": "", "2006-12-31": "", "2006-03-31": "", "2005-03-31": ""}, "Net Income": {"2020-12-31": "2197.00000", "2019-12-31": "1503.00000", "2018-12-31": "1848.00000", "2017-12-31": "273.00000", "2016-12-31": "962.00000", "2015-12-31": "881.00000", "2014-12-31": "817.00000", "2013-12-31": "987.00000", "2012-12-31": "1125.00000", "2011-12-31": "1069.00000", "2010-12-31": "414.00000", "2009-12-31": "112.00000", "2008-12-31": "-107.00000", "2007-12-31": "227.00000", "2007-03-31": "85.78700", "2006-12-31": "139.00000", "2006-03-31": "40.25100", "2005-03-31": "135.05700"}, "EBITDA": {"2020-12-31": "3180.00000", "2019-12-31": "2160.00000", "2018-12-31": "2986.00000", "2017-12-31": "2508.00000", "2016-12-31": "2583.00000", "2015-12-31": "1820.00000", "2014-12-31": "1536.00000", "2013-12-31": "1688.00000", "2012-12-31": "1779.00000", "2011-12-31": "1763.00000", "2010-12-31": "986.00000", "2009-12-31": "602.00000", "2008-12-31": "328.00000", "2007-12-31": "296.00000", "2007-03-31": "220.28000", "2006-12-31": "241.00000", "2006-03-31": "206.56100", "2005-03-31": "328.47700"}, "EBIT": {"2020-12-31": "2734.00000", "2019-12-31": "1607.00000", "2018-12-31": "1988.00000", "2017-12-31": "1309.00000", "2016-12-31": "1412.00000", "2015-12-31": "1319.00000", "2014-12-31": "1183.00000", "2013-12-31": "1372.00000", "2012-12-31": "1451.00000", "2011-12-31": "1328.00000", "2010-12-31": "469.00000", "2009-12-31": "-26.00000", "2008-12-31": "-233.00000", "2007-12-31": "179.00000", "2007-03-31": "73.14700", "2006-12-31": "121.00000", "2006-03-31": "15.22600", "2005-03-31": "179.60800"}, "Basic Shares Outstanding": {"2020-12-31": "771.00000", "2019-12-31": "767.00000", "2018-12-31": "762.00000", "2017-12-31": "754.00000", "2016-12-31": "740.00000", "2015-12-31": "728.00000", "2014-12-31": "716.00000", "2013-12-31": "1024.00000", "2012-12-31": "1112.00000", "2011-12-31": "1148.00000", "2010-12-31": "1222.00000", "2009-12-31": "1283.00000", "2008-12-31": "946.00000", "2007-12-31": "591.00000", "2007-03-31": "562.22800", "2006-12-31": "591.00000", "2006-03-31": "546.35400", "2005-03-31": "500.04600"}, "Shares Outstanding": {"2020-12-31": "778.00000", "2019-12-31": "771.00000", "2018-12-31": "771.00000", "2017-12-31": "766.00000", "2016-12-31": "754.00000", "2015-12-31": "739.00000", "2014-12-31": "726.00000", "2013-12-31": "1035.00000", "2012-12-31": "1118.00000", "2011-12-31": "1156.00000", "2010-12-31": "1236.00000", "2009-12-31": "1311.00000", "2008-12-31": "946.00000", "2007-12-31": "591.00000", "2007-03-31": "610.67800", "2006-12-31": "591.00000", "2006-03-31": "588.00400", "2005-03-31": "555.42400"}, "Basic EPS": {"2020-12-31": "2.85000", "2019-12-31": "1.96000", "2018-12-31": "2.43000", "2017-12-31": "0.36000", "2016-12-31": "1.30000", "2015-12-31": "1.21000", "2014-12-31": "1.14000", "2013-12-31": "0.96000", "2012-12-31": "1.01000", "2011-12-31": "0.93000", "2010-12-31": "0.34000", "2009-12-31": "0.09000", "2008-12-31": "-0.11000", "2007-12-31": "0.38000", "2007-03-31": "0.15500", "2006-12-31": "0.24000", "2006-03-31": "0.07500", "2005-03-31": "0.27000"}, "EPS - Earnings Per Share": {"2020-12-31": "2.82000", "2019-12-31": "1.95000", "2018-12-31": "2.40000", "2017-12-31": "0.36000", "2016-12-31": "1.28000", "2015-12-31": "1.19000", "2014-12-31": "1.13000", "2013-12-31": "0.95000", "2012-12-31": "1.01000", "2011-12-31": "0.92000", "2010-12-31": "0.33000", "2009-12-31": "0.09000", "2008-12-31": "-0.11000", "2007-12-31": "0.38000", "2007-03-31": "0.14000", "2006-12-31": "0.24000", "2006-03-31": "0.07000", "2005-03-31": "0.24500"}}, "income statement, quarterly": {"Revenue": {"2020-12-31": "2413.00000", "2020-09-30": "1954.00000", "2020-06-30": "1932.00000", "2020-03-31": "1788.00000", "2019-12-31": "1986.00000", "2019-09-30": "1282.00000", "2019-06-30": "1396.00000", "2019-03-31": "1825.00000", "2018-12-31": "2382.00000", "2018-09-30": "1512.00000", "2018-06-30": "1641.00000", "2018-03-31": "1965.00000", "2017-12-31": "2042.00000", "2017-09-30": "1618.00000", "2017-06-30": "1631.00000", "2017-03-31": "1726.00000", "2016-12-31": "2015.00000", "2016-09-30": "1568.00000", "2016-06-30": "1570.00000", "2016-03-31": "1455.00000", "2015-12-31": "1352.00000", "2015-09-30": "990.00000", "2015-06-30": "1044.00000", "2015-03-31": "1278.00000", "2014-12-31": "1574.00000", "2014-09-30": "753.00000", "2014-06-30": "970.00000", "2014-03-31": "1111.00000", "2013-12-31": "1518.00000", "2013-09-30": "691.00000", "2013-06-30": "1050.00000", "2013-03-31": "1324.00000", "2012-12-31": "1768.00000", "2012-09-30": "841.00000", "2012-06-30": "1075.00000", "2012-03-31": "1172.00000", "2011-12-31": "1406.00000", "2011-09-30": "754.00000", "2011-06-30": "1146.00000", "2011-03-31": "1449.00000", "2010-12-31": "1427.00000", "2010-09-30": "745.00000", "2010-06-30": "967.00000", "2010-03-31": "1308.00000", "2009-12-31": "1557.00000", "2009-09-30": "703.00000", "2009-06-30": "1038.00000", "2009-03-31": "981.00000", "2008-12-31": "1638.00000", "2008-09-30": "711.00000", "2008-06-30": "352.00000", "2008-03-31": "325.00000", "2007-12-31": "1482.48400", "2007-09-30": "326.00000", "2007-06-30": "495.45500", "2007-03-31": "", "2006-12-31": "824.25900", "2006-09-30": "188.17200", "2006-06-30": "188.06900", "2006-03-31": "", "2005-12-31": "816.24200", "2005-09-30": "222.54000", "2005-06-30": "241.09300", "2005-03-31": ""}, "Cost Of Goods Sold": {"2020-12-31": "818.00000", "2020-09-30": "469.00000", "2020-06-30": "469.00000", "2020-03-31": "505.00000", "2019-12-31": "656.00000", "2019-09-30": "442.00000", "2019-06-30": "433.00000", "2019-03-31": "563.00000", "2018-12-31": "832.00000", "2018-09-30": "513.00000", "2018-06-30": "510.00000", "2018-03-31": "662.00000", "2017-12-31": "803.00000", "2017-09-30": "552.00000", "2017-06-30": "561.00000", "2017-03-31": "585.00000", "2016-12-31": "776.00000", "2016-09-30": "529.00000", "2016-06-30": "598.00000", "2016-03-31": "491.00000", "2015-12-31": "538.00000", "2015-09-30": "337.00000", "2015-06-30": "297.00000", "2015-03-31": "413.00000", "2014-12-31": "630.00000", "2014-09-30": "253.00000", "2014-06-30": "300.00000", "2014-03-31": "342.00000", "2013-12-31": "655.00000", "2013-09-30": "175.00000", "2013-06-30": "285.00000", "2013-03-31": "416.00000", "2012-12-31": "684.00000", "2012-09-30": "237.00000", "2012-06-30": "377.00000", "2012-03-31": "364.00000", "2011-12-31": "740.00000", "2011-09-30": "237.00000", "2011-06-30": "343.00000", "2011-03-31": "452.00000", "2010-12-31": "885.00000", "2010-09-30": "349.00000", "2010-06-30": "368.00000", "2010-03-31": "533.00000", "2009-12-31": "1012.00000", "2009-09-30": "339.00000", "2009-06-30": "472.00000", "2009-03-31": "484.00000", "2008-12-31": "1218.00000", "2008-09-30": "408.00000", "2008-06-30": "106.00000", "2008-03-31": "107.00000", "2007-12-31": "762.29000", "2007-09-30": "77.00000", "2007-06-30": "327.96000", "2007-03-31": "", "2006-12-31": "483.18000", "2006-09-30": "141.07800", "2006-06-30": "137.80000", "2006-03-31": "", "2005-12-31": "498.32500", "2005-09-30": "141.45800", "2005-06-30": "172.27000", "2005-03-31": ""}, "Gross Profit": {"2020-12-31": "1595.00000", "2020-09-30": "1485.00000", "2020-06-30": "1463.00000", "2020-03-31": "1283.00000", "2019-12-31": "1330.00000", "2019-09-30": "840.00000", "2019-06-30": "963.00000", "2019-03-31": "1262.00000", "2018-12-31": "1550.00000", "2018-09-30": "999.00000", "2018-06-30": "1131.00000", "2018-03-31": "1303.00000", "2017-12-31": "1239.00000", "2017-09-30": "1066.00000", "2017-06-30": "1070.00000", "2017-03-31": "1141.00000", "2016-12-31": "1239.00000", "2016-09-30": "1039.00000", "2016-06-30": "972.00000", "2016-03-31": "964.00000", "2015-12-31": "814.00000", "2015-09-30": "653.00000", "2015-06-30": "747.00000", "2015-03-31": "865.00000", "2014-12-31": "944.00000", "2014-09-30": "500.00000", "2014-06-30": "670.00000", "2014-03-31": "769.00000", "2013-12-31": "863.00000", "2013-09-30": "516.00000", "2013-06-30": "765.00000", "2013-03-31": "908.00000", "2012-12-31": "1084.00000", "2012-09-30": "604.00000", "2012-06-30": "698.00000", "2012-03-31": "808.00000", "2011-12-31": "666.00000", "2011-09-30": "517.00000", "2011-06-30": "803.00000", "2011-03-31": "997.00000", "2010-12-31": "542.00000", "2010-09-30": "396.00000", "2010-06-30": "599.00000", "2010-03-31": "775.00000", "2009-12-31": "545.00000", "2009-09-30": "364.00000", "2009-06-30": "566.00000", "2009-03-31": "497.00000", "2008-12-31": "420.00000", "2008-09-30": "303.00000", "2008-06-30": "246.00000", "2008-03-31": "218.00000", "2007-12-31": "720.19400", "2007-09-30": "249.00000", "2007-06-30": "167.49500", "2007-03-31": "", "2006-12-31": "341.07890", "2006-09-30": "47.09400", "2006-06-30": "50.26900", "2006-03-31": "", "2005-12-31": "317.91700", "2005-09-30": "81.08200", "2005-06-30": "68.82300", "2005-03-31": ""}, "Research And Development Expenses": {"2020-12-31": "350.00000", "2020-09-30": "274.00000", "2020-06-30": "291.00000", "2020-03-31": "238.00000", "2019-12-31": "295.00000", "2019-09-30": "210.00000", "2019-06-30": "244.00000", "2019-03-31": "249.00000", "2018-12-31": "324.00000", "2018-09-30": "263.00000", "2018-06-30": "255.00000", "2018-03-31": "259.00000", "2017-12-31": "319.00000", "2017-09-30": "273.00000", "2017-06-30": "252.00000", "2017-03-31": "225.00000", "2016-12-31": "285.00000", "2016-09-30": "249.00000", "2016-06-30": "249.00000", "2016-03-31": "175.00000", "2015-12-31": "193.00000", "2015-09-30": "159.00000", "2015-06-30": "149.00000", "2015-03-31": "145.00000", "2014-12-31": "185.00000", "2014-09-30": "131.00000", "2014-06-30": "112.00000", "2014-03-31": "143.00000", "2013-12-31": "196.00000", "2013-09-30": "140.00000", "2013-06-30": "123.00000", "2013-03-31": "125.00000", "2012-12-31": "220.00000", "2012-09-30": "125.00000", "2012-06-30": "145.00000", "2012-03-31": "114.00000", "2011-12-31": "238.00000", "2011-09-30": "133.00000", "2011-06-30": "116.00000", "2011-03-31": "142.00000", "2010-12-31": "265.00000", "2010-09-30": "118.00000", "2010-06-30": "100.00000", "2010-03-31": "143.00000", "2009-12-31": "265.00000", "2009-09-30": "122.00000", "2009-06-30": "123.00000", "2009-03-31": "117.00000", "2008-12-31": "189.00000", "2008-09-30": "200.00000", "2008-06-30": "99.00000", "2008-03-31": "104.00000", "2007-12-31": "124.50100", "2007-09-30": "117.00000", "2007-06-30": "32.89700", "2007-03-31": "", "2006-12-31": "37.16200", "2006-09-30": "25.60800", "2006-06-30": "25.62500", "2006-03-31": "", "2005-12-31": "53.25400", "2005-09-30": "28.36600", "2005-06-30": "17.80200", "2005-03-31": ""}, "SG&A Expenses": {"2020-12-31": "596.00000", "2020-09-30": "424.00000", "2020-06-30": "417.00000", "2020-03-31": "410.00000", "2019-12-31": "552.00000", "2019-09-30": "359.00000", "2019-06-30": "361.00000", "2019-03-31": "386.00000", "2018-12-31": "522.00000", "2018-09-30": "471.00000", "2018-06-30": "442.00000", "2018-03-31": "449.00000", "2017-12-31": "685.00000", "2017-09-30": "536.00000", "2017-06-30": "479.00000", "2017-03-31": "423.00000", "2016-12-31": "529.00000", "2016-09-30": "496.00000", "2016-06-30": "491.00000", "2016-03-31": "328.00000", "2015-12-31": "372.00000", "2015-09-30": "298.00000", "2015-06-30": "266.00000", "2015-03-31": "178.00000", "2014-12-31": "321.00000", "2014-09-30": "361.00000", "2014-06-30": "248.00000", "2014-03-31": "199.00000", "2013-12-31": "382.00000", "2013-09-30": "306.00000", "2013-06-30": "212.00000", "2013-03-31": "196.00000", "2012-12-31": "380.00000", "2012-09-30": "252.00000", "2012-06-30": "326.00000", "2012-03-31": "181.00000", "2011-12-31": "403.00000", "2011-09-30": "219.00000", "2011-06-30": "217.00000", "2011-03-31": "162.00000", "2010-12-31": "348.00000", "2010-09-30": "223.00000", "2010-06-30": "199.00000", "2010-03-31": "121.00000", "2009-12-31": "309.00000", "2009-09-30": "234.00000", "2009-06-30": "210.00000", "2009-03-31": "186.00000", "2008-12-31": "347.00000", "2008-09-30": "236.00000", "2008-06-30": "101.00000", "2008-03-31": "51.00000", "2007-12-31": "191.15900", "2007-09-30": "75.00000", "2007-06-30": "104.50600", "2007-03-31": "", "2006-12-31": "", "2006-09-30": "58.89600", "2006-06-30": "58.09300", "2006-03-31": "", "2005-12-31": "", "2005-09-30": "80.50400", "2005-06-30": "64.46900", "2005-03-31": ""}, "Other Operating Income Or Expenses": {"2020-12-31": "", "2020-09-30": "", "2020-06-30": "", "2020-03-31": "", "2019-12-31": "", "2019-09-30": "", "2019-06-30": "", "2019-03-31": "", "2018-12-31": "", "2018-09-30": "", "2018-06-30": "", "2018-03-31": "", "2017-12-31": "", "2017-09-30": "", "2017-06-30": "", "2017-03-31": "", "2016-12-31": "", "2016-09-30": "", "2016-06-30": "", "2016-03-31": "", "2015-12-31": "", "2015-09-30": "", "2015-06-30": "", "2015-03-31": "", "2014-12-31": "", "2014-09-30": "", "2014-06-30": "", "2014-03-31": "", "2013-12-31": "", "2013-09-30": "", "2013-06-30": "", "2013-03-31": "", "2012-12-31": "", "2012-09-30": "", "2012-06-30": "", "2012-03-31": "", "2011-12-31": "", "2011-09-30": "", "2011-06-30": "", "2011-03-31": "", "2010-12-31": "", "2010-09-30": "", "2010-06-30": "", "2010-03-31": "", "2009-12-31": "", "2009-09-30": "", "2009-06-30": "", "2009-03-31": "", "2008-12-31": "", "2008-09-30": "", "2008-06-30": "", "2008-03-31": "", "2007-12-31": "", "2007-09-30": "", "2007-06-30": "", "2007-03-31": "", "2006-12-31": "", "2006-09-30": "", "2006-06-30": "", "2006-03-31": "", "2005-12-31": "", "2005-09-30": "", "2005-06-30": "", "2005-03-31": ""}, "Operating Expenses": {"2020-12-31": "1819.00000", "2020-09-30": "1176.00000", "2020-06-30": "1183.00000", "2020-03-31": "1176.00000", "2019-12-31": "1532.00000", "2019-09-30": "1035.00000", "2019-06-30": "1060.00000", "2019-03-31": "1255.00000", "2018-12-31": "1688.00000", "2018-09-30": "1247.00000", "2018-06-30": "1207.00000", "2018-03-31": "1370.00000", "2017-12-31": "1822.00000", "2017-09-30": "1361.00000", "2017-06-30": "1292.00000", "2017-03-31": "1233.00000", "2016-12-31": "1590.00000", "2016-09-30": "1274.00000", "2016-06-30": "1338.00000", "2016-03-31": "994.00000", "2015-12-31": "1103.00000", "2015-09-30": "794.00000", "2015-06-30": "712.00000", "2015-03-31": "736.00000", "2014-12-31": "1136.00000", "2014-09-30": "745.00000", "2014-06-30": "660.00000", "2014-03-31": "684.00000", "2013-12-31": "1233.00000", "2013-09-30": "621.00000", "2013-06-30": "620.00000", "2013-03-31": "737.00000", "2012-12-31": "1284.00000", "2012-09-30": "614.00000", "2012-06-30": "848.00000", "2012-03-31": "659.00000", "2011-12-31": "1381.00000", "2011-09-30": "592.00000", "2011-06-30": "679.00000", "2011-03-31": "775.00000", "2010-12-31": "1824.00000", "2010-09-30": "690.00000", "2010-06-30": "667.00000", "2010-03-31": "797.00000", "2009-12-31": "1989.00000", "2009-09-30": "694.00000", "2009-06-30": "820.00000", "2009-03-31": "802.00000", "2008-12-31": "1786.00000", "2008-09-30": "905.00000", "2008-06-30": "306.00000", "2008-03-31": "262.00000", "2007-12-31": "1077.95000", "2007-09-30": "269.00000", "2007-06-30": "465.36300", "2007-03-31": "", "2006-12-31": "", "2006-09-30": "225.58200", "2006-06-30": "221.51800", "2006-03-31": "", "2005-12-31": "", "2005-09-30": "250.32800", "2005-06-30": "254.54100", "2005-03-31": ""}, "Operating Income": {"2020-12-31": "594.00000", "2020-09-30": "778.00000", "2020-06-30": "749.00000", "2020-03-31": "612.00000", "2019-12-31": "454.00000", "2019-09-30": "247.00000", "2019-06-30": "336.00000", "2019-03-31": "570.00000", "2018-12-31": "694.00000", "2018-09-30": "265.00000", "2018-06-30": "434.00000", "2018-03-31": "595.00000", "2017-12-31": "220.00000", "2017-09-30": "257.00000", "2017-06-30": "339.00000", "2017-03-31": "493.00000", "2016-12-31": "425.00000", "2016-09-30": "294.00000", "2016-06-30": "232.00000", "2016-03-31": "461.00000", "2015-12-31": "249.00000", "2015-09-30": "196.00000", "2015-06-30": "332.00000", "2015-03-31": "542.00000", "2014-12-31": "438.00000", "2014-09-30": "8.00000", "2014-06-30": "310.00000", "2014-03-31": "427.00000", "2013-12-31": "285.00000", "2013-09-30": "70.00000", "2013-06-30": "430.00000", "2013-03-31": "587.00000", "2012-12-31": "484.00000", "2012-09-30": "227.00000", "2012-06-30": "227.00000", "2012-03-31": "513.00000", "2011-12-31": "25.00000", "2011-09-30": "162.00000", "2011-06-30": "467.00000", "2011-03-31": "674.00000", "2010-12-31": "-397.00000", "2010-09-30": "55.00000", "2010-06-30": "300.00000", "2010-03-31": "511.00000", "2009-12-31": "-432.00000", "2009-09-30": "9.00000", "2009-06-30": "218.00000", "2009-03-31": "179.00000", "2008-12-31": "-148.00000", "2008-09-30": "-194.00000", "2008-06-30": "46.00000", "2008-03-31": "63.00000", "2007-12-31": "404.53410", "2007-09-30": "57.00000", "2007-06-30": "30.09200", "2007-03-31": "173.12000", "2006-12-31": "824.25900", "2006-09-30": "-37.41000", "2006-06-30": "-33.44900", "2006-03-31": "", "2005-12-31": "816.24200", "2005-09-30": "-27.78800", "2005-06-30": "-13.44800", "2005-03-31": ""}, "Total Non-Operating Income/Expense": {"2020-12-31": "-31.00000", "2020-09-30": "-56.00000", "2020-06-30": "-22.00000", "2020-03-31": "-8.00000", "2019-12-31": "-7.00000", "2019-09-30": "2.00000", "2019-06-30": "34.00000", "2019-03-31": "-3.00000", "2018-12-31": "-4.00000", "2018-09-30": "-53.00000", "2018-06-30": "-26.00000", "2018-03-31": "-28.00000", "2017-12-31": "-35.00000", "2017-09-30": "-37.00000", "2017-06-30": "-46.00000", "2017-03-31": "-40.00000", "2016-12-31": "-126.00000", "2016-09-30": "-63.00000", "2016-06-30": "-65.00000", "2016-03-31": "-52.00000", "2015-12-31": "-47.00000", "2015-09-30": "-51.00000", "2015-06-30": "-50.00000", "2015-03-31": "-50.00000", "2014-12-31": "-50.00000", "2014-09-30": "-51.00000", "2014-06-30": "-50.00000", "2014-03-31": "-51.00000", "2013-12-31": "-51.00000", "2013-09-30": "-4.00000", "2013-06-30": "", "2013-03-31": "2.00000", "2012-12-31": "3.00000", "2012-09-30": "1.00000", "2012-06-30": "2.00000", "2012-03-31": "1.00000", "2011-12-31": "-4.00000", "2011-09-30": "3.00000", "2011-06-30": "2.00000", "2011-03-31": "2.00000", "2010-12-31": "8.00000", "2010-09-30": "14.00000", "2010-06-30": "1.00000", "2010-03-31": "", "2009-12-31": "-3.00000", "2009-09-30": "11.00000", "2009-06-30": "", "2009-03-31": "10.00000", "2008-12-31": "18.00000", "2008-09-30": "24.00000", "2008-06-30": "2.00000", "2008-03-31": "2.00000", "2007-12-31": "12.01800", "2007-09-30": "-2.00000", "2007-06-30": "11.56200", "2007-03-31": "", "2006-12-31": "", "2006-09-30": "8.03200", "2006-06-30": "8.27500", "2006-03-31": "", "2005-12-31": "", "2005-09-30": "6.33000", "2005-06-30": "7.34800", "2005-03-31": ""}, "Pre-Tax Income": {"2020-12-31": "563.00000", "2020-09-30": "722.00000", "2020-06-30": "727.00000", "2020-03-31": "604.00000", "2019-12-31": "447.00000", "2019-09-30": "249.00000", "2019-06-30": "370.00000", "2019-03-31": "567.00000", "2018-12-31": "690.00000", "2018-09-30": "212.00000", "2018-06-30": "408.00000", "2018-03-31": "567.00000", "2017-12-31": "185.00000", "2017-09-30": "220.00000", "2017-06-30": "293.00000", "2017-03-31": "453.00000", "2016-12-31": "299.00000", "2016-09-30": "231.00000", "2016-06-30": "167.00000", "2016-03-31": "409.00000", "2015-12-31": "202.00000", "2015-09-30": "145.00000", "2015-06-30": "282.00000", "2015-03-31": "492.00000", "2014-12-31": "388.00000", "2014-09-30": "-43.00000", "2014-06-30": "260.00000", "2014-03-31": "376.00000", "2013-12-31": "234.00000", "2013-09-30": "66.00000", "2013-06-30": "430.00000", "2013-03-31": "589.00000", "2012-12-31": "487.00000", "2012-09-30": "228.00000", "2012-06-30": "229.00000", "2012-03-31": "514.00000", "2011-12-31": "21.00000", "2011-09-30": "165.00000", "2011-06-30": "469.00000", "2011-03-31": "676.00000", "2010-12-31": "-389.00000", "2010-09-30": "69.00000", "2010-06-30": "301.00000", "2010-03-31": "511.00000", "2009-12-31": "-435.00000", "2009-09-30": "20.00000", "2009-06-30": "218.00000", "2009-03-31": "189.00000", "2008-12-31": "-130.00000", "2008-09-30": "-170.00000", "2008-06-30": "48.00000", "2008-03-31": "65.00000", "2007-12-31": "416.55200", "2007-09-30": "55.00000", "2007-06-30": "41.65400", "2007-03-31": "", "2006-12-31": "182.84400", "2006-09-30": "-29.37800", "2006-06-30": "-25.17400", "2006-03-31": "", "2005-12-31": "93.05500", "2005-09-30": "-21.45800", "2005-06-30": "-6.10000", "2005-03-31": ""}, "Income Taxes": {"2020-12-31": "55.00000", "2020-09-30": "118.00000", "2020-06-30": "147.00000", "2020-03-31": "99.00000", "2019-12-31": "-77.00000", "2019-09-30": "45.00000", "2019-06-30": "42.00000", "2019-03-31": "120.00000", "2018-12-31": "4.00000", "2018-09-30": "-48.00000", "2018-06-30": "6.00000", "2018-03-31": "67.00000", "2017-12-31": "769.00000", "2017-09-30": "32.00000", "2017-06-30": "50.00000", "2017-03-31": "27.00000", "2016-12-31": "46.00000", "2016-09-30": "32.00000", "2016-06-30": "16.00000", "2016-03-31": "46.00000", "2015-12-31": "43.00000", "2015-09-30": "18.00000", "2015-06-30": "70.00000", "2015-03-31": "98.00000", "2014-12-31": "27.00000", "2014-09-30": "-20.00000", "2014-06-30": "56.00000", "2014-03-31": "83.00000", "2013-12-31": "60.00000", "2013-09-30": "10.00000", "2013-06-30": "106.00000", "2013-03-31": "133.00000", "2012-12-31": "133.00000", "2012-09-30": "2.00000", "2012-06-30": "44.00000", "2012-03-31": "130.00000", "2011-12-31": "-78.00000", "2011-09-30": "17.00000", "2011-06-30": "134.00000", "2011-03-31": "173.00000", "2010-12-31": "-156.00000", "2010-09-30": "18.00000", "2010-06-30": "82.00000", "2010-03-31": "130.00000", "2009-12-31": "-149.00000", "2009-09-30": "5.00000", "2009-06-30": "23.00000", "2009-03-31": "", "2008-12-31": "-60.00000", "2008-09-30": "-62.00000", "2008-06-30": "20.00000", "2008-03-31": "22.00000", "2007-12-31": "144.35600", "2007-09-30": "7.00000", "2007-06-30": "13.82800", "2007-03-31": "", "2006-12-31": "40.02400", "2006-09-30": "-5.07600", "2006-06-30": "-6.86500", "2006-03-31": "", "2005-12-31": "25.19900", "2005-09-30": "-7.22800", "2005-06-30": "-2.51500", "2005-03-31": ""}, "Income After Taxes": {"2020-12-31": "508.00000", "2020-09-30": "604.00000", "2020-06-30": "580.00000", "2020-03-31": "505.00000", "2019-12-31": "524.00000", "2019-09-30": "204.00000", "2019-06-30": "328.00000", "2019-03-31": "447.00000", "2018-12-31": "686.00000", "2018-09-30": "260.00000", "2018-06-30": "402.00000", "2018-03-31": "500.00000", "2017-12-31": "-584.00000", "2017-09-30": "188.00000", "2017-06-30": "243.00000", "2017-03-31": "426.00000", "2016-12-31": "253.00000", "2016-09-30": "199.00000", "2016-06-30": "151.00000", "2016-03-31": "363.00000", "2015-12-31": "159.00000", "2015-09-30": "127.00000", "2015-06-30": "212.00000", "2015-03-31": "394.00000", "2014-12-31": "361.00000", "2014-09-30": "-23.00000", "2014-06-30": "204.00000", "2014-03-31": "293.00000", "2013-12-31": "174.00000", "2013-09-30": "56.00000", "2013-06-30": "324.00000", "2013-03-31": "456.00000", "2012-12-31": "354.00000", "2012-09-30": "226.00000", "2012-06-30": "185.00000", "2012-03-31": "384.00000", "2011-12-31": "99.00000", "2011-09-30": "148.00000", "2011-06-30": "335.00000", "2011-03-31": "503.00000", "2010-12-31": "-233.00000", "2010-09-30": "51.00000", "2010-06-30": "219.00000", "2010-03-31": "381.00000", "2009-12-31": "-286.00000", "2009-09-30": "15.00000", "2009-06-30": "195.00000", "2009-03-31": "189.00000", "2008-12-31": "-70.00000", "2008-09-30": "-108.00000", "2008-06-30": "28.00000", "2008-03-31": "43.00000", "2007-12-31": "272.19600", "2007-09-30": "48.00000", "2007-06-30": "27.82600", "2007-03-31": "", "2006-12-31": "", "2006-09-30": "-24.30200", "2006-06-30": "-18.30900", "2006-03-31": "", "2005-12-31": "", "2005-09-30": "-14.23000", "2005-06-30": "-3.58500", "2005-03-31": ""}, "Other Income": {"2020-12-31": "", "2020-09-30": "", "2020-06-30": "", "2020-03-31": "", "2019-12-31": "", "2019-09-30": "", "2019-06-30": "", "2019-03-31": "", "2018-12-31": "", "2018-09-30": "", "2018-06-30": "", "2018-03-31": "", "2017-12-31": "", "2017-09-30": "", "2017-06-30": "", "2017-03-31": "", "2016-12-31": "", "2016-09-30": "", "2016-06-30": "", "2016-03-31": "", "2015-12-31": "", "2015-09-30": "", "2015-06-30": "", "2015-03-31": "", "2014-12-31": "", "2014-09-30": "", "2014-06-30": "", "2014-03-31": "", "2013-12-31": "", "2013-09-30": "", "2013-06-30": "", "2013-03-31": "", "2012-12-31": "", "2012-09-30": "", "2012-06-30": "", "2012-03-31": "", "2011-12-31": "", "2011-09-30": "", "2011-06-30": "", "2011-03-31": "", "2010-12-31": "", "2010-09-30": "", "2010-06-30": "", "2010-03-31": "", "2009-12-31": "", "2009-09-30": "", "2009-06-30": "", "2009-03-31": "", "2008-12-31": "", "2008-09-30": "", "2008-06-30": "", "2008-03-31": "", "2007-12-31": "", "2007-09-30": "", "2007-06-30": "", "2007-03-31": "", "2006-12-31": "", "2006-09-30": "", "2006-06-30": "", "2006-03-31": "", "2005-12-31": "", "2005-09-30": "", "2005-06-30": "", "2005-03-31": ""}, "Income From Continuous Operations": {"2020-12-31": "508.00000", "2020-09-30": "604.00000", "2020-06-30": "580.00000", "2020-03-31": "505.00000", "2019-12-31": "524.00000", "2019-09-30": "204.00000", "2019-06-30": "328.00000", "2019-03-31": "447.00000", "2018-12-31": "686.00000", "2018-09-30": "260.00000", "2018-06-30": "402.00000", "2018-03-31": "500.00000", "2017-12-31": "-584.00000", "2017-09-30": "188.00000", "2017-06-30": "243.00000", "2017-03-31": "426.00000", "2016-12-31": "253.00000", "2016-09-30": "199.00000", "2016-06-30": "151.00000", "2016-03-31": "363.00000", "2015-12-31": "159.00000", "2015-09-30": "127.00000", "2015-06-30": "212.00000", "2015-03-31": "394.00000", "2014-12-31": "361.00000", "2014-09-30": "-23.00000", "2014-06-30": "204.00000", "2014-03-31": "293.00000", "2013-12-31": "174.00000", "2013-09-30": "56.00000", "2013-06-30": "324.00000", "2013-03-31": "456.00000", "2012-12-31": "354.00000", "2012-09-30": "226.00000", "2012-06-30": "185.00000", "2012-03-31": "384.00000", "2011-12-31": "99.00000", "2011-09-30": "148.00000", "2011-06-30": "335.00000", "2011-03-31": "503.00000", "2010-12-31": "-233.00000", "2010-09-30": "51.00000", "2010-06-30": "219.00000", "2010-03-31": "381.00000", "2009-12-31": "-286.00000", "2009-09-30": "15.00000", "2009-06-30": "195.00000", "2009-03-31": "189.00000", "2008-12-31": "-70.00000", "2008-09-30": "-108.00000", "2008-06-30": "28.00000", "2008-03-31": "43.00000", "2007-12-31": "272.19600", "2007-09-30": "48.00000", "2007-06-30": "27.82600", "2007-03-31": "", "2006-12-31": "", "2006-09-30": "-24.30200", "2006-06-30": "-18.30900", "2006-03-31": "", "2005-12-31": "", "2005-09-30": "-14.23000", "2005-06-30": "-3.58500", "2005-03-31": ""}, "Income From Discontinued Operations": {"2020-12-31": "", "2020-09-30": "", "2020-06-30": "", "2020-03-31": "", "2019-12-31": "", "2019-09-30": "", "2019-06-30": "", "2019-03-31": "", "2018-12-31": "", "2018-09-30": "", "2018-06-30": "", "2018-03-31": "", "2017-12-31": "", "2017-09-30": "", "2017-06-30": "", "2017-03-31": "", "2016-12-31": "", "2016-09-30": "", "2016-06-30": "", "2016-03-31": "", "2015-12-31": "", "2015-09-30": "", "2015-06-30": "", "2015-03-31": "", "2014-12-31": "", "2014-09-30": "", "2014-06-30": "", "2014-03-31": "", "2013-12-31": "", "2013-09-30": "", "2013-06-30": "", "2013-03-31": "", "2012-12-31": "", "2012-09-30": "", "2012-06-30": "", "2012-03-31": "", "2011-12-31": "", "2011-09-30": "", "2011-06-30": "", "2011-03-31": "", "2010-12-31": "", "2010-09-30": "", "2010-06-30": "", "2010-03-31": "", "2009-12-31": "", "2009-09-30": "", "2009-06-30": "", "2009-03-31": "", "2008-12-31": "", "2008-09-30": "", "2008-06-30": "", "2008-03-31": "", "2007-12-31": "", "2007-09-30": "", "2007-06-30": "", "2007-03-31": "", "2006-12-31": "", "2006-09-30": "", "2006-06-30": "", "2006-03-31": "", "2005-12-31": "", "2005-09-30": "", "2005-06-30": "", "2005-03-31": ""}, "Net Income": {"2020-12-31": "508.00000", "2020-09-30": "604.00000", "2020-06-30": "580.00000", "2020-03-31": "505.00000", "2019-12-31": "524.00000", "2019-09-30": "204.00000", "2019-06-30": "328.00000", "2019-03-31": "447.00000", "2018-12-31": "686.00000", "2018-09-30": "260.00000", "2018-06-30": "402.00000", "2018-03-31": "500.00000", "2017-12-31": "-584.00000", "2017-09-30": "188.00000", "2017-06-30": "243.00000", "2017-03-31": "426.00000", "2016-12-31": "249.00000", "2016-09-30": "199.00000", "2016-06-30": "151.00000", "2016-03-31": "363.00000", "2015-12-31": "150.00000", "2015-09-30": "125.00000", "2015-06-30": "212.00000", "2015-03-31": "394.00000", "2014-12-31": "347.00000", "2014-09-30": "-23.00000", "2014-06-30": "200.00000", "2014-03-31": "293.00000", "2013-12-31": "157.00000", "2013-09-30": "56.00000", "2013-06-30": "318.00000", "2013-03-31": "456.00000", "2012-12-31": "346.00000", "2012-09-30": "221.00000", "2012-06-30": "181.00000", "2012-03-31": "377.00000", "2011-12-31": "97.00000", "2011-09-30": "146.00000", "2011-06-30": "330.00000", "2011-03-31": "496.00000", "2010-12-31": "-237.00000", "2010-09-30": "51.00000", "2010-06-30": "219.00000", "2010-03-31": "381.00000", "2009-12-31": "-287.00000", "2009-09-30": "15.00000", "2009-06-30": "195.00000", "2009-03-31": "189.00000", "2008-12-31": "-70.00000", "2008-09-30": "-108.00000", "2008-06-30": "28.00000", "2008-03-31": "43.00000", "2007-12-31": "272.19600", "2007-09-30": "48.00000", "2007-06-30": "27.82600", "2007-03-31": "", "2006-12-31": "142.82000", "2006-09-30": "-24.30200", "2006-06-30": "-18.30900", "2006-03-31": "", "2005-12-31": "67.85600", "2005-09-30": "-14.23000", "2005-06-30": "-3.58500", "2005-03-31": ""}, "EBITDA": {"2020-12-31": "", "2020-09-30": "860.00000", "2020-06-30": "821.00000", "2020-03-31": "751.00000", "2019-12-31": "598.00000", "2019-09-30": "337.00000", "2019-06-30": "464.00000", "2019-03-31": "761.00000", "2018-12-31": "1069.00000", "2018-09-30": "415.00000", "2018-06-30": "602.00000", "2018-03-31": "900.00000", "2017-12-31": "537.00000", "2017-09-30": "501.00000", "2017-06-30": "664.00000", "2017-03-31": "806.00000", "2016-12-31": "738.00000", "2016-09-30": "599.00000", "2016-06-30": "550.00000", "2016-03-31": "696.00000", "2015-12-31": "377.00000", "2015-09-30": "300.00000", "2015-06-30": "437.00000", "2015-03-31": "706.00000", "2014-12-31": "594.00000", "2014-09-30": "67.00000", "2014-06-30": "376.00000", "2014-03-31": "499.00000", "2013-12-31": "317.00000", "2013-09-30": "181.00000", "2013-06-30": "496.00000", "2013-03-31": "694.00000", "2012-12-31": "620.00000", "2012-09-30": "272.00000", "2012-06-30": "321.00000", "2012-03-31": "566.00000", "2011-12-31": "232.00000", "2011-09-30": "214.00000", "2011-06-30": "548.00000", "2011-03-31": "769.00000", "2010-12-31": "-159.00000", "2010-09-30": "133.00000", "2010-06-30": "380.00000", "2010-03-31": "632.00000", "2009-12-31": "-183.00000", "2009-09-30": "105.00000", "2009-06-30": "364.00000", "2009-03-31": "316.00000", "2008-12-31": "149.00000", "2008-09-30": "-6.00000", "2008-06-30": "84.00000", "2008-03-31": "101.00000", "2007-12-31": "552.63210", "2007-09-30": "30.60900", "2007-06-30": "30.09200", "2007-03-31": "", "2006-12-31": "880.11800", "2006-09-30": "-28.14500", "2006-06-30": "-33.44900", "2006-03-31": "", "2005-12-31": "944.40100", "2005-09-30": "-2.34400", "2005-06-30": "-13.44800", "2005-03-31": ""}, "EBIT": {"2020-12-31": "594.00000", "2020-09-30": "778.00000", "2020-06-30": "749.00000", "2020-03-31": "612.00000", "2019-12-31": "454.00000", "2019-09-30": "247.00000", "2019-06-30": "336.00000", "2019-03-31": "570.00000", "2018-12-31": "694.00000", "2018-09-30": "265.00000", "2018-06-30": "434.00000", "2018-03-31": "595.00000", "2017-12-31": "220.00000", "2017-09-30": "257.00000", "2017-06-30": "339.00000", "2017-03-31": "493.00000", "2016-12-31": "425.00000", "2016-09-30": "294.00000", "2016-06-30": "232.00000", "2016-03-31": "461.00000", "2015-12-31": "249.00000", "2015-09-30": "196.00000", "2015-06-30": "332.00000", "2015-03-31": "542.00000", "2014-12-31": "438.00000", "2014-09-30": "8.00000", "2014-06-30": "310.00000", "2014-03-31": "427.00000", "2013-12-31": "285.00000", "2013-09-30": "70.00000", "2013-06-30": "430.00000", "2013-03-31": "587.00000", "2012-12-31": "484.00000", "2012-09-30": "227.00000", "2012-06-30": "227.00000", "2012-03-31": "513.00000", "2011-12-31": "25.00000", "2011-09-30": "162.00000", "2011-06-30": "467.00000", "2011-03-31": "674.00000", "2010-12-31": "-397.00000", "2010-09-30": "55.00000", "2010-06-30": "300.00000", "2010-03-31": "511.00000", "2009-12-31": "-432.00000", "2009-09-30": "9.00000", "2009-06-30": "218.00000", "2009-03-31": "179.00000", "2008-12-31": "-148.00000", "2008-09-30": "-194.00000", "2008-06-30": "46.00000", "2008-03-31": "63.00000", "2007-12-31": "404.53410", "2007-09-30": "57.00000", "2007-06-30": "30.09200", "2007-03-31": "", "2006-12-31": "", "2006-09-30": "-37.41000", "2006-06-30": "-33.44900", "2006-03-31": "", "2005-12-31": "", "2005-09-30": "-27.78800", "2005-06-30": "-13.44800", "2005-03-31": ""}, "Basic Shares Outstanding": {"2020-12-31": "773.00000", "2020-09-30": "772.00000", "2020-06-30": "771.00000", "2020-03-31": "769.00000", "2019-12-31": "767.00000", "2019-09-30": "767.00000", "2019-06-30": "766.00000", "2019-03-31": "764.00000", "2018-12-31": "762.00000", "2018-09-30": "763.00000", "2018-06-30": "761.00000", "2018-03-31": "759.00000", "2017-12-31": "754.00000", "2017-09-30": "755.00000", "2017-06-30": "754.00000", "2017-03-31": "749.00000", "2016-12-31": "740.00000", "2016-09-30": "742.00000", "2016-06-30": "739.00000", "2016-03-31": "735.00000", "2015-12-31": "728.00000", "2015-09-30": "730.00000", "2015-06-30": "727.00000", "2015-03-31": "723.00000", "2014-12-31": "716.00000", "2014-09-30": "718.00000", "2014-06-30": "716.00000", "2014-03-31": "709.00000", "2013-12-31": "1024.00000", "2013-09-30": "1122.00000", "2013-06-30": "1118.00000", "2013-03-31": "1113.00000", "2012-12-31": "1112.00000", "2012-09-30": "1109.00000", "2012-06-30": "1109.00000", "2012-03-31": "1120.00000", "2011-12-31": "1148.00000", "2011-09-30": "1140.00000", "2011-06-30": "1141.00000", "2011-03-31": "1173.00000", "2010-12-31": "1222.00000", "2010-09-30": "1212.00000", "2010-06-30": "1232.00000", "2010-03-31": "1248.00000", "2009-12-31": "1283.00000", "2009-09-30": "1271.00000", "2009-06-30": "1289.00000", "2009-03-31": "1308.00000", "2008-12-31": "946.00000", "2008-09-30": "1271.00000", "2008-06-30": "591.00000", "2008-03-31": "591.00000", "2007-12-31": "582.35200", "2007-09-30": "591.00000", "2007-06-30": "567.12600", "2007-03-31": "", "2006-12-31": "565.02400", "2006-09-30": "561.25400", "2006-06-30": "556.67000", "2006-03-31": "", "2005-12-31": "549.93000", "2005-09-30": "544.25800", "2005-06-30": "538.28200", "2005-03-31": ""}, "Shares Outstanding": {"2020-12-31": "780.00000", "2020-09-30": "779.00000", "2020-06-30": "776.00000", "2020-03-31": "774.00000", "2019-12-31": "771.00000", "2019-09-30": "771.00000", "2019-06-30": "770.00000", "2019-03-31": "770.00000", "2018-12-31": "771.00000", "2018-09-30": "771.00000", "2018-06-30": "770.00000", "2018-03-31": "770.00000", "2017-12-31": "766.00000", "2017-09-30": "766.00000", "2017-06-30": "764.00000", "2017-03-31": "761.00000", "2016-12-31": "754.00000", "2016-09-30": "756.00000", "2016-06-30": "753.00000", "2016-03-31": "749.00000", "2015-12-31": "739.00000", "2015-09-30": "739.00000", "2015-06-30": "735.00000", "2015-03-31": "731.00000", "2014-12-31": "726.00000", "2014-09-30": "718.00000", "2014-06-30": "725.00000", "2014-03-31": "720.00000", "2013-12-31": "1035.00000", "2013-09-30": "1134.00000", "2013-06-30": "1127.00000", "2013-03-31": "1120.00000", "2012-12-31": "1118.00000", "2012-09-30": "1114.00000", "2012-06-30": "1115.00000", "2012-03-31": "1127.00000", "2011-12-31": "1156.00000", "2011-09-30": "1148.00000", "2011-06-30": "1150.00000", "2011-03-31": "1182.00000", "2010-12-31": "1236.00000", "2010-09-30": "1227.00000", "2010-06-30": "1248.00000", "2010-03-31": "1264.00000", "2009-12-31": "1311.00000", "2009-09-30": "1297.00000", "2009-06-30": "1332.00000", "2009-03-31": "1359.00000", "2008-12-31": "946.00000", "2008-09-30": "1271.00000", "2008-06-30": "591.00000", "2008-03-31": "591.00000", "2007-12-31": "632.94400", "2007-09-30": "591.00000", "2007-06-30": "623.98600", "2007-03-31": "", "2006-12-31": "614.35000", "2006-09-30": "561.25400", "2006-06-30": "556.67000", "2006-03-31": "", "2005-12-31": "592.41000", "2005-09-30": "544.25800", "2005-06-30": "538.28200", "2005-03-31": ""}, "Basic EPS": {"2020-12-31": "0.66000", "2020-09-30": "0.78000", "2020-06-30": "0.75000", "2020-03-31": "0.66000", "2019-12-31": "0.68000", "2019-09-30": "0.27000", "2019-06-30": "0.43000", "2019-03-31": "0.58000", "2018-12-31": "0.90000", "2018-09-30": "0.34000", "2018-06-30": "0.53000", "2018-03-31": "0.66000", "2017-12-31": "-0.78000", "2017-09-30": "0.25000", "2017-06-30": "0.32000", "2017-03-31": "0.57000", "2016-12-31": "0.34000", "2016-09-30": "0.27000", "2016-06-30": "0.20000", "2016-03-31": "0.49000", "2015-12-31": "0.21000", "2015-09-30": "0.17000", "2015-06-30": "0.29000", "2015-03-31": "0.54000", "2014-12-31": "0.49000", "2014-09-30": "-0.03000", "2014-06-30": "0.28000", "2014-03-31": "0.40000", "2013-12-31": "0.23000", "2013-09-30": "0.05000", "2013-06-30": "0.28000", "2013-03-31": "0.40000", "2012-12-31": "0.31000", "2012-09-30": "0.20000", "2012-06-30": "0.16000", "2012-03-31": "0.34000", "2011-12-31": "0.09000", "2011-09-30": "0.13000", "2011-06-30": "0.29000", "2011-03-31": "0.42000", "2010-12-31": "-0.18000", "2010-09-30": "0.04000", "2010-06-30": "0.18000", "2010-03-31": "0.30000", "2009-12-31": "-0.21000", "2009-09-30": "0.01000", "2009-06-30": "0.15000", "2009-03-31": "0.14000", "2008-12-31": "-0.15000", "2008-09-30": "-0.08000", "2008-06-30": "0.05000", "2008-03-31": "0.07000", "2007-12-31": "0.46500", "2007-09-30": "0.08000", "2007-06-30": "0.05000", "2007-03-31": "", "2006-12-31": "0.25500", "2006-09-30": "-0.04500", "2006-06-30": "-0.03500", "2006-03-31": "", "2005-12-31": "0.12500", "2005-09-30": "-0.02500", "2005-06-30": "-0.00500", "2005-03-31": ""}, "EPS - Earnings Per Share": {"2020-12-31": "0.65000", "2020-09-30": "0.78000", "2020-06-30": "0.75000", "2020-03-31": "0.65000", "2019-12-31": "0.68000", "2019-09-30": "0.26000", "2019-06-30": "0.43000", "2019-03-31": "0.58000", "2018-12-31": "0.89000", "2018-09-30": "0.34000", "2018-06-30": "0.52000", "2018-03-31": "0.65000", "2017-12-31": "-0.77000", "2017-09-30": "0.25000", "2017-06-30": "0.32000", "2017-03-31": "0.56000", "2016-12-31": "0.34000", "2016-09-30": "0.26000", "2016-06-30": "0.20000", "2016-03-31": "0.48000", "2015-12-31": "0.20000", "2015-09-30": "0.17000", "2015-06-30": "0.29000", "2015-03-31": "0.53000", "2014-12-31": "0.48000", "2014-09-30": "-0.03000", "2014-06-30": "0.28000", "2014-03-31": "0.40000", "2013-12-31": "0.22000", "2013-09-30": "0.05000", "2013-06-30": "0.28000", "2013-03-31": "0.40000", "2012-12-31": "0.32000", "2012-09-30": "0.20000", "2012-06-30": "0.16000", "2012-03-31": "0.33000", "2011-12-31": "0.08000", "2011-09-30": "0.13000", "2011-06-30": "0.29000", "2011-03-31": "0.42000", "2010-12-31": "-0.18000", "2010-09-30": "0.04000", "2010-06-30": "0.17000", "2010-03-31": "0.30000", "2009-12-31": "-0.21000", "2009-09-30": "0.01000", "2009-06-30": "0.15000", "2009-03-31": "0.14000", "2008-12-31": "-0.15000", "2008-09-30": "-0.08000", "2008-06-30": "0.05000", "2008-03-31": "0.07000", "2007-12-31": "0.43000", "2007-09-30": "0.08000", "2007-06-30": "0.04500", "2007-03-31": "0.00000", "2006-12-31": "0.23000", "2006-09-30": "-0.04500", "2006-06-30": "-0.03500", "2006-03-31": "0.00000", "2005-12-31": "0.11500", "2005-09-30": "-0.02500", "2005-06-30": "-0.00500", "2005-03-31": "0.00000"}}, "balance sheet": {"Cash On Hand": {"2020-12-31": "8647.00000", "2019-12-31": "5794.00000", "2018-12-31": "4225.00000", "2017-12-31": "4713.00000", "2016-12-31": "3245.00000", "2015-12-31": "1823.00000", "2014-12-31": "4858.00000", "2013-12-31": "4443.00000", "2012-12-31": "4375.00000", "2011-12-31": "3525.00000", "2010-12-31": "3508.00000", "2009-12-31": "3245.00000", "2008-12-31": "3002.00000", "2007-12-31": "65.00000", "2007-03-31": "954.84900", "2006-12-31": "", "2006-03-31": "944.96000", "2005-03-31": "840.86400"}, "Receivables": {"2020-12-31": "1052.00000", "2019-12-31": "848.00000", "2018-12-31": "1035.00000", "2017-12-31": "918.00000", "2016-12-31": "732.00000", "2015-12-31": "679.00000", "2014-12-31": "659.00000", "2013-12-31": "510.00000", "2012-12-31": "707.00000", "2011-12-31": "649.00000", "2010-12-31": "673.00000", "2009-12-31": "739.00000", "2008-12-31": "974.00000", "2007-12-31": "112.00000", "2007-03-31": "148.69400", "2006-12-31": "", "2006-03-31": "28.78200", "2005-03-31": "109.14400"}, "Inventory": {"2020-12-31": "", "2019-12-31": "32.00000", "2018-12-31": "43.00000", "2017-12-31": "46.00000", "2016-12-31": "49.00000", "2015-12-31": "128.00000", "2014-12-31": "123.00000", "2013-12-31": "171.00000", "2012-12-31": "209.00000", "2011-12-31": "144.00000", "2010-12-31": "112.00000", "2009-12-31": "241.00000", "2008-12-31": "262.00000", "2007-12-31": "21.00000", "2007-03-31": "91.23100", "2006-12-31": "", "2006-03-31": "61.48300", "2005-03-31": "48.01800"}, "Pre-Paid Expenses": {"2020-12-31": "", "2019-12-31": "", "2018-12-31": "", "2017-12-31": "", "2016-12-31": "", "2015-12-31": "", "2014-12-31": "", "2013-12-31": "", "2012-12-31": "", "2011-12-31": "", "2010-12-31": "", "2009-12-31": "", "2008-12-31": "", "2007-12-31": "", "2007-03-31": "", "2006-12-31": "", "2006-03-31": "", "2005-03-31": ""}, "Other Current Assets": {"2020-12-31": "514.00000", "2019-12-31": "296.00000", "2018-12-31": "539.00000", "2017-12-31": "476.00000", "2016-12-31": "392.00000", "2015-12-31": "421.00000", "2014-12-31": "449.00000", "2013-12-31": "429.00000", "2012-12-31": "332.00000", "2011-12-31": "418.00000", "2010-12-31": "344.00000", "2009-12-31": "382.00000", "2008-12-31": "250.00000", "2007-12-31": "32.00000", "2007-03-31": "47.11600", "2006-12-31": "", "2006-03-31": "30.90600", "2005-03-31": "44.58200"}, "Total Current Assets": {"2020-12-31": "10565.00000", "2019-12-31": "7292.00000", "2018-12-31": "6106.00000", "2017-12-31": "6520.00000", "2016-12-31": "4830.00000", "2015-12-31": "3387.00000", "2014-12-31": "6541.00000", "2013-12-31": "6241.00000", "2012-12-31": "6274.00000", "2011-12-31": "5380.00000", "2010-12-31": "5432.00000", "2009-12-31": "5329.00000", "2008-12-31": "5259.00000", "2007-12-31": "398.00000", "2007-03-31": "1401.23300", "2006-12-31": "", "2006-03-31": "1116.05500", "2005-03-31": "1122.46400"}, "Property, Plant, And Equipment": {"2020-12-31": "209.00000", "2019-12-31": "253.00000", "2018-12-31": "282.00000", "2017-12-31": "294.00000", "2016-12-31": "258.00000", "2015-12-31": "189.00000", "2014-12-31": "157.00000", "2013-12-31": "138.00000", "2012-12-31": "141.00000", "2011-12-31": "163.00000", "2010-12-31": "169.00000", "2009-12-31": "138.00000", "2008-12-31": "149.00000", "2007-12-31": "129.00000", "2007-03-31": "46.54000", "2006-12-31": "", "2006-03-31": "45.36800", "2005-03-31": "30.49000"}, "Long-Term Investments": {"2020-12-31": "", "2019-12-31": "", "2018-12-31": "", "2017-12-31": "", "2016-12-31": "", "2015-12-31": "", "2014-12-31": "9.00000", "2013-12-31": "9.00000", "2012-12-31": "8.00000", "2011-12-31": "16.00000", "2010-12-31": "23.00000", "2009-12-31": "23.00000", "2008-12-31": "78.00000", "2007-12-31": "", "2007-03-31": "", "2006-12-31": "", "2006-03-31": "", "2005-03-31": ""}, "Goodwill And Intangible Assets": {"2020-12-31": "10216.00000", "2019-12-31": "10295.00000", "2018-12-31": "10497.00000", "2017-12-31": "10869.00000", "2016-12-31": "11626.00000", "2015-12-31": "7577.00000", "2014-12-31": "7566.00000", "2013-12-31": "7568.00000", "2012-12-31": "7637.00000", "2011-12-31": "7644.00000", "2010-12-31": "7753.00000", "2009-12-31": "8233.00000", "2008-12-31": "8948.00000", "2007-12-31": "271.00000", "2007-03-31": "267.86400", "2006-12-31": "", "2006-03-31": "182.51900", "2005-03-31": "105.81500"}, "Other Long-Term Assets": {"2020-12-31": "641.00000", "2019-12-31": "658.00000", "2018-12-31": "482.00000", "2017-12-31": "440.00000", "2016-12-31": "401.00000", "2015-12-31": "3738.00000", "2014-12-31": "85.00000", "2013-12-31": "35.00000", "2012-12-31": "11.00000", "2011-12-31": "12.00000", "2010-12-31": "15.00000", "2009-12-31": "9.00000", "2008-12-31": "30.00000", "2007-12-31": "6.00000", "2007-03-31": "6.37600", "2006-12-31": "", "2006-03-31": "1.40900", "2005-03-31": "1.63500"}, "Total Long-Term Assets": {"2020-12-31": "12544.00000", "2019-12-31": "12553.00000", "2018-12-31": "11784.00000", "2017-12-31": "12148.00000", "2016-12-31": "12622.00000", "2015-12-31": "11859.00000", "2014-12-31": "8101.00000", "2013-12-31": "7771.00000", "2012-12-31": "7926.00000", "2011-12-31": "7897.00000", "2010-12-31": "8015.00000", "2009-12-31": "8413.00000", "2008-12-31": "9206.00000", "2007-12-31": "481.00000", "2007-03-31": "392.71400", "2006-12-31": "", "2006-03-31": "302.20000", "2005-03-31": "184.49900"}, "Total Assets": {"2020-12-31": "23109.00000", "2019-12-31": "19845.00000", "2018-12-31": "17890.00000", "2017-12-31": "18668.00000", "2016-12-31": "17452.00000", "2015-12-31": "15246.00000", "2014-12-31": "14642.00000", "2013-12-31": "14012.00000", "2012-12-31": "14200.00000", "2011-12-31": "13277.00000", "2010-12-31": "13447.00000", "2009-12-31": "13742.00000", "2008-12-31": "14465.00000", "2007-12-31": "879.00000", "2007-03-31": "1793.94700", "2006-12-31": "0.00000", "2006-03-31": "1418.25500", "2005-03-31": "1306.96300"}, "Total Current Liabilities": {"2020-12-31": "3100.00000", "2019-12-31": "2915.00000", "2018-12-31": "2642.00000", "2017-12-31": "3663.00000", "2016-12-31": "2656.00000", "2015-12-31": "2611.00000", "2014-12-31": "2714.00000", "2013-12-31": "2405.00000", "2012-12-31": "2652.00000", "2011-12-31": "2556.00000", "2010-12-31": "2960.00000", "2009-12-31": "2507.00000", "2008-12-31": "2084.00000", "2007-12-31": "528.00000", "2007-03-31": "341.16900", "2006-12-31": "", "2006-03-31": "193.85600", "2005-03-31": "207.05100"}, "Long Term Debt": {"2020-12-31": "3605.00000", "2019-12-31": "2675.00000", "2018-12-31": "2671.00000", "2017-12-31": "4390.00000", "2016-12-31": "4887.00000", "2015-12-31": "4074.00000", "2014-12-31": "4324.00000", "2013-12-31": "4668.00000", "2012-12-31": "", "2011-12-31": "", "2010-12-31": "", "2009-12-31": "", "2008-12-31": "", "2007-12-31": "", "2007-03-31": "", "2006-12-31": "", "2006-03-31": "", "2005-03-31": ""}, "Other Non-Current Liabilities": {"2020-12-31": "949.00000", "2019-12-31": "945.00000", "2018-12-31": "1167.00000", "2017-12-31": "1132.00000", "2016-12-31": "746.00000", "2015-12-31": "483.00000", "2014-12-31": "361.00000", "2013-12-31": "251.00000", "2012-12-31": "206.00000", "2011-12-31": "174.00000", "2010-12-31": "164.00000", "2009-12-31": "209.00000", "2008-12-31": "239.00000", "2007-12-31": "111.00000", "2007-03-31": "41.24600", "2006-12-31": "", "2006-03-31": "1.77600", "2005-03-31": ""}, "Total Long Term Liabilities": {"2020-12-31": "4972.00000", "2019-12-31": "4125.00000", "2018-12-31": "3856.00000", "2017-12-31": "5543.00000", "2016-12-31": "5677.00000", "2015-12-31": "4567.00000", "2014-12-31": "4695.00000", "2013-12-31": "4985.00000", "2012-12-31": "231.00000", "2011-12-31": "229.00000", "2010-12-31": "284.00000", "2009-12-31": "479.00000", "2008-12-31": "854.00000", "2007-12-31": "111.00000", "2007-03-31": "41.24600", "2006-12-31": "", "2006-03-31": "1.77600", "2005-03-31": ""}, "Total Liabilities": {"2020-12-31": "8072.00000", "2019-12-31": "7040.00000", "2018-12-31": "6498.00000", "2017-12-31": "9206.00000", "2016-12-31": "8333.00000", "2015-12-31": "7178.00000", "2014-12-31": "7409.00000", "2013-12-31": "7390.00000", "2012-12-31": "2883.00000", "2011-12-31": "2785.00000", "2010-12-31": "3244.00000", "2009-12-31": "2986.00000", "2008-12-31": "2938.00000", "2007-12-31": "639.00000", "2007-03-31": "382.41500", "2006-12-31": "", "2006-03-31": "195.63200", "2005-03-31": "207.05100"}, "Common Stock Net": {"2020-12-31": "", "2019-12-31": "", "2018-12-31": "", "2017-12-31": "", "2016-12-31": "", "2015-12-31": "", "2014-12-31": "", "2013-12-31": "", "2012-12-31": "", "2011-12-31": "", "2010-12-31": "", "2009-12-31": "", "2008-12-31": "", "2007-12-31": "", "2007-03-31": "", "2006-12-31": "", "2006-03-31": "", "2005-03-31": ""}, "Retained Earnings (Accumulated Deficit)": {"2020-12-31": "9691.00000", "2019-12-31": "7813.00000", "2018-12-31": "6593.00000", "2017-12-31": "4916.00000", "2016-12-31": "4869.00000", "2015-12-31": "4096.00000", "2014-12-31": "3374.00000", "2013-12-31": "2686.00000", "2012-12-31": "1893.00000", "2011-12-31": "948.00000", "2010-12-31": "57.00000", "2009-12-31": "-361.00000", "2008-12-31": "-474.00000", "2007-12-31": "-367.00000", "2007-03-31": "427.77700", "2006-12-31": "", "2006-03-31": "341.99000", "2005-03-31": "346.61400"}, "Comprehensive Income": {"2020-12-31": "-622.00000", "2019-12-31": "-619.00000", "2018-12-31": "-601.00000", "2017-12-31": "-638.00000", "2016-12-31": "-629.00000", "2015-12-31": "-633.00000", "2014-12-31": "-303.00000", "2013-12-31": "68.00000", "2012-12-31": "-26.00000", "2011-12-31": "-72.00000", "2010-12-31": "-13.00000", "2009-12-31": "-24.00000", "2008-12-31": "-43.00000", "2007-12-31": "40.00000", "2007-03-31": "20.20200", "2006-12-31": "", "2006-03-31": "16.36900", "2005-03-31": "11.61800"}, "Other Share Holders Equity": {"2020-12-31": "", "2019-12-31": "", "2018-12-31": "", "2017-12-31": "", "2016-12-31": "", "2015-12-31": "", "2014-12-31": "", "2013-12-31": "", "2012-12-31": "", "2011-12-31": "", "2010-12-31": "", "2009-12-31": "", "2008-12-31": "", "2007-12-31": "77.00000", "2007-03-31": "", "2006-12-31": "", "2006-03-31": "", "2005-03-31": ""}, "Share Holder Equity": {"2020-12-31": "15037.00000", "2019-12-31": "12805.00000", "2018-12-31": "11392.00000", "2017-12-31": "9462.00000", "2016-12-31": "9119.00000", "2015-12-31": "8068.00000", "2014-12-31": "7233.00000", "2013-12-31": "6622.00000", "2012-12-31": "11317.00000", "2011-12-31": "10492.00000", "2010-12-31": "10203.00000", "2009-12-31": "10756.00000", "2008-12-31": "11527.00000", "2007-12-31": "240.00000", "2007-03-31": "1411.53200", "2006-12-31": "", "2006-03-31": "1222.62300", "2005-03-31": "1099.91200"}, "Total Liabilities And Share Holders Equity": {"2020-12-31": "23109.00000", "2019-12-31": "19845.00000", "2018-12-31": "17890.00000", "2017-12-31": "18668.00000", "2016-12-31": "17452.00000", "2015-12-31": "15246.00000", "2014-12-31": "14642.00000", "2013-12-31": "14012.00000", "2012-12-31": "14200.00000", "2011-12-31": "13277.00000", "2010-12-31": "13447.00000", "2009-12-31": "13742.00000", "2008-12-31": "14465.00000", "2007-12-31": "879.00000", "2007-03-31": "1793.94700", "2006-12-31": "", "2006-03-31": "1418.25500", "2005-03-31": "1306.96300"}}, "balance sheet, quarterly": {"Cash On Hand": {"2020-12-31": "8647.00000", "2020-09-30": "7415.00000", "2020-06-30": "6338.00000", "2020-03-31": "5906.00000", "2019-12-31": "5794.00000", "2019-09-30": "4939.00000", "2019-06-30": "4592.00000", "2019-03-31": "4696.00000", "2018-12-31": "4225.00000", "2018-09-30": "3308.00000", "2018-06-30": "4857.00000", "2018-03-31": "5217.00000", "2017-12-31": "4713.00000", "2017-09-30": "3576.00000", "2017-06-30": "3278.00000", "2017-03-31": "3248.00000", "2016-12-31": "3245.00000", "2016-09-30": "4029.00000", "2016-06-30": "2271.00000", "2016-03-31": "2872.00000", "2015-12-31": "1823.00000", "2015-09-30": "4519.00000", "2015-06-30": "4521.00000", "2015-03-31": "4470.00000", "2014-12-31": "4858.00000", "2014-09-30": "3828.00000", "2014-06-30": "4204.00000", "2014-03-31": "4287.00000", "2013-12-31": "4443.00000", "2013-09-30": "6821.00000", "2013-06-30": "4546.00000", "2013-03-31": "4618.00000", "2012-12-31": "4375.00000", "2012-09-30": "3364.00000", "2012-06-30": "3192.00000", "2012-03-31": "3476.00000", "2011-12-31": "3525.00000", "2011-09-30": "2901.00000", "2011-06-30": "2944.00000", "2011-03-31": "3359.00000", "2010-12-31": "3508.00000", "2010-09-30": "2849.00000", "2010-06-30": "2846.00000", "2010-03-31": "3342.00000", "2009-12-31": "3245.00000", "2009-09-30": "2721.00000", "2009-06-30": "2830.00000", "2009-03-31": "3030.00000", "2008-12-31": "3002.00000", "2008-09-30": "2936.00000", "2008-06-30": "1252.71400", "2008-03-31": "1449.21200", "2007-12-31": "65.00000", "2007-09-30": "961.76000", "2007-06-30": "963.79600", "2007-03-31": "954.84900", "2006-12-31": "805.20000", "2006-09-30": "747.39500", "2006-06-30": "792.57600", "2006-03-31": "944.96000", "2005-12-31": "764.60600", "2005-09-30": "750.25900", "2005-06-30": "785.89900", "2005-03-31": "840.86400"}, "Receivables": {"2020-12-31": "1052.00000", "2020-09-30": "619.00000", "2020-06-30": "614.00000", "2020-03-31": "590.00000", "2019-12-31": "848.00000", "2019-09-30": "386.00000", "2019-06-30": "455.00000", "2019-03-31": "594.00000", "2018-12-31": "1035.00000", "2018-09-30": "641.00000", "2018-06-30": "418.00000", "2018-03-31": "431.00000", "2017-12-31": "918.00000", "2017-09-30": "888.00000", "2017-06-30": "360.00000", "2017-03-31": "344.00000", "2016-12-31": "732.00000", "2016-09-30": "446.00000", "2016-06-30": "462.00000", "2016-03-31": "383.00000", "2015-12-31": "679.00000", "2015-09-30": "503.00000", "2015-06-30": "201.00000", "2015-03-31": "208.00000", "2014-12-31": "659.00000", "2014-09-30": "689.00000", "2014-06-30": "107.00000", "2014-03-31": "219.00000", "2013-12-31": "510.00000", "2013-09-30": "205.00000", "2013-06-30": "117.00000", "2013-03-31": "237.00000", "2012-12-31": "707.00000", "2012-09-30": "200.00000", "2012-06-30": "227.00000", "2012-03-31": "103.00000", "2011-12-31": "649.00000", "2011-09-30": "139.00000", "2011-06-30": "140.00000", "2011-03-31": "95.00000", "2010-12-31": "673.00000", "2010-09-30": "246.00000", "2010-06-30": "190.00000", "2010-03-31": "134.00000", "2009-12-31": "739.00000", "2009-09-30": "228.00000", "2009-06-30": "282.00000", "2009-03-31": "185.00000", "2008-12-31": "974.00000", "2008-09-30": "316.00000", "2008-06-30": "400.98900", "2008-03-31": "203.42000", "2007-12-31": "112.00000", "2007-09-30": "109.72500", "2007-06-30": "197.96400", "2007-03-31": "148.69400", "2006-12-31": "456.58900", "2006-09-30": "97.08600", "2006-06-30": "65.36100", "2006-03-31": "28.78200", "2005-12-31": "414.49200", "2005-09-30": "116.87900", "2005-06-30": "94.80400", "2005-03-31": "109.14400"}, "Inventory": {"2020-12-31": "", "2020-09-30": "", "2020-06-30": "", "2020-03-31": "", "2019-12-31": "", "2019-09-30": "102.00000", "2019-06-30": "46.00000", "2019-03-31": "45.00000", "2018-12-31": "43.00000", "2018-09-30": "174.00000", "2018-06-30": "36.00000", "2018-03-31": "42.00000", "2017-12-31": "46.00000", "2017-09-30": "94.00000", "2017-06-30": "51.00000", "2017-03-31": "48.00000", "2016-12-31": "49.00000", "2016-09-30": "131.00000", "2016-06-30": "94.00000", "2016-03-31": "103.00000", "2015-12-31": "128.00000", "2015-09-30": "238.00000", "2015-06-30": "117.00000", "2015-03-31": "102.00000", "2014-12-31": "123.00000", "2014-09-30": "222.00000", "2014-06-30": "151.00000", "2014-03-31": "158.00000", "2013-12-31": "171.00000", "2013-09-30": "313.00000", "2013-06-30": "131.00000", "2013-03-31": "159.00000", "2012-12-31": "209.00000", "2012-09-30": "291.00000", "2012-06-30": "128.00000", "2012-03-31": "146.00000", "2011-12-31": "144.00000", "2011-09-30": "207.00000", "2011-06-30": "93.00000", "2011-03-31": "103.00000", "2010-12-31": "112.00000", "2010-09-30": "258.00000", "2010-06-30": "157.00000", "2010-03-31": "194.00000", "2009-12-31": "241.00000", "2009-09-30": "351.00000", "2009-06-30": "198.00000", "2009-03-31": "230.00000", "2008-12-31": "262.00000", "2008-09-30": "377.00000", "2008-06-30": "229.40900", "2008-03-31": "146.87400", "2007-12-31": "21.00000", "2007-09-30": "189.03300", "2007-06-30": "92.52900", "2007-03-31": "91.23100", "2006-12-31": "85.68000", "2006-09-30": "71.06300", "2006-06-30": "64.09500", "2006-03-31": "61.48300", "2005-12-31": "84.82800", "2005-09-30": "52.03500", "2005-06-30": "45.13600", "2005-03-31": "48.01800"}, "Pre-Paid Expenses": {"2020-12-31": "", "2020-09-30": "", "2020-06-30": "", "2020-03-31": "", "2019-12-31": "", "2019-09-30": "", "2019-06-30": "", "2019-03-31": "", "2018-12-31": "", "2018-09-30": "", "2018-06-30": "", "2018-03-31": "", "2017-12-31": "", "2017-09-30": "", "2017-06-30": "", "2017-03-31": "", "2016-12-31": "", "2016-09-30": "", "2016-06-30": "", "2016-03-31": "", "2015-12-31": "", "2015-09-30": "", "2015-06-30": "", "2015-03-31": "", "2014-12-31": "", "2014-09-30": "", "2014-06-30": "", "2014-03-31": "", "2013-12-31": "", "2013-09-30": "", "2013-06-30": "", "2013-03-31": "", "2012-12-31": "", "2012-09-30": "", "2012-06-30": "", "2012-03-31": "", "2011-12-31": "", "2011-09-30": "", "2011-06-30": "", "2011-03-31": "", "2010-12-31": "", "2010-09-30": "", "2010-06-30": "", "2010-03-31": "", "2009-12-31": "", "2009-09-30": "", "2009-06-30": "", "2009-03-31": "", "2008-12-31": "", "2008-09-30": "", "2008-06-30": "", "2008-03-31": "", "2007-12-31": "", "2007-09-30": "", "2007-06-30": "", "2007-03-31": "", "2006-12-31": "", "2006-09-30": "", "2006-06-30": "", "2006-03-31": "", "2005-12-31": "", "2005-09-30": "", "2005-06-30": "", "2005-03-31": ""}, "Other Current Assets": {"2020-12-31": "514.00000", "2020-09-30": "570.00000", "2020-06-30": "436.00000", "2020-03-31": "330.00000", "2019-12-31": "328.00000", "2019-09-30": "345.00000", "2019-06-30": "386.00000", "2019-03-31": "518.00000", "2018-12-31": "539.00000", "2018-09-30": "501.00000", "2018-06-30": "503.00000", "2018-03-31": "422.00000", "2017-12-31": "476.00000", "2017-09-30": "451.00000", "2017-06-30": "314.00000", "2017-03-31": "346.00000", "2016-12-31": "392.00000", "2016-09-30": "314.00000", "2016-06-30": "306.00000", "2016-03-31": "354.00000", "2015-12-31": "421.00000", "2015-09-30": "334.00000", "2015-06-30": "528.00000", "2015-03-31": "360.00000", "2014-12-31": "449.00000", "2014-09-30": "379.00000", "2014-06-30": "262.00000", "2014-03-31": "333.00000", "2013-12-31": "429.00000", "2013-09-30": "224.00000", "2013-06-30": "196.00000", "2013-03-31": "237.00000", "2012-12-31": "332.00000", "2012-09-30": "186.00000", "2012-06-30": "160.00000", "2012-03-31": "248.00000", "2011-12-31": "418.00000", "2011-09-30": "178.00000", "2011-06-30": "140.00000", "2011-03-31": "199.00000", "2010-12-31": "344.00000", "2010-09-30": "128.00000", "2010-06-30": "155.00000", "2010-03-31": "204.00000", "2009-12-31": "382.00000", "2009-09-30": "228.00000", "2009-06-30": "177.00000", "2009-03-31": "249.00000", "2008-12-31": "250.00000", "2008-09-30": "118.00000", "2008-06-30": "57.37800", "2008-03-31": "42.46500", "2007-12-31": "32.00000", "2007-09-30": "42.09800", "2007-06-30": "33.65000", "2007-03-31": "47.11600", "2006-12-31": "46.52400", "2006-09-30": "61.91300", "2006-06-30": "64.07300", "2006-03-31": "30.90600", "2005-12-31": "29.13300", "2005-09-30": "41.22500", "2005-06-30": "37.57300", "2005-03-31": "44.58200"}, "Total Current Assets": {"2020-12-31": "10565.00000", "2020-09-30": "9002.00000", "2020-06-30": "7719.00000", "2020-03-31": "7119.00000", "2019-12-31": "7292.00000", "2019-09-30": "6012.00000", "2019-06-30": "5663.00000", "2019-03-31": "6037.00000", "2018-12-31": "6106.00000", "2018-09-30": "4972.00000", "2018-06-30": "6134.00000", "2018-03-31": "6410.00000", "2017-12-31": "6520.00000", "2017-09-30": "5386.00000", "2017-06-30": "4352.00000", "2017-03-31": "4356.00000", "2016-12-31": "4830.00000", "2016-09-30": "5334.00000", "2016-06-30": "3420.00000", "2016-03-31": "4008.00000", "2015-12-31": "3387.00000", "2015-09-30": "6309.00000", "2015-06-30": "6051.00000", "2015-03-31": "5863.00000", "2014-12-31": "6541.00000", "2014-09-30": "5957.00000", "2014-06-30": "5474.00000", "2014-03-31": "5694.00000", "2013-12-31": "6241.00000", "2013-09-30": "8251.00000", "2013-06-30": "5629.00000", "2013-03-31": "5803.00000", "2012-12-31": "6274.00000", "2012-09-30": "4702.00000", "2012-06-30": "4332.00000", "2012-03-31": "4566.00000", "2011-12-31": "5380.00000", "2011-09-30": "4082.00000", "2011-06-30": "3954.00000", "2011-03-31": "4349.00000", "2010-12-31": "5432.00000", "2010-09-30": "4148.00000", "2010-06-30": "3968.00000", "2010-03-31": "4486.00000", "2009-12-31": "5329.00000", "2009-09-30": "4508.00000", "2009-06-30": "4510.00000", "2009-03-31": "4510.00000", "2008-12-31": "5259.00000", "2008-09-30": "4201.00000", "2008-06-30": "2142.79300", "2008-03-31": "1979.39500", "2007-12-31": "398.00000", "2007-09-30": "1466.88400", "2007-06-30": "1443.08000", "2007-03-31": "1401.23300", "2006-12-31": "1484.37800", "2006-09-30": "1079.63500", "2006-06-30": "1063.98100", "2006-03-31": "1116.05500", "2005-12-31": "1326.44800", "2005-09-30": "1082.26200", "2005-06-30": "1069.80500", "2005-03-31": "1122.46400"}, "Property, Plant, And Equipment": {"2020-12-31": "209.00000", "2020-09-30": "211.00000", "2020-06-30": "222.00000", "2020-03-31": "236.00000", "2019-12-31": "253.00000", "2019-09-30": "249.00000", "2019-06-30": "259.00000", "2019-03-31": "264.00000", "2018-12-31": "282.00000", "2018-09-30": "281.00000", "2018-06-30": "281.00000", "2018-03-31": "286.00000", "2017-12-31": "294.00000", "2017-09-30": "254.00000", "2017-06-30": "246.00000", "2017-03-31": "245.00000", "2016-12-31": "258.00000", "2016-09-30": "258.00000", "2016-06-30": "260.00000", "2016-03-31": "246.00000", "2015-12-31": "189.00000", "2015-09-30": "200.00000", "2015-06-30": "179.00000", "2015-03-31": "158.00000", "2014-12-31": "157.00000", "2014-09-30": "162.00000", "2014-06-30": "162.00000", "2014-03-31": "152.00000", "2013-12-31": "138.00000", "2013-09-30": "139.00000", "2013-06-30": "132.00000", "2013-03-31": "133.00000", "2012-12-31": "141.00000", "2012-09-30": "148.00000", "2012-06-30": "149.00000", "2012-03-31": "154.00000", "2011-12-31": "163.00000", "2011-09-30": "167.00000", "2011-06-30": "163.00000", "2011-03-31": "165.00000", "2010-12-31": "169.00000", "2010-09-30": "169.00000", "2010-06-30": "160.00000", "2010-03-31": "131.00000", "2009-12-31": "138.00000", "2009-09-30": "133.00000", "2009-06-30": "134.00000", "2009-03-31": "138.00000", "2008-12-31": "149.00000", "2008-09-30": "168.00000", "2008-06-30": "62.33000", "2008-03-31": "54.52800", "2007-12-31": "129.00000", "2007-09-30": "53.50000", "2007-06-30": "48.70600", "2007-03-31": "46.54000", "2006-12-31": "46.71300", "2006-09-30": "45.18500", "2006-06-30": "43.98600", "2006-03-31": "45.36800", "2005-12-31": "39.18000", "2005-09-30": "35.66800", "2005-06-30": "31.91100", "2005-03-31": "30.49000"}, "Long-Term Investments": {"2020-12-31": "", "2020-09-30": "", "2020-06-30": "", "2020-03-31": "", "2019-12-31": "", "2019-09-30": "", "2019-06-30": "", "2019-03-31": "", "2018-12-31": "", "2018-09-30": "", "2018-06-30": "", "2018-03-31": "", "2017-12-31": "", "2017-09-30": "", "2017-06-30": "", "2017-03-31": "", "2016-12-31": "", "2016-09-30": "", "2016-06-30": "", "2016-03-31": "", "2015-12-31": "", "2015-09-30": "9.00000", "2015-06-30": "9.00000", "2015-03-31": "9.00000", "2014-12-31": "9.00000", "2014-09-30": "9.00000", "2014-06-30": "9.00000", "2014-03-31": "9.00000", "2013-12-31": "9.00000", "2013-09-30": "9.00000", "2013-06-30": "9.00000", "2013-03-31": "9.00000", "2012-12-31": "8.00000", "2012-09-30": "19.00000", "2012-06-30": "17.00000", "2012-03-31": "17.00000", "2011-12-31": "16.00000", "2011-09-30": "25.00000", "2011-06-30": "25.00000", "2011-03-31": "25.00000", "2010-12-31": "23.00000", "2010-09-30": "23.00000", "2010-06-30": "23.00000", "2010-03-31": "23.00000", "2009-12-31": "23.00000", "2009-09-30": "22.00000", "2009-06-30": "23.00000", "2009-03-31": "79.00000", "2008-12-31": "78.00000", "2008-09-30": "86.00000", "2008-06-30": "88.30100", "2008-03-31": "91.21500", "2007-12-31": "", "2007-09-30": "", "2007-06-30": "", "2007-03-31": "", "2006-12-31": "", "2006-09-30": "", "2006-06-30": "", "2006-03-31": "", "2005-12-31": "", "2005-09-30": "", "2005-06-30": "", "2005-03-31": ""}, "Goodwill And Intangible Assets": {"2020-12-31": "10216.00000", "2020-09-30": "10233.00000", "2020-06-30": "10247.00000", "2020-03-31": "10261.00000", "2019-12-31": "10295.00000", "2019-09-30": "10347.00000", "2019-06-30": "10396.00000", "2019-03-31": "10443.00000", "2018-12-31": "10497.00000", "2018-09-30": "10589.00000", "2018-06-30": "10673.00000", "2018-03-31": "10751.00000", "2017-12-31": "10869.00000", "2017-09-30": "11056.00000", "2017-06-30": "11242.00000", "2017-03-31": "11436.00000", "2016-12-31": "11626.00000", "2016-09-30": "11857.00000", "2016-06-30": "12052.00000", "2016-03-31": "12256.00000", "2015-12-31": "7577.00000", "2015-09-30": "7540.00000", "2015-06-30": "7543.00000", "2015-03-31": "7563.00000", "2014-12-31": "7566.00000", "2014-09-30": "7559.00000", "2014-06-30": "7561.00000", "2014-03-31": "7563.00000", "2013-12-31": "7568.00000", "2013-09-30": "7589.00000", "2013-06-30": "7596.00000", "2013-03-31": "7610.00000", "2012-12-31": "7637.00000", "2012-09-30": "7624.00000", "2012-06-30": "7636.00000", "2012-03-31": "7639.00000", "2011-12-31": "7644.00000", "2011-09-30": "7710.00000", "2011-06-30": "7723.00000", "2011-03-31": "7748.00000", "2010-12-31": "7753.00000", "2010-09-30": "8179.00000", "2010-06-30": "8199.00000", "2010-03-31": "8211.00000", "2009-12-31": "8233.00000", "2009-09-30": "8762.00000", "2009-06-30": "8820.00000", "2009-03-31": "8895.00000", "2008-12-31": "8948.00000", "2008-09-30": "9165.00000", "2008-06-30": "384.30100", "2008-03-31": "344.05100", "2007-12-31": "271.00000", "2007-09-30": "351.39300", "2007-06-30": "289.69400", "2007-03-31": "267.86400", "2006-12-31": "253.19800", "2006-09-30": "259.35400", "2006-06-30": "253.74600", "2006-03-31": "182.51900", "2005-12-31": "180.53500", "2005-09-30": "117.50800", "2005-06-30": "119.13200", "2005-03-31": "105.81500"}, "Other Long-Term Assets": {"2020-12-31": "641.00000", "2020-09-30": "699.00000", "2020-06-30": "677.00000", "2020-03-31": "664.00000", "2019-12-31": "658.00000", "2019-09-30": "731.00000", "2019-06-30": "721.00000", "2019-03-31": "751.00000", "2018-12-31": "482.00000", "2018-09-30": "454.00000", "2018-06-30": "415.00000", "2018-03-31": "458.00000", "2017-12-31": "440.00000", "2017-09-30": "469.00000", "2017-06-30": "466.00000", "2017-03-31": "439.00000", "2016-12-31": "401.00000", "2016-09-30": "382.00000", "2016-06-30": "320.00000", "2016-03-31": "316.00000", "2015-12-31": "3738.00000", "2015-09-30": "171.00000", "2015-06-30": "153.00000", "2015-03-31": "138.00000", "2014-12-31": "85.00000", "2014-09-30": "90.00000", "2014-06-30": "86.00000", "2014-03-31": "66.00000", "2013-12-31": "35.00000", "2013-09-30": "18.00000", "2013-06-30": "10.00000", "2013-03-31": "10.00000", "2012-12-31": "11.00000", "2012-09-30": "12.00000", "2012-06-30": "12.00000", "2012-03-31": "15.00000", "2011-12-31": "12.00000", "2011-09-30": "15.00000", "2011-06-30": "17.00000", "2011-03-31": "25.00000", "2010-12-31": "15.00000", "2010-09-30": "14.00000", "2010-06-30": "13.00000", "2010-03-31": "11.00000", "2009-12-31": "9.00000", "2009-09-30": "12.00000", "2009-06-30": "16.00000", "2009-03-31": "23.00000", "2008-12-31": "30.00000", "2008-09-30": "21.00000", "2008-06-30": "23.14200", "2008-03-31": "15.05500", "2007-12-31": "6.00000", "2007-09-30": "10.73800", "2007-06-30": "6.47300", "2007-03-31": "6.37600", "2006-12-31": "5.94100", "2006-09-30": "5.67600", "2006-06-30": "4.11300", "2006-03-31": "1.40900", "2005-12-31": "1.23400", "2005-09-30": "1.23900", "2005-06-30": "1.29900", "2005-03-31": "1.63500"}, "Total Long-Term Assets": {"2020-12-31": "12544.00000", "2020-09-30": "12575.00000", "2020-06-30": "12501.00000", "2020-03-31": "12485.00000", "2019-12-31": "12553.00000", "2019-09-30": "11793.00000", "2019-06-30": "11832.00000", "2019-03-31": "11911.00000", "2018-12-31": "11784.00000", "2018-09-30": "11741.00000", "2018-06-30": "11824.00000", "2018-03-31": "11987.00000", "2017-12-31": "12148.00000", "2017-09-30": "12332.00000", "2017-06-30": "12456.00000", "2017-03-31": "12565.00000", "2016-12-31": "12622.00000", "2016-09-30": "13046.00000", "2016-06-30": "13187.00000", "2016-03-31": "13294.00000", "2015-12-31": "11859.00000", "2015-09-30": "7993.00000", "2015-06-30": "7964.00000", "2015-03-31": "7914.00000", "2014-12-31": "8101.00000", "2014-09-30": "7898.00000", "2014-06-30": "7886.00000", "2014-03-31": "7834.00000", "2013-12-31": "7771.00000", "2013-09-30": "7809.00000", "2013-06-30": "7782.00000", "2013-03-31": "7922.00000", "2012-12-31": "7926.00000", "2012-09-30": "7959.00000", "2012-06-30": "7937.00000", "2012-03-31": "7916.00000", "2011-12-31": "7897.00000", "2011-09-30": "8031.00000", "2011-06-30": "8018.00000", "2011-03-31": "8028.00000", "2010-12-31": "8015.00000", "2010-09-30": "8422.00000", "2010-06-30": "8425.00000", "2010-03-31": "8380.00000", "2009-12-31": "8413.00000", "2009-09-30": "8944.00000", "2009-06-30": "9009.00000", "2009-03-31": "9141.00000", "2008-12-31": "9206.00000", "2008-09-30": "9540.00000", "2008-06-30": "605.76310", "2008-03-31": "551.27800", "2007-12-31": "481.00000", "2007-09-30": "494.31600", "2007-06-30": "395.98600", "2007-03-31": "392.71400", "2006-12-31": "407.09200", "2006-09-30": "453.39400", "2006-06-30": "373.42100", "2006-03-31": "302.20000", "2005-12-31": "269.50600", "2005-09-30": "215.23900", "2005-06-30": "197.64200", "2005-03-31": "184.49900"}, "Total Assets": {"2020-12-31": "23109.00000", "2020-09-30": "21577.00000", "2020-06-30": "20220.00000", "2020-03-31": "19604.00000", "2019-12-31": "19845.00000", "2019-09-30": "17805.00000", "2019-06-30": "17495.00000", "2019-03-31": "17948.00000", "2018-12-31": "17890.00000", "2018-09-30": "16713.00000", "2018-06-30": "17958.00000", "2018-03-31": "18397.00000", "2017-12-31": "18668.00000", "2017-09-30": "17718.00000", "2017-06-30": "16808.00000", "2017-03-31": "16921.00000", "2016-12-31": "17452.00000", "2016-09-30": "18380.00000", "2016-06-30": "16607.00000", "2016-03-31": "17302.00000", "2015-12-31": "15246.00000", "2015-09-30": "14302.00000", "2015-06-30": "14015.00000", "2015-03-31": "13777.00000", "2014-12-31": "14642.00000", "2014-09-30": "13855.00000", "2014-06-30": "13360.00000", "2014-03-31": "13528.00000", "2013-12-31": "14012.00000", "2013-09-30": "16060.00000", "2013-06-30": "13411.00000", "2013-03-31": "13725.00000", "2012-12-31": "14200.00000", "2012-09-30": "12661.00000", "2012-06-30": "12269.00000", "2012-03-31": "12482.00000", "2011-12-31": "13277.00000", "2011-09-30": "12113.00000", "2011-06-30": "11972.00000", "2011-03-31": "12377.00000", "2010-12-31": "13447.00000", "2010-09-30": "12570.00000", "2010-06-30": "12393.00000", "2010-03-31": "12866.00000", "2009-12-31": "13742.00000", "2009-09-30": "13452.00000", "2009-06-30": "13519.00000", "2009-03-31": "13651.00000", "2008-12-31": "14465.00000", "2008-09-30": "13741.00000", "2008-06-30": "2748.55600", "2008-03-31": "2530.67300", "2007-12-31": "879.00000", "2007-09-30": "1961.20000", "2007-06-30": "1839.06600", "2007-03-31": "1793.94700", "2006-12-31": "1891.47000", "2006-09-30": "1533.02900", "2006-06-30": "1437.40200", "2006-03-31": "1418.25500", "2005-12-31": "1595.95400", "2005-09-30": "1297.50100", "2005-06-30": "1267.44700", "2005-03-31": "1306.96300"}, "Total Current Liabilities": {"2020-12-31": "3100.00000", "2020-09-30": "2187.00000", "2020-06-30": "2557.00000", "2020-03-31": "2560.00000", "2019-12-31": "2915.00000", "2019-09-30": "1751.00000", "2019-06-30": "1639.00000", "2019-03-31": "2295.00000", "2018-12-31": "2642.00000", "2018-09-30": "2382.00000", "2018-06-30": "2060.00000", "2018-03-31": "2927.00000", "2017-12-31": "3663.00000", "2017-09-30": "2389.00000", "2017-06-30": "1765.00000", "2017-03-31": "2239.00000", "2016-12-31": "2656.00000", "2016-09-30": "3701.00000", "2016-06-30": "2191.00000", "2016-03-31": "2322.00000", "2015-12-31": "2611.00000", "2015-09-30": "1610.00000", "2015-06-30": "1545.00000", "2015-03-31": "1899.00000", "2014-12-31": "2714.00000", "2014-09-30": "2112.00000", "2014-06-30": "1443.00000", "2014-03-31": "1893.00000", "2013-12-31": "2405.00000", "2013-09-30": "1433.00000", "2013-06-30": "1193.00000", "2013-03-31": "1899.00000", "2012-12-31": "2652.00000", "2012-09-30": "1555.00000", "2012-06-30": "1484.00000", "2012-03-31": "1774.00000", "2011-12-31": "2556.00000", "2011-09-30": "1279.00000", "2011-06-30": "1246.00000", "2011-03-31": "1891.00000", "2010-12-31": "2960.00000", "2010-09-30": "1393.00000", "2010-06-30": "1090.00000", "2010-03-31": "1542.00000", "2009-12-31": "2507.00000", "2009-09-30": "1285.00000", "2009-06-30": "1091.00000", "2009-03-31": "1314.00000", "2008-12-31": "2084.00000", "2008-09-30": "1101.00000", "2008-06-30": "621.55800", "2008-03-31": "556.07100", "2007-12-31": "528.00000", "2007-09-30": "413.32500", "2007-06-30": "359.60200", "2007-03-31": "341.16900", "2006-12-31": "441.45600", "2006-09-30": "252.61300", "2006-06-30": "161.60800", "2006-03-31": "193.85600", "2005-12-31": "385.25800", "2005-09-30": "176.59700", "2005-06-30": "154.00500", "2005-03-31": "207.05100"}, "Long Term Debt": {"2020-12-31": "3605.00000", "2020-09-30": "3604.00000", "2020-06-30": "2676.00000", "2020-03-31": "2675.00000", "2019-12-31": "2675.00000", "2019-09-30": "2674.00000", "2019-06-30": "2673.00000", "2019-03-31": "2672.00000", "2018-12-31": "2671.00000", "2018-09-30": "2670.00000", "2018-06-30": "4394.00000", "2018-03-31": "4392.00000", "2017-12-31": "4390.00000", "2017-09-30": "4388.00000", "2017-06-30": "4387.00000", "2017-03-31": "4393.00000", "2016-12-31": "4887.00000", "2016-09-30": "4881.00000", "2016-06-30": "4977.00000", "2016-03-31": "5777.00000", "2015-12-31": "4074.00000", "2015-09-30": "4078.00000", "2015-06-30": "4077.00000", "2015-03-31": "4075.00000", "2014-12-31": "4324.00000", "2014-09-30": "4322.00000", "2014-06-30": "4321.00000", "2014-03-31": "4320.00000", "2013-12-31": "4668.00000", "2013-09-30": "2211.00000", "2013-06-30": "", "2013-03-31": "", "2012-12-31": "", "2012-09-30": "", "2012-06-30": "", "2012-03-31": "", "2011-12-31": "", "2011-09-30": "", "2011-06-30": "", "2011-03-31": "", "2010-12-31": "", "2010-09-30": "", "2010-06-30": "", "2010-03-31": "", "2009-12-31": "", "2009-09-30": "", "2009-06-30": "", "2009-03-31": "", "2008-12-31": "", "2008-09-30": "", "2008-06-30": "", "2008-03-31": "", "2007-12-31": "", "2007-09-30": "", "2007-06-30": "", "2007-03-31": "", "2006-12-31": "", "2006-09-30": "", "2006-06-30": "", "2006-03-31": "", "2005-12-31": "", "2005-09-30": "", "2005-06-30": "", "2005-03-31": ""}, "Other Non-Current Liabilities": {"2020-12-31": "949.00000", "2020-09-30": "924.00000", "2020-06-30": "869.00000", "2020-03-31": "890.00000", "2019-12-31": "945.00000", "2019-09-30": "1122.00000", "2019-06-30": "1186.00000", "2019-03-31": "1363.00000", "2018-12-31": "1167.00000", "2018-09-30": "991.00000", "2018-06-30": "1145.00000", "2018-03-31": "1243.00000", "2017-12-31": "1132.00000", "2017-09-30": "934.00000", "2017-06-30": "903.00000", "2017-03-31": "812.00000", "2016-12-31": "746.00000", "2016-09-30": "937.00000", "2016-06-30": "835.00000", "2016-03-31": "798.00000", "2015-12-31": "483.00000", "2015-09-30": "515.00000", "2015-06-30": "466.00000", "2015-03-31": "441.00000", "2014-12-31": "361.00000", "2014-09-30": "347.00000", "2014-06-30": "343.00000", "2014-03-31": "305.00000", "2013-12-31": "251.00000", "2013-09-30": "206.00000", "2013-06-30": "206.00000", "2013-03-31": "208.00000", "2012-12-31": "206.00000", "2012-09-30": "163.00000", "2012-06-30": "160.00000", "2012-03-31": "165.00000", "2011-12-31": "174.00000", "2011-09-30": "168.00000", "2011-06-30": "164.00000", "2011-03-31": "166.00000", "2010-12-31": "164.00000", "2010-09-30": "200.00000", "2010-06-30": "196.00000", "2010-03-31": "202.00000", "2009-12-31": "209.00000", "2009-09-30": "190.00000", "2009-06-30": "198.00000", "2009-03-31": "181.00000", "2008-12-31": "239.00000", "2008-09-30": "169.00000", "2008-06-30": "24.01400", "2008-03-31": "26.71000", "2007-12-31": "111.00000", "2007-09-30": "18.32500", "2007-06-30": "17.97100", "2007-03-31": "41.24600", "2006-12-31": "41.12800", "2006-09-30": "41.07000", "2006-06-30": "40.96000", "2006-03-31": "1.77600", "2005-12-31": "1.21600", "2005-09-30": "0.65600", "2005-06-30": "0.09300", "2005-03-31": ""}, "Total Long Term Liabilities": {"2020-12-31": "4972.00000", "2020-09-30": "5008.00000", "2020-06-30": "3981.00000", "2020-03-31": "4023.00000", "2019-12-31": "4125.00000", "2019-09-30": "3819.00000", "2019-06-30": "3879.00000", "2019-03-31": "4057.00000", "2018-12-31": "3856.00000", "2018-09-30": "3672.00000", "2018-06-30": "5552.00000", "2018-03-31": "5651.00000", "2017-12-31": "5543.00000", "2017-09-30": "5362.00000", "2017-06-30": "5328.00000", "2017-03-31": "5246.00000", "2016-12-31": "5677.00000", "2016-09-30": "5861.00000", "2016-06-30": "5862.00000", "2016-03-31": "6632.00000", "2015-12-31": "4567.00000", "2015-09-30": "4703.00000", "2015-06-30": "4669.00000", "2015-03-31": "4640.00000", "2014-12-31": "4695.00000", "2014-09-30": "4751.00000", "2014-06-30": "4746.00000", "2014-03-31": "4711.00000", "2013-12-31": "4985.00000", "2013-09-30": "2488.00000", "2013-06-30": "283.00000", "2013-03-31": "291.00000", "2012-12-31": "231.00000", "2012-09-30": "223.00000", "2012-06-30": "221.00000", "2012-03-31": "222.00000", "2011-12-31": "229.00000", "2011-09-30": "263.00000", "2011-06-30": "261.00000", "2011-03-31": "249.00000", "2010-12-31": "284.00000", "2010-09-30": "431.00000", "2010-06-30": "445.00000", "2010-03-31": "456.00000", "2009-12-31": "479.00000", "2009-09-30": "875.00000", "2009-06-30": "897.00000", "2009-03-31": "889.00000", "2008-12-31": "854.00000", "2008-09-30": "865.00000", "2008-06-30": "24.01400", "2008-03-31": "26.71000", "2007-12-31": "111.00000", "2007-09-30": "18.32500", "2007-06-30": "17.97100", "2007-03-31": "41.24600", "2006-12-31": "41.12800", "2006-09-30": "41.07000", "2006-06-30": "40.96000", "2006-03-31": "1.77600", "2005-12-31": "1.21600", "2005-09-30": "0.65600", "2005-06-30": "0.09300", "2005-03-31": ""}, "Total Liabilities": {"2020-12-31": "8072.00000", "2020-09-30": "7195.00000", "2020-06-30": "6538.00000", "2020-03-31": "6583.00000", "2019-12-31": "7040.00000", "2019-09-30": "5570.00000", "2019-06-30": "5518.00000", "2019-03-31": "6352.00000", "2018-12-31": "6498.00000", "2018-09-30": "6054.00000", "2018-06-30": "7612.00000", "2018-03-31": "8578.00000", "2017-12-31": "9206.00000", "2017-09-30": "7751.00000", "2017-06-30": "7093.00000", "2017-03-31": "7485.00000", "2016-12-31": "8333.00000", "2016-09-30": "9562.00000", "2016-06-30": "8053.00000", "2016-03-31": "8954.00000", "2015-12-31": "7178.00000", "2015-09-30": "6313.00000", "2015-06-30": "6214.00000", "2015-03-31": "6539.00000", "2014-12-31": "7409.00000", "2014-09-30": "6863.00000", "2014-06-30": "6189.00000", "2014-03-31": "6604.00000", "2013-12-31": "7390.00000", "2013-09-30": "3921.00000", "2013-06-30": "1476.00000", "2013-03-31": "2190.00000", "2012-12-31": "2883.00000", "2012-09-30": "1778.00000", "2012-06-30": "1705.00000", "2012-03-31": "1996.00000", "2011-12-31": "2785.00000", "2011-09-30": "1542.00000", "2011-06-30": "1507.00000", "2011-03-31": "2140.00000", "2010-12-31": "3244.00000", "2010-09-30": "1824.00000", "2010-06-30": "1535.00000", "2010-03-31": "1998.00000", "2009-12-31": "2986.00000", "2009-09-30": "2160.00000", "2009-06-30": "1988.00000", "2009-03-31": "2203.00000", "2008-12-31": "2938.00000", "2008-09-30": "1966.00000", "2008-06-30": "645.57200", "2008-03-31": "582.78100", "2007-12-31": "639.00000", "2007-09-30": "431.65000", "2007-06-30": "377.57300", "2007-03-31": "382.41500", "2006-12-31": "482.58400", "2006-09-30": "293.68300", "2006-06-30": "202.56800", "2006-03-31": "195.63200", "2005-12-31": "386.47400", "2005-09-30": "177.25300", "2005-06-30": "154.09800", "2005-03-31": "207.05100"}, "Common Stock Net": {"2020-12-31": "", "2020-09-30": "", "2020-06-30": "", "2020-03-31": "", "2019-12-31": "", "2019-09-30": "", "2019-06-30": "", "2019-03-31": "", "2018-12-31": "", "2018-09-30": "", "2018-06-30": "", "2018-03-31": "", "2017-12-31": "", "2017-09-30": "", "2017-06-30": "", "2017-03-31": "", "2016-12-31": "", "2016-09-30": "", "2016-06-30": "", "2016-03-31": "", "2015-12-31": "", "2015-09-30": "", "2015-06-30": "", "2015-03-31": "", "2014-12-31": "", "2014-09-30": "", "2014-06-30": "", "2014-03-31": "", "2013-12-31": "", "2013-09-30": "", "2013-06-30": "", "2013-03-31": "", "2012-12-31": "", "2012-09-30": "", "2012-06-30": "", "2012-03-31": "", "2011-12-31": "", "2011-09-30": "", "2011-06-30": "", "2011-03-31": "", "2010-12-31": "", "2010-09-30": "", "2010-06-30": "", "2010-03-31": "", "2009-12-31": "", "2009-09-30": "", "2009-06-30": "", "2009-03-31": "", "2008-12-31": "", "2008-09-30": "", "2008-06-30": "", "2008-03-31": "", "2007-12-31": "", "2007-09-30": "", "2007-06-30": "", "2007-03-31": "", "2006-12-31": "", "2006-09-30": "", "2006-06-30": "", "2006-03-31": "", "2005-12-31": "", "2005-09-30": "", "2005-06-30": "", "2005-03-31": ""}, "Retained Earnings (Accumulated Deficit)": {"2020-12-31": "9691.00000", "2020-09-30": "9183.00000", "2020-06-30": "8579.00000", "2020-03-31": "7999.00000", "2019-12-31": "7813.00000", "2019-09-30": "7289.00000", "2019-06-30": "7085.00000", "2019-03-31": "6757.00000", "2018-12-31": "6593.00000", "2018-09-30": "5907.00000", "2018-06-30": "5647.00000", "2018-03-31": "5245.00000", "2017-12-31": "4916.00000", "2017-09-30": "5501.00000", "2017-06-30": "5312.00000", "2017-03-31": "5069.00000", "2016-12-31": "4869.00000", "2016-09-30": "4616.00000", "2016-06-30": "4366.00000", "2016-03-31": "4239.00000", "2015-12-31": "4096.00000", "2015-09-30": "3937.00000", "2015-06-30": "3810.00000", "2015-03-31": "3598.00000", "2014-12-31": "3374.00000", "2014-09-30": "3013.00000", "2014-06-30": "3036.00000", "2014-03-31": "2832.00000", "2013-12-31": "2686.00000", "2013-09-30": "2513.00000", "2013-06-30": "2456.00000", "2013-03-31": "2132.00000", "2012-12-31": "1893.00000", "2012-09-30": "1539.00000", "2012-06-30": "1313.00000", "2012-03-31": "1128.00000", "2011-12-31": "948.00000", "2011-09-30": "849.00000", "2011-06-30": "701.00000", "2011-03-31": "366.00000", "2010-12-31": "57.00000", "2010-09-30": "290.00000", "2010-06-30": "239.00000", "2010-03-31": "20.00000", "2009-12-31": "-361.00000", "2009-09-30": "-75.00000", "2009-06-30": "-90.00000", "2009-03-31": "-285.00000", "2008-12-31": "-474.00000", "2008-09-30": "-403.00000", "2008-06-30": "831.67500", "2008-03-31": "772.66000", "2007-12-31": "-367.00000", "2007-09-30": "456.30100", "2007-06-30": "455.60300", "2007-03-31": "427.77700", "2006-12-31": "442.19900", "2006-09-30": "299.37900", "2006-06-30": "370.68700", "2006-03-31": "341.99000", "2005-12-31": "397.73200", "2005-09-30": "329.78700", "2005-06-30": "343.02900", "2005-03-31": "346.61400"}, "Comprehensive Income": {"2020-12-31": "-622.00000", "2020-09-30": "-633.00000", "2020-06-30": "-634.00000", "2020-03-31": "-628.00000", "2019-12-31": "-619.00000", "2019-09-30": "-607.00000", "2019-06-30": "-608.00000", "2019-03-31": "-602.00000", "2018-12-31": "-601.00000", "2018-09-30": "-613.00000", "2018-06-30": "-605.00000", "2018-03-31": "-649.00000", "2017-12-31": "-638.00000", "2017-09-30": "-642.00000", "2017-06-30": "-640.00000", "2017-03-31": "-625.00000", "2016-12-31": "-629.00000", "2016-09-30": "-653.00000", "2016-06-30": "-649.00000", "2016-03-31": "-643.00000", "2015-12-31": "-633.00000", "2015-09-30": "-544.00000", "2015-06-30": "-545.00000", "2015-03-31": "-619.00000", "2014-12-31": "-303.00000", "2014-09-30": "-157.00000", "2014-06-30": "44.00000", "2014-03-31": "63.00000", "2013-12-31": "68.00000", "2013-09-30": "18.00000", "2013-06-30": "-62.00000", "2013-03-31": "-95.00000", "2012-12-31": "-26.00000", "2012-09-30": "-74.00000", "2012-06-30": "-124.00000", "2012-03-31": "-33.00000", "2011-12-31": "-72.00000", "2011-09-30": "-29.00000", "2011-06-30": "29.00000", "2011-03-31": "26.00000", "2010-12-31": "-13.00000", "2010-09-30": "-9.00000", "2010-06-30": "-57.00000", "2010-03-31": "-44.00000", "2009-12-31": "-24.00000", "2009-09-30": "-5.00000", "2009-06-30": "-14.00000", "2009-03-31": "-46.00000", "2008-12-31": "-43.00000", "2008-09-30": "13.00000", "2008-06-30": "25.32700", "2008-03-31": "26.35200", "2007-12-31": "40.00000", "2007-09-30": "27.35800", "2007-06-30": "22.51700", "2007-03-31": "20.20200", "2006-12-31": "18.65900", "2006-09-30": "12.57500", "2006-06-30": "1.46900", "2006-03-31": "16.36900", "2005-12-31": "2.52100", "2005-09-30": "4.89000", "2005-06-30": "7.74300", "2005-03-31": "11.61800"}, "Other Share Holders Equity": {"2020-12-31": "", "2020-09-30": "", "2020-06-30": "", "2020-03-31": "", "2019-12-31": "", "2019-09-30": "", "2019-06-30": "", "2019-03-31": "", "2018-12-31": "", "2018-09-30": "", "2018-06-30": "", "2018-03-31": "", "2017-12-31": "", "2017-09-30": "", "2017-06-30": "", "2017-03-31": "", "2016-12-31": "", "2016-09-30": "", "2016-06-30": "", "2016-03-31": "", "2015-12-31": "", "2015-09-30": "", "2015-06-30": "", "2015-03-31": "", "2014-12-31": "", "2014-09-30": "", "2014-06-30": "", "2014-03-31": "", "2013-12-31": "", "2013-09-30": "", "2013-06-30": "", "2013-03-31": "", "2012-12-31": "", "2012-09-30": "", "2012-06-30": "", "2012-03-31": "", "2011-12-31": "", "2011-09-30": "", "2011-06-30": "", "2011-03-31": "", "2010-12-31": "", "2010-09-30": "", "2010-06-30": "", "2010-03-31": "", "2009-12-31": "", "2009-09-30": "", "2009-06-30": "", "2009-03-31": "", "2008-12-31": "", "2008-09-30": "", "2008-06-30": "", "2008-03-31": "", "2007-12-31": "77.00000", "2007-09-30": "", "2007-06-30": "", "2007-03-31": "", "2006-12-31": "", "2006-09-30": "", "2006-06-30": "", "2006-03-31": "", "2005-12-31": "", "2005-09-30": "", "2005-06-30": "", "2005-03-31": ""}, "Share Holder Equity": {"2020-12-31": "15037.00000", "2020-09-30": "14382.00000", "2020-06-30": "13682.00000", "2020-03-31": "13021.00000", "2019-12-31": "12805.00000", "2019-09-30": "12235.00000", "2019-06-30": "11977.00000", "2019-03-31": "11596.00000", "2018-12-31": "11392.00000", "2018-09-30": "10659.00000", "2018-06-30": "10346.00000", "2018-03-31": "9819.00000", "2017-12-31": "9462.00000", "2017-09-30": "9967.00000", "2017-06-30": "9715.00000", "2017-03-31": "9436.00000", "2016-12-31": "9119.00000", "2016-09-30": "8818.00000", "2016-06-30": "8554.00000", "2016-03-31": "8348.00000", "2015-12-31": "8068.00000", "2015-09-30": "7989.00000", "2015-06-30": "7801.00000", "2015-03-31": "7238.00000", "2014-12-31": "7233.00000", "2014-09-30": "6992.00000", "2014-06-30": "7171.00000", "2014-03-31": "6924.00000", "2013-12-31": "6622.00000", "2013-09-30": "12139.00000", "2013-06-30": "11935.00000", "2013-03-31": "11535.00000", "2012-12-31": "11317.00000", "2012-09-30": "10883.00000", "2012-06-30": "10564.00000", "2012-03-31": "10486.00000", "2011-12-31": "10492.00000", "2011-09-30": "10571.00000", "2011-06-30": "10465.00000", "2011-03-31": "10237.00000", "2010-12-31": "10203.00000", "2010-09-30": "10746.00000", "2010-06-30": "10858.00000", "2010-03-31": "10868.00000", "2009-12-31": "10756.00000", "2009-09-30": "11292.00000", "2009-06-30": "11531.00000", "2009-03-31": "11448.00000", "2008-12-31": "11527.00000", "2008-09-30": "11775.00000", "2008-06-30": "2102.98400", "2008-03-31": "1947.89200", "2007-12-31": "240.00000", "2007-09-30": "1529.55000", "2007-06-30": "1461.49300", "2007-03-31": "1411.53200", "2006-12-31": "1408.88600", "2006-09-30": "1239.34600", "2006-06-30": "1234.83400", "2006-03-31": "1222.62300", "2005-12-31": "1209.48000", "2005-09-30": "1120.24800", "2005-06-30": "1113.34900", "2005-03-31": "1099.91200"}, "Total Liabilities And Share Holders Equity": {"2020-12-31": "23109.00000", "2020-09-30": "21577.00000", "2020-06-30": "20220.00000", "2020-03-31": "19604.00000", "2019-12-31": "19845.00000", "2019-09-30": "17805.00000", "2019-06-30": "17495.00000", "2019-03-31": "17948.00000", "2018-12-31": "17890.00000", "2018-09-30": "16713.00000", "2018-06-30": "17958.00000", "2018-03-31": "18397.00000", "2017-12-31": "18668.00000", "2017-09-30": "17718.00000", "2017-06-30": "16808.00000", "2017-03-31": "16921.00000", "2016-12-31": "17452.00000", "2016-09-30": "18380.00000", "2016-06-30": "16607.00000", "2016-03-31": "17302.00000", "2015-12-31": "15246.00000", "2015-09-30": "14302.00000", "2015-06-30": "14015.00000", "2015-03-31": "13777.00000", "2014-12-31": "14642.00000", "2014-09-30": "13855.00000", "2014-06-30": "13360.00000", "2014-03-31": "13528.00000", "2013-12-31": "14012.00000", "2013-09-30": "16060.00000", "2013-06-30": "13411.00000", "2013-03-31": "13725.00000", "2012-12-31": "14200.00000", "2012-09-30": "12661.00000", "2012-06-30": "12269.00000", "2012-03-31": "12482.00000", "2011-12-31": "13277.00000", "2011-09-30": "12113.00000", "2011-06-30": "11972.00000", "2011-03-31": "12377.00000", "2010-12-31": "13447.00000", "2010-09-30": "12570.00000", "2010-06-30": "12393.00000", "2010-03-31": "12866.00000", "2009-12-31": "13742.00000", "2009-09-30": "13452.00000", "2009-06-30": "13519.00000", "2009-03-31": "13651.00000", "2008-12-31": "14465.00000", "2008-09-30": "13741.00000", "2008-06-30": "2748.55600", "2008-03-31": "2530.67300", "2007-12-31": "879.00000", "2007-09-30": "1961.20000", "2007-06-30": "1839.06600", "2007-03-31": "1793.94700", "2006-12-31": "1891.47000", "2006-09-30": "1533.02900", "2006-06-30": "1437.40200", "2006-03-31": "1418.25500", "2005-12-31": "1595.95400", "2005-09-30": "1297.50100", "2005-06-30": "1267.44700", "2005-03-31": "1306.96300"}}, "cash flow statement": {"Net Income/Loss": {"2020-12-31": "2197.00000", "2019-12-31": "1503.00000", "2018-12-31": "1848.00000", "2017-12-31": "273.00000", "2016-12-31": "966.00000", "2015-12-31": "892.00000", "2014-12-31": "835.00000", "2013-12-31": "1010.00000", "2012-12-31": "1149.00000", "2011-12-31": "1085.00000", "2010-12-31": "418.00000", "2009-12-31": "113.00000", "2008-12-31": "-107.00000", "2007-12-31": "227.00000", "2007-03-31": "85.78700", "2006-12-31": "139.00000", "2006-03-31": "40.25100", "2005-03-31": "135.05700"}, "Total Depreciation And Amortization - Cash Flow": {"2020-12-31": "446.00000", "2019-12-31": "553.00000", "2018-12-31": "998.00000", "2017-12-31": "1199.00000", "2016-12-31": "1171.00000", "2015-12-31": "501.00000", "2014-12-31": "353.00000", "2013-12-31": "316.00000", "2012-12-31": "328.00000", "2011-12-31": "435.00000", "2010-12-31": "517.00000", "2009-12-31": "628.00000", "2008-12-31": "561.00000", "2007-12-31": "117.00000", "2007-03-31": "147.13300", "2006-12-31": "120.00000", "2006-03-31": "191.33500", "2005-03-31": "148.86900"}, "Other Non-Cash Items": {"2020-12-31": "248.00000", "2019-12-31": "-103.00000", "2018-12-31": "227.00000", "2017-12-31": "80.00000", "2016-12-31": "276.00000", "2015-12-31": "108.00000", "2014-12-31": "100.00000", "2013-12-31": "273.00000", "2012-12-31": "125.00000", "2011-12-31": "178.00000", "2010-12-31": "158.00000", "2009-12-31": "232.00000", "2008-12-31": "-326.00000", "2007-12-31": "62.00000", "2007-03-31": "-43.58900", "2006-12-31": "11.00000", "2006-03-31": "-3.38300", "2005-03-31": "52.06100"}, "Total Non-Cash Items": {"2020-12-31": "694.00000", "2019-12-31": "450.00000", "2018-12-31": "1225.00000", "2017-12-31": "1279.00000", "2016-12-31": "1447.00000", "2015-12-31": "609.00000", "2014-12-31": "453.00000", "2013-12-31": "589.00000", "2012-12-31": "453.00000", "2011-12-31": "613.00000", "2010-12-31": "675.00000", "2009-12-31": "860.00000", "2008-12-31": "235.00000", "2007-12-31": "179.00000", "2007-03-31": "103.54400", "2006-12-31": "131.00000", "2006-03-31": "187.95200", "2005-03-31": "200.93000"}, "Change In Accounts Receivable": {"2020-12-31": "-194.00000", "2019-12-31": "182.00000", "2018-12-31": "-114.00000", "2017-12-31": "-165.00000", "2016-12-31": "84.00000", "2015-12-31": "-40.00000", "2014-12-31": "-177.00000", "2013-12-31": "198.00000", "2012-12-31": "-46.00000", "2011-12-31": "13.00000", "2010-12-31": "43.00000", "2009-12-31": "235.00000", "2008-12-31": "-428.00000", "2007-12-31": "25.00000", "2007-03-31": "-108.80200", "2006-12-31": "-30.00000", "2006-03-31": "80.40500", "2005-03-31": "-46.52700"}, "Change In Inventories": {"2020-12-31": "", "2019-12-31": "7.00000", "2018-12-31": "-5.00000", "2017-12-31": "-26.00000", "2016-12-31": "32.00000", "2015-12-31": "-54.00000", "2014-12-31": "-2.00000", "2013-12-31": "6.00000", "2012-12-31": "-75.00000", "2011-12-31": "-42.00000", "2010-12-31": "124.00000", "2009-12-31": "21.00000", "2008-12-31": "-20.00000", "2007-12-31": "7.00000", "2007-03-31": "-26.12400", "2006-12-31": "-12.00000", "2006-03-31": "-13.46500", "2005-03-31": "-21.59100"}, "Change In Accounts Payable": {"2020-12-31": "-10.00000", "2019-12-31": "31.00000", "2018-12-31": "-65.00000", "2017-12-31": "85.00000", "2016-12-31": "-50.00000", "2015-12-31": "-25.00000", "2014-12-31": "-12.00000", "2013-12-31": "7.00000", "2012-12-31": "-54.00000", "2011-12-31": "31.00000", "2010-12-31": "70.00000", "2009-12-31": "-18.00000", "2008-12-31": "86.00000", "2007-12-31": "-12.00000", "2007-03-31": "41.11500", "2006-12-31": "26.00000", "2006-03-31": "-19.98500", "2005-03-31": "35.41300"}, "Change In Assets/Liabilities": {"2020-12-31": "-281.00000", "2019-12-31": "-265.00000", "2018-12-31": "-545.00000", "2017-12-31": "-178.00000", "2016-12-31": "-407.00000", "2015-12-31": "-356.00000", "2014-12-31": "144.00000", "2013-12-31": "-610.00000", "2012-12-31": "-60.00000", "2011-12-31": "-569.00000", "2010-12-31": "-3.00000", "2009-12-31": "85.00000", "2008-12-31": "380.00000", "2007-12-31": "-29.00000", "2007-03-31": "-158.84400", "2006-12-31": "-57.00000", "2006-03-31": "-195.96500", "2005-03-31": "-125.39500"}, "Total Change In Assets/Liabilities": {"2020-12-31": "-639.00000", "2019-12-31": "-122.00000", "2018-12-31": "-1283.00000", "2017-12-31": "661.00000", "2016-12-31": "-258.00000", "2015-12-31": "-242.00000", "2014-12-31": "43.00000", "2013-12-31": "-335.00000", "2012-12-31": "-257.00000", "2011-12-31": "-746.00000", "2010-12-31": "283.00000", "2009-12-31": "210.00000", "2008-12-31": "251.00000", "2007-12-31": "25.00000", "2007-03-31": "-162.16900", "2006-12-31": "-37.00000", "2006-03-31": "-142.19600", "2005-03-31": "-120.67800"}, "Cash Flow From Operating Activities": {"2020-12-31": "2252.00000", "2019-12-31": "1831.00000", "2018-12-31": "1790.00000", "2017-12-31": "2213.00000", "2016-12-31": "2155.00000", "2015-12-31": "1259.00000", "2014-12-31": "1331.00000", "2013-12-31": "1264.00000", "2012-12-31": "1345.00000", "2011-12-31": "952.00000", "2010-12-31": "1376.00000", "2009-12-31": "1183.00000", "2008-12-31": "379.00000", "2007-12-31": "431.00000", "2007-03-31": "27.16200", "2006-12-31": "233.00000", "2006-03-31": "86.00700", "2005-03-31": "215.30900"}, "Net Change In Property, Plant, And Equipment": {"2020-12-31": "-78.00000", "2019-12-31": "-116.00000", "2018-12-31": "-131.00000", "2017-12-31": "-155.00000", "2016-12-31": "-136.00000", "2015-12-31": "-111.00000", "2014-12-31": "-107.00000", "2013-12-31": "-74.00000", "2012-12-31": "-73.00000", "2011-12-31": "-72.00000", "2010-12-31": "-97.00000", "2009-12-31": "-69.00000", "2008-12-31": "-46.00000", "2007-12-31": "-68.00000", "2007-03-31": "-17.93500", "2006-12-31": "-96.00000", "2006-03-31": "-30.40600", "2005-03-31": "-14.94100"}, "Net Change In Intangible Assets": {"2020-12-31": "", "2019-12-31": "", "2018-12-31": "", "2017-12-31": "", "2016-12-31": "", "2015-12-31": "", "2014-12-31": "", "2013-12-31": "", "2012-12-31": "", "2011-12-31": "", "2010-12-31": "", "2009-12-31": "", "2008-12-31": "", "2007-12-31": "", "2007-03-31": "", "2006-12-31": "", "2006-03-31": "", "2005-03-31": ""}, "Net Acquisitions/Divestitures": {"2020-12-31": "", "2019-12-31": "", "2018-12-31": "", "2017-12-31": "", "2016-12-31": "-4586.00000", "2015-12-31": "-46.00000", "2014-12-31": "", "2013-12-31": "", "2012-12-31": "", "2011-12-31": "", "2010-12-31": "", "2009-12-31": "", "2008-12-31": "1120.00000", "2007-12-31": "", "2007-03-31": "-30.54500", "2006-12-31": "-26.00000", "2006-03-31": "-6.89000", "2005-03-31": "-21.38200"}, "Net Change In Short-term Investments": {"2020-12-31": "", "2019-12-31": "", "2018-12-31": "", "2017-12-31": "", "2016-12-31": "", "2015-12-31": "", "2014-12-31": "", "2013-12-31": "", "2012-12-31": "", "2011-12-31": "323.00000", "2010-12-31": "-800.00000", "2009-12-31": "-425.00000", "2008-12-31": "0.00000", "2007-12-31": "", "2007-03-31": "13.23800", "2006-12-31": "", "2006-03-31": "-41.00000", "2005-03-31": "-107.57300"}, "Net Change In Long-Term Investments": {"2020-12-31": "-100.00000", "2019-12-31": "88.00000", "2018-12-31": "-93.00000", "2017-12-31": "-55.00000", "2016-12-31": "", "2015-12-31": "", "2014-12-31": "21.00000", "2013-12-31": "376.00000", "2012-12-31": "-49.00000", "2011-12-31": "10.00000", "2010-12-31": "580.00000", "2009-12-31": "46.00000", "2008-12-31": "", "2007-12-31": "", "2007-03-31": "", "2006-12-31": "", "2006-03-31": "", "2005-03-31": ""}, "Net Change In Investments - Total": {"2020-12-31": "-100.00000", "2019-12-31": "88.00000", "2018-12-31": "-93.00000", "2017-12-31": "-55.00000", "2016-12-31": "", "2015-12-31": "", "2014-12-31": "21.00000", "2013-12-31": "376.00000", "2012-12-31": "-49.00000", "2011-12-31": "333.00000", "2010-12-31": "-220.00000", "2009-12-31": "-379.00000", "2008-12-31": "", "2007-12-31": "", "2007-03-31": "13.23800", "2006-12-31": "", "2006-03-31": "-41.00000", "2005-03-31": "-107.57300"}, "Investing Activities - Other": {"2020-12-31": "", "2019-12-31": "6.00000", "2018-12-31": "-6.00000", "2017-12-31": "3.00000", "2016-12-31": "-7.00000", "2015-12-31": "-3559.00000", "2014-12-31": "2.00000", "2013-12-31": "6.00000", "2012-12-31": "-2.00000", "2011-12-31": "5.00000", "2010-12-31": "5.00000", "2009-12-31": "5.00000", "2008-12-31": "27.00000", "2007-12-31": "", "2007-03-31": "", "2006-12-31": "-2.00000", "2006-03-31": "-7.50000", "2005-03-31": ""}, "Cash Flow From Investing Activities": {"2020-12-31": "-178.00000", "2019-12-31": "-22.00000", "2018-12-31": "-230.00000", "2017-12-31": "-207.00000", "2016-12-31": "-4729.00000", "2015-12-31": "-3716.00000", "2014-12-31": "-84.00000", "2013-12-31": "308.00000", "2012-12-31": "-124.00000", "2011-12-31": "266.00000", "2010-12-31": "-312.00000", "2009-12-31": "-443.00000", "2008-12-31": "1101.00000", "2007-12-31": "-68.00000", "2007-03-31": "-35.24200", "2006-12-31": "-124.00000", "2006-03-31": "-85.79600", "2005-03-31": "-143.89600"}, "Net Long-Term Debt": {"2020-12-31": "944.00000", "2019-12-31": "", "2018-12-31": "-1740.00000", "2017-12-31": "-510.00000", "2016-12-31": "774.00000", "2015-12-31": "-250.00000", "2014-12-31": "-375.00000", "2013-12-31": "4744.00000", "2012-12-31": "", "2011-12-31": "", "2010-12-31": "", "2009-12-31": "", "2008-12-31": "", "2007-12-31": "", "2007-03-31": "", "2006-12-31": "", "2006-03-31": "", "2005-03-31": ""}, "Net Current Debt": {"2020-12-31": "", "2019-12-31": "", "2018-12-31": "", "2017-12-31": "", "2016-12-31": "", "2015-12-31": "", "2014-12-31": "", "2013-12-31": "", "2012-12-31": "", "2011-12-31": "", "2010-12-31": "", "2009-12-31": "", "2008-12-31": "", "2007-12-31": "", "2007-03-31": "", "2006-12-31": "", "2006-03-31": "", "2005-03-31": ""}, "Debt Issuance/Retirement Net - Total": {"2020-12-31": "944.00000", "2019-12-31": "", "2018-12-31": "-1740.00000", "2017-12-31": "-510.00000", "2016-12-31": "774.00000", "2015-12-31": "-250.00000", "2014-12-31": "-375.00000", "2013-12-31": "4744.00000", "2012-12-31": "", "2011-12-31": "", "2010-12-31": "", "2009-12-31": "", "2008-12-31": "", "2007-12-31": "", "2007-03-31": "", "2006-12-31": "", "2006-03-31": "", "2005-03-31": ""}, "Net Common Equity Issued/Repurchased": {"2020-12-31": "170.00000", "2019-12-31": "105.00000", "2018-12-31": "99.00000", "2017-12-31": "178.00000", "2016-12-31": "106.00000", "2015-12-31": "106.00000", "2014-12-31": "175.00000", "2013-12-31": "-5672.00000", "2012-12-31": "-282.00000", "2011-12-31": "-623.00000", "2010-12-31": "-878.00000", "2009-12-31": "-1028.00000", "2008-12-31": "1625.00000", "2007-12-31": "", "2007-03-31": "18.95600", "2006-12-31": "", "2006-03-31": "45.08800", "2005-03-31": "72.65400"}, "Net Total Equity Issued/Repurchased": {"2020-12-31": "170.00000", "2019-12-31": "105.00000", "2018-12-31": "99.00000", "2017-12-31": "178.00000", "2016-12-31": "106.00000", "2015-12-31": "106.00000", "2014-12-31": "175.00000", "2013-12-31": "-5672.00000", "2012-12-31": "-282.00000", "2011-12-31": "-623.00000", "2010-12-31": "-878.00000", "2009-12-31": "-1028.00000", "2008-12-31": "1625.00000", "2007-12-31": "", "2007-03-31": "18.95600", "2006-12-31": "", "2006-03-31": "45.08800", "2005-03-31": "72.65400"}, "Total Common And Preferred Stock Dividends Paid": {"2020-12-31": "-316.00000", "2019-12-31": "-283.00000", "2018-12-31": "-259.00000", "2017-12-31": "-226.00000", "2016-12-31": "-195.00000", "2015-12-31": "-170.00000", "2014-12-31": "-147.00000", "2013-12-31": "-216.00000", "2012-12-31": "-204.00000", "2011-12-31": "-194.00000", "2010-12-31": "-189.00000", "2009-12-31": "", "2008-12-31": "", "2007-12-31": "", "2007-03-31": "", "2006-12-31": "", "2006-03-31": "", "2005-03-31": ""}, "Financial Activities - Other": {"2020-12-31": "-87.00000", "2019-12-31": "-59.00000", "2018-12-31": "-120.00000", "2017-12-31": "-66.00000", "2016-12-31": "-185.00000", "2015-12-31": "112.00000", "2014-12-31": "-66.00000", "2013-12-31": "-79.00000", "2012-12-31": "-11.00000", "2011-12-31": "9.00000", "2010-12-31": "14.00000", "2009-12-31": "79.00000", "2008-12-31": "-137.00000", "2007-12-31": "-371.00000", "2007-03-31": "9.01200", "2006-12-31": "-77.00000", "2006-03-31": "", "2005-03-31": ""}, "Cash Flow From Financial Activities": {"2020-12-31": "711.00000", "2019-12-31": "-237.00000", "2018-12-31": "-2020.00000", "2017-12-31": "-624.00000", "2016-12-31": "500.00000", "2015-12-31": "-202.00000", "2014-12-31": "-413.00000", "2013-12-31": "-1223.00000", "2012-12-31": "-497.00000", "2011-12-31": "-808.00000", "2010-12-31": "-1053.00000", "2009-12-31": "-949.00000", "2008-12-31": "1488.00000", "2007-12-31": "-371.00000", "2007-03-31": "27.96800", "2006-12-31": "-77.00000", "2006-03-31": "45.08800", "2005-03-31": "72.65400"}, "Net Cash Flow": {"2020-12-31": "2854.00000", "2019-12-31": "1569.00000", "2018-12-31": "-491.00000", "2017-12-31": "1458.00000", "2016-12-31": "-2130.00000", "2015-12-31": "-3025.00000", "2014-12-31": "438.00000", "2013-12-31": "451.00000", "2012-12-31": "794.00000", "2011-12-31": "353.00000", "2010-12-31": "44.00000", "2009-12-31": "-190.00000", "2008-12-31": "2896.00000", "2007-12-31": "-6.00000", "2007-03-31": "30.07800", "2006-12-31": "36.00000", "2006-03-31": "40.72300", "2005-03-31": "148.48800"}, "Stock-Based Compensation": {"2020-12-31": "218.00000", "2019-12-31": "166.00000", "2018-12-31": "209.00000", "2017-12-31": "176.00000", "2016-12-31": "147.00000", "2015-12-31": "92.00000", "2014-12-31": "104.00000", "2013-12-31": "108.00000", "2012-12-31": "126.00000", "2011-12-31": "103.00000", "2010-12-31": "131.00000", "2009-12-31": "156.00000", "2008-12-31": "89.00000", "2007-12-31": "138.00000", "2007-03-31": "", "2006-12-31": "48.00000", "2006-03-31": "", "2005-03-31": ""}, "Common Stock Dividends Paid": {"2020-12-31": "-316.00000", "2019-12-31": "-283.00000", "2018-12-31": "-259.00000", "2017-12-31": "-226.00000", "2016-12-31": "-195.00000", "2015-12-31": "-170.00000", "2014-12-31": "-147.00000", "2013-12-31": "-216.00000", "2012-12-31": "-204.00000", "2011-12-31": "-194.00000", "2010-12-31": "-189.00000", "2009-12-31": "0.00000", "2008-12-31": "0.00000", "2007-12-31": "", "2007-03-31": "", "2006-12-31": "", "2006-03-31": "", "2005-03-31": ""}}, "cash flow statement, quarterly": {"Net Income/Loss": {"2020-12-31": 509, "2020-09-30": 604, "2020-06-30": 579, "2020-03-31": "505.00000", "2019-12-31": 525, "2019-09-30": 204, "2019-06-30": 327, "2019-03-31": "447.00000", "2018-12-31": 686, "2018-09-30": 260, "2018-06-30": 402, "2018-03-31": "500.00000", "2017-12-31": -585, "2017-09-30": 189, "2017-06-30": 243, "2017-03-31": "426.00000", "2016-12-31": 253, "2016-09-30": 199, "2016-06-30": 151, "2016-03-31": "363.00000", "2015-12-31": 159, "2015-09-30": 127, "2015-06-30": 212, "2015-03-31": "394.00000", "2014-12-31": 361, "2014-09-30": -23, "2014-06-30": 204, "2014-03-31": "293.00000", "2013-12-31": 173, "2013-09-30": 57, "2013-06-30": 324, "2013-03-31": "456.00000", "2012-12-31": 354, "2012-09-30": 226, "2012-06-30": 185, "2012-03-31": "384.00000", "2011-12-31": 99, "2011-09-30": 148, "2011-06-30": 335, "2011-03-31": "503.00000", "2010-12-31": -233, "2010-09-30": 51, "2010-06-30": 219, "2010-03-31": "381.00000", "2009-12-31": -286, "2009-09-30": 15, "2009-06-30": 195, "2009-03-31": "189.00000", "2008-12-31": -71, "2008-09-30": -107, "2008-06-30": 28, "2008-03-31": "43.00000", "2007-12-31": 159.72, "2007-09-30": 113.174, "2007-06-30": 27.826, "2007-03-31": "0.00000", "2006-12-31": 142.82, "2006-09-30": -24.302, "2006-06-30": -18.309, "2006-03-31": "0.00000", "2005-12-31": 67.856, "2005-09-30": -14.892, "2005-06-30": -3.585, "2005-03-31": "0.00000"}, "Total Depreciation And Amortization - Cash Flow": {"2020-12-31": 153, "2020-09-30": 82, "2020-06-30": 72, "2020-03-31": "139.00000", "2019-12-31": 144, "2019-09-30": 90, "2019-06-30": 128, "2019-03-31": "191.00000", "2018-12-31": 375, "2018-09-30": 150, "2018-06-30": 168, "2018-03-31": "305.00000", "2017-12-31": 317, "2017-09-30": 244, "2017-06-30": 325, "2017-03-31": "313.00000", "2016-12-31": 313, "2016-09-30": 305, "2016-06-30": 318, "2016-03-31": "235.00000", "2015-12-31": 128, "2015-09-30": 104, "2015-06-30": 105, "2015-03-31": "164.00000", "2014-12-31": 156, "2014-09-30": 59, "2014-06-30": 66, "2014-03-31": "72.00000", "2013-12-31": 32, "2013-09-30": 111, "2013-06-30": 66, "2013-03-31": "107.00000", "2012-12-31": 136, "2012-09-30": 45, "2012-06-30": 94, "2012-03-31": "53.00000", "2011-12-31": 207, "2011-09-30": 52, "2011-06-30": 81, "2011-03-31": "95.00000", "2010-12-31": 238, "2010-09-30": 78, "2010-06-30": 80, "2010-03-31": "121.00000", "2009-12-31": 249, "2009-09-30": 96, "2009-06-30": 146, "2009-03-31": "137.00000", "2008-12-31": 297, "2008-09-30": 188, "2008-06-30": 38, "2008-03-31": "38.00000", "2007-12-31": 148.098, "2007-09-30": -26.391, "2007-06-30": 86.391, "2007-03-31": "", "2006-12-31": 55.859, "2006-09-30": 9.265, "2006-06-30": 25.537, "2006-03-31": "", "2005-12-31": 128.159, "2005-09-30": 25.444, "2005-06-30": 24.976, "2005-03-31": ""}, "Other Non-Cash Items": {"2020-12-31": 36, "2020-09-30": 89, "2020-06-30": 53, "2020-03-31": "70.00000", "2019-12-31": -388, "2019-09-30": 70, "2019-06-30": 19, "2019-03-31": "196.00000", "2018-12-31": -172, "2018-09-30": 185, "2018-06-30": 121, "2018-03-31": "93.00000", "2017-12-31": 64, "2017-09-30": 25, "2017-06-30": 16, "2017-03-31": "-25.00000", "2016-12-31": 340, "2016-09-30": -43, "2016-06-30": -3, "2016-03-31": "-18.00000", "2015-12-31": 43, "2015-09-30": 13, "2015-06-30": 40, "2015-03-31": "12.00000", "2014-12-31": 79, "2014-09-30": -7, "2014-06-30": 1, "2014-03-31": "27.00000", "2013-12-31": 71, "2013-09-30": -64, "2013-06-30": 95, "2013-03-31": "171.00000", "2012-12-31": 26, "2012-09-30": 24, "2012-06-30": -9, "2012-03-31": "84.00000", "2011-12-31": 13, "2011-09-30": 7, "2011-06-30": -14, "2011-03-31": "172.00000", "2010-12-31": 24, "2010-09-30": -2, "2010-06-30": 6, "2010-03-31": "130.00000", "2009-12-31": 262, "2009-09-30": 72, "2009-06-30": -171, "2009-03-31": "69.00000", "2008-12-31": -273, "2008-09-30": -107, "2008-06-30": 25, "2008-03-31": "29.00000", "2007-12-31": 59.582, "2007-09-30": 38.504, "2007-06-30": 15.496, "2007-03-31": "", "2006-12-31": 43.649, "2006-09-30": -57.736, "2006-06-30": -0.192, "2006-03-31": "", "2005-12-31": 22.61, "2005-09-30": -5.292, "2005-06-30": -3.861, "2005-03-31": ""}, "Total Non-Cash Items": {"2020-12-31": 189, "2020-09-30": 171, "2020-06-30": 125, "2020-03-31": "209.00000", "2019-12-31": -244, "2019-09-30": 160, "2019-06-30": 147, "2019-03-31": "387.00000", "2018-12-31": 203, "2018-09-30": 335, "2018-06-30": 289, "2018-03-31": "398.00000", "2017-12-31": 381, "2017-09-30": 269, "2017-06-30": 341, "2017-03-31": "288.00000", "2016-12-31": 653, "2016-09-30": 262, "2016-06-30": 315, "2016-03-31": "217.00000", "2015-12-31": 171, "2015-09-30": 117, "2015-06-30": 145, "2015-03-31": "176.00000", "2014-12-31": 235, "2014-09-30": 52, "2014-06-30": 67, "2014-03-31": "99.00000", "2013-12-31": 103, "2013-09-30": 47, "2013-06-30": 161, "2013-03-31": "278.00000", "2012-12-31": 162, "2012-09-30": 69, "2012-06-30": 85, "2012-03-31": "137.00000", "2011-12-31": 220, "2011-09-30": 59, "2011-06-30": 67, "2011-03-31": "267.00000", "2010-12-31": 262, "2010-09-30": 76, "2010-06-30": 86, "2010-03-31": "251.00000", "2009-12-31": 511, "2009-09-30": 168, "2009-06-30": -25, "2009-03-31": "206.00000", "2008-12-31": 24, "2008-09-30": 81, "2008-06-30": 63, "2008-03-31": "67.00000", "2007-12-31": 207.68, "2007-09-30": 12.113, "2007-06-30": 101.887, "2007-03-31": "", "2006-12-31": 99.508, "2006-09-30": -48.471, "2006-06-30": 25.345, "2006-03-31": "", "2005-12-31": 150.769, "2005-09-30": 20.152, "2005-06-30": 21.115, "2005-03-31": ""}, "Change In Accounts Receivable": {"2020-12-31": -419, "2020-09-30": -5, "2020-06-30": -19, "2020-03-31": "249.00000", "2019-12-31": -453, "2019-09-30": 65, "2019-06-30": 132, "2019-03-31": "438.00000", "2018-12-31": -404, "2018-09-30": -221, "2018-06-30": 8, "2018-03-31": "503.00000", "2017-12-31": -25, "2017-09-30": -525, "2017-06-30": -11, "2017-03-31": "396.00000", "2016-12-31": -311, "2016-09-30": 18, "2016-06-30": -82, "2016-03-31": "459.00000", "2015-12-31": -182, "2015-09-30": -303, "2015-06-30": 7, "2015-03-31": "438.00000", "2014-12-31": 16, "2014-09-30": -595, "2014-06-30": 112, "2014-03-31": "290.00000", "2013-12-31": -300, "2013-09-30": -85, "2013-06-30": 120, "2013-03-31": "463.00000", "2012-12-31": -496, "2012-09-30": 29, "2012-06-30": -132, "2012-03-31": "553.00000", "2011-12-31": -503, "2011-09-30": -2, "2011-06-30": -36, "2011-03-31": "554.00000", "2010-12-31": -428, "2010-09-30": -54, "2010-06-30": -68, "2010-03-31": "593.00000", "2009-12-31": -513, "2009-09-30": 42, "2009-06-30": -88, "2009-03-31": "794.00000", "2008-12-31": -734, "2008-09-30": 259, "2008-06-30": -25, "2008-03-31": "72.00000", "2007-12-31": -678.071, "2007-09-30": 174.165, "2007-06-30": -49.165, "2007-03-31": "", "2006-12-31": -359.503, "2006-09-30": -31.725, "2006-06-30": -25.469, "2006-03-31": "", "2005-12-31": -297.613, "2005-09-30": -22.075, "2005-06-30": 14.383, "2005-03-31": ""}, "Change In Inventories": {"2020-12-31": 0, "2020-09-30": 0, "2020-06-30": 0, "2020-03-31": "", "2019-12-31": 7, "2019-09-30": 0, "2019-06-30": 0, "2019-03-31": "", "2018-12-31": 122, "2018-09-30": -135, "2018-06-30": 4, "2018-03-31": "4.00000", "2017-12-31": 24, "2017-09-30": -44, "2017-06-30": -8, "2017-03-31": "2.00000", "2016-12-31": 64, "2016-09-30": -45, "2016-06-30": -1, "2016-03-31": "14.00000", "2015-12-31": 81, "2015-09-30": -126, "2015-06-30": -19, "2015-03-31": "10.00000", "2014-12-31": 88, "2014-09-30": -91, "2014-06-30": -4, "2014-03-31": "5.00000", "2013-12-31": 122, "2013-09-30": -180, "2013-06-30": 25, "2013-03-31": "39.00000", "2012-12-31": 70, "2012-09-30": -160, "2012-06-30": 15, "2012-03-31": "", "2011-12-31": 54, "2011-09-30": -117, "2011-06-30": 10, "2011-03-31": "11.00000", "2010-12-31": 143, "2010-09-30": -97, "2010-06-30": 38, "2010-03-31": "40.00000", "2009-12-31": 110, "2009-09-30": -153, "2009-06-30": 32, "2009-03-31": "32.00000", "2008-12-31": 115, "2008-09-30": -133, "2008-06-30": -4, "2008-03-31": "2.00000", "2007-12-31": -59.192, "2007-09-30": -1.702, "2007-06-30": -1.298, "2007-03-31": "", "2006-12-31": -14.617, "2006-09-30": -6.968, "2006-06-30": 1.012, "2006-03-31": "", "2005-12-31": -32.793, "2005-09-30": -6.899, "2005-06-30": 2.882, "2005-03-31": ""}, "Change In Accounts Payable": {"2020-12-31": 61, "2020-09-30": 42, "2020-06-30": 19, "2020-03-31": "-132.00000", "2019-12-31": 9, "2019-09-30": 97, "2019-06-30": 16, "2019-03-31": "-91.00000", "2018-12-31": -51, "2018-09-30": 143, "2018-06-30": 3, "2018-03-31": "-160.00000", "2017-12-31": 7, "2017-09-30": 146, "2017-06-30": 8, "2017-03-31": "-76.00000", "2016-12-31": 26, "2016-09-30": 36, "2016-06-30": 72, "2016-03-31": "-184.00000", "2015-12-31": -18, "2015-09-30": 115, "2015-06-30": 86, "2015-03-31": "-208.00000", "2014-12-31": 71, "2014-09-30": 107, "2014-06-30": -1, "2014-03-31": "-189.00000", "2013-12-31": 63, "2013-09-30": 141, "2013-06-30": -48, "2013-03-31": "-149.00000", "2012-12-31": 87, "2012-09-30": 87, "2012-06-30": -13, "2012-03-31": "-215.00000", "2011-12-31": 148, "2011-09-30": 99, "2011-06-30": -17, "2011-03-31": "-199.00000", "2010-12-31": 130, "2010-09-30": 84, "2010-06-30": 2, "2010-03-31": "-146.00000", "2009-12-31": 21, "2009-09-30": 160, "2009-06-30": -39, "2009-03-31": "-160.00000", "2008-12-31": 60, "2008-09-30": 18, "2008-06-30": 26, "2008-03-31": "-18.00000", "2007-12-31": 116.945, "2007-09-30": 16.731, "2007-06-30": -26.731, "2007-03-31": "", "2006-12-31": 110.457, "2006-09-30": 10.074, "2006-06-30": -22.058, "2006-03-31": "", "2005-12-31": 123.036, "2005-09-30": 25.391, "2005-06-30": -43.532, "2005-03-31": ""}, "Change In Assets/Liabilities": {"2020-12-31": 547, "2020-09-30": -343, "2020-06-30": -55, "2020-03-31": "-430.00000", "2019-12-31": 778, "2019-09-30": -209, "2019-06-30": -168, "2019-03-31": "-666.00000", "2018-12-31": 485, "2018-09-30": 31, "2018-06-30": -432, "2018-03-31": "-629.00000", "2017-12-31": 439, "2017-09-30": 289, "2017-06-30": -342, "2017-03-31": "-564.00000", "2016-12-31": 199, "2016-09-30": -60, "2016-06-30": -17, "2016-03-31": "-529.00000", "2015-12-31": 568, "2015-09-30": -16, "2015-06-30": -372, "2015-03-31": "-536.00000", "2014-12-31": 392, "2014-09-30": 353, "2014-06-30": -343, "2014-03-31": "-258.00000", "2013-12-31": 511, "2013-09-30": -139, "2013-06-30": -491, "2013-03-31": "-491.00000", "2012-12-31": 569, "2012-09-30": -165, "2012-06-30": 5, "2012-03-31": "-469.00000", "2011-12-31": 710, "2011-09-30": -208, "2011-06-30": -439, "2011-03-31": "-632.00000", "2010-12-31": 827, "2010-09-30": 40, "2010-06-30": -315, "2010-03-31": "-555.00000", "2009-12-31": 713, "2009-09-30": -52, "2009-06-30": -220, "2009-03-31": "-356.00000", "2008-12-31": 500, "2008-09-30": -70, "2008-06-30": -30, "2008-03-31": "-20.00000", "2007-12-31": -148.158, "2007-09-30": 59.23, "2007-06-30": -45.23, "2007-03-31": "", "2006-12-31": -13.255, "2006-09-30": -39.028, "2006-06-30": -44.225, "2006-03-31": "", "2005-12-31": -87.132, "2005-09-30": -39.278, "2005-06-30": -36.062, "2005-03-31": ""}, "Total Change In Assets/Liabilities": {"2020-12-31": 442, "2020-09-30": -579, "2020-06-30": 64, "2020-03-31": "-566.00000", "2019-12-31": 637, "2019-09-30": -55, "2019-06-30": -320, "2019-03-31": "-384.00000", "2018-12-31": 110, "2018-09-30": -342, "2018-06-30": -682, "2018-03-31": "-369.00000", "2017-12-31": 1362, "2017-09-30": -79, "2017-06-30": -319, "2017-03-31": "-303.00000", "2016-12-31": -47, "2016-09-30": -5, "2016-06-30": 37, "2016-03-31": "-243.00000", "2015-12-31": 733, "2015-09-30": -392, "2015-06-30": -222, "2015-03-31": "-361.00000", "2014-12-31": 638, "2014-09-30": -174, "2014-06-30": -165, "2014-03-31": "-256.00000", "2013-12-31": 604, "2013-09-30": -154, "2013-06-30": -376, "2013-03-31": "-409.00000", "2012-12-31": 460, "2012-09-30": -171, "2012-06-30": -178, "2012-03-31": "-368.00000", "2011-12-31": 531, "2011-09-30": -161, "2011-06-30": -480, "2011-03-31": "-636.00000", "2010-12-31": 964, "2010-09-30": 55, "2010-06-30": -331, "2010-03-31": "-405.00000", "2009-12-31": 588, "2009-09-30": -22, "2009-06-30": -288, "2009-03-31": "-68.00000", "2008-12-31": 301, "2008-09-30": -39, "2008-06-30": 3, "2008-03-31": "-14.00000", "2007-12-31": -443.493, "2007-09-30": 176.207, "2007-06-30": -123.207, "2007-03-31": "", "2006-12-31": -198.474, "2006-09-30": 7.175, "2006-06-30": -110.709, "2006-03-31": "", "2005-12-31": -208.289, "2005-09-30": -45.053, "2005-06-30": -72.005, "2005-03-31": ""}, "Cash Flow From Operating Activities": {"2020-12-31": 1140, "2020-09-30": 196, "2020-06-30": 768, "2020-03-31": "148.00000", "2019-12-31": 918, "2019-09-30": 309, "2019-06-30": 154, "2019-03-31": "450.00000", "2018-12-31": 999, "2018-09-30": 253, "2018-06-30": 9, "2018-03-31": "529.00000", "2017-12-31": 1158, "2017-09-30": 379, "2017-06-30": 265, "2017-03-31": "411.00000", "2016-12-31": 859, "2016-09-30": 456, "2016-06-30": 503, "2016-03-31": "337.00000", "2015-12-31": 1063, "2015-09-30": -148, "2015-06-30": 135, "2015-03-31": "209.00000", "2014-12-31": 1234, "2014-09-30": -145, "2014-06-30": 106, "2014-03-31": "136.00000", "2013-12-31": 880, "2013-09-30": -50, "2013-06-30": 109, "2013-03-31": "325.00000", "2012-12-31": 976, "2012-09-30": 124, "2012-06-30": 92, "2012-03-31": "153.00000", "2011-12-31": 850, "2011-09-30": 46, "2011-06-30": -78, "2011-03-31": "134.00000", "2010-12-31": 993, "2010-09-30": 182, "2010-06-30": -26, "2010-03-31": "227.00000", "2009-12-31": 813, "2009-09-30": 161, "2009-06-30": -118, "2009-03-31": "327.00000", "2008-12-31": 254, "2008-09-30": -65, "2008-06-30": 94, "2008-03-31": "96.00000", "2007-12-31": -76.093, "2007-09-30": 301.494, "2007-06-30": 6.506, "2007-03-31": "", "2006-12-31": 43.854, "2006-09-30": -65.598, "2006-06-30": -103.673, "2006-03-31": "", "2005-12-31": 10.336, "2005-09-30": -39.793, "2005-06-30": -54.475, "2005-03-31": ""}, "Net Change In Property, Plant, And Equipment": {"2020-12-31": -22, "2020-09-30": -24, "2020-06-30": -13, "2020-03-31": "-19.00000", "2019-12-31": -37, "2019-09-30": -34, "2019-06-30": -27, "2019-03-31": "-18.00000", "2018-12-31": -34, "2018-09-30": -36, "2018-06-30": -30, "2018-03-31": "-31.00000", "2017-12-31": -69, "2017-09-30": -34, "2017-06-30": -31, "2017-03-31": "-21.00000", "2016-12-31": -37, "2016-09-30": -28, "2016-06-30": -44, "2016-03-31": "-27.00000", "2015-12-31": -16, "2015-09-30": -46, "2015-06-30": -28, "2015-03-31": "-21.00000", "2014-12-31": -17, "2014-09-30": -28, "2014-06-30": -25, "2014-03-31": "-37.00000", "2013-12-31": -16, "2013-09-30": -22, "2013-06-30": -19, "2013-03-31": "-17.00000", "2012-12-31": -27, "2012-09-30": -20, "2012-06-30": -17, "2012-03-31": "-9.00000", "2011-12-31": -25, "2011-09-30": -29, "2011-06-30": -14, "2011-03-31": "-4.00000", "2010-12-31": -21, "2010-09-30": -37, "2010-06-30": -27, "2010-03-31": "-12.00000", "2009-12-31": -28, "2009-09-30": -17, "2009-06-30": -14, "2009-03-31": "-10.00000", "2008-12-31": -22, "2008-09-30": -8, "2008-06-30": -10, "2008-03-31": "-6.00000", "2007-12-31": 23.601, "2007-09-30": -38.652, "2007-06-30": -7.348, "2007-03-31": "", "2006-12-31": -5.566, "2006-09-30": -4.909, "2006-06-30": -2.631, "2006-03-31": "", "2005-12-31": -7.451, "2005-09-30": -7.492, "2005-06-30": -5.231, "2005-03-31": ""}, "Net Change In Intangible Assets": {"2020-12-31": 0, "2020-09-30": 0, "2020-06-30": 0, "2020-03-31": "", "2019-12-31": 0, "2019-09-30": 0, "2019-06-30": 0, "2019-03-31": "", "2018-12-31": 0, "2018-09-30": 0, "2018-06-30": 0, "2018-03-31": "", "2017-12-31": 0, "2017-09-30": 0, "2017-06-30": 0, "2017-03-31": "", "2016-12-31": 0, "2016-09-30": 0, "2016-06-30": 0, "2016-03-31": "", "2015-12-31": 0, "2015-09-30": 0, "2015-06-30": 0, "2015-03-31": "", "2014-12-31": 0, "2014-09-30": 0, "2014-06-30": 0, "2014-03-31": "", "2013-12-31": 0, "2013-09-30": 0, "2013-06-30": 0, "2013-03-31": "", "2012-12-31": 0, "2012-09-30": 0, "2012-06-30": 0, "2012-03-31": "", "2011-12-31": 0, "2011-09-30": 0, "2011-06-30": 0, "2011-03-31": "", "2010-12-31": 0, "2010-09-30": 0, "2010-06-30": 0, "2010-03-31": "", "2009-12-31": 0, "2009-09-30": 0, "2009-06-30": 0, "2009-03-31": "", "2008-12-31": 0, "2008-09-30": 0, "2008-06-30": 0, "2008-03-31": "", "2007-12-31": 0, "2007-09-30": 0, "2007-06-30": 0, "2007-03-31": "", "2006-12-31": 0, "2006-09-30": 0, "2006-06-30": 0, "2006-03-31": "", "2005-12-31": 0, "2005-09-30": 0, "2005-06-30": 0, "2005-03-31": ""}, "Net Acquisitions/Divestitures": {"2020-12-31": 0, "2020-09-30": 0, "2020-06-30": 0, "2020-03-31": "", "2019-12-31": 0, "2019-09-30": 0, "2019-06-30": 0, "2019-03-31": "", "2018-12-31": 0, "2018-09-30": 0, "2018-06-30": 0, "2018-03-31": "", "2017-12-31": 0, "2017-09-30": 0, "2017-06-30": 0, "2017-03-31": "", "2016-12-31": 2, "2016-09-30": 0, "2016-06-30": 0, "2016-03-31": "-4588.00000", "2015-12-31": -46, "2015-09-30": 0, "2015-06-30": 0, "2015-03-31": "", "2014-12-31": 0, "2014-09-30": 0, "2014-06-30": 0, "2014-03-31": "", "2013-12-31": 0, "2013-09-30": 0, "2013-06-30": 0, "2013-03-31": "", "2012-12-31": 0, "2012-09-30": 0, "2012-06-30": 0, "2012-03-31": "", "2011-12-31": 0, "2011-09-30": 0, "2011-06-30": 0, "2011-03-31": "", "2010-12-31": 0, "2010-09-30": 0, "2010-06-30": 0, "2010-03-31": "", "2009-12-31": 0, "2009-09-30": 0, "2009-06-30": 0, "2009-03-31": "", "2008-12-31": -17, "2008-09-30": 1142, "2008-06-30": -1, "2008-03-31": "-4.00000", "2007-12-31": -68.875, "2007-09-30": 3.659, "2007-06-30": -3.659, "2007-03-31": "", "2006-12-31": 0, "2006-09-30": -0.045, "2006-06-30": -30.5, "2006-03-31": "", "2005-12-31": -0.148, "2005-09-30": -0.008, "2005-06-30": -6.925, "2005-03-31": ""}, "Net Change In Short-term Investments": {"2020-12-31": 0, "2020-09-30": 0, "2020-06-30": 0, "2020-03-31": "", "2019-12-31": 0, "2019-09-30": 0, "2019-06-30": -13, "2019-03-31": "13.00000", "2018-12-31": 0, "2018-09-30": 0, "2018-06-30": 0, "2018-03-31": "", "2017-12-31": 0, "2017-09-30": 0, "2017-06-30": 0, "2017-03-31": "", "2016-12-31": 0, "2016-09-30": 0, "2016-06-30": 0, "2016-03-31": "", "2015-12-31": 0, "2015-09-30": 0, "2015-06-30": 0, "2015-03-31": "", "2014-12-31": 0, "2014-09-30": 0, "2014-06-30": -21, "2014-03-31": "21.00000", "2013-12-31": 26, "2013-09-30": -26, "2013-06-30": 0, "2013-03-31": "", "2012-12-31": 382, "2012-09-30": -80, "2012-06-30": -115, "2012-03-31": "-187.00000", "2011-12-31": 648, "2011-09-30": -25, "2011-06-30": -139, "2011-03-31": "-161.00000", "2010-12-31": -119, "2010-09-30": -293, "2010-06-30": -201, "2010-03-31": "-187.00000", "2009-12-31": -197, "2009-09-30": -228, "2009-06-30": 0, "2009-03-31": "", "2008-12-31": 0, "2008-09-30": 0, "2008-06-30": 0, "2008-03-31": "", "2007-12-31": 35.859, "2007-09-30": 187.495, "2007-06-30": -187.495, "2007-03-31": "", "2006-12-31": 111.903, "2006-09-30": 16.203, "2006-06-30": 17.512, "2006-03-31": "", "2005-12-31": 39.148, "2005-09-30": 7.058, "2005-06-30": -6.864, "2005-03-31": ""}, "Net Change In Long-Term Investments": {"2020-12-31": 22, "2020-09-30": -66, "2020-06-30": -47, "2020-03-31": "-9.00000", "2019-12-31": -65, "2019-09-30": 78, "2019-06-30": 75, "2019-03-31": "", "2018-12-31": -34, "2018-09-30": 0, "2018-06-30": -39, "2018-03-31": "-20.00000", "2017-12-31": 25, "2017-09-30": -80, "2017-06-30": 0, "2017-03-31": "", "2016-12-31": 0, "2016-09-30": 0, "2016-06-30": 0, "2016-03-31": "", "2015-12-31": 129, "2015-09-30": -29, "2015-06-30": -100, "2015-03-31": "", "2014-12-31": 0, "2014-09-30": 0, "2014-06-30": 21, "2014-03-31": "", "2013-12-31": 21, "2013-09-30": 152, "2013-06-30": 116, "2013-03-31": "87.00000", "2012-12-31": -354, "2012-09-30": 52, "2012-06-30": 138, "2012-03-31": "115.00000", "2011-12-31": -593, "2011-09-30": 229, "2011-06-30": 220, "2011-03-31": "154.00000", "2010-12-31": 107, "2010-09-30": 285, "2010-06-30": 171, "2010-03-31": "17.00000", "2009-12-31": 35, "2009-09-30": 6, "2009-06-30": 2, "2009-03-31": "3.00000", "2008-12-31": 0, "2008-09-30": 0, "2008-06-30": 0, "2008-03-31": "", "2007-12-31": 0, "2007-09-30": -145.864, "2007-06-30": 145.864, "2007-03-31": "", "2006-12-31": 0, "2006-09-30": 0, "2006-06-30": 0, "2006-03-31": "", "2005-12-31": 0, "2005-09-30": 0, "2005-06-30": 0, "2005-03-31": ""}, "Net Change In Investments - Total": {"2020-12-31": 22, "2020-09-30": -66, "2020-06-30": -47, "2020-03-31": "-9.00000", "2019-12-31": -65, "2019-09-30": 78, "2019-06-30": 62, "2019-03-31": "13.00000", "2018-12-31": -34, "2018-09-30": 0, "2018-06-30": -39, "2018-03-31": "-20.00000", "2017-12-31": 25, "2017-09-30": -80, "2017-06-30": 0, "2017-03-31": "", "2016-12-31": 0, "2016-09-30": 0, "2016-06-30": 0, "2016-03-31": "", "2015-12-31": 129, "2015-09-30": -29, "2015-06-30": -100, "2015-03-31": "", "2014-12-31": 0, "2014-09-30": 0, "2014-06-30": 0, "2014-03-31": "21.00000", "2013-12-31": 47, "2013-09-30": 126, "2013-06-30": 116, "2013-03-31": "87.00000", "2012-12-31": 28, "2012-09-30": -28, "2012-06-30": 23, "2012-03-31": "-72.00000", "2011-12-31": 55, "2011-09-30": 204, "2011-06-30": 81, "2011-03-31": "-7.00000", "2010-12-31": -12, "2010-09-30": -8, "2010-06-30": -30, "2010-03-31": "-170.00000", "2009-12-31": -162, "2009-09-30": -222, "2009-06-30": 2, "2009-03-31": "3.00000", "2008-12-31": 0, "2008-09-30": 0, "2008-06-30": 0, "2008-03-31": "", "2007-12-31": 35.859, "2007-09-30": 41.631, "2007-06-30": -41.631, "2007-03-31": "", "2006-12-31": 111.903, "2006-09-30": 16.203, "2006-06-30": 17.512, "2006-03-31": "", "2005-12-31": 39.148, "2005-09-30": 7.058, "2005-06-30": -6.864, "2005-03-31": ""}, "Investing Activities - Other": {"2020-12-31": 0, "2020-09-30": 0, "2020-06-30": 0, "2020-03-31": "", "2019-12-31": 1, "2019-09-30": -2, "2019-06-30": 7, "2019-03-31": "", "2018-12-31": -2, "2018-09-30": 0, "2018-06-30": -4, "2018-03-31": "", "2017-12-31": 0, "2017-09-30": -1, "2017-06-30": 10, "2017-03-31": "-6.00000", "2016-12-31": -3544, "2016-09-30": -9, "2016-06-30": -1, "2016-03-31": "3547.00000", "2015-12-31": -3544, "2015-09-30": -20, "2015-06-30": 0, "2015-03-31": "5.00000", "2014-12-31": 13, "2014-09-30": -18, "2014-06-30": 3, "2014-03-31": "4.00000", "2013-12-31": 86, "2013-09-30": -89, "2013-06-30": -1, "2013-03-31": "10.00000", "2012-12-31": 20, "2012-09-30": -23, "2012-06-30": -3, "2012-03-31": "4.00000", "2011-12-31": 26, "2011-09-30": -28, "2011-06-30": 10, "2011-03-31": "-3.00000", "2010-12-31": 44, "2010-09-30": -51, "2010-06-30": 14, "2010-03-31": "-2.00000", "2009-12-31": 45, "2009-09-30": -35, "2009-06-30": -5, "2009-03-31": "", "2008-12-31": 62, "2008-09-30": -37, "2008-06-30": 0, "2008-03-31": "2.00000", "2007-12-31": -5.135, "2007-09-30": 9.413, "2007-06-30": -8.413, "2007-03-31": "", "2006-12-31": 12.5, "2006-09-30": -12.5, "2006-06-30": 0, "2006-03-31": "", "2005-12-31": 12.5, "2005-09-30": -12.5, "2005-06-30": -7.5, "2005-03-31": ""}, "Cash Flow From Investing Activities": {"2020-12-31": 0, "2020-09-30": -90, "2020-06-30": -60, "2020-03-31": "-28.00000", "2019-12-31": -101, "2019-09-30": 42, "2019-06-30": 42, "2019-03-31": "-5.00000", "2018-12-31": -70, "2018-09-30": -36, "2018-06-30": -73, "2018-03-31": "-51.00000", "2017-12-31": -44, "2017-09-30": -115, "2017-06-30": -21, "2017-03-31": "-27.00000", "2016-12-31": -3579, "2016-09-30": -37, "2016-06-30": -45, "2016-03-31": "-1068.00000", "2015-12-31": -3477, "2015-09-30": -95, "2015-06-30": -128, "2015-03-31": "-16.00000", "2014-12-31": -4, "2014-09-30": -46, "2014-06-30": -22, "2014-03-31": "-12.00000", "2013-12-31": 117, "2013-09-30": 15, "2013-06-30": 96, "2013-03-31": "80.00000", "2012-12-31": 21, "2012-09-30": -71, "2012-06-30": 3, "2012-03-31": "-77.00000", "2011-12-31": 56, "2011-09-30": 147, "2011-06-30": 77, "2011-03-31": "-14.00000", "2010-12-31": 11, "2010-09-30": -96, "2010-06-30": -43, "2010-03-31": "-184.00000", "2009-12-31": -145, "2009-09-30": -274, "2009-06-30": -17, "2009-03-31": "-7.00000", "2008-12-31": 23, "2008-09-30": 1097, "2008-06-30": -11, "2008-03-31": "-8.00000", "2007-12-31": -14.55, "2007-09-30": 16.051, "2007-06-30": -61.051, "2007-03-31": "", "2006-12-31": 118.837, "2006-09-30": -1.251, "2006-06-30": -15.619, "2006-03-31": "", "2005-12-31": 44.049, "2005-09-30": -12.942, "2005-06-30": -26.52, "2005-03-31": ""}, "Net Long-Term Debt": {"2020-12-31": 28, "2020-09-30": 916, "2020-06-30": 0, "2020-03-31": "", "2019-12-31": 0, "2019-09-30": 0, "2019-06-30": 0, "2019-03-31": "", "2018-12-31": 0, "2018-09-30": -1740, "2018-06-30": 0, "2018-03-31": "", "2017-12-31": 0, "2017-09-30": 0, "2017-06-30": -10, "2017-03-31": "-500.00000", "2016-12-31": -1500, "2016-09-30": 1320, "2016-06-30": -816, "2016-03-31": "1770.00000", "2015-12-31": 0, "2015-09-30": 0, "2015-06-30": 0, "2015-03-31": "-250.00000", "2014-12-31": 0, "2014-09-30": 0, "2014-06-30": 0, "2014-03-31": "-375.00000", "2013-12-31": 4744, "2013-09-30": 0, "2013-06-30": 0, "2013-03-31": "", "2012-12-31": 0, "2012-09-30": 0, "2012-06-30": 0, "2012-03-31": "", "2011-12-31": 0, "2011-09-30": 0, "2011-06-30": 0, "2011-03-31": "", "2010-12-31": 0, "2010-09-30": 0, "2010-06-30": 0, "2010-03-31": "", "2009-12-31": 0, "2009-09-30": 0, "2009-06-30": 0, "2009-03-31": "", "2008-12-31": 0, "2008-09-30": 0, "2008-06-30": 0, "2008-03-31": "", "2007-12-31": 0, "2007-09-30": 0, "2007-06-30": 0, "2007-03-31": "", "2006-12-31": 0, "2006-09-30": 0, "2006-06-30": 0, "2006-03-31": "", "2005-12-31": 0, "2005-09-30": 0, "2005-06-30": 0, "2005-03-31": ""}, "Net Current Debt": {"2020-12-31": 0, "2020-09-30": 0, "2020-06-30": 0, "2020-03-31": "", "2019-12-31": 0, "2019-09-30": 0, "2019-06-30": 0, "2019-03-31": "", "2018-12-31": 0, "2018-09-30": 0, "2018-06-30": 0, "2018-03-31": "", "2017-12-31": 0, "2017-09-30": 0, "2017-06-30": 0, "2017-03-31": "", "2016-12-31": 0, "2016-09-30": 0, "2016-06-30": 0, "2016-03-31": "", "2015-12-31": 0, "2015-09-30": 0, "2015-06-30": 0, "2015-03-31": "", "2014-12-31": 0, "2014-09-30": 0, "2014-06-30": 0, "2014-03-31": "", "2013-12-31": 0, "2013-09-30": 0, "2013-06-30": 0, "2013-03-31": "", "2012-12-31": 0, "2012-09-30": 0, "2012-06-30": 0, "2012-03-31": "", "2011-12-31": 0, "2011-09-30": 0, "2011-06-30": 0, "2011-03-31": "", "2010-12-31": 0, "2010-09-30": 0, "2010-06-30": 0, "2010-03-31": "", "2009-12-31": 0, "2009-09-30": 0, "2009-06-30": 0, "2009-03-31": "", "2008-12-31": 0, "2008-09-30": 0, "2008-06-30": 0, "2008-03-31": "", "2007-12-31": 0, "2007-09-30": 0, "2007-06-30": 0, "2007-03-31": "", "2006-12-31": 0, "2006-09-30": 0, "2006-06-30": 0, "2006-03-31": "", "2005-12-31": 0, "2005-09-30": 0, "2005-06-30": 0, "2005-03-31": ""}, "Debt Issuance/Retirement Net - Total": {"2020-12-31": 28, "2020-09-30": 916, "2020-06-30": 0, "2020-03-31": "", "2019-12-31": 0, "2019-09-30": 0, "2019-06-30": 0, "2019-03-31": "", "2018-12-31": 0, "2018-09-30": -1740, "2018-06-30": 0, "2018-03-31": "", "2017-12-31": 0, "2017-09-30": 0, "2017-06-30": -10, "2017-03-31": "-500.00000", "2016-12-31": -1500, "2016-09-30": 1320, "2016-06-30": -816, "2016-03-31": "1770.00000", "2015-12-31": 0, "2015-09-30": 0, "2015-06-30": 0, "2015-03-31": "-250.00000", "2014-12-31": 0, "2014-09-30": 0, "2014-06-30": 0, "2014-03-31": "-375.00000", "2013-12-31": 4744, "2013-09-30": 0, "2013-06-30": 0, "2013-03-31": "", "2012-12-31": 0, "2012-09-30": 0, "2012-06-30": 0, "2012-03-31": "", "2011-12-31": 0, "2011-09-30": 0, "2011-06-30": 0, "2011-03-31": "", "2010-12-31": 0, "2010-09-30": 0, "2010-06-30": 0, "2010-03-31": "", "2009-12-31": 0, "2009-09-30": 0, "2009-06-30": 0, "2009-03-31": "", "2008-12-31": 0, "2008-09-30": 0, "2008-06-30": 0, "2008-03-31": "", "2007-12-31": 0, "2007-09-30": 0, "2007-06-30": 0, "2007-03-31": "", "2006-12-31": 0, "2006-09-30": 0, "2006-06-30": 0, "2006-03-31": "", "2005-12-31": 0, "2005-09-30": 0, "2005-06-30": 0, "2005-03-31": ""}, "Net Common Equity Issued/Repurchased": {"2020-12-31": 56, "2020-09-30": 45, "2020-06-30": 43, "2020-03-31": "26.00000", "2019-12-31": 18, "2019-09-30": 30, "2019-06-30": 27, "2019-03-31": "30.00000", "2018-12-31": 8, "2018-09-30": 14, "2018-06-30": 30, "2018-03-31": "47.00000", "2017-12-31": 28, "2017-09-30": 20, "2017-06-30": 21, "2017-03-31": "109.00000", "2016-12-31": 20, "2016-09-30": 26, "2016-06-30": 36, "2016-03-31": "24.00000", "2015-12-31": 24, "2015-09-30": 21, "2015-06-30": 34, "2015-03-31": "27.00000", "2014-12-31": 15, "2014-09-30": 23, "2014-06-30": 18, "2014-03-31": "119.00000", "2013-12-31": -5764, "2013-09-30": 41, "2013-06-30": 18, "2013-03-31": "33.00000", "2012-12-31": 3, "2012-09-30": 7, "2012-06-30": -46, "2012-03-31": "-246.00000", "2011-12-31": -138, "2011-09-30": -10, "2011-06-30": -137, "2011-03-31": "-338.00000", "2010-12-31": -319, "2010-09-30": -240, "2010-06-30": -228, "2010-03-31": "-91.00000", "2009-12-31": -257, "2009-09-30": -274, "2009-06-30": -191, "2009-03-31": "-306.00000", "2008-12-31": -123, "2008-09-30": 1748, "2008-06-30": 0, "2008-03-31": "", "2007-12-31": 38.964, "2007-09-30": -11.182, "2007-06-30": 11.182, "2007-03-31": "", "2006-12-31": 7.034, "2006-09-30": 7.085, "2006-06-30": 4.837, "2006-03-31": "", "2005-12-31": 10.486, "2005-09-30": 14.195, "2005-06-30": 13.169, "2005-03-31": ""}, "Net Total Equity Issued/Repurchased": {"2020-12-31": 56, "2020-09-30": 45, "2020-06-30": 43, "2020-03-31": "26.00000", "2019-12-31": 18, "2019-09-30": 30, "2019-06-30": 27, "2019-03-31": "30.00000", "2018-12-31": 8, "2018-09-30": 14, "2018-06-30": 30, "2018-03-31": "47.00000", "2017-12-31": 28, "2017-09-30": 20, "2017-06-30": 21, "2017-03-31": "109.00000", "2016-12-31": 20, "2016-09-30": 26, "2016-06-30": 36, "2016-03-31": "24.00000", "2015-12-31": 24, "2015-09-30": 21, "2015-06-30": 34, "2015-03-31": "27.00000", "2014-12-31": 15, "2014-09-30": 23, "2014-06-30": 18, "2014-03-31": "119.00000", "2013-12-31": -5764, "2013-09-30": 41, "2013-06-30": 18, "2013-03-31": "33.00000", "2012-12-31": 3, "2012-09-30": 7, "2012-06-30": -46, "2012-03-31": "-246.00000", "2011-12-31": -138, "2011-09-30": -10, "2011-06-30": -137, "2011-03-31": "-338.00000", "2010-12-31": -319, "2010-09-30": -240, "2010-06-30": -228, "2010-03-31": "-91.00000", "2009-12-31": -257, "2009-09-30": -274, "2009-06-30": -191, "2009-03-31": "-306.00000", "2008-12-31": -123, "2008-09-30": 1748, "2008-06-30": 0, "2008-03-31": "", "2007-12-31": 38.964, "2007-09-30": -11.182, "2007-06-30": 11.182, "2007-03-31": "", "2006-12-31": 7.034, "2006-09-30": 7.085, "2006-06-30": 4.837, "2006-03-31": "", "2005-12-31": 10.486, "2005-09-30": 14.195, "2005-06-30": 13.169, "2005-03-31": ""}, "Total Common And Preferred Stock Dividends Paid": {"2020-12-31": 0, "2020-09-30": 0, "2020-06-30": -316, "2020-03-31": "", "2019-12-31": 0, "2019-09-30": 0, "2019-06-30": -283, "2019-03-31": "", "2018-12-31": 0, "2018-09-30": 0, "2018-06-30": -259, "2018-03-31": "", "2017-12-31": 0, "2017-09-30": 0, "2017-06-30": -226, "2017-03-31": "", "2016-12-31": 0, "2016-09-30": 0, "2016-06-30": -195, "2016-03-31": "", "2015-12-31": 0, "2015-09-30": 0, "2015-06-30": -170, "2015-03-31": "", "2014-12-31": 0, "2014-09-30": 0, "2014-06-30": -147, "2014-03-31": "", "2013-12-31": 0, "2013-09-30": 0, "2013-06-30": -216, "2013-03-31": "", "2012-12-31": 0, "2012-09-30": 0, "2012-06-30": -204, "2012-03-31": "", "2011-12-31": 0, "2011-09-30": -2, "2011-06-30": -192, "2011-03-31": "", "2010-12-31": -2, "2010-09-30": 0, "2010-06-30": -187, "2010-03-31": "", "2009-12-31": 0, "2009-09-30": 0, "2009-06-30": 0, "2009-03-31": "", "2008-12-31": 0, "2008-09-30": 0, "2008-06-30": 0, "2008-03-31": "", "2007-12-31": 0, "2007-09-30": 0, "2007-06-30": 0, "2007-03-31": "", "2006-12-31": 0, "2006-09-30": 0, "2006-06-30": 0, "2006-03-31": "", "2005-12-31": 0, "2005-09-30": 0, "2005-06-30": 0, "2005-03-31": ""}, "Financial Activities - Other": {"2020-12-31": -26, "2020-09-30": -27, "2020-06-30": -15, "2020-03-31": "-19.00000", "2019-12-31": -4, "2019-09-30": -7, "2019-06-30": -42, "2019-03-31": "-6.00000", "2018-12-31": -8, "2018-09-30": -44, "2018-06-30": -29, "2018-03-31": "-39.00000", "2017-12-31": -12, "2017-09-30": -8, "2017-06-30": -33, "2017-03-31": "-13.00000", "2016-12-31": -103, "2016-09-30": -9, "2016-06-30": -58, "2016-03-31": "-15.00000", "2015-12-31": -54, "2015-09-30": 167, "2015-06-30": -12, "2015-03-31": "11.00000", "2014-12-31": -54, "2014-09-30": -1, "2014-06-30": -15, "2014-03-31": "4.00000", "2013-12-31": -74, "2013-09-30": 6, "2013-06-30": -1, "2013-03-31": "-10.00000", "2012-12-31": -10, "2012-09-30": -1, "2012-06-30": 0, "2012-03-31": "", "2011-12-31": -12, "2011-09-30": 17, "2011-06-30": 3, "2011-03-31": "1.00000", "2010-12-31": 3, "2010-09-30": 5, "2010-06-30": 2, "2010-03-31": "4.00000", "2009-12-31": 11, "2009-09-30": 12, "2009-06-30": 39, "2009-03-31": "17.00000", "2008-12-31": 4, "2008-09-30": 31, "2008-06-30": -65, "2008-03-31": "-107.00000", "2007-12-31": 344.548, "2007-09-30": -294.37, "2007-06-30": 0.37, "2007-03-31": "", "2006-12-31": 4.607, "2006-09-30": 2.4, "2006-06-30": 2.005, "2006-03-31": "", "2005-12-31": 0, "2005-09-30": 0, "2005-06-30": 0, "2005-03-31": ""}, "Cash Flow From Financial Activities": {"2020-12-31": 58, "2020-09-30": 934, "2020-06-30": -288, "2020-03-31": "7.00000", "2019-12-31": 14, "2019-09-30": 23, "2019-06-30": -298, "2019-03-31": "24.00000", "2018-12-31": 0, "2018-09-30": -1770, "2018-06-30": -258, "2018-03-31": "8.00000", "2017-12-31": 16, "2017-09-30": 12, "2017-06-30": -248, "2017-03-31": "-404.00000", "2016-12-31": -1583, "2016-09-30": 1337, "2016-06-30": -1033, "2016-03-31": "1779.00000", "2015-12-31": -30, "2015-09-30": 188, "2015-06-30": -148, "2015-03-31": "-212.00000", "2014-12-31": -39, "2014-09-30": 22, "2014-06-30": -144, "2014-03-31": "-252.00000", "2013-12-31": -1094, "2013-09-30": 47, "2013-06-30": -199, "2013-03-31": "23.00000", "2012-12-31": -7, "2012-09-30": 6, "2012-06-30": -250, "2012-03-31": "-246.00000", "2011-12-31": -150, "2011-09-30": 5, "2011-06-30": -326, "2011-03-31": "-337.00000", "2010-12-31": -318, "2010-09-30": -235, "2010-06-30": -413, "2010-03-31": "-87.00000", "2009-12-31": -246, "2009-09-30": -262, "2009-06-30": -152, "2009-03-31": "-289.00000", "2008-12-31": -119, "2008-09-30": 1779, "2008-06-30": -65, "2008-03-31": "-107.00000", "2007-12-31": 383.512, "2007-09-30": -305.552, "2007-06-30": 11.552, "2007-03-31": "", "2006-12-31": 11.641, "2006-09-30": 9.485, "2006-06-30": 6.842, "2006-03-31": "", "2005-12-31": 10.486, "2005-09-30": 14.195, "2005-06-30": 13.169, "2005-03-31": ""}, "Net Cash Flow": {"2020-12-31": 1235, "2020-09-30": 1077, "2020-06-30": 430, "2020-03-31": "112.00000", "2019-12-31": 852, "2019-09-30": 347, "2019-06-30": -101, "2019-03-31": "471.00000", "2018-12-31": 913, "2018-09-30": -1549, "2018-06-30": -359, "2018-03-31": "504.00000", "2017-12-31": 1134, "2017-09-30": 298, "2017-06-30": 27, "2017-03-31": "-1.00000", "2016-12-31": -4336, "2016-09-30": 1758, "2016-06-30": -601, "2016-03-31": "1049.00000", "2015-12-31": -2542, "2015-09-30": -51, "2015-06-30": -49, "2015-03-31": "-383.00000", "2014-12-31": 1043, "2014-09-30": -394, "2014-06-30": -80, "2014-03-31": "-131.00000", "2013-12-31": -34, "2013-09-30": 103, "2013-06-30": 42, "2013-03-31": "340.00000", "2012-12-31": 1050, "2012-09-30": 123, "2012-06-30": -263, "2012-03-31": "-116.00000", "2011-12-31": 696, "2011-09-30": 135, "2011-06-30": -324, "2011-03-31": "-154.00000", "2010-12-31": 689, "2010-09-30": -91, "2010-06-30": -481, "2010-03-31": "-73.00000", "2009-12-31": 408, "2009-09-30": -368, "2009-06-30": -260, "2009-03-31": "30.00000", "2008-12-31": 116, "2008-09-30": 2783, "2008-06-30": 12, "2008-03-31": "-15.00000", "2007-12-31": 292.25, "2007-09-30": 12.428, "2007-06-30": -40.428, "2007-03-31": "", "2006-12-31": 178.189, "2006-09-30": -55.302, "2006-06-30": -109.308, "2006-03-31": "", "2005-12-31": 63.984, "2005-09-30": -39.256, "2005-06-30": -71.267, "2005-03-31": ""}, "Stock-Based Compensation": {"2020-12-31": 80, "2020-09-30": 53, "2020-06-30": 42, "2020-03-31": "43.00000", "2019-12-31": 39, "2019-09-30": 27, "2019-06-30": 37, "2019-03-31": "63.00000", "2018-12-31": 45, "2018-09-30": 54, "2018-06-30": 56, "2018-03-31": "54.00000", "2017-12-31": 58, "2017-09-30": 47, "2017-06-30": 38, "2017-03-31": "33.00000", "2016-12-31": 40, "2016-09-30": 32, "2016-06-30": 41, "2016-03-31": "34.00000", "2015-12-31": 21, "2015-09-30": 28, "2015-06-30": 20, "2015-03-31": "23.00000", "2014-12-31": 59, "2014-09-30": -7, "2014-06-30": 23, "2014-03-31": "29.00000", "2013-12-31": 108, "2013-09-30": -50, "2013-06-30": 23, "2013-03-31": "27.00000", "2012-12-31": 43, "2012-09-30": 34, "2012-06-30": 28, "2012-03-31": "21.00000", "2011-12-31": 42, "2011-09-30": 18, "2011-06-30": 20, "2011-03-31": "23.00000", "2010-12-31": 37, "2010-09-30": 33, "2010-06-30": 17, "2010-03-31": "44.00000", "2009-12-31": 47, "2009-09-30": 36, "2009-06-30": 43, "2009-03-31": "30.00000", "2008-12-31": 42, "2008-09-30": 27, "2008-06-30": 12, "2008-03-31": "8.00000", "2007-12-31": -41.067, "2007-09-30": 68.84, "2007-06-30": 8.16, "2007-03-31": "", "2006-12-31": 7.693, "2006-09-30": 4.891, "2006-06-30": 5.849, "2006-03-31": "", "2005-12-31": 0.322, "2005-09-30": 2.167, "2005-06-30": 0.017, "2005-03-31": ""}, "Common Stock Dividends Paid": {"2020-12-31": 0, "2020-09-30": 0, "2020-06-30": -316, "2020-03-31": "", "2019-12-31": 0, "2019-09-30": 0, "2019-06-30": -283, "2019-03-31": "", "2018-12-31": 0, "2018-09-30": 0, "2018-06-30": -259, "2018-03-31": "", "2017-12-31": 0, "2017-09-30": 0, "2017-06-30": -226, "2017-03-31": "", "2016-12-31": 0, "2016-09-30": 0, "2016-06-30": -195, "2016-03-31": "", "2015-12-31": 0, "2015-09-30": 0, "2015-06-30": -170, "2015-03-31": "", "2014-12-31": 0, "2014-09-30": 0, "2014-06-30": -147, "2014-03-31": "", "2013-12-31": 0, "2013-09-30": 0, "2013-06-30": -216, "2013-03-31": "", "2012-12-31": 0, "2012-09-30": 0, "2012-06-30": -204, "2012-03-31": "", "2011-12-31": 0, "2011-09-30": -2, "2011-06-30": -192, "2011-03-31": "", "2010-12-31": -2, "2010-09-30": 0, "2010-06-30": -187, "2010-03-31": "", "2009-12-31": 0, "2009-09-30": 0, "2009-06-30": 0, "2009-03-31": "", "2008-12-31": 0, "2008-09-30": 0, "2008-06-30": 0, "2008-03-31": "", "2007-12-31": 0, "2007-09-30": 0, "2007-06-30": 0, "2007-03-31": "", "2006-12-31": 0, "2006-09-30": 0, "2006-06-30": 0, "2006-03-31": "", "2005-12-31": 0, "2005-09-30": 0, "2005-06-30": 0, "2005-03-31": ""}}, "financial ratios": {"Current Ratio": {"2019-12-31": "2.50150", "2018-12-31": "2.31110", "2017-12-31": "1.78000", "2016-12-31": "1.81850", "2015-12-31": "1.29720", "2014-12-31": "2.41010", "2013-12-31": "2.59500", "2012-12-31": "2.36580", "2011-12-31": "2.10490", "2010-12-31": "1.83510", "2009-12-31": "2.12560", "2008-12-31": "2.52350", "2007-12-31": "0.75380", "2007-03-31": "4.10720", "2006-12-31": "", "2006-03-31": "5.75710", "2005-03-31": "5.42120"}, "Long-term Debt / Capital": {"2019-12-31": "0.17280", "2018-12-31": "0.18990", "2017-12-31": "0.31690", "2016-12-31": "0.34890", "2015-12-31": "0.33550", "2014-12-31": "0.37410", "2013-12-31": "0.41350", "2012-12-31": "", "2011-12-31": "", "2010-12-31": "", "2009-12-31": "", "2008-12-31": "", "2007-12-31": "", "2007-03-31": "", "2006-12-31": "", "2006-03-31": "", "2005-03-31": ""}, "Debt/Equity Ratio": {"2019-12-31": "0.20890", "2018-12-31": "0.23450", "2017-12-31": "0.46400", "2016-12-31": "0.53590", "2015-12-31": "0.50500", "2014-12-31": "0.59780", "2013-12-31": "0.70870", "2012-12-31": "", "2011-12-31": "", "2010-12-31": "", "2009-12-31": "", "2008-12-31": "", "2007-12-31": "", "2007-03-31": "", "2006-12-31": "", "2006-03-31": "", "2005-03-31": ""}, "Gross Margin": {"2019-12-31": "67.73000", "2018-12-31": "66.44000", "2017-12-31": "64.35800", "2016-12-31": "63.77120", "2015-12-31": "66.01630", "2014-12-31": "65.40380", "2013-12-31": "66.59390", "2012-12-31": "65.77430", "2011-12-31": "62.73400", "2010-12-31": "51.99010", "2009-12-31": "46.08550", "2008-12-31": "39.22670", "2007-12-31": "67.67980", "2007-03-31": "35.35640", "2006-12-31": "63.94890", "2006-03-31": "35.94260", "2005-03-31": "39.89820"}, "Operating Margin": {"2019-12-31": "24.76500", "2018-12-31": "26.50670", "2017-12-31": "18.65470", "2016-12-31": "21.36800", "2015-12-31": "28.28050", "2014-12-31": "26.83760", "2013-12-31": "29.93670", "2012-12-31": "29.88060", "2011-12-31": "27.92850", "2010-12-31": "10.54640", "2009-12-31": "-0.60760", "2008-12-31": "-7.69990", "2007-12-31": "13.26910", "2007-03-31": "4.83450", "2006-12-31": "11.88610", "2006-03-31": "1.03720", "2005-03-31": "12.77570"}, "EBIT Margin": {"2019-12-31": "24.76500", "2018-12-31": "26.50670", "2017-12-31": "18.65470", "2016-12-31": "21.36800", "2015-12-31": "28.28050", "2014-12-31": "26.83760", "2013-12-31": "29.93670", "2012-12-31": "29.88060", "2011-12-31": "27.92850", "2010-12-31": "10.54640", "2009-12-31": "-0.60760", "2008-12-31": "-7.69990", "2007-12-31": "13.26910", "2007-03-31": "4.83450", "2006-12-31": "11.88610", "2006-03-31": "1.03720", "2005-03-31": "12.77570"}, "EBITDA Margin": {"2019-12-31": "33.28710", "2018-12-31": "39.81330", "2017-12-31": "35.74180", "2016-12-31": "39.08900", "2015-12-31": "39.02230", "2014-12-31": "34.84570", "2013-12-31": "36.83180", "2012-12-31": "36.63510", "2011-12-31": "37.07680", "2010-12-31": "22.17230", "2009-12-31": "14.06870", "2008-12-31": "10.83940", "2007-12-31": "21.94220", "2007-03-31": "14.55900", "2006-12-31": "23.67390", "2006-03-31": "14.07090", "2005-03-31": "23.36490"}, "Pre-Tax Profit Margin": {"2019-12-31": "25.16570", "2018-12-31": "25.02670", "2017-12-31": "16.40300", "2016-12-31": "16.73730", "2015-12-31": "24.03520", "2014-12-31": "22.25500", "2013-12-31": "28.78030", "2012-12-31": "30.02470", "2011-12-31": "27.99160", "2010-12-31": "11.06360", "2009-12-31": "-0.18700", "2008-12-31": "-6.17980", "2007-12-31": "12.97260", "2007-03-31": "7.25870", "2006-12-31": "10.41260", "2006-03-31": "3.12370", "2005-03-31": "13.70690"}, "Net Profit Margin": {"2019-12-31": "23.16230", "2018-12-31": "24.64000", "2017-12-31": "3.89060", "2016-12-31": "14.55810", "2015-12-31": "18.88940", "2014-12-31": "18.53450", "2013-12-31": "21.53610", "2012-12-31": "23.16720", "2011-12-31": "22.48160", "2010-12-31": "9.30960", "2009-12-31": "2.61740", "2008-12-31": "-3.53600", "2007-12-31": "16.82730", "2007-03-31": "5.66990", "2006-12-31": "13.65420", "2006-03-31": "2.74190", "2005-03-31": "9.60670"}, "Asset Turnover": {"2019-12-31": "0.32700", "2018-12-31": "0.41920", "2017-12-31": "0.37590", "2016-12-31": "0.37860", "2015-12-31": "0.30590", "2014-12-31": "0.30110", "2013-12-31": "0.32710", "2012-12-31": "0.34200", "2011-12-31": "0.35810", "2010-12-31": "0.33070", "2009-12-31": "0.31140", "2008-12-31": "0.20920", "2007-12-31": "1.53470", "2007-03-31": "0.84340", "2006-12-31": "", "2006-03-31": "1.03510", "2005-03-31": "1.07570"}, "Inventory Turnover Ratio": {"2019-12-31": "65.43750", "2018-12-31": "58.53490", "2017-12-31": "54.36960", "2016-12-31": "48.85710", "2015-12-31": "12.38280", "2014-12-31": "12.39840", "2013-12-31": "8.95320", "2012-12-31": "7.95220", "2011-12-31": "12.30560", "2010-12-31": "19.06250", "2009-12-31": "9.57260", "2008-12-31": "7.01910", "2007-12-31": "20.76190", "2007-03-31": "10.72080", "2006-12-31": "", "2006-03-31": "15.29470", "2005-03-31": "17.59640"}, "Receiveable Turnover": {"2019-12-31": "7.65210", "2018-12-31": "7.24640", "2017-12-31": "7.64380", "2016-12-31": "9.02730", "2015-12-31": "6.86890", "2014-12-31": "6.68890", "2013-12-31": "8.98630", "2012-12-31": "6.86850", "2011-12-31": "7.32670", "2010-12-31": "6.60770", "2009-12-31": "5.79030", "2008-12-31": "3.10680", "2007-12-31": "12.04460", "2007-03-31": "10.17530", "2006-12-31": "", "2006-03-31": "51.00410", "2005-03-31": "12.88080"}, "Days Sales In Receivables": {"2019-12-31": "47.69920", "2018-12-31": "50.37000", "2017-12-31": "47.75120", "2016-12-31": "40.43280", "2015-12-31": "53.13790", "2014-12-31": "54.56780", "2013-12-31": "40.61750", "2012-12-31": "53.14150", "2011-12-31": "49.81810", "2010-12-31": "55.23840", "2009-12-31": "63.03690", "2008-12-31": "117.48510", "2007-12-31": "30.30390", "2007-03-31": "35.87100", "2006-12-31": "", "2006-03-31": "7.15630", "2005-03-31": "28.33690"}, "ROE - Return On Equity": {"2019-12-31": "11.73760", "2018-12-31": "16.22190", "2017-12-31": "2.88520", "2016-12-31": "10.59330", "2015-12-31": "11.05600", "2014-12-31": "11.54430", "2013-12-31": "15.25220", "2012-12-31": "10.15290", "2011-12-31": "10.34120", "2010-12-31": "4.09680", "2009-12-31": "1.05060", "2008-12-31": "-0.92830", "2007-12-31": "94.58330", "2007-03-31": "6.07760", "2006-12-31": "", "2006-03-31": "3.29220", "2005-03-31": "12.27890"}, "Return On Tangible Equity": {"2019-12-31": "59.88050", "2018-12-31": "206.48050", "2017-12-31": "-19.40300", "2016-12-31": "-38.53210", "2015-12-31": "181.67010", "2014-12-31": "-250.75080", "2013-12-31": "-106.76530", "2012-12-31": "31.22280", "2011-12-31": "38.09690", "2010-12-31": "17.06120", "2009-12-31": "4.47880", "2008-12-31": "-4.14890", "2007-12-31": "-732.25810", "2007-03-31": "7.50100", "2006-12-31": "", "2006-03-31": "3.86990", "2005-03-31": "13.58590"}, "ROA - Return On Assets": {"2019-12-31": "7.57370", "2018-12-31": "10.32980", "2017-12-31": "1.46240", "2016-12-31": "5.53520", "2015-12-31": "5.85070", "2014-12-31": "5.70280", "2013-12-31": "7.20810", "2012-12-31": "8.09160", "2011-12-31": "8.17200", "2010-12-31": "3.10850", "2009-12-31": "0.82230", "2008-12-31": "-0.73970", "2007-12-31": "25.82480", "2007-03-31": "4.78200", "2006-12-31": "", "2006-03-31": "2.83810", "2005-03-31": "10.33370"}, "ROI - Return On Investment": {"2019-12-31": "9.70930", "2018-12-31": "13.14090", "2017-12-31": "1.97080", "2016-12-31": "6.89700", "2015-12-31": "7.34640", "2014-12-31": "7.22510", "2013-12-31": "8.94600", "2012-12-31": "10.15290", "2011-12-31": "10.34120", "2010-12-31": "4.09680", "2009-12-31": "1.05060", "2008-12-31": "-0.92830", "2007-12-31": "94.58330", "2007-03-31": "6.07760", "2006-12-31": "", "2006-03-31": "3.29220", "2005-03-31": "12.27890"}, "Book Value Per Share": {"2019-12-31": "16.65670", "2018-12-31": "14.92240", "2017-12-31": "12.49100", "2016-12-31": "12.23230", "2015-12-31": "10.98430", "2014-12-31": "10.01900", "2013-12-31": "9.41010", "2012-12-31": "10.18080", "2011-12-31": "9.25720", "2010-12-31": "8.62240", "2009-12-31": "8.60180", "2008-12-31": "8.78420", "2007-12-31": "0.40640", "2007-03-31": "2.49110", "2006-12-31": "", "2006-03-31": "2.20670", "2005-03-31": "2.05180"}, "Operating Cash Flow Per Share": {"2019-12-31": 0.0531, "2018-12-31": -0.5673, "2017-12-31": 0.0309, "2016-12-31": 1.1544, "2015-12-31": -0.1296, "2014-12-31": 0.612, "2013-12-31": 0.0183, "2012-12-31": 0.3795, "2011-12-31": -0.2898, "2010-12-31": 0.2109, "2009-12-31": 0.5018, "2008-12-31": -0.3287, "2007-12-31": 0.6848, "2007-03-31": "0.04450", "2006-12-31": 0.2479, "2006-03-31": "0.14630", "2005-03-31": "0.38760"}, "Free Cash Flow Per Share": {"2019-12-31": 0.0726, "2018-12-31": -0.5349, "2017-12-31": 0.009, "2016-12-31": 1.1242, "2015-12-31": -0.1325, "2014-12-31": 0.5362, "2013-12-31": 0.0121, "2012-12-31": 0.3765, "2011-12-31": -0.2736, "2010-12-31": 0.1851, "2009-12-31": 0.4977, "2008-12-31": -0.2622, "2007-12-31": 0.5991, "2007-03-31": "0.01510", "2006-12-31": 0.1372, "2006-03-31": "0.09460", "2005-03-31": "0.36070"}}, "financial ratios, quarterly": {"Current Ratio": {"2020-09-30": "4.11610", "2020-06-30": "3.01880", "2020-03-31": "2.78090", "2019-12-31": "2.50150", "2019-09-30": "3.43350", "2019-06-30": "3.45520", "2019-03-31": "2.63050", "2018-12-31": "2.31110", "2018-09-30": "2.08730", "2018-06-30": "2.97770", "2018-03-31": "2.19000", "2017-12-31": "1.78000", "2017-09-30": "2.25450", "2017-06-30": "2.46570", "2017-03-31": "1.94550", "2016-12-31": "1.81850", "2016-09-30": "1.44120", "2016-06-30": "1.56090", "2016-03-31": "1.72610", "2015-12-31": "1.29720", "2015-09-30": "3.91860", "2015-06-30": "3.91650", "2015-03-31": "3.08740", "2014-12-31": "2.41010", "2014-09-30": "2.82050", "2014-06-30": "3.79350", "2014-03-31": "3.00790", "2013-12-31": "2.59500", "2013-09-30": "5.75790", "2013-06-30": "4.71840", "2013-03-31": "3.05580", "2012-12-31": "2.36580", "2012-09-30": "3.02380", "2012-06-30": "2.91910", "2012-03-31": "2.57380", "2011-12-31": "2.10490", "2011-09-30": "3.19160", "2011-06-30": "3.17340", "2011-03-31": "2.29980", "2010-12-31": "1.83510", "2010-09-30": "2.97770", "2010-06-30": "3.64040", "2010-03-31": "2.90920", "2009-12-31": "2.12560", "2009-09-30": "3.50820", "2009-06-30": "4.13380", "2009-03-31": "3.43230", "2008-12-31": "2.52350", "2008-09-30": "3.81560", "2008-06-30": "3.44750", "2008-03-31": "3.55960", "2007-12-31": "0.75380", "2007-09-30": "3.54900", "2007-06-30": "4.01300", "2007-03-31": "4.10720", "2006-12-31": "3.36250", "2006-09-30": "4.27390", "2006-06-30": "6.58370", "2006-03-31": "", "2005-12-31": "3.44300", "2005-09-30": "6.12840", "2005-06-30": "6.94660", "2005-03-31": ""}, "Long-term Debt / Capital": {"2020-09-30": "0.20040", "2020-06-30": "0.16360", "2020-03-31": "0.17040", "2019-12-31": "0.17280", "2019-09-30": "0.17940", "2019-06-30": "0.18250", "2019-03-31": "0.18730", "2018-12-31": "0.18990", "2018-09-30": "0.20030", "2018-06-30": "0.29810", "2018-03-31": "0.30910", "2017-12-31": "0.31690", "2017-09-30": "0.30570", "2017-06-30": "0.31110", "2017-03-31": "0.31770", "2016-12-31": "0.34890", "2016-09-30": "0.35630", "2016-06-30": "0.36780", "2016-03-31": "0.40900", "2015-12-31": "0.33550", "2015-09-30": "0.33790", "2015-06-30": "0.34320", "2015-03-31": "0.36020", "2014-12-31": "0.37410", "2014-09-30": "0.38200", "2014-06-30": "0.37600", "2014-03-31": "0.38420", "2013-12-31": "0.41350", "2013-09-30": "0.15410", "2013-06-30": "", "2013-03-31": "", "2012-12-31": "", "2012-09-30": "", "2012-06-30": "", "2012-03-31": "", "2011-12-31": "", "2011-09-30": "", "2011-06-30": "", "2011-03-31": "", "2010-12-31": "", "2010-09-30": "", "2010-06-30": "", "2010-03-31": "", "2009-12-31": "", "2009-09-30": "", "2009-06-30": "", "2009-03-31": "", "2008-12-31": "", "2008-09-30": "", "2008-06-30": "", "2008-03-31": "", "2007-12-31": "", "2007-09-30": "", "2007-06-30": "", "2007-03-31": "", "2006-12-31": "", "2006-09-30": "", "2006-06-30": "", "2006-03-31": "", "2005-12-31": "", "2005-09-30": "", "2005-06-30": "", "2005-03-31": ""}, "Debt/Equity Ratio": {"2020-09-30": "0.25060", "2020-06-30": "0.19560", "2020-03-31": "0.20540", "2019-12-31": "0.20890", "2019-09-30": "0.21860", "2019-06-30": "0.22320", "2019-03-31": "0.23040", "2018-12-31": "0.23450", "2018-09-30": "0.25050", "2018-06-30": "0.42470", "2018-03-31": "0.44730", "2017-12-31": "0.46400", "2017-09-30": "0.44030", "2017-06-30": "0.45160", "2017-03-31": "0.46560", "2016-12-31": "0.53590", "2016-09-30": "0.72150", "2016-06-30": "0.58840", "2016-03-31": "0.69970", "2015-12-31": "0.50500", "2015-09-30": "0.51050", "2015-06-30": "0.52260", "2015-03-31": "0.56300", "2014-12-31": "0.59780", "2014-09-30": "0.61810", "2014-06-30": "0.60260", "2014-03-31": "0.62390", "2013-12-31": "0.70870", "2013-09-30": "0.18210", "2013-06-30": "", "2013-03-31": "", "2012-12-31": "", "2012-09-30": "", "2012-06-30": "", "2012-03-31": "", "2011-12-31": "", "2011-09-30": "", "2011-06-30": "", "2011-03-31": "", "2010-12-31": "", "2010-09-30": "", "2010-06-30": "", "2010-03-31": "", "2009-12-31": "", "2009-09-30": "", "2009-06-30": "", "2009-03-31": "", "2008-12-31": "", "2008-09-30": "", "2008-06-30": "", "2008-03-31": "", "2007-12-31": "", "2007-09-30": "", "2007-06-30": "", "2007-03-31": "", "2006-12-31": "", "2006-09-30": "", "2006-06-30": "", "2006-03-31": "", "2005-12-31": "", "2005-09-30": "", "2005-06-30": "", "2005-03-31": ""}, "Gross Margin": {"2020-09-30": "75.99800", "2020-06-30": "75.72460", "2020-03-31": "71.75620", "2019-12-31": "66.96880", "2019-09-30": "65.52260", "2019-06-30": "68.98280", "2019-03-31": "69.15070", "2018-12-31": "65.07140", "2018-09-30": "66.07140", "2018-06-30": "68.92140", "2018-03-31": "66.31040", "2017-12-31": "60.67580", "2017-09-30": "65.88380", "2017-06-30": "65.60390", "2017-03-31": "66.10660", "2016-12-31": "61.48880", "2016-09-30": "66.26280", "2016-06-30": "61.91080", "2016-03-31": "66.25430", "2015-12-31": "60.20710", "2015-09-30": "65.95960", "2015-06-30": "71.55170", "2015-03-31": "67.68390", "2014-12-31": "59.97460", "2014-09-30": "66.40110", "2014-06-30": "69.07220", "2014-03-31": "69.21690", "2013-12-31": "56.85110", "2013-09-30": "74.67440", "2013-06-30": "72.85710", "2013-03-31": "68.58010", "2012-12-31": "61.31220", "2012-09-30": "71.81930", "2012-06-30": "64.93020", "2012-03-31": "68.94200", "2011-12-31": "47.36840", "2011-09-30": "68.56760", "2011-06-30": "70.06980", "2011-03-31": "68.80610", "2010-12-31": "37.98180", "2010-09-30": "53.15440", "2010-06-30": "61.94420", "2010-03-31": "59.25080", "2009-12-31": "35.00320", "2009-09-30": "51.77810", "2009-06-30": "54.52790", "2009-03-31": "50.66260", "2008-12-31": "25.64100", "2008-09-30": "42.61600", "2008-06-30": "69.88640", "2008-03-31": "67.07690", "2007-12-31": "48.58020", "2007-09-30": "76.38040", "2007-06-30": "33.80630", "2007-03-31": "", "2006-12-31": "", "2006-09-30": "25.02710", "2006-06-30": "26.72900", "2006-03-31": "", "2005-12-31": "", "2005-09-30": "36.43480", "2005-06-30": "28.54620", "2005-03-31": ""}, "Operating Margin": {"2020-09-30": "39.81580", "2020-06-30": "38.76810", "2020-03-31": "34.22820", "2019-12-31": "22.86000", "2019-09-30": "19.26680", "2019-06-30": "24.06880", "2019-03-31": "31.23290", "2018-12-31": "29.13520", "2018-09-30": "17.52650", "2018-06-30": "26.44730", "2018-03-31": "30.27990", "2017-12-31": "10.77380", "2017-09-30": "15.88380", "2017-06-30": "20.78480", "2017-03-31": "28.56320", "2016-12-31": "21.09180", "2016-09-30": "18.75000", "2016-06-30": "14.77710", "2016-03-31": "31.68390", "2015-12-31": "18.41720", "2015-09-30": "19.79800", "2015-06-30": "31.80080", "2015-03-31": "42.41000", "2014-12-31": "27.82720", "2014-09-30": "1.06240", "2014-06-30": "31.95880", "2014-03-31": "38.43390", "2013-12-31": "18.77470", "2013-09-30": "10.13030", "2013-06-30": "40.95240", "2013-03-31": "44.33540", "2012-12-31": "27.37560", "2012-09-30": "26.99170", "2012-06-30": "21.11630", "2012-03-31": "43.77130", "2011-12-31": "1.77810", "2011-09-30": "21.48540", "2011-06-30": "40.75040", "2011-03-31": "46.51480", "2010-12-31": "-27.82060", "2010-09-30": "7.38260", "2010-06-30": "31.02380", "2010-03-31": "39.06730", "2009-12-31": "-27.74570", "2009-09-30": "1.28020", "2009-06-30": "21.00190", "2009-03-31": "18.24670", "2008-12-31": "-9.03540", "2008-09-30": "-27.28550", "2008-06-30": "13.06820", "2008-03-31": "19.38460", "2007-12-31": "27.28760", "2007-09-30": "17.48470", "2007-06-30": "6.07360", "2007-03-31": "", "2006-12-31": "100.00000", "2006-09-30": "-19.88080", "2006-06-30": "-17.78550", "2006-03-31": "", "2005-12-31": "100.00000", "2005-09-30": "-12.48680", "2005-06-30": "-5.57790", "2005-03-31": ""}, "EBIT Margin": {"2020-09-30": "39.81580", "2020-06-30": "38.76810", "2020-03-31": "34.22820", "2019-12-31": "22.86000", "2019-09-30": "19.26680", "2019-06-30": "24.06880", "2019-03-31": "31.23290", "2018-12-31": "29.13520", "2018-09-30": "17.52650", "2018-06-30": "26.44730", "2018-03-31": "30.27990", "2017-12-31": "10.77380", "2017-09-30": "15.88380", "2017-06-30": "20.78480", "2017-03-31": "28.56320", "2016-12-31": "21.09180", "2016-09-30": "18.75000", "2016-06-30": "14.77710", "2016-03-31": "31.68390", "2015-12-31": "18.41720", "2015-09-30": "19.79800", "2015-06-30": "31.80080", "2015-03-31": "42.41000", "2014-12-31": "27.82720", "2014-09-30": "1.06240", "2014-06-30": "31.95880", "2014-03-31": "38.43390", "2013-12-31": "18.77470", "2013-09-30": "10.13030", "2013-06-30": "40.95240", "2013-03-31": "44.33540", "2012-12-31": "27.37560", "2012-09-30": "26.99170", "2012-06-30": "21.11630", "2012-03-31": "43.77130", "2011-12-31": "1.77810", "2011-09-30": "21.48540", "2011-06-30": "40.75040", "2011-03-31": "46.51480", "2010-12-31": "-27.82060", "2010-09-30": "7.38260", "2010-06-30": "31.02380", "2010-03-31": "39.06730", "2009-12-31": "-27.74570", "2009-09-30": "1.28020", "2009-06-30": "21.00190", "2009-03-31": "18.24670", "2008-12-31": "-9.03540", "2008-09-30": "-27.28550", "2008-06-30": "13.06820", "2008-03-31": "19.38460", "2007-12-31": "27.28760", "2007-09-30": "17.48470", "2007-06-30": "6.07360", "2007-03-31": "", "2006-12-31": "", "2006-09-30": "-19.88080", "2006-06-30": "-17.78550", "2006-03-31": "", "2005-12-31": "", "2005-09-30": "-12.48680", "2005-06-30": "-5.57790", "2005-03-31": ""}, "EBITDA Margin": {"2020-09-30": "", "2020-06-30": "", "2020-03-31": "", "2019-12-31": "", "2019-09-30": "", "2019-06-30": "", "2019-03-31": "", "2018-12-31": "", "2018-09-30": "", "2018-06-30": "", "2018-03-31": "", "2017-12-31": "", "2017-09-30": "", "2017-06-30": "", "2017-03-31": "", "2016-12-31": "", "2016-09-30": "", "2016-06-30": "", "2016-03-31": "", "2015-12-31": "", "2015-09-30": "", "2015-06-30": "", "2015-03-31": "", "2014-12-31": "", "2014-09-30": "", "2014-06-30": "", "2014-03-31": "", "2013-12-31": "", "2013-09-30": "", "2013-06-30": "", "2013-03-31": "", "2012-12-31": "", "2012-09-30": "", "2012-06-30": "", "2012-03-31": "", "2011-12-31": "", "2011-09-30": "", "2011-06-30": "", "2011-03-31": "", "2010-12-31": "", "2010-09-30": "", "2010-06-30": "", "2010-03-31": "", "2009-12-31": "", "2009-09-30": "", "2009-06-30": "", "2009-03-31": "", "2008-12-31": "", "2008-09-30": "", "2008-06-30": "", "2008-03-31": "", "2007-12-31": "", "2007-09-30": "", "2007-06-30": "", "2007-03-31": "", "2006-12-31": "", "2006-09-30": "", "2006-06-30": "", "2006-03-31": "", "2005-12-31": "", "2005-09-30": "", "2005-06-30": "", "2005-03-31": ""}, "Pre-Tax Profit Margin": {"2020-09-30": "36.94980", "2020-06-30": "37.62940", "2020-03-31": "33.78080", "2019-12-31": "22.50760", "2019-09-30": "19.42280", "2019-06-30": "26.50430", "2019-03-31": "31.06850", "2018-12-31": "28.96730", "2018-09-30": "14.02120", "2018-06-30": "24.86290", "2018-03-31": "28.85500", "2017-12-31": "9.05970", "2017-09-30": "13.59700", "2017-06-30": "17.96440", "2017-03-31": "26.24570", "2016-12-31": "14.83870", "2016-09-30": "14.73210", "2016-06-30": "10.63690", "2016-03-31": "28.11000", "2015-12-31": "14.94080", "2015-09-30": "14.64650", "2015-06-30": "27.01150", "2015-03-31": "38.49770", "2014-12-31": "24.65060", "2014-09-30": "-5.71050", "2014-06-30": "26.80410", "2014-03-31": "33.84340", "2013-12-31": "15.41500", "2013-09-30": "9.55140", "2013-06-30": "40.95240", "2013-03-31": "44.48640", "2012-12-31": "27.54530", "2012-09-30": "27.11060", "2012-06-30": "21.30230", "2012-03-31": "43.85670", "2011-12-31": "1.49360", "2011-09-30": "21.88330", "2011-06-30": "40.92500", "2011-03-31": "46.65290", "2010-12-31": "-27.26000", "2010-09-30": "9.26170", "2010-06-30": "31.12720", "2010-03-31": "39.06730", "2009-12-31": "-27.93830", "2009-09-30": "2.84500", "2009-06-30": "21.00190", "2009-03-31": "19.26610", "2008-12-31": "-7.93650", "2008-09-30": "-23.91000", "2008-06-30": "13.63640", "2008-03-31": "20.00000", "2007-12-31": "28.09830", "2007-09-30": "16.87120", "2007-06-30": "8.40720", "2007-03-31": "", "2006-12-31": "22.18280", "2006-09-30": "-15.61230", "2006-06-30": "-13.38550", "2006-03-31": "", "2005-12-31": "11.40040", "2005-09-30": "-9.64230", "2005-06-30": "-2.53010", "2005-03-31": ""}, "Net Profit Margin": {"2020-09-30": "30.91100", "2020-06-30": "30.02070", "2020-03-31": "28.24390", "2019-12-31": "26.38470", "2019-09-30": "15.91260", "2019-06-30": "23.49570", "2019-03-31": "24.49320", "2018-12-31": "28.79930", "2018-09-30": "17.19580", "2018-06-30": "24.49730", "2018-03-31": "25.44530", "2017-12-31": "-28.59940", "2017-09-30": "11.61930", "2017-06-30": "14.89880", "2017-03-31": "24.68130", "2016-12-31": "12.35730", "2016-09-30": "12.69130", "2016-06-30": "9.61780", "2016-03-31": "24.94850", "2015-12-31": "11.09470", "2015-09-30": "12.62630", "2015-06-30": "20.30650", "2015-03-31": "30.82940", "2014-12-31": "22.04570", "2014-09-30": "-3.05440", "2014-06-30": "20.61860", "2014-03-31": "26.37260", "2013-12-31": "10.34260", "2013-09-30": "8.10420", "2013-06-30": "30.28570", "2013-03-31": "34.44110", "2012-12-31": "19.57010", "2012-09-30": "26.27820", "2012-06-30": "16.83720", "2012-03-31": "32.16720", "2011-12-31": "6.89900", "2011-09-30": "19.36340", "2011-06-30": "28.79580", "2011-03-31": "34.23050", "2010-12-31": "-16.60830", "2010-09-30": "6.84560", "2010-06-30": "22.64740", "2010-03-31": "29.12840", "2009-12-31": "-18.43290", "2009-09-30": "2.13370", "2009-06-30": "18.78610", "2009-03-31": "19.26610", "2008-12-31": "-4.27350", "2008-09-30": "-15.18990", "2008-06-30": "7.95450", "2008-03-31": "13.23080", "2007-12-31": "18.36080", "2007-09-30": "14.72390", "2007-06-30": "5.61630", "2007-03-31": "", "2006-12-31": "17.32710", "2006-09-30": "-12.91480", "2006-06-30": "-9.73530", "2006-03-31": "", "2005-12-31": "8.31320", "2005-09-30": "-6.39440", "2005-06-30": "-1.48700", "2005-03-31": ""}, "Asset Turnover": {"2020-09-30": "0.09060", "2020-06-30": "0.09550", "2020-03-31": "0.09120", "2019-12-31": "0.10010", "2019-09-30": "0.07200", "2019-06-30": "0.07980", "2019-03-31": "0.10170", "2018-12-31": "0.13310", "2018-09-30": "0.09050", "2018-06-30": "0.09140", "2018-03-31": "0.10680", "2017-12-31": "0.10940", "2017-09-30": "0.09130", "2017-06-30": "0.09700", "2017-03-31": "0.10200", "2016-12-31": "0.11550", "2016-09-30": "0.08530", "2016-06-30": "0.09450", "2016-03-31": "0.08410", "2015-12-31": "0.08870", "2015-09-30": "0.06920", "2015-06-30": "0.07450", "2015-03-31": "0.09280", "2014-12-31": "0.10750", "2014-09-30": "0.05430", "2014-06-30": "0.07260", "2014-03-31": "0.08210", "2013-12-31": "0.10830", "2013-09-30": "0.04300", "2013-06-30": "0.07830", "2013-03-31": "0.09650", "2012-12-31": "0.12450", "2012-09-30": "0.06640", "2012-06-30": "0.08760", "2012-03-31": "0.09390", "2011-12-31": "0.10590", "2011-09-30": "0.06220", "2011-06-30": "0.09570", "2011-03-31": "0.11710", "2010-12-31": "0.10610", "2010-09-30": "0.05930", "2010-06-30": "0.07800", "2010-03-31": "0.10170", "2009-12-31": "0.11330", "2009-09-30": "0.05230", "2009-06-30": "0.07680", "2009-03-31": "0.07190", "2008-12-31": "0.11320", "2008-09-30": "0.05170", "2008-06-30": "0.12810", "2008-03-31": "0.12840", "2007-12-31": "1.68660", "2007-09-30": "0.16620", "2007-06-30": "0.26940", "2007-03-31": "", "2006-12-31": "0.43580", "2006-09-30": "0.12270", "2006-06-30": "0.13080", "2006-03-31": "", "2005-12-31": "0.51140", "2005-09-30": "0.17150", "2005-06-30": "0.19020", "2005-03-31": ""}, "Inventory Turnover Ratio": {"2020-09-30": "", "2020-06-30": "", "2020-03-31": "", "2019-12-31": "", "2019-09-30": "4.33330", "2019-06-30": "9.41300", "2019-03-31": "12.51110", "2018-12-31": "19.34880", "2018-09-30": "2.94830", "2018-06-30": "14.16670", "2018-03-31": "15.76190", "2017-12-31": "17.45650", "2017-09-30": "5.87230", "2017-06-30": "11.00000", "2017-03-31": "12.18750", "2016-12-31": "15.83670", "2016-09-30": "4.03820", "2016-06-30": "6.36170", "2016-03-31": "4.76700", "2015-12-31": "4.20310", "2015-09-30": "1.41600", "2015-06-30": "2.53850", "2015-03-31": "4.04900", "2014-12-31": "5.12200", "2014-09-30": "1.13960", "2014-06-30": "1.98680", "2014-03-31": "2.16460", "2013-12-31": "3.83040", "2013-09-30": "0.55910", "2013-06-30": "2.17560", "2013-03-31": "2.61640", "2012-12-31": "3.27270", "2012-09-30": "0.81440", "2012-06-30": "2.94530", "2012-03-31": "2.49320", "2011-12-31": "5.13890", "2011-09-30": "1.14490", "2011-06-30": "3.68820", "2011-03-31": "4.38840", "2010-12-31": "7.90180", "2010-09-30": "1.35270", "2010-06-30": "2.34390", "2010-03-31": "2.74740", "2009-12-31": "4.19920", "2009-09-30": "0.96580", "2009-06-30": "2.38380", "2009-03-31": "2.10430", "2008-12-31": "4.64890", "2008-09-30": "1.08220", "2008-06-30": "0.46210", "2008-03-31": "0.72850", "2007-12-31": "36.29950", "2007-09-30": "0.40730", "2007-06-30": "3.54440", "2007-03-31": "", "2006-12-31": "5.63940", "2006-09-30": "1.98530", "2006-06-30": "2.14990", "2006-03-31": "", "2005-12-31": "5.87450", "2005-09-30": "2.71850", "2005-06-30": "3.81670", "2005-03-31": ""}, "Receiveable Turnover": {"2020-09-30": "3.15670", "2020-06-30": "3.14660", "2020-03-31": "3.03050", "2019-12-31": "2.34200", "2019-09-30": "3.32120", "2019-06-30": "3.06810", "2019-03-31": "3.07240", "2018-12-31": "2.30140", "2018-09-30": "2.35880", "2018-06-30": "3.92580", "2018-03-31": "4.55920", "2017-12-31": "2.22440", "2017-09-30": "1.82210", "2017-06-30": "4.53060", "2017-03-31": "5.01740", "2016-12-31": "2.75270", "2016-09-30": "3.51570", "2016-06-30": "3.39830", "2016-03-31": "3.79900", "2015-12-31": "1.99120", "2015-09-30": "1.96820", "2015-06-30": "5.19400", "2015-03-31": "6.14420", "2014-12-31": "2.38850", "2014-09-30": "1.09290", "2014-06-30": "9.06540", "2014-03-31": "5.07310", "2013-12-31": "2.97650", "2013-09-30": "3.37070", "2013-06-30": "8.97440", "2013-03-31": "5.58650", "2012-12-31": "2.50070", "2012-09-30": "4.20500", "2012-06-30": "4.73570", "2012-03-31": "11.37860", "2011-12-31": "2.16640", "2011-09-30": "5.42450", "2011-06-30": "8.18570", "2011-03-31": "15.25260", "2010-12-31": "2.12040", "2010-09-30": "3.02850", "2010-06-30": "5.08950", "2010-03-31": "9.76120", "2009-12-31": "2.10690", "2009-09-30": "3.08330", "2009-06-30": "3.68090", "2009-03-31": "5.30270", "2008-12-31": "1.68170", "2008-09-30": "2.25000", "2008-06-30": "0.87780", "2008-03-31": "1.59770", "2007-12-31": "13.23650", "2007-09-30": "2.97110", "2007-06-30": "2.50280", "2007-03-31": "", "2006-12-31": "1.80530", "2006-09-30": "1.93820", "2006-06-30": "2.87740", "2006-03-31": "", "2005-12-31": "1.96930", "2005-09-30": "1.90400", "2005-06-30": "2.54310", "2005-03-31": ""}, "Days Sales In Receivables": {"2020-09-30": "28.51080", "2020-06-30": "28.60250", "2020-03-31": "29.69800", "2019-12-31": "38.42900", "2019-09-30": "27.09830", "2019-06-30": "29.33380", "2019-03-31": "29.29320", "2018-12-31": "39.10580", "2018-09-30": "38.15480", "2018-06-30": "22.92510", "2018-03-31": "19.74050", "2017-12-31": "40.46030", "2017-09-30": "49.39430", "2017-06-30": "19.86510", "2017-03-31": "17.93740", "2016-12-31": "32.69480", "2016-09-30": "25.59950", "2016-06-30": "26.48410", "2016-03-31": "23.69070", "2015-12-31": "45.19970", "2015-09-30": "45.72730", "2015-06-30": "17.32760", "2015-03-31": "14.64790", "2014-12-31": "37.68110", "2014-09-30": "82.35060", "2014-06-30": "9.92780", "2014-03-31": "17.74080", "2013-12-31": "30.23720", "2013-09-30": "26.70040", "2013-06-30": "10.02860", "2013-03-31": "16.11030", "2012-12-31": "35.98980", "2012-09-30": "21.40310", "2012-06-30": "19.00470", "2012-03-31": "7.90960", "2011-12-31": "41.54340", "2011-09-30": "16.59150", "2011-06-30": "10.99480", "2011-03-31": "5.90060", "2010-12-31": "42.44570", "2010-09-30": "29.71810", "2010-06-30": "17.68360", "2010-03-31": "9.22020", "2009-12-31": "42.71680", "2009-09-30": "29.18920", "2009-06-30": "24.45090", "2009-03-31": "16.97250", "2008-12-31": "53.51650", "2008-09-30": "40.00000", "2008-06-30": "102.52560", "2008-03-31": "56.33170", "2007-12-31": "6.79940", "2007-09-30": "30.29220", "2007-06-30": "35.96040", "2007-03-31": "", "2006-12-31": "49.85450", "2006-09-30": "46.43490", "2006-06-30": "31.27840", "2006-03-31": "", "2005-12-31": "45.70250", "2005-09-30": "47.26840", "2005-06-30": "35.39030", "2005-03-31": ""}, "ROE - Return On Equity": {"2020-09-30": "4.19970", "2020-06-30": "4.23910", "2020-03-31": "3.87840", "2019-12-31": "4.09220", "2019-09-30": "1.66730", "2019-06-30": "2.73860", "2019-03-31": "3.85480", "2018-12-31": "6.02180", "2018-09-30": "2.43930", "2018-06-30": "3.88560", "2018-03-31": "5.09220", "2017-12-31": "-6.17210", "2017-09-30": "1.88620", "2017-06-30": "2.50130", "2017-03-31": "4.51460", "2016-12-31": "2.77440", "2016-09-30": "2.25670", "2016-06-30": "1.76530", "2016-03-31": "4.34830", "2015-12-31": "1.97070", "2015-09-30": "1.58970", "2015-06-30": "2.71760", "2015-03-31": "5.44350", "2014-12-31": "4.99100", "2014-09-30": "-0.32890", "2014-06-30": "2.84480", "2014-03-31": "4.23170", "2013-12-31": "2.62760", "2013-09-30": "0.46130", "2013-06-30": "2.71470", "2013-03-31": "3.95320", "2012-12-31": "3.12800", "2012-09-30": "2.07660", "2012-06-30": "1.75120", "2012-03-31": "3.66200", "2011-12-31": "0.94360", "2011-09-30": "1.40010", "2011-06-30": "3.20110", "2011-03-31": "4.91350", "2010-12-31": "-2.28360", "2010-09-30": "0.47460", "2010-06-30": "2.01690", "2010-03-31": "3.50570", "2009-12-31": "-2.65900", "2009-09-30": "0.13280", "2009-06-30": "1.69110", "2009-03-31": "1.65090", "2008-12-31": "-0.60730", "2008-09-30": "-0.91720", "2008-06-30": "1.33140", "2008-03-31": "2.20750", "2007-12-31": "113.41500", "2007-09-30": "3.13820", "2007-06-30": "1.90390", "2007-03-31": "", "2006-12-31": "", "2006-09-30": "-1.96090", "2006-06-30": "-1.48270", "2006-03-31": "", "2005-12-31": "", "2005-09-30": "-1.27030", "2005-06-30": "-0.32200", "2005-03-31": ""}, "Return On Tangible Equity": {"2020-09-30": "14.55770", "2020-06-30": "16.88500", "2020-03-31": "18.29710", "2019-12-31": "20.87650", "2019-09-30": "10.80510", "2019-06-30": "20.74640", "2019-03-31": "38.76840", "2018-12-31": "76.64800", "2018-09-30": "371.42860", "2018-06-30": "-122.93580", "2018-03-31": "-53.64810", "2017-12-31": "41.50680", "2017-09-30": "-17.26360", "2017-06-30": "-15.91360", "2017-03-31": "-21.30000", "2016-12-31": "-10.09170", "2016-09-30": "-6.54820", "2016-06-30": "-4.31680", "2016-03-31": "-9.28860", "2015-12-31": "32.38290", "2015-09-30": "28.28510", "2015-06-30": "82.17050", "2015-03-31": "-121.23080", "2014-12-31": "-108.40840", "2014-09-30": "4.05640", "2014-06-30": "-52.30770", "2014-03-31": "-45.85290", "2013-12-31": "-18.39320", "2013-09-30": "1.23080", "2013-06-30": "7.46720", "2013-03-31": "11.61780", "2012-12-31": "9.61960", "2012-09-30": "6.93460", "2012-06-30": "6.31830", "2012-03-31": "13.48790", "2011-12-31": "3.47610", "2011-09-30": "5.17300", "2011-06-30": "12.21740", "2011-03-31": "20.20890", "2010-12-31": "-9.51020", "2010-09-30": "1.98680", "2010-06-30": "8.23620", "2010-03-31": "14.33950", "2009-12-31": "-11.33570", "2009-09-30": "0.59290", "2009-06-30": "7.19290", "2009-03-31": "7.40310", "2008-12-31": "-2.71420", "2008-09-30": "-4.13790", "2008-06-30": "1.62920", "2008-03-31": "2.68110", "2007-12-31": "-878.05160", "2007-09-30": "4.07420", "2007-06-30": "2.37460", "2007-03-31": "", "2006-12-31": "", "2006-09-30": "-2.47980", "2006-06-30": "-1.86620", "2006-03-31": "", "2005-12-31": "", "2005-09-30": "-1.41910", "2005-06-30": "-0.36060", "2005-03-31": ""}, "ROA - Return On Assets": {"2020-09-30": "2.79930", "2020-06-30": "2.86840", "2020-03-31": "2.57600", "2019-12-31": "2.64050", "2019-09-30": "1.14570", "2019-06-30": "1.87480", "2019-03-31": "2.49050", "2018-12-31": "3.83450", "2018-09-30": "1.55570", "2018-06-30": "2.23860", "2018-03-31": "2.71780", "2017-12-31": "-3.12830", "2017-09-30": "1.06110", "2017-06-30": "1.44570", "2017-03-31": "2.51760", "2016-12-31": "1.44970", "2016-09-30": "1.08270", "2016-06-30": "0.90930", "2016-03-31": "2.09800", "2015-12-31": "1.04290", "2015-09-30": "0.88800", "2015-06-30": "1.51270", "2015-03-31": "2.85980", "2014-12-31": "2.46550", "2014-09-30": "-0.16600", "2014-06-30": "1.52690", "2014-03-31": "2.16590", "2013-12-31": "1.24180", "2013-09-30": "0.34870", "2013-06-30": "2.41590", "2013-03-31": "3.32240", "2012-12-31": "2.49300", "2012-09-30": "1.78500", "2012-06-30": "1.50790", "2012-03-31": "3.07640", "2011-12-31": "0.74570", "2011-09-30": "1.22180", "2011-06-30": "2.79820", "2011-03-31": "4.06400", "2010-12-31": "-1.73270", "2010-09-30": "0.40570", "2010-06-30": "1.76710", "2010-03-31": "2.96130", "2009-12-31": "-2.08120", "2009-09-30": "0.11150", "2009-06-30": "1.44240", "2009-03-31": "1.38450", "2008-12-31": "-0.48390", "2008-09-30": "-0.78600", "2008-06-30": "1.01870", "2008-03-31": "1.69920", "2007-12-31": "30.96660", "2007-09-30": "2.44750", "2007-06-30": "1.51310", "2007-03-31": "", "2006-12-31": "", "2006-09-30": "-1.58520", "2006-06-30": "-1.27380", "2006-03-31": "", "2005-12-31": "", "2005-09-30": "-1.09670", "2005-06-30": "-0.28290", "2005-03-31": ""}, "ROI - Return On Investment": {"2020-09-30": "3.35820", "2020-06-30": "3.54570", "2020-03-31": "3.21740", "2019-12-31": "3.38500", "2019-09-30": "1.36830", "2019-06-30": "2.23890", "2019-03-31": "3.13290", "2018-12-31": "4.87800", "2018-09-30": "1.95060", "2018-06-30": "2.72730", "2018-03-31": "3.51840", "2017-12-31": "-4.21600", "2017-09-30": "1.30960", "2017-06-30": "1.72320", "2017-03-31": "3.08050", "2016-12-31": "1.80640", "2016-09-30": "1.45270", "2016-06-30": "1.11600", "2016-03-31": "2.56990", "2015-12-31": "1.30950", "2015-09-30": "1.05250", "2015-06-30": "1.78480", "2015-03-31": "3.48270", "2014-12-31": "3.12360", "2014-09-30": "-0.20330", "2014-06-30": "1.77510", "2014-03-31": "2.60580", "2013-12-31": "1.54120", "2013-09-30": "0.39020", "2013-06-30": "2.71470", "2013-03-31": "3.95320", "2012-12-31": "3.12800", "2012-09-30": "2.07660", "2012-06-30": "1.75120", "2012-03-31": "3.66200", "2011-12-31": "0.94360", "2011-09-30": "1.40010", "2011-06-30": "3.20110", "2011-03-31": "4.91350", "2010-12-31": "-2.28360", "2010-09-30": "0.47460", "2010-06-30": "2.01690", "2010-03-31": "3.50570", "2009-12-31": "-2.65900", "2009-09-30": "0.13280", "2009-06-30": "1.69110", "2009-03-31": "1.65090", "2008-12-31": "-0.60730", "2008-09-30": "-0.91720", "2008-06-30": "1.33140", "2008-03-31": "2.20750", "2007-12-31": "113.41500", "2007-09-30": "3.13820", "2007-06-30": "1.90390", "2007-03-31": "", "2006-12-31": "", "2006-09-30": "-1.96090", "2006-06-30": "-1.48270", "2006-03-31": "", "2005-12-31": "", "2005-09-30": "-1.27030", "2005-06-30": "-0.32200", "2005-03-31": ""}, "Book Value Per Share": {"2020-09-30": "18.61010", "2020-06-30": "17.72960", "2020-03-31": "16.90280", "2019-12-31": "16.65670", "2019-09-30": "15.92840", "2019-06-30": "15.61860", "2019-03-31": "15.13990", "2018-12-31": "14.92240", "2018-09-30": "13.97010", "2018-06-30": "13.57450", "2018-03-31": "12.90500", "2017-12-31": "12.49100", "2017-09-30": "13.18290", "2017-06-30": "12.87060", "2017-03-31": "12.52200", "2016-12-31": "12.23230", "2016-09-30": "11.86620", "2016-06-30": "11.53960", "2016-03-31": "11.31160", "2015-12-31": "10.98430", "2015-09-30": "10.92970", "2015-06-30": "10.70290", "2015-03-31": "9.97100", "2014-12-31": "10.01900", "2014-09-30": "9.72520", "2014-06-30": "10.00560", "2014-03-31": "9.68700", "2013-12-31": "9.41010", "2013-09-30": "17.47700", "2013-06-30": "10.66560", "2013-03-31": "10.32760", "2012-12-31": "10.18080", "2012-09-30": "9.78550", "2012-06-30": "9.50970", "2012-03-31": "9.41190", "2011-12-31": "9.25720", "2011-09-30": "9.25010", "2011-06-30": "9.16250", "2011-03-31": "8.87570", "2010-12-31": "8.62240", "2010-09-30": "8.91150", "2010-06-30": "8.87130", "2010-03-31": "8.74050", "2009-12-31": "8.60180", "2009-09-30": "8.90910", "2009-06-30": "8.99400", "2009-03-31": "8.89840", "2008-12-31": "8.78420", "2008-09-30": "8.89600", "2008-06-30": "3.52560", "2008-03-31": "3.30540", "2007-12-31": "0.40640", "2007-09-30": "2.64560", "2007-06-30": "2.56740", "2007-03-31": "2.49110", "2006-12-31": "2.48980", "2006-09-30": "2.20130", "2006-06-30": "2.20260", "2006-03-31": "", "2005-12-31": "2.19160", "2005-09-30": "2.04850", "2005-06-30": "2.05630", "2005-03-31": ""}, "Operating Cash Flow Per Share": {"2020-09-30": 0.2471, "2020-06-30": 0.9892, "2020-03-31": "0.19120", "2019-12-31": 1.1906, "2019-09-30": 0.3998, "2019-06-30": 0.2, "2019-03-31": "0.58440", "2018-12-31": 1.2958, "2018-09-30": 0.3272, "2018-06-30": 0.0117, "2018-03-31": "0.68700", "2017-12-31": 1.5117, "2017-09-30": 0.4925, "2017-06-30": 0.3447, "2017-03-31": "0.54010", "2016-12-31": 1.1438, "2016-09-30": 0.5988, "2016-06-30": 0.6656, "2016-03-31": "0.44990", "2015-12-31": 1.4385, "2015-09-30": -0.2028, "2015-06-30": 0.1821, "2015-03-31": "0.28590", "2014-12-31": 1.6982, "2014-09-30": -0.1987, "2014-06-30": 0.1449, "2014-03-31": "0.18890", "2013-12-31": 0.8827, "2013-09-30": -0.0465, "2013-06-30": 0.0949, "2013-03-31": "0.29020", "2012-12-31": 0.8718, "2012-09-30": 0.1115, "2012-06-30": 0.0839, "2012-03-31": "0.13580", "2011-12-31": 0.7346, "2011-09-30": 0.0402, "2011-06-30": -0.0647, "2011-03-31": "0.11340", "2010-12-31": 0.8012, "2010-09-30": 0.151, "2010-06-30": -0.0185, "2010-03-31": "0.17960", "2009-12-31": 0.6171, "2009-09-30": 0.1284, "2009-06-30": -0.0837, "2009-03-31": "0.24060", "2008-12-31": 0.3023, "2008-09-30": -0.2232, "2008-06-30": 0.1591, "2008-03-31": "0.16240", "2007-12-31": -0.1548, "2007-09-30": 0.5108, "2007-06-30": 0.0104, "2007-03-31": "", "2006-12-31": 0.0975, "2006-09-30": -0.1154, "2006-06-30": -0.1862, "2006-03-31": "", "2005-12-31": 0.0315, "2005-09-30": -0.072, "2005-06-30": -0.1012, "2005-03-31": ""}, "Free Cash Flow Per Share": {"2020-09-30": 0.2164, "2020-06-30": 0.9725, "2020-03-31": "0.16670", "2019-12-31": 1.1427, "2019-09-30": 0.3557, "2019-06-30": 0.165, "2019-03-31": "0.56100", "2018-12-31": 1.2517, "2018-09-30": 0.2806, "2018-06-30": -0.0273, "2018-03-31": "0.64680", "2017-12-31": 1.4217, "2017-09-30": 0.4482, "2017-06-30": 0.3043, "2017-03-31": "0.51250", "2016-12-31": 1.0944, "2016-09-30": 0.5621, "2016-06-30": 0.6073, "2016-03-31": "0.41390", "2015-12-31": 1.4168, "2015-09-30": -0.2647, "2015-06-30": 0.1442, "2015-03-31": "0.25720", "2014-12-31": 1.6763, "2014-09-30": -0.2386, "2014-06-30": 0.1108, "2014-03-31": "0.13750", "2013-12-31": 0.8623, "2013-09-30": -0.0657, "2013-06-30": 0.0782, "2013-03-31": "0.27500", "2012-12-31": 0.8478, "2012-09-30": 0.0935, "2012-06-30": 0.0686, "2012-03-31": "0.12780", "2011-12-31": 0.7133, "2011-09-30": 0.0149, "2011-06-30": -0.077, "2011-03-31": "0.11000", "2010-12-31": 0.7846, "2010-09-30": 0.1204, "2010-06-30": -0.0403, "2010-03-31": "0.17010", "2009-12-31": 0.596, "2009-09-30": 0.1148, "2009-06-30": -0.0944, "2009-03-31": "0.23330", "2008-12-31": 0.2725, "2008-09-30": -0.2149, "2008-06-30": 0.1421, "2008-03-31": "0.15230", "2007-12-31": -0.1123, "2007-09-30": 0.4446, "2007-06-30": -0.0013, "2007-03-31": "", "2006-12-31": 0.0895, "2006-09-30": -0.124, "2006-06-30": -0.191, "2006-03-31": "", "2005-12-31": 0.0209, "2005-09-30": -0.0857, "2005-06-30": -0.1109, "2005-03-31": ""}}, "revenue": {"Activision Blizzard Annual Revenue (Millions of US $)": {"2020": "$8,086", "2019": "$6,489", "2018": "$7,500", "2017": "$7,017", "2016": "$6,608", "2015": "$4,664", "2014": "$4,408", "2013": "$4,583", "2012": "$4,856", "2011": "$4,755", "2010": "$4,447", "2009": "$4,279", "2008": "$3,026", "2007": "$1,513", "2006": "$1,468", "2005": "$1,406"}, "Activision Blizzard Quarterly Revenue (Millions of US $)": {"2020-12-31": "$2,413", "2020-09-30": "$1,954", "2020-06-30": "$1,932", "2020-03-31": "$1,788", "2019-12-31": "$1,986", "2019-09-30": "$1,282", "2019-06-30": "$1,396", "2019-03-31": "$1,825", "2018-12-31": "$2,382", "2018-09-30": "$1,512", "2018-06-30": "$1,641", "2018-03-31": "$1,965", "2017-12-31": "$2,042", "2017-09-30": "$1,618", "2017-06-30": "$1,631", "2017-03-31": "$1,726", "2016-12-31": "$2,015", "2016-09-30": "$1,568", "2016-06-30": "$1,570", "2016-03-31": "$1,455", "2015-12-31": "$1,352", "2015-09-30": "$990", "2015-06-30": "$1,044", "2015-03-31": "$1,278", "2014-12-31": "$1,574", "2014-09-30": "$753", "2014-06-30": "$970", "2014-03-31": "$1,111", "2013-12-31": "$1,518", "2013-09-30": "$691", "2013-06-30": "$1,050", "2013-03-31": "$1,324", "2012-12-31": "$1,768", "2012-09-30": "$841", "2012-06-30": "$1,075", "2012-03-31": "$1,172", "2011-12-31": "$1,406", "2011-09-30": "$754", "2011-06-30": "$1,146", "2011-03-31": "$1,449", "2010-12-31": "$1,427", "2010-09-30": "$745", "2010-06-30": "$967", "2010-03-31": "$1,308", "2009-12-31": "$1,557", "2009-09-30": "$703", "2009-06-30": "$1,038", "2009-03-31": "$981", "2008-12-31": "$1,638", "2008-09-30": "$711", "2008-06-30": "$352", "2008-03-31": "$325", "2007-12-31": "$1,482", "2007-09-30": "$326", "2007-06-30": "$495", "2007-03-31": "", "2006-12-31": "$824", "2006-09-30": "$188", "2006-06-30": "$188", "2006-03-31": "", "2005-12-31": "$816", "2005-09-30": "$223", "2005-06-30": "$241", "2005-03-31": ""}}, "gross-profit": {"Activision Blizzard Annual Gross Profit (Millions of US $)": {"2020": "$5,826", "2019": "$4,395", "2018": "$4,983", "2017": "$4,516", "2016": "$4,214", "2015": "$3,079", "2014": "$2,883", "2013": "$3,052", "2012": "$3,194", "2011": "$2,983", "2010": "$2,312", "2009": "$1,972", "2008": "$1,187", "2007": "$535", "2006": "$528", "2005": "$561"}, "Activision Blizzard Quarterly Gross Profit (Millions of US $)": {"2020-12-31": "$1,595", "2020-09-30": "$1,485", "2020-06-30": "$1,463", "2020-03-31": "$1,283", "2019-12-31": "$1,330", "2019-09-30": "$840", "2019-06-30": "$963", "2019-03-31": "$1,262", "2018-12-31": "$1,550", "2018-09-30": "$999", "2018-06-30": "$1,131", "2018-03-31": "$1,303", "2017-12-31": "$1,239", "2017-09-30": "$1,066", "2017-06-30": "$1,070", "2017-03-31": "$1,141", "2016-12-31": "$1,239", "2016-09-30": "$1,039", "2016-06-30": "$972", "2016-03-31": "$964", "2015-12-31": "$814", "2015-09-30": "$653", "2015-06-30": "$747", "2015-03-31": "$865", "2014-12-31": "$944", "2014-09-30": "$500", "2014-06-30": "$670", "2014-03-31": "$769", "2013-12-31": "$863", "2013-09-30": "$516", "2013-06-30": "$765", "2013-03-31": "$908", "2012-12-31": "$1,084", "2012-09-30": "$604", "2012-06-30": "$698", "2012-03-31": "$808", "2011-12-31": "$666", "2011-09-30": "$517", "2011-06-30": "$803", "2011-03-31": "$997", "2010-12-31": "$542", "2010-09-30": "$396", "2010-06-30": "$599", "2010-03-31": "$775", "2009-12-31": "$545", "2009-09-30": "$364", "2009-06-30": "$566", "2009-03-31": "$497", "2008-12-31": "$420", "2008-09-30": "$303", "2008-06-30": "$246", "2008-03-31": "$218", "2007-12-31": "$720", "2007-09-30": "$249", "2007-06-30": "$167", "2007-03-31": "", "2006-12-31": "$341", "2006-09-30": "$47", "2006-06-30": "$50", "2006-03-31": "", "2005-12-31": "$318", "2005-09-30": "$81", "2005-06-30": "$69", "2005-03-31": ""}}, "operating-income": {"Activision Blizzard Annual Operating Income (Millions of US $)": {"2020": "$2,734", "2019": "$1,607", "2018": "$1,988", "2017": "$1,309", "2016": "$1,412", "2015": "$1,319", "2014": "$1,183", "2013": "$1,372", "2012": "$1,451", "2011": "$1,328", "2010": "$469", "2009": "$-26", "2008": "$-233", "2007": "$73", "2006": "$15", "2005": "$180"}, "Activision Blizzard Quarterly Operating Income (Millions of US $)": {"2020-12-31": "$594", "2020-09-30": "$778", "2020-06-30": "$749", "2020-03-31": "$612", "2019-12-31": "$454", "2019-09-30": "$247", "2019-06-30": "$336", "2019-03-31": "$570", "2018-12-31": "$694", "2018-09-30": "$265", "2018-06-30": "$434", "2018-03-31": "$595", "2017-12-31": "$220", "2017-09-30": "$257", "2017-06-30": "$339", "2017-03-31": "$493", "2016-12-31": "$425", "2016-09-30": "$294", "2016-06-30": "$232", "2016-03-31": "$461", "2015-12-31": "$249", "2015-09-30": "$196", "2015-06-30": "$332", "2015-03-31": "$542", "2014-12-31": "$438", "2014-09-30": "$8", "2014-06-30": "$310", "2014-03-31": "$427", "2013-12-31": "$285", "2013-09-30": "$70", "2013-06-30": "$430", "2013-03-31": "$587", "2012-12-31": "$484", "2012-09-30": "$227", "2012-06-30": "$227", "2012-03-31": "$513", "2011-12-31": "$25", "2011-09-30": "$162", "2011-06-30": "$467", "2011-03-31": "$674", "2010-12-31": "$-397", "2010-09-30": "$55", "2010-06-30": "$300", "2010-03-31": "$511", "2009-12-31": "$-432", "2009-09-30": "$9", "2009-06-30": "$218", "2009-03-31": "$179", "2008-12-31": "$-148", "2008-09-30": "$-194", "2008-06-30": "$46", "2008-03-31": "$63", "2007-12-31": "$405", "2007-09-30": "$57", "2007-06-30": "$30", "2007-03-31": "$173", "2006-12-31": "$824", "2006-09-30": "$-37", "2006-06-30": "$-33", "2006-03-31": "", "2005-12-31": "$816", "2005-09-30": "$-28", "2005-06-30": "$-13", "2005-03-31": ""}}, "ebitda": {"Activision Blizzard Annual EBITDA (Millions of US $)": {"2019": "$2,160", "2018": "$2,986", "2017": "$2,508", "2016": "$2,583", "2015": "$1,820", "2014": "$1,536", "2013": "$1,688", "2012": "$1,779", "2011": "$1,763", "2010": "$986", "2009": "$602", "2008": "$328", "2007": "$220", "2006": "$207", "2005": "$328"}, "Activision Blizzard Quarterly EBITDA (Millions of US $)": {"2020-09-30": "$860", "2020-06-30": "$821", "2020-03-31": "$751", "2019-12-31": "$598", "2019-09-30": "$337", "2019-06-30": "$464", "2019-03-31": "$761", "2018-12-31": "$1,069", "2018-09-30": "$415", "2018-06-30": "$602", "2018-03-31": "$900", "2017-12-31": "$537", "2017-09-30": "$501", "2017-06-30": "$664", "2017-03-31": "$806", "2016-12-31": "$738", "2016-09-30": "$599", "2016-06-30": "$550", "2016-03-31": "$696", "2015-12-31": "$377", "2015-09-30": "$300", "2015-06-30": "$437", "2015-03-31": "$706", "2014-12-31": "$594", "2014-09-30": "$67", "2014-06-30": "$376", "2014-03-31": "$499", "2013-12-31": "$317", "2013-09-30": "$181", "2013-06-30": "$496", "2013-03-31": "$694", "2012-12-31": "$620", "2012-09-30": "$272", "2012-06-30": "$321", "2012-03-31": "$566", "2011-12-31": "$232", "2011-09-30": "$214", "2011-06-30": "$548", "2011-03-31": "$769", "2010-12-31": "$-159", "2010-09-30": "$133", "2010-06-30": "$380", "2010-03-31": "$632", "2009-12-31": "$-183", "2009-09-30": "$105", "2009-06-30": "$364", "2009-03-31": "$316", "2008-12-31": "$149", "2008-09-30": "$-6", "2008-06-30": "$84", "2008-03-31": "$101", "2007-12-31": "$553", "2007-09-30": "$31", "2007-06-30": "$30", "2007-03-31": "", "2006-12-31": "$880", "2006-09-30": "$-28", "2006-06-30": "$-33", "2006-03-31": "", "2005-12-31": "$944", "2005-09-30": "$-2", "2005-06-30": "$-13", "2005-03-31": ""}}, "net-income": {"Activision Blizzard Annual Net Income (Millions of US $)": {"2020": "$2,197", "2019": "$1,503", "2018": "$1,848", "2017": "$273", "2016": "$962", "2015": "$881", "2014": "$817", "2013": "$987", "2012": "$1,125", "2011": "$1,069", "2010": "$414", "2009": "$112", "2008": "$-107", "2007": "$86", "2006": "$40", "2005": "$135"}, "Activision Blizzard Quarterly Net Income (Millions of US $)": {"2020-12-31": "$508", "2020-09-30": "$604", "2020-06-30": "$580", "2020-03-31": "$505", "2019-12-31": "$524", "2019-09-30": "$204", "2019-06-30": "$328", "2019-03-31": "$447", "2018-12-31": "$686", "2018-09-30": "$260", "2018-06-30": "$402", "2018-03-31": "$500", "2017-12-31": "$-584", "2017-09-30": "$188", "2017-06-30": "$243", "2017-03-31": "$426", "2016-12-31": "$249", "2016-09-30": "$199", "2016-06-30": "$151", "2016-03-31": "$363", "2015-12-31": "$150", "2015-09-30": "$125", "2015-06-30": "$212", "2015-03-31": "$394", "2014-12-31": "$347", "2014-09-30": "$-23", "2014-06-30": "$200", "2014-03-31": "$293", "2013-12-31": "$157", "2013-09-30": "$56", "2013-06-30": "$318", "2013-03-31": "$456", "2012-12-31": "$346", "2012-09-30": "$221", "2012-06-30": "$181", "2012-03-31": "$377", "2011-12-31": "$97", "2011-09-30": "$146", "2011-06-30": "$330", "2011-03-31": "$496", "2010-12-31": "$-237", "2010-09-30": "$51", "2010-06-30": "$219", "2010-03-31": "$381", "2009-12-31": "$-287", "2009-09-30": "$15", "2009-06-30": "$195", "2009-03-31": "$189", "2008-12-31": "$-70", "2008-09-30": "$-108", "2008-06-30": "$28", "2008-03-31": "$43", "2007-12-31": "$272", "2007-09-30": "$48", "2007-06-30": "$28", "2007-03-31": "", "2006-12-31": "$143", "2006-09-30": "$-24", "2006-06-30": "$-18", "2006-03-31": "", "2005-12-31": "$68", "2005-09-30": "$-14", "2005-06-30": "$-4", "2005-03-31": ""}}, "eps-earnings-per-share-diluted": {"Activision Blizzard Annual EPS": {"2020": "$2.82", "2019": "$1.95", "2018": "$2.40", "2017": "$0.36", "2016": "$1.28", "2015": "$1.19", "2014": "$1.13", "2013": "$0.95", "2012": "$1.01", "2011": "$0.92", "2010": "$0.33", "2009": "$0.09", "2008": "$-0.11", "2007": "$0.14", "2006": "$0.07", "2005": "$0.25"}, "Activision Blizzard Quarterly EPS": {"2020-12-31": "$0.65", "2020-09-30": "$0.78", "2020-06-30": "$0.75", "2020-03-31": "$0.65", "2019-12-31": "$0.68", "2019-09-30": "$0.26", "2019-06-30": "$0.43", "2019-03-31": "$0.58", "2018-12-31": "$0.89", "2018-09-30": "$0.34", "2018-06-30": "$0.52", "2018-03-31": "$0.65", "2017-12-31": "$-0.77", "2017-09-30": "$0.25", "2017-06-30": "$0.32", "2017-03-31": "$0.56", "2016-12-31": "$0.34", "2016-09-30": "$0.26", "2016-06-30": "$0.20", "2016-03-31": "$0.48", "2015-12-31": "$0.20", "2015-09-30": "$0.17", "2015-06-30": "$0.29", "2015-03-31": "$0.53", "2014-12-31": "$0.48", "2014-09-30": "$-0.03", "2014-06-30": "$0.28", "2014-03-31": "$0.40", "2013-12-31": "$0.22", "2013-09-30": "$0.05", "2013-06-30": "$0.28", "2013-03-31": "$0.40", "2012-12-31": "$0.32", "2012-09-30": "$0.20", "2012-06-30": "$0.16", "2012-03-31": "$0.33", "2011-12-31": "$0.08", "2011-09-30": "$0.13", "2011-06-30": "$0.29", "2011-03-31": "$0.42", "2010-12-31": "$-0.18", "2010-09-30": "$0.04", "2010-06-30": "$0.17", "2010-03-31": "$0.30", "2009-12-31": "$-0.21", "2009-09-30": "$0.01", "2009-06-30": "$0.15", "2009-03-31": "$0.14", "2008-12-31": "$-0.15", "2008-09-30": "$-0.08", "2008-06-30": "$0.05", "2008-03-31": "$0.07", "2007-12-31": "$0.43", "2007-09-30": "$0.08", "2007-06-30": "$0.05", "2007-03-31": "$0.00", "2006-12-31": "$0.23", "2006-09-30": "$-0.05", "2006-06-30": "$-0.04", "2006-03-31": "$0.00", "2005-12-31": "$0.12", "2005-09-30": "$-0.03", "2005-06-30": "$-0.01", "2005-03-31": "$0.00"}}, "shares-outstanding": {"Activision Blizzard Annual Shares Outstanding (Millions of Shares)": {"2020": "778", "2019": "771", "2018": "771", "2017": "766", "2016": "754", "2015": "739", "2014": "726", "2013": "1,035", "2012": "1,118", "2011": "1,156", "2010": "1,236", "2009": "1,311", "2008": "946", "2007": "611", "2006": "588", "2005": "555"}, "Activision Blizzard Quarterly Shares Outstanding (Millions of Shares)": {"2020-12-31": "780", "2020-09-30": "779", "2020-06-30": "776", "2020-03-31": "774", "2019-12-31": "771", "2019-09-30": "771", "2019-06-30": "770", "2019-03-31": "770", "2018-12-31": "771", "2018-09-30": "771", "2018-06-30": "770", "2018-03-31": "770", "2017-12-31": "766", "2017-09-30": "766", "2017-06-30": "764", "2017-03-31": "761", "2016-12-31": "754", "2016-09-30": "756", "2016-06-30": "753", "2016-03-31": "749", "2015-12-31": "739", "2015-09-30": "739", "2015-06-30": "735", "2015-03-31": "731", "2014-12-31": "726", "2014-09-30": "718", "2014-06-30": "725", "2014-03-31": "720", "2013-12-31": "1,035", "2013-09-30": "1,134", "2013-06-30": "1,127", "2013-03-31": "1,120", "2012-12-31": "1,118", "2012-09-30": "1,114", "2012-06-30": "1,115", "2012-03-31": "1,127", "2011-12-31": "1,156", "2011-09-30": "1,148", "2011-06-30": "1,150", "2011-03-31": "1,182", "2010-12-31": "1,236", "2010-09-30": "1,227", "2010-06-30": "1,248", "2010-03-31": "1,264", "2009-12-31": "1,311", "2009-09-30": "1,297", "2009-06-30": "1,332", "2009-03-31": "1,359", "2008-12-31": "946", "2008-09-30": "1,271", "2008-06-30": "591", "2008-03-31": "591", "2007-12-31": "633", "2007-09-30": "591", "2007-06-30": "624", "2007-03-31": "", "2006-12-31": "614", "2006-09-30": "561", "2006-06-30": "557", "2006-03-31": "", "2005-12-31": "592", "2005-09-30": "544", "2005-06-30": "538", "2005-03-31": ""}}, "total-assets": {"Activision Blizzard Annual Total Assets (Millions of US $)": {"2019": "$19,845", "2018": "$17,890", "2017": "$18,668", "2016": "$17,452", "2015": "$15,246", "2014": "$14,642", "2013": "$14,012", "2012": "$14,200", "2011": "$13,277", "2010": "$13,447", "2009": "$13,742", "2008": "$14,465", "2007": "$1,794", "2006": "$1,418", "2005": "$1,307"}, "Activision Blizzard Quarterly Total Assets (Millions of US $)": {"2020-09-30": "$21,577", "2020-06-30": "$20,220", "2020-03-31": "$19,604", "2019-12-31": "$19,845", "2019-09-30": "$17,805", "2019-06-30": "$17,495", "2019-03-31": "$17,948", "2018-12-31": "$17,890", "2018-09-30": "$16,713", "2018-06-30": "$17,958", "2018-03-31": "$18,397", "2017-12-31": "$18,668", "2017-09-30": "$17,718", "2017-06-30": "$16,808", "2017-03-31": "$16,921", "2016-12-31": "$17,452", "2016-09-30": "$18,380", "2016-06-30": "$16,607", "2016-03-31": "$17,302", "2015-12-31": "$15,246", "2015-09-30": "$14,302", "2015-06-30": "$14,015", "2015-03-31": "$13,777", "2014-12-31": "$14,642", "2014-09-30": "$13,855", "2014-06-30": "$13,360", "2014-03-31": "$13,528", "2013-12-31": "$14,012", "2013-09-30": "$16,060", "2013-06-30": "$13,411", "2013-03-31": "$13,725", "2012-12-31": "$14,200", "2012-09-30": "$12,661", "2012-06-30": "$12,269", "2012-03-31": "$12,482", "2011-12-31": "$13,277", "2011-09-30": "$12,113", "2011-06-30": "$11,972", "2011-03-31": "$12,377", "2010-12-31": "$13,447", "2010-09-30": "$12,570", "2010-06-30": "$12,393", "2010-03-31": "$12,866", "2009-12-31": "$13,742", "2009-09-30": "$13,452", "2009-06-30": "$13,519", "2009-03-31": "$13,651", "2008-12-31": "$14,465", "2008-09-30": "$13,741", "2008-06-30": "$2,749", "2008-03-31": "$2,531", "2007-12-31": "$879", "2007-09-30": "$1,961", "2007-06-30": "$1,839", "2007-03-31": "$1,794", "2006-12-31": "$1,891", "2006-09-30": "$1,533", "2006-06-30": "$1,437", "2006-03-31": "$1,418", "2005-12-31": "$1,596", "2005-09-30": "$1,298", "2005-06-30": "$1,267", "2005-03-31": "$1,307"}}, "cash-on-hand": {"Activision Blizzard Annual Cash on Hand (Millions of US $)": {"2019": "$5,794", "2018": "$4,225", "2017": "$4,713", "2016": "$3,245", "2015": "$1,823", "2014": "$4,858", "2013": "$4,443", "2012": "$4,375", "2011": "$3,525", "2010": "$3,508", "2009": "$3,245", "2008": "$3,002", "2007": "$955", "2006": "$945", "2005": "$841"}, "Activision Blizzard Quarterly Cash on Hand (Millions of US $)": {"2020-09-30": "$7,415", "2020-06-30": "$6,338", "2020-03-31": "$5,906", "2019-12-31": "$5,794", "2019-09-30": "$4,939", "2019-06-30": "$4,592", "2019-03-31": "$4,696", "2018-12-31": "$4,225", "2018-09-30": "$3,308", "2018-06-30": "$4,857", "2018-03-31": "$5,217", "2017-12-31": "$4,713", "2017-09-30": "$3,576", "2017-06-30": "$3,278", "2017-03-31": "$3,248", "2016-12-31": "$3,245", "2016-09-30": "$4,029", "2016-06-30": "$2,271", "2016-03-31": "$2,872", "2015-12-31": "$1,823", "2015-09-30": "$4,519", "2015-06-30": "$4,521", "2015-03-31": "$4,470", "2014-12-31": "$4,858", "2014-09-30": "$3,828", "2014-06-30": "$4,204", "2014-03-31": "$4,287", "2013-12-31": "$4,443", "2013-09-30": "$6,821", "2013-06-30": "$4,546", "2013-03-31": "$4,618", "2012-12-31": "$4,375", "2012-09-30": "$3,364", "2012-06-30": "$3,192", "2012-03-31": "$3,476", "2011-12-31": "$3,525", "2011-09-30": "$2,901", "2011-06-30": "$2,944", "2011-03-31": "$3,359", "2010-12-31": "$3,508", "2010-09-30": "$2,849", "2010-06-30": "$2,846", "2010-03-31": "$3,342", "2009-12-31": "$3,245", "2009-09-30": "$2,721", "2009-06-30": "$2,830", "2009-03-31": "$3,030", "2008-12-31": "$3,002", "2008-09-30": "$2,936", "2008-06-30": "$1,253", "2008-03-31": "$1,449", "2007-12-31": "$65", "2007-09-30": "$962", "2007-06-30": "$964", "2007-03-31": "$955", "2006-12-31": "$805", "2006-09-30": "$747", "2006-06-30": "$793", "2006-03-31": "$945", "2005-12-31": "$765", "2005-09-30": "$750", "2005-06-30": "$786", "2005-03-31": "$841"}}, "long-term-debt": {"Activision Blizzard Annual Long Term Debt (Millions of US $)": {"2019": "$2,675", "2018": "$2,671", "2017": "$4,390", "2016": "$4,887", "2015": "$4,074", "2014": "$4,324", "2013": "$4,668", "2012": "$", "2011": "$", "2010": "$", "2009": "$", "2008": "$", "2007": "$", "2006": "$", "2005": "$"}, "Activision Blizzard Quarterly Long Term Debt (Millions of US $)": {"2020-09-30": "$3,604", "2020-06-30": "$2,676", "2020-03-31": "$2,675", "2019-12-31": "$2,675", "2019-09-30": "$2,674", "2019-06-30": "$2,673", "2019-03-31": "$2,672", "2018-12-31": "$2,671", "2018-09-30": "$2,670", "2018-06-30": "$4,394", "2018-03-31": "$4,392", "2017-12-31": "$4,390", "2017-09-30": "$4,388", "2017-06-30": "$4,387", "2017-03-31": "$4,393", "2016-12-31": "$4,887", "2016-09-30": "$4,881", "2016-06-30": "$4,977", "2016-03-31": "$5,777", "2015-12-31": "$4,074", "2015-09-30": "$4,078", "2015-06-30": "$4,077", "2015-03-31": "$4,075", "2014-12-31": "$4,324", "2014-09-30": "$4,322", "2014-06-30": "$4,321", "2014-03-31": "$4,320", "2013-12-31": "$4,668", "2013-09-30": "$2,211", "2013-06-30": "", "2013-03-31": "", "2012-12-31": "", "2012-09-30": "", "2012-06-30": "", "2012-03-31": "", "2011-12-31": "", "2011-09-30": "", "2011-06-30": "", "2011-03-31": "", "2010-12-31": "", "2010-09-30": "", "2010-06-30": "", "2010-03-31": "", "2009-12-31": "", "2009-09-30": "", "2009-06-30": "", "2009-03-31": "", "2008-12-31": "", "2008-09-30": "", "2008-06-30": "", "2008-03-31": "", "2007-12-31": "", "2007-09-30": "", "2007-06-30": "", "2007-03-31": "", "2006-12-31": "", "2006-09-30": "", "2006-06-30": "", "2006-03-31": "", "2005-12-31": "", "2005-09-30": "", "2005-06-30": "", "2005-03-31": ""}}, "total-liabilities": {"Activision Blizzard Annual Total Liabilities (Millions of US $)": {"2019": "$7,040", "2018": "$6,498", "2017": "$9,206", "2016": "$8,333", "2015": "$7,178", "2014": "$7,409", "2013": "$7,390", "2012": "$2,883", "2011": "$2,785", "2010": "$3,244", "2009": "$2,986", "2008": "$2,938", "2007": "$382", "2006": "$196", "2005": "$207"}, "Activision Blizzard Quarterly Total Liabilities (Millions of US $)": {"2020-09-30": "$7,195", "2020-06-30": "$6,538", "2020-03-31": "$6,583", "2019-12-31": "$7,040", "2019-09-30": "$5,570", "2019-06-30": "$5,518", "2019-03-31": "$6,352", "2018-12-31": "$6,498", "2018-09-30": "$6,054", "2018-06-30": "$7,612", "2018-03-31": "$8,578", "2017-12-31": "$9,206", "2017-09-30": "$7,751", "2017-06-30": "$7,093", "2017-03-31": "$7,485", "2016-12-31": "$8,333", "2016-09-30": "$9,562", "2016-06-30": "$8,053", "2016-03-31": "$8,954", "2015-12-31": "$7,178", "2015-09-30": "$6,313", "2015-06-30": "$6,214", "2015-03-31": "$6,539", "2014-12-31": "$7,409", "2014-09-30": "$6,863", "2014-06-30": "$6,189", "2014-03-31": "$6,604", "2013-12-31": "$7,390", "2013-09-30": "$3,921", "2013-06-30": "$1,476", "2013-03-31": "$2,190", "2012-12-31": "$2,883", "2012-09-30": "$1,778", "2012-06-30": "$1,705", "2012-03-31": "$1,996", "2011-12-31": "$2,785", "2011-09-30": "$1,542", "2011-06-30": "$1,507", "2011-03-31": "$2,140", "2010-12-31": "$3,244", "2010-09-30": "$1,824", "2010-06-30": "$1,535", "2010-03-31": "$1,998", "2009-12-31": "$2,986", "2009-09-30": "$2,160", "2009-06-30": "$1,988", "2009-03-31": "$2,203", "2008-12-31": "$2,938", "2008-09-30": "$1,966", "2008-06-30": "$646", "2008-03-31": "$583", "2007-12-31": "$639", "2007-09-30": "$432", "2007-06-30": "$378", "2007-03-31": "$382", "2006-12-31": "$483", "2006-09-30": "$294", "2006-06-30": "$203", "2006-03-31": "$196", "2005-12-31": "$386", "2005-09-30": "$177", "2005-06-30": "$154", "2005-03-31": "$207"}}, "total-share-holder-equity": {"Activision Blizzard Annual Share Holder Equity (Millions of US $)": {"2019": "$12,805", "2018": "$11,392", "2017": "$9,462", "2016": "$9,119", "2015": "$8,068", "2014": "$7,233", "2013": "$6,622", "2012": "$11,317", "2011": "$10,492", "2010": "$10,203", "2009": "$10,756", "2008": "$11,527", "2007": "$1,412", "2006": "$1,223", "2005": "$1,100"}, "Activision Blizzard Quarterly Share Holder Equity (Millions of US $)": {"2020-09-30": "$14,382", "2020-06-30": "$13,682", "2020-03-31": "$13,021", "2019-12-31": "$12,805", "2019-09-30": "$12,235", "2019-06-30": "$11,977", "2019-03-31": "$11,596", "2018-12-31": "$11,392", "2018-09-30": "$10,659", "2018-06-30": "$10,346", "2018-03-31": "$9,819", "2017-12-31": "$9,462", "2017-09-30": "$9,967", "2017-06-30": "$9,715", "2017-03-31": "$9,436", "2016-12-31": "$9,119", "2016-09-30": "$8,818", "2016-06-30": "$8,554", "2016-03-31": "$8,348", "2015-12-31": "$8,068", "2015-09-30": "$7,989", "2015-06-30": "$7,801", "2015-03-31": "$7,238", "2014-12-31": "$7,233", "2014-09-30": "$6,992", "2014-06-30": "$7,171", "2014-03-31": "$6,924", "2013-12-31": "$6,622", "2013-09-30": "$12,139", "2013-06-30": "$11,935", "2013-03-31": "$11,535", "2012-12-31": "$11,317", "2012-09-30": "$10,883", "2012-06-30": "$10,564", "2012-03-31": "$10,486", "2011-12-31": "$10,492", "2011-09-30": "$10,571", "2011-06-30": "$10,465", "2011-03-31": "$10,237", "2010-12-31": "$10,203", "2010-09-30": "$10,746", "2010-06-30": "$10,858", "2010-03-31": "$10,868", "2009-12-31": "$10,756", "2009-09-30": "$11,292", "2009-06-30": "$11,531", "2009-03-31": "$11,448", "2008-12-31": "$11,527", "2008-09-30": "$11,775", "2008-06-30": "$2,103", "2008-03-31": "$1,948", "2007-12-31": "$240", "2007-09-30": "$1,530", "2007-06-30": "$1,461", "2007-03-31": "$1,412", "2006-12-31": "$1,409", "2006-09-30": "$1,239", "2006-06-30": "$1,235", "2006-03-31": "$1,223", "2005-12-31": "$1,209", "2005-09-30": "$1,120", "2005-06-30": "$1,113", "2005-03-31": "$1,100"}}, "profit-margins": {"current": "27.17%"}, "gross margin": {"2020-12-31": "72.04%", "2020-09-30": "72.60%", "2020-06-30": "70.35%", "2020-03-31": "68.44%", "2019-12-31": "67.73%", "2019-09-30": "67.03%", "2019-06-30": "67.10%", "2019-03-31": "67.15%", "2018-12-31": "66.44%", "2018-09-30": "65.25%", "2018-06-30": "65.22%", "2018-03-31": "64.47%", "2017-12-31": "64.36%", "2017-09-30": "64.61%", "2017-06-30": "64.68%", "2017-03-31": "63.83%", "2016-12-31": "63.77%", "2016-09-30": "63.73%", "2016-06-30": "63.41%", "2016-03-31": "65.65%", "2015-12-31": "66.02%", "2015-09-30": "65.68%", "2015-06-30": "65.73%", "2015-03-31": "65.11%", "2014-12-31": "65.40%", "2014-09-30": "64.38%", "2014-06-30": "65.69%", "2014-03-31": "66.66%", "2013-12-31": "66.59%", "2013-09-30": "67.72%", "2013-06-30": "67.45%", "2013-03-31": "65.77%", "2012-12-31": "65.77%", "2012-09-30": "61.77%", "2012-06-30": "61.02%", "2012-03-31": "62.39%", "2011-12-31": "62.73%", "2011-09-30": "59.86%", "2011-06-30": "57.44%", "2011-03-31": "55.23%", "2010-12-31": "51.99%", "2010-09-30": "50.58%", "2010-06-30": "50.34%", "2010-03-31": "48.85%", "2009-12-31": "46.09%", "2009-09-30": "42.36%", "2009-06-30": "40.89%", "2009-03-31": "39.82%", "2008-12-31": "39.23%", "2008-09-30": "51.81%", "2008-06-30": "57.67%", "2008-03-31": "51.52%", "2007-09-30": "46.02%", "2007-06-30": "36.83%", "2006-09-30": "34.82%", "2006-06-30": "36.59%"}, "operating margin": {"2020-12-31": "33.79%", "2020-09-30": "33.85%", "2020-06-30": "29.51%", "2020-03-31": "25.56%", "2019-12-31": "24.76%", "2019-09-30": "26.83%", "2019-06-30": "26.21%", "2019-03-31": "26.67%", "2018-12-31": "26.51%", "2018-09-30": "21.15%", "2018-06-30": "20.73%", "2018-03-31": "19.45%", "2017-12-31": "18.65%", "2017-09-30": "21.66%", "2017-06-30": "22.35%", "2017-03-31": "20.99%", "2016-12-31": "21.37%", "2016-09-30": "20.79%", "2016-06-30": "21.20%", "2016-03-31": "25.57%", "2015-12-31": "28.28%", "2015-09-30": "30.86%", "2015-06-30": "28.39%", "2015-03-31": "28.37%", "2014-12-31": "26.84%", "2014-09-30": "23.67%", "2014-06-30": "25.45%", "2014-03-31": "27.73%", "2013-12-31": "29.94%", "2013-09-30": "32.51%", "2013-06-30": "34.68%", "2013-03-31": "30.45%", "2012-12-31": "29.88%", "2012-09-30": "22.07%", "2012-06-30": "21.03%", "2012-03-31": "26.06%", "2011-12-31": "27.93%", "2011-09-30": "18.97%", "2011-06-30": "16.76%", "2011-03-31": "13.78%", "2010-12-31": "10.55%", "2010-09-30": "9.48%", "2010-06-30": "8.56%", "2010-03-31": "6.64%", "2009-12-31": "-0.61%", "2009-09-30": "5.92%", "2009-06-30": "1.26%", "2009-03-31": "-3.18%", "2008-12-31": "-7.70%", "2008-09-30": "11.15%", "2008-06-30": "22.98%", "2008-03-31": "21.12%", "2007-09-30": "65.90%", "2007-06-30": "65.69%", "2006-09-30": "62.58%", "2006-06-30": "61.53%"}, "ebitda margin": {"2020-09-30": "39.56%", "2020-06-30": "35.88%", "2020-03-31": "33.32%", "2019-12-31": "33.29%", "2019-09-30": "38.21%", "2019-06-30": "38.07%", "2019-03-31": "38.68%", "2018-12-31": "39.81%", "2018-09-30": "34.27%", "2018-06-30": "34.96%", "2018-03-31": "35.86%", "2017-12-31": "35.74%", "2017-09-30": "38.76%", "2017-06-30": "40.45%", "2017-03-31": "39.15%", "2016-12-31": "39.09%", "2016-09-30": "37.38%", "2016-06-30": "35.83%", "2016-03-31": "37.39%", "2015-12-31": "39.02%", "2015-09-30": "41.69%", "2015-06-30": "38.80%", "2015-03-31": "38.10%", "2014-12-31": "34.85%", "2014-09-30": "28.93%", "2014-06-30": "32.00%", "2014-03-31": "34.16%", "2013-12-31": "36.83%", "2013-09-30": "41.20%", "2013-06-30": "41.78%", "2013-03-31": "38.08%", "2012-12-31": "36.64%", "2012-09-30": "30.95%", "2012-06-30": "30.25%", "2012-03-31": "34.84%", "2011-12-31": "37.08%", "2011-09-30": "28.73%", "2011-06-30": "27.08%", "2011-03-31": "24.48%", "2010-12-31": "22.17%", "2010-09-30": "21.02%", "2010-06-30": "20.60%", "2010-03-31": "19.93%", "2009-12-31": "14.07%", "2009-09-30": "21.42%", "2009-06-30": "18.84%", "2009-03-31": "14.75%", "2008-12-31": "10.84%", "2008-09-30": "25.51%", "2008-06-30": "30.95%", "2008-03-31": "27.21%", "2007-09-30": "57.20%", "2007-06-30": "58.53%", "2006-09-30": "74.08%", "2006-06-30": "74.08%"}, "pre tax profit margin": {"2020-12-31": "32.35%", "2020-09-30": "32.64%", "2020-06-30": "29.01%", "2020-03-31": "25.88%", "2019-12-31": "25.17%", "2019-09-30": "27.25%", "2019-06-30": "25.85%", "2019-03-31": "25.50%", "2018-12-31": "25.03%", "2018-09-30": "19.16%", "2018-06-30": "18.99%", "2018-03-31": "17.43%", "2017-12-31": "16.40%", "2017-09-30": "18.10%", "2017-06-30": "18.39%", "2017-03-31": "16.72%", "2016-12-31": "16.74%", "2016-09-30": "16.97%", "2016-06-30": "17.20%", "2016-03-31": "21.44%", "2015-12-31": "24.04%", "2015-09-30": "26.75%", "2015-06-30": "24.07%", "2015-03-31": "23.98%", "2014-12-31": "22.25%", "2014-09-30": "19.00%", "2014-06-30": "21.82%", "2014-03-31": "25.31%", "2013-12-31": "28.78%", "2013-09-30": "32.53%", "2013-06-30": "34.80%", "2013-03-31": "30.61%", "2012-12-31": "30.02%", "2012-09-30": "22.07%", "2012-06-30": "21.08%", "2012-03-31": "26.11%", "2011-12-31": "27.99%", "2011-09-30": "19.28%", "2011-06-30": "17.31%", "2011-03-31": "14.32%", "2010-12-31": "11.06%", "2010-09-30": "9.74%", "2010-06-30": "8.75%", "2010-03-31": "6.82%", "2009-12-31": "-0.19%", "2009-09-30": "6.81%", "2009-06-30": "2.45%", "2009-03-31": "-1.71%", "2008-12-31": "-6.18%", "2008-09-30": "12.54%", "2008-06-30": "23.54%", "2008-03-31": "22.03%", "2007-09-30": "17.02%", "2007-06-30": "13.01%", "2006-09-30": "3.27%", "2006-06-30": "3.83%"}, "net profit margin": {"2020-12-31": "27.17%", "2020-09-30": "28.89%", "2020-06-30": "25.94%", "2020-03-31": "24.19%", "2019-12-31": "23.16%", "2019-09-30": "24.18%", "2019-06-30": "24.19%", "2019-03-31": "24.39%", "2018-12-31": "24.64%", "2018-09-30": "8.07%", "2018-06-30": "6.96%", "2018-03-31": "4.78%", "2017-12-31": "3.89%", "2017-09-30": "15.82%", "2017-06-30": "16.10%", "2017-03-31": "14.90%", "2016-12-31": "14.56%", "2016-09-30": "14.52%", "2016-06-30": "14.70%", "2016-03-31": "17.56%", "2015-12-31": "18.89%", "2015-09-30": "22.06%", "2015-06-30": "20.00%", "2015-03-31": "20.07%", "2014-12-31": "18.53%", "2014-09-30": "14.41%", "2014-06-30": "16.46%", "2014-03-31": "18.86%", "2013-12-31": "21.54%", "2013-09-30": "24.33%", "2013-06-30": "26.91%", "2013-03-31": "24.04%", "2012-12-31": "23.17%", "2012-09-30": "19.49%", "2012-06-30": "18.18%", "2012-03-31": "21.21%", "2011-12-31": "22.48%", "2011-09-30": "15.39%", "2011-06-30": "13.43%", "2011-03-31": "11.53%", "2010-12-31": "9.31%", "2010-09-30": "7.95%", "2010-06-30": "7.23%", "2010-03-31": "6.60%", "2009-12-31": "2.62%", "2009-09-30": "7.55%", "2009-06-30": "4.72%", "2009-03-31": "1.06%", "2008-12-31": "-3.54%", "2008-09-30": "8.19%", "2008-06-30": "15.73%", "2008-03-31": "14.88%", "2007-09-30": "13.31%", "2007-06-30": "9.75%", "2006-09-30": "2.18%", "2006-06-30": "2.93%"}, "pe ratio": {"current": "31.17", "2021-02-05": "46.61", "2020-12-31": "42.59", "2020-09-30": "28.30", "2020-06-30": "32.44", "2020-03-31": "29.26", "2019-12-31": "30.28", "2019-09-30": "24.92", "2019-06-30": "21.41", "2019-03-31": "19.84", "2018-12-31": "19.53", "2018-09-30": "110.79", "2018-06-30": "115.72", "2018-03-31": "147.75", "2017-12-31": "172.46", "2017-09-30": "43.32", "2017-06-30": "38.40", "2017-03-31": "37.04", "2016-12-31": "29.09", "2016-09-30": "39.61", "2016-06-30": "38.62", "2016-03-31": "29.45", "2015-12-31": "31.19", "2015-09-30": "20.18", "2015-06-30": "18.29", "2015-03-31": "17.30", "2014-12-31": "16.92", "2014-09-30": "22.87", "2014-06-30": "22.46", "2014-03-31": "20.59", "2013-12-31": "17.79", "2013-09-30": "15.21", "2013-06-30": "11.36", "2013-03-31": "12.91", "2012-12-31": "9.94", "2012-09-30": "13.70", "2012-06-30": "16.03", "2012-03-31": "14.45", "2011-12-31": "12.35", "2011-09-30": "17.15", "2011-06-30": "19.59", "2011-03-31": "23.53", "2010-12-31": "36.46", "2010-09-30": "35.11", "2010-06-30": "38.13", "2010-03-31": "47.61", "2009-12-31": "142.25", "2009-09-30": "44.42", "2009-06-30": "70.75", "2009-03-31": "93.75", "2008-12-31": "258.13", "2008-09-30": "27.12", "2008-06-30": "25.88", "2008-03-31": "22.25", "2007-12-31": "29.58", "2007-09-30": "42.07", "2007-06-30": "52.29", "2007-03-31": "106.10", "2006-12-31": "70.24"}, "price sales": {"2021-02-05": "9.77", "2020-12-31": "8.93", "2020-09-30": "8.19", "2020-06-30": "8.40", "2020-03-31": "7.07", "2019-12-31": "7.01", "2019-09-30": "5.88", "2019-06-30": "5.08", "2019-03-31": "4.74", "2018-12-31": "4.72", "2018-09-30": "8.81", "2018-06-30": "7.95", "2018-03-31": "7.02", "2017-12-31": "6.76", "2017-09-30": "6.88", "2017-06-30": "6.17", "2017-03-31": "5.37", "2016-12-31": "4.01", "2016-09-30": "5.44", "2016-06-30": "5.37", "2016-03-31": "5.05", "2015-12-31": "5.90", "2015-09-30": "4.47", "2015-06-30": "3.67", "2015-03-31": "3.49", "2014-12-31": "3.16", "2014-09-30": "3.69", "2014-06-30": "4.31", "2014-03-31": "4.30", "2013-12-31": "4.03", "2013-09-30": "3.67", "2013-06-30": "3.04", "2013-03-31": "3.08", "2012-12-31": "2.29", "2012-09-30": "2.65", "2012-06-30": "2.89", "2012-03-31": "3.07", "2011-12-31": "2.77", "2011-09-30": "2.72", "2011-06-30": "2.70", "2011-03-31": "2.69", "2010-12-31": "3.17", "2010-09-30": "2.73", "2010-06-30": "2.69", "2010-03-31": "3.09", "2009-12-31": "3.08", "2009-09-30": "2.94", "2009-06-30": "2.99", "2009-03-31": "2.60", "2008-12-31": "2.25", "2008-09-30": "3.42", "2008-06-30": "3.78", "2008-03-31": "2.89", "2007-12-31": "3.61", "2007-09-30": "3.60", "2007-06-30": "3.39", "2007-03-31": "4.21", "2006-12-31": "3.83"}, "price book": {"current": "5.46", "2021-02-05": "5.46", "2020-09-30": "4.35", "2020-06-30": "4.28", "2020-03-31": "3.50", "2019-12-31": "3.54", "2019-09-30": "3.30", "2019-06-30": "3.00", "2019-03-31": "2.99", "2018-12-31": "3.08", "2018-09-30": "5.87", "2018-06-30": "5.54", "2018-03-31": "5.15", "2017-12-31": "4.97", "2017-09-30": "4.80", "2017-06-30": "4.39", "2017-03-31": "3.90", "2016-12-31": "2.88", "2016-09-30": "3.64", "2016-06-30": "3.35", "2016-03-31": "2.92", "2015-12-31": "3.41", "2015-09-30": "2.73", "2015-06-30": "2.19", "2015-03-31": "2.20", "2014-12-31": "1.92", "2014-09-30": "2.05", "2014-06-30": "2.13", "2014-03-31": "2.02", "2013-12-31": "1.80", "2013-09-30": "0.90", "2013-06-30": "1.27", "2013-03-31": "1.34", "2012-12-31": "0.98", "2012-09-30": "1.08", "2012-06-30": "1.18", "2012-03-31": "1.27", "2011-12-31": "1.23", "2011-09-30": "1.19", "2011-06-30": "1.18", "2011-03-31": "1.14", "2010-12-31": "1.31", "2010-09-30": "1.10", "2010-06-30": "1.07", "2010-03-31": "1.25", "2009-12-31": "1.16", "2009-09-30": "1.25", "2009-06-30": "1.26", "2009-03-31": "1.05", "2008-12-31": "0.88", "2008-09-30": "1.55", "2008-06-30": "4.33", "2008-03-31": "3.70", "2007-12-31": "32.75", "2007-09-30": "3.66", "2007-06-30": "3.26", "2007-03-31": "3.41", "2006-12-31": "3.10", "2006-09-30": "3.07", "2006-06-30": "2.32", "2006-03-31": "0.00"}, "price fcf": {"2021-02-05": "", "2020-09-30": "$2.50", "2020-06-30": "$2.64", "2020-03-31": "$1.83", "2019-12-31": "$2.22", "2019-09-30": "$2.33", "2019-06-30": "$2.26", "2019-03-31": "$2.07", "2018-12-31": "$2.15", "2018-09-30": "$2.32", "2018-06-30": "$2.49", "2018-03-31": "$2.82", "2017-12-31": "$2.69", "2017-09-30": "$2.36", "2017-06-30": "$2.47", "2017-03-31": "$2.78", "2016-12-31": "$2.68", "2016-09-30": "$3.00", "2016-06-30": "$2.17", "2016-03-31": "$1.71", "2015-12-31": "$1.55", "2015-09-30": "$1.81", "2015-06-30": "$1.84", "2015-03-31": "$1.81", "2014-12-31": "$1.69", "2014-09-30": "$0.87", "2014-06-30": "$1.04", "2014-03-31": "$1.01", "2013-12-31": "$1.15", "2013-09-30": "$1.14", "2013-06-30": "$1.29", "2013-03-31": "$1.28", "2012-12-31": "$1.14", "2012-09-30": "$1.00", "2012-06-30": "$0.92", "2012-03-31": "$0.78", "2011-12-31": "$0.76", "2011-09-30": "$0.83", "2011-06-30": "$0.94", "2011-03-31": "$0.97", "2010-12-31": "$1.03", "2010-09-30": "$0.85", "2010-06-30": "$0.84", "2010-03-31": "$0.79", "2009-12-31": "$0.85", "2009-09-30": "$0.53", "2009-06-30": "$0.20", "2009-03-31": "$0.43", "2008-12-31": "$0.35", "2008-09-30": "$-0.03", "2008-06-30": "$0.63", "2008-03-31": "$0.48", "2007-12-31": "$0.33", "2007-09-30": "$0.53", "2007-06-30": "$-0.04", "2007-03-31": "$-0.23", "2006-12-31": "$-0.23"}, "net worth": {"value": "$78.53B"}, "current ratio": {"2020-12-31": "3.41", "2020-09-30": "4.12", "2020-06-30": "3.02", "2020-03-31": "2.78", "2019-12-31": "2.50", "2019-09-30": "3.43", "2019-06-30": "3.46", "2019-03-31": "2.63", "2018-12-31": "2.31", "2018-09-30": "2.09", "2018-06-30": "2.98", "2018-03-31": "2.19", "2017-12-31": "1.78", "2017-09-30": "2.25", "2017-06-30": "2.47", "2017-03-31": "1.95", "2016-12-31": "1.82", "2016-09-30": "1.44", "2016-06-30": "1.56", "2016-03-31": "1.73", "2015-12-31": "1.30", "2015-09-30": "3.92", "2015-06-30": "3.92", "2015-03-31": "3.09", "2014-12-31": "2.41", "2014-09-30": "2.82", "2014-06-30": "3.79", "2014-03-31": "3.01", "2013-12-31": "2.60", "2013-09-30": "5.76", "2013-06-30": "4.72", "2013-03-31": "3.06", "2012-12-31": "2.37", "2012-09-30": "3.02", "2012-06-30": "2.92", "2012-03-31": "2.57", "2011-12-31": "2.11", "2011-09-30": "3.19", "2011-06-30": "3.17", "2011-03-31": "2.30", "2010-12-31": "1.84", "2010-09-30": "2.98", "2010-06-30": "3.64", "2010-03-31": "2.91", "2009-12-31": "2.13", "2009-09-30": "3.51", "2009-06-30": "4.13", "2009-03-31": "3.43", "2008-12-31": "2.52", "2008-09-30": "3.82", "2008-06-30": "3.45", "2008-03-31": "3.56", "2007-12-31": "0.75", "2007-09-30": "3.55", "2007-06-30": "4.01", "2007-03-31": "4.11", "2006-12-31": "3.36", "2006-09-30": "4.27", "2006-06-30": "6.58", "2006-03-31": "5.76", "2005-12-31": "3.44", "2005-09-30": "6.13", "2005-06-30": "6.95", "2005-03-31": "5.42"}, "quick ratio": {"2020-12-31": "0.00", "2020-09-30": "0.00", "2020-06-30": "0.00", "2020-03-31": "0.00", "2019-12-31": "0.00", "2019-09-30": "3.38", "2019-06-30": "3.43", "2019-03-31": "2.61", "2018-12-31": "2.30", "2018-09-30": "2.01", "2018-06-30": "2.96", "2018-03-31": "2.18", "2017-12-31": "1.77", "2017-09-30": "2.22", "2017-06-30": "2.44", "2017-03-31": "1.92", "2016-12-31": "1.80", "2016-09-30": "1.41", "2016-06-30": "1.52", "2016-03-31": "1.68", "2015-12-31": "1.25", "2015-09-30": "3.77", "2015-06-30": "3.84", "2015-03-31": "3.03", "2014-12-31": "2.37", "2014-09-30": "2.72", "2014-06-30": "3.69", "2014-03-31": "2.92", "2013-12-31": "2.52", "2013-09-30": "5.54", "2013-06-30": "4.61", "2013-03-31": "2.97", "2012-12-31": "2.29", "2012-09-30": "2.84", "2012-06-30": "2.83", "2012-03-31": "2.49", "2011-12-31": "2.05", "2011-09-30": "3.03", "2011-06-30": "3.10", "2011-03-31": "2.25", "2010-12-31": "1.80", "2010-09-30": "2.79", "2010-06-30": "3.50", "2010-03-31": "2.78", "2009-12-31": "2.03", "2009-09-30": "3.24", "2009-06-30": "3.95", "2009-03-31": "3.26", "2008-12-31": "2.40", "2008-09-30": "3.47", "2008-06-30": "3.08", "2008-03-31": "3.30", "2007-12-31": "0.71", "2007-09-30": "3.09", "2007-06-30": "3.76", "2007-03-31": "3.84", "2006-12-31": "3.17", "2006-09-30": "3.99", "2006-06-30": "6.19", "2006-03-31": "5.44", "2005-12-31": "3.22", "2005-09-30": "5.83", "2005-06-30": "6.65", "2005-03-31": "5.19"}, "debt equity ratio": {"current": "0.25", "2020-12-31": "0.54", "2020-09-30": "0.50", "2020-06-30": "0.48", "2020-03-31": "0.51", "2019-12-31": "0.55", "2019-09-30": "0.46", "2019-06-30": "0.46", "2019-03-31": "0.55", "2018-12-31": "0.57", "2018-09-30": "0.57", "2018-06-30": "0.74", "2018-03-31": "0.87", "2017-12-31": "0.97", "2017-09-30": "0.78", "2017-06-30": "0.73", "2017-03-31": "0.79", "2016-12-31": "0.91", "2016-09-30": "1.08", "2016-06-30": "0.94", "2016-03-31": "1.07", "2015-12-31": "0.89", "2015-09-30": "0.79", "2015-06-30": "0.80", "2015-03-31": "0.90", "2014-12-31": "1.02", "2014-09-30": "0.98", "2014-06-30": "0.86", "2014-03-31": "0.95", "2013-12-31": "1.12", "2013-09-30": "0.32", "2013-06-30": "0.12", "2013-03-31": "0.19", "2012-12-31": "0.26", "2012-09-30": "0.16", "2012-06-30": "0.16", "2012-03-31": "0.19", "2011-12-31": "0.27", "2011-09-30": "0.15", "2011-06-30": "0.14", "2011-03-31": "0.21", "2010-12-31": "0.32", "2010-09-30": "0.17", "2010-06-30": "0.14", "2010-03-31": "0.18", "2009-12-31": "0.28", "2009-09-30": "0.19", "2009-06-30": "0.17", "2009-03-31": "0.19", "2008-12-31": "0.26", "2008-09-30": "0.17", "2008-06-30": "0.31", "2008-03-31": "0.30", "2007-12-31": "2.66", "2007-09-30": "0.28", "2007-06-30": "0.26", "2007-03-31": "0.27", "2006-12-31": "0.34", "2006-09-30": "0.24", "2006-06-30": "0.16", "2006-03-31": "0.16", "2005-12-31": "0.32", "2005-09-30": "0.16", "2005-06-30": "0.14", "2005-03-31": "0.19"}, "return on equity": {"2020-12-31": "15.66%", "2020-09-30": "16.43%", "2020-06-30": "14.02%", "2020-03-31": "12.48%", "2019-12-31": "12.37%", "2019-09-30": "14.11%", "2019-06-30": "15.09%", "2019-03-31": "16.32%", "2018-12-31": "17.51%", "2018-09-30": "5.74%", "2018-06-30": "5.11%", "2018-03-31": "3.56%", "2017-12-31": "2.83%", "2017-09-30": "11.57%", "2017-06-30": "12.05%", "2017-03-31": "11.41%", "2016-12-31": "11.05%", "2016-09-30": "10.22%", "2016-06-30": "9.58%", "2016-03-31": "10.56%", "2015-12-31": "11.33%", "2015-09-30": "14.25%", "2015-06-30": "12.71%", "2015-03-31": "12.82%", "2014-12-31": "11.54%", "2014-09-30": "9.05%", "2014-06-30": "8.60%", "2014-03-31": "8.76%", "2013-12-31": "9.35%", "2013-09-30": "10.02%", "2013-06-30": "11.75%", "2013-03-31": "10.87%", "2012-12-31": "10.40%", "2012-09-30": "8.26%", "2012-06-30": "7.61%", "2012-03-31": "9.04%", "2011-12-31": "10.24%", "2011-09-30": "7.09%", "2011-06-30": "6.15%", "2011-03-31": "5.03%", "2010-12-31": "3.88%", "2010-09-30": "3.37%", "2010-06-30": "3.00%", "2010-03-31": "2.74%", "2009-12-31": "0.99%", "2009-09-30": "2.87%", "2009-06-30": "1.78%", "2009-03-31": "0.42%", "2008-12-31": "-1.56%", "2008-09-30": "5.85%", "2008-06-30": "26.87%", "2008-03-31": "30.20%", "2007-09-30": "15.07%", "2007-06-30": "10.65%", "2006-09-30": "2.12%", "2006-06-30": "3.01%"}, "return on assets": {"2020-12-31": "10.40%", "2020-09-30": "10.90%", "2020-06-30": "9.36%", "2020-03-31": "8.35%", "2019-12-31": "8.23%", "2019-09-30": "9.36%", "2019-06-30": "9.83%", "2019-03-31": "10.18%", "2018-12-31": "10.42%", "2018-09-30": "3.22%", "2018-06-30": "2.78%", "2018-03-31": "1.94%", "2017-12-31": "1.56%", "2017-09-30": "6.42%", "2017-06-30": "6.42%", "2017-03-31": "5.91%", "2016-12-31": "5.52%", "2016-09-30": "5.11%", "2016-06-30": "4.97%", "2016-03-31": "5.59%", "2015-12-31": "6.15%", "2015-09-30": "7.60%", "2015-06-30": "6.61%", "2015-03-31": "6.60%", "2014-12-31": "5.90%", "2014-09-30": "4.58%", "2014-06-30": "4.96%", "2014-03-31": "5.78%", "2013-12-31": "6.90%", "2013-09-30": "8.20%", "2013-06-30": "9.93%", "2013-03-31": "9.11%", "2012-12-31": "8.72%", "2012-09-30": "6.91%", "2012-06-30": "6.39%", "2012-03-31": "7.62%", "2011-12-31": "8.60%", "2011-09-30": "5.89%", "2011-06-30": "5.08%", "2011-03-31": "4.17%", "2010-12-31": "3.23%", "2010-09-30": "2.82%", "2010-06-30": "2.50%", "2010-03-31": "2.27%", "2009-12-31": "0.82%", "2009-09-30": "2.39%", "2009-06-30": "1.49%", "2009-03-31": "0.35%", "2008-12-31": "-1.28%", "2008-09-30": "4.72%", "2008-06-30": "19.26%", "2008-03-31": "21.69%", "2007-09-30": "11.70%", "2007-06-30": "8.33%", "2006-09-30": "1.74%", "2006-06-30": "2.50%"}, "return on investments": {"2020-12-31": "15.92%", "2020-09-30": "15.83%", "2020-06-30": "13.21%", "2020-03-31": "10.86%", "2019-12-31": "10.84%", "2019-09-30": "12.76%", "2019-06-30": "13.25%", "2019-03-31": "13.92%", "2018-12-31": "14.11%", "2018-09-30": "10.79%", "2018-06-30": "10.54%", "2018-03-31": "9.99%", "2017-12-31": "9.33%", "2017-09-30": "10.76%", "2017-06-30": "11.15%", "2017-03-31": "10.49%", "2016-12-31": "10.20%", "2016-09-30": "9.24%", "2016-06-30": "8.78%", "2016-03-31": "9.86%", "2015-12-31": "11.13%", "2015-09-30": "12.88%", "2015-06-30": "11.46%", "2015-03-31": "11.37%", "2014-12-31": "10.38%", "2014-09-30": "9.09%", "2014-06-30": "9.03%", "2014-03-31": "13.14%", "2013-12-31": "21.40%", "2013-09-30": "43.79%", "2013-06-30": "inf%", "2013-03-31": "inf%", "2012-12-31": "inf%", "2012-09-30": "inf%", "2012-06-30": "inf%", "2012-03-31": "inf%", "2011-12-31": "inf%", "2011-09-30": "inf%", "2011-06-30": "inf%", "2011-03-31": "inf%", "2010-12-31": "inf%", "2010-09-30": "inf%", "2010-06-30": "inf%", "2010-03-31": "inf%", "2009-12-31": "inf%", "2009-09-30": "inf%", "2009-06-30": "inf%", "2009-03-31": "inf%", "2008-12-31": "inf%", "2008-09-30": "inf%", "2008-06-30": "inf%", "2008-03-31": "inf%", "2007-12-31": "inf%", "2007-09-30": "inf%", "2007-06-30": "inf%", "2007-03-31": "inf%", "2006-09-30": "inf%", "2006-06-30": "inf%"}, "return on tangible equity": {"2020-09-30": "68.87%", "2020-06-30": "68.46%", "2020-03-31": "71.45%", "2019-12-31": "84.30%", "2019-09-30": "120.72%", "2019-06-30": "186.10%", "2019-03-31": "400.89%", "2018-12-31": "-2514.29%", "2018-09-30": "-89.06%", "2018-06-30": "-53.90%", "2018-03-31": "-28.01%", "2017-12-31": "-18.13%", "2017-09-30": "-62.11%", "2017-06-30": "-49.25%", "2017-03-31": "-37.12%", "2016-12-31": "-29.71%", "2016-09-30": "-34.68%", "2016-06-30": "-48.81%", "2016-03-31": "-125.46%", "2015-12-31": "403.67%", "2015-09-30": "8800.00%", "2015-06-30": "-384.69%", "2015-03-31": "-227.37%", "2014-12-31": "-169.41%", "2014-09-30": "-98.66%", "2014-06-30": "109.67%", "2014-03-31": "45.13%", "2013-12-31": "33.27%", "2013-09-30": "28.52%", "2013-06-30": "35.28%", "2013-03-31": "34.92%", "2012-12-31": "35.39%", "2012-09-30": "29.49%", "2012-06-30": "27.90%", "2012-03-31": "33.63%", "2011-12-31": "39.09%", "2011-09-30": "27.89%", "2011-06-30": "24.98%", "2011-03-31": "20.82%", "2010-12-31": "16.03%", "2010-09-30": "13.99%", "2010-06-30": "12.65%", "2010-03-31": "11.67%", "2009-12-31": "4.34%", "2009-09-30": "12.69%", "2009-06-30": "7.88%", "2009-03-31": "1.65%", "2008-12-31": "-5.03%", "2008-09-30": "15.93%", "2008-06-30": "34.99%", "2008-03-31": "39.87%", "2007-09-30": "18.84%", "2007-06-30": "13.21%", "2006-09-30": "2.58%", "2006-06-30": "3.55%"}, "dividend yield history": {"last payout": "$0.41", "last yield": "0.40%"}}