{"ticker": "AYI", "price": {"title": "Acuity Brands Inc Historical Annual Stock Price Data", "value": 121.09, "historical": {"2020": {"Average Stock Price": "101.8963", "Year Open": "139.6100", "Year High": "143.1200", "Year Low": "71.0800", "Year Close": "121.0900", "Annual % Change": "-12.25%"}, "2019": {"Average Stock Price": "130.2328", "Year Open": "115.2300", "Year High": "146.3300", "Year Low": "111.4500", "Year Close": "138.0000", "Annual % Change": "20.05%"}, "2018": {"Average Stock Price": "135.4691", "Year Open": "179.8100", "Year High": "185.7300", "Year Low": "105.8000", "Year Close": "114.9500", "Annual % Change": "-34.69%"}, "2017": {"Average Stock Price": "185.0303", "Year Open": "234.1900", "Year High": "239.9300", "Year Low": "156.4100", "Year Close": "176.0000", "Annual % Change": "-23.76%"}, "2016": {"Average Stock Price": "241.6403", "Year Open": "233.2100", "Year High": "279.1500", "Year Low": "175.1300", "Year Close": "230.8600", "Annual % Change": "-1.26%"}, "2015": {"Average Stock Price": "186.3348", "Year Open": "139.8800", "Year High": "240.1400", "Year Low": "134.8100", "Year Close": "233.8000", "Annual % Change": "66.92%"}, "2014": {"Average Stock Price": "128.2101", "Year Open": "107.6500", "Year High": "143.6500", "Year Low": "106.2800", "Year Close": "140.0700", "Annual % Change": "28.13%"}, "2013": {"Average Stock Price": "83.5017", "Year Open": "69.1700", "Year High": "110.1900", "Year Low": "65.4600", "Year Close": "109.3200", "Annual % Change": "61.41%"}, "2012": {"Average Stock Price": "60.3507", "Year Open": "53.0100", "Year High": "68.9500", "Year Low": "48.9000", "Year Close": "67.7300", "Annual % Change": "27.79%"}, "2011": {"Average Stock Price": "51.5800", "Year Open": "59.3600", "Year High": "60.9600", "Year Low": "33.9700", "Year Close": "53.0000", "Annual % Change": "-8.10%"}, "2010": {"Average Stock Price": "44.1367", "Year Open": "36.0300", "Year High": "60.0900", "Year Low": "35.2500", "Year Close": "57.6700", "Annual % Change": "61.81%"}, "2009": {"Average Stock Price": "29.4765", "Year Open": "34.7900", "Year High": "36.4300", "Year Low": "20.2300", "Year Close": "35.6400", "Annual % Change": "2.09%"}, "2008": {"Average Stock Price": "41.5841", "Year Open": "44.2500", "Year High": "53.5000", "Year Low": "25.1500", "Year Close": "34.9100", "Annual % Change": "-22.42%"}, "2007": {"Average Stock Price": "53.6663", "Year Open": "51.9200", "Year High": "65.0300", "Year Low": "34.6600", "Year Close": "45.0000", "Annual % Change": "-13.53%"}, "2006": {"Average Stock Price": "43.1761", "Year Open": "31.8900", "Year High": "54.3300", "Year Low": "31.8900", "Year Close": "52.0400", "Annual % Change": "63.65%"}, "2005": {"Average Stock Price": "27.8315", "Year Open": "30.5900", "Year High": "32.4000", "Year Low": "23.7000", "Year Close": "31.8000", "Annual % Change": "0.00%"}, "2004": {"Average Stock Price": "25.4055", "Year Open": "25.2900", "Year High": "31.8000", "Year Low": "21.6200", "Year Close": "31.8000", "Annual % Change": "23.26%"}, "2003": {"Average Stock Price": "17.5096", "Year Open": "14.1200", "Year High": "26.1400", "Year Low": "12.3000", "Year Close": "25.8000", "Annual % Change": "90.55%"}, "2002": {"Average Stock Price": "14.7705", "Year Open": "14.0000", "Year High": "19.4000", "Year Low": "11.5500", "Year Close": "13.5400", "Annual % Change": "11.90%"}, "2001": {"Average Stock Price": "12.4545", "Year Open": "13.8000", "Year High": "14.0600", "Year Low": "11.0000", "Year Close": "12.1000", "Annual % Change": "0.00%"}}}, "market cap": {"value": "$4.36B"}, "income statement": {"Revenue": {"2020-08-31": "3326.30000", "2019-08-31": "3672.70000", "2018-08-31": "3680.10000", "2017-08-31": "3505.10000", "2016-08-31": "3291.30000", "2015-08-31": "2706.70000", "2014-08-31": "2393.50000", "2013-08-31": "2089.10000", "2012-08-31": "1933.70000", "2011-08-31": "1795.70000", "2010-08-31": "1626.90000", "2009-08-31": "1657.40000", "2008-08-31": "2026.60000", "2007-08-31": "1964.78100", "2006-08-31": "1841.03900", "2005-08-31": "2172.85400"}, "Cost Of Goods Sold": {"2020-08-31": "1923.90000", "2019-08-31": "2193.00000", "2018-08-31": "2194.70000", "2017-08-31": "2024.00000", "2016-08-31": "1855.10000", "2015-08-31": "1561.10000", "2014-08-31": "1414.30000", "2013-08-31": "1251.50000", "2012-08-31": "1145.70000", "2011-08-31": "1065.70000", "2010-08-31": "965.40000", "2009-08-31": "1022.30000", "2008-08-31": "1210.80000", "2007-08-31": "1220.46600", "2006-08-31": "1188.20200", "2005-08-31": "1324.31100"}, "Gross Profit": {"2020-08-31": "1402.40000", "2019-08-31": "1479.70000", "2018-08-31": "1485.40000", "2017-08-31": "1481.10000", "2016-08-31": "1436.20000", "2015-08-31": "1145.60000", "2014-08-31": "979.20000", "2013-08-31": "837.60010", "2012-08-31": "788.00000", "2011-08-31": "730.00000", "2010-08-31": "661.50000", "2009-08-31": "635.10000", "2008-08-31": "815.79990", "2007-08-31": "744.31510", "2006-08-31": "652.83690", "2005-08-31": "848.54300"}, "Research And Development Expenses": {"2020-08-31": "", "2019-08-31": "", "2018-08-31": "", "2017-08-31": "", "2016-08-31": "", "2015-08-31": "", "2014-08-31": "", "2013-08-31": "", "2012-08-31": "", "2011-08-31": "", "2010-08-31": "", "2009-08-31": "", "2008-08-31": "", "2007-08-31": "", "2006-08-31": "", "2005-08-31": ""}, "SG&A Expenses": {"2020-08-31": "1028.50000", "2019-08-31": "1015.00000", "2018-08-31": "1019.00000", "2017-08-31": "942.30000", "2016-08-31": "946.00000", "2015-08-31": "756.90000", "2014-08-31": "680.30000", "2013-08-31": "607.60000", "2012-08-31": "566.70000", "2011-08-31": "541.30000", "2010-08-31": "495.40000", "2009-08-31": "454.60000", "2008-08-31": "540.10000", "2007-08-31": "521.89200", "2006-08-31": "500.42600", "2005-08-31": "718.13400"}, "Other Operating Income Or Expenses": {"2020-08-31": "-20.00000", "2019-08-31": "-1.80000", "2018-08-31": "-5.60000", "2017-08-31": "-11.30000", "2016-08-31": "-15.00000", "2015-08-31": "-12.40000", "2014-08-31": "0.20000", "2013-08-31": "-8.50000", "2012-08-31": "-13.30000", "2011-08-31": "", "2010-08-31": "-8.40000", "2009-08-31": "-26.70000", "2008-08-31": "-14.60000", "2007-08-31": "", "2006-08-31": "-0.29200", "2005-08-31": "-23.66400"}, "Operating Expenses": {"2020-08-31": "2972.40000", "2019-08-31": "3209.80000", "2018-08-31": "3219.30000", "2017-08-31": "2977.60000", "2016-08-31": "2816.10000", "2015-08-31": "2330.40000", "2014-08-31": "2094.40000", "2013-08-31": "1867.60000", "2012-08-31": "1725.70000", "2011-08-31": "1607.00000", "2010-08-31": "1469.20000", "2009-08-31": "1503.60000", "2008-08-31": "1765.50000", "2007-08-31": "1742.35800", "2006-08-31": "1688.92000", "2005-08-31": "2066.10900"}, "Operating Income": {"2020-08-31": "353.90010", "2019-08-31": "462.89990", "2018-08-31": "460.80000", "2017-08-31": "527.50000", "2016-08-31": "475.20000", "2015-08-31": "376.30000", "2014-08-31": "299.09990", "2013-08-31": "221.50010", "2012-08-31": "208.00000", "2011-08-31": "188.70000", "2010-08-31": "157.70000", "2009-08-31": "153.80000", "2008-08-31": "261.10000", "2007-08-31": "222.42310", "2006-08-31": "152.11890", "2005-08-31": "106.74490"}, "Total Non-Operating Income/Expense": {"2020-08-31": "-29.20000", "2019-08-31": "-38.00000", "2018-08-31": "-34.90000", "2017-08-31": "-34.90000", "2016-08-31": "-30.60000", "2015-08-31": "-32.70000", "2014-08-31": "-33.40000", "2013-08-31": "-28.40000", "2012-08-31": "-29.00000", "2011-08-31": "-31.10000", "2010-08-31": "-38.90000", "2009-08-31": "-26.50000", "2008-08-31": "-30.60000", "2007-08-31": "-28.23700", "2006-08-31": "-33.29600", "2005-08-31": "-31.91300"}, "Pre-Tax Income": {"2020-08-31": "324.70000", "2019-08-31": "424.90000", "2018-08-31": "425.90000", "2017-08-31": "492.60000", "2016-08-31": "444.60000", "2015-08-31": "343.60000", "2014-08-31": "265.70000", "2013-08-31": "193.10000", "2012-08-31": "179.00000", "2011-08-31": "157.60000", "2010-08-31": "118.80000", "2009-08-31": "127.30000", "2008-08-31": "230.50000", "2007-08-31": "194.18600", "2006-08-31": "118.82300", "2005-08-31": "74.83200"}, "Income Taxes": {"2020-08-31": "76.40000", "2019-08-31": "94.50000", "2018-08-31": "76.30000", "2017-08-31": "170.90000", "2016-08-31": "153.80000", "2015-08-31": "121.50000", "2014-08-31": "89.90000", "2013-08-31": "65.70000", "2012-08-31": "62.70000", "2011-08-31": "52.10000", "2010-08-31": "39.80000", "2009-08-31": "42.10000", "2008-08-31": "81.90000", "2007-08-31": "65.49900", "2006-08-31": "39.15200", "2005-08-31": "22.60300"}, "Income After Taxes": {"2020-08-31": "248.30000", "2019-08-31": "330.40000", "2018-08-31": "349.60000", "2017-08-31": "321.70000", "2016-08-31": "290.80000", "2015-08-31": "222.10000", "2014-08-31": "175.80000", "2013-08-31": "127.40000", "2012-08-31": "116.30000", "2011-08-31": "105.50000", "2010-08-31": "79.00000", "2009-08-31": "85.20000", "2008-08-31": "148.60000", "2007-08-31": "128.68700", "2006-08-31": "79.67100", "2005-08-31": "52.22900"}, "Other Income": {"2020-08-31": "", "2019-08-31": "", "2018-08-31": "", "2017-08-31": "", "2016-08-31": "", "2015-08-31": "", "2014-08-31": "", "2013-08-31": "", "2012-08-31": "", "2011-08-31": "", "2010-08-31": "", "2009-08-31": "", "2008-08-31": "", "2007-08-31": "", "2006-08-31": "", "2005-08-31": ""}, "Income From Continuous Operations": {"2020-08-31": "248.30000", "2019-08-31": "330.40000", "2018-08-31": "349.60000", "2017-08-31": "321.70000", "2016-08-31": "290.80000", "2015-08-31": "222.10000", "2014-08-31": "175.80000", "2013-08-31": "127.40000", "2012-08-31": "116.30000", "2011-08-31": "105.50000", "2010-08-31": "79.00000", "2009-08-31": "85.20000", "2008-08-31": "148.60000", "2007-08-31": "128.68700", "2006-08-31": "79.67100", "2005-08-31": "52.22900"}, "Income From Discontinued Operations": {"2020-08-31": "", "2019-08-31": "", "2018-08-31": "", "2017-08-31": "", "2016-08-31": "", "2015-08-31": "", "2014-08-31": "", "2013-08-31": "", "2012-08-31": "", "2011-08-31": "", "2010-08-31": "", "2009-08-31": "-0.30000", "2008-08-31": "-0.30000", "2007-08-31": "19.36700", "2006-08-31": "26.89100", "2005-08-31": ""}, "Net Income": {"2020-08-31": "248.30000", "2019-08-31": "330.40000", "2018-08-31": "349.60000", "2017-08-31": "321.70000", "2016-08-31": "290.80000", "2015-08-31": "222.10000", "2014-08-31": "174.20000", "2013-08-31": "125.40000", "2012-08-31": "114.10000", "2011-08-31": "103.60000", "2010-08-31": "77.60000", "2009-08-31": "84.90000", "2008-08-31": "148.30000", "2007-08-31": "148.05400", "2006-08-31": "106.56200", "2005-08-31": "52.22900"}, "EBITDA": {"2020-08-31": "455.00020", "2019-08-31": "551.19990", "2018-08-31": "541.10000", "2017-08-31": "602.10000", "2016-08-31": "537.79990", "2015-08-31": "422.10000", "2014-08-31": "342.49980", "2013-08-31": "262.30010", "2012-08-31": "247.80000", "2011-08-31": "228.80000", "2010-08-31": "194.20000", "2009-08-31": "189.50000", "2008-08-31": "294.90000", "2007-08-31": "253.77110", "2006-08-31": "182.80690", "2005-08-31": "147.81990"}, "EBIT": {"2020-08-31": "353.90010", "2019-08-31": "462.89990", "2018-08-31": "460.80000", "2017-08-31": "527.50000", "2016-08-31": "475.20000", "2015-08-31": "376.30000", "2014-08-31": "299.09990", "2013-08-31": "221.50010", "2012-08-31": "208.00000", "2011-08-31": "188.70000", "2010-08-31": "157.70000", "2009-08-31": "153.80000", "2008-08-31": "261.10000", "2007-08-31": "222.42310", "2006-08-31": "152.11890", "2005-08-31": "106.74490"}, "Basic Shares Outstanding": {"2020-08-31": "39.50000", "2019-08-31": "39.70000", "2018-08-31": "40.90000", "2017-08-31": "43.10000", "2016-08-31": "43.50000", "2015-08-31": "43.10000", "2014-08-31": "42.80000", "2013-08-31": "42.20000", "2012-08-31": "41.40000", "2011-08-31": "42.20000", "2010-08-31": "42.50000", "2009-08-31": "40.80000", "2008-08-31": "40.70000", "2007-08-31": "42.58500", "2006-08-31": "43.88400", "2005-08-31": "43.13500"}, "Shares Outstanding": {"2020-08-31": "39.60000", "2019-08-31": "39.80000", "2018-08-31": "41.00000", "2017-08-31": "43.30000", "2016-08-31": "43.80000", "2015-08-31": "43.40000", "2014-08-31": "43.00000", "2013-08-31": "42.50000", "2012-08-31": "41.90000", "2011-08-31": "42.80000", "2010-08-31": "43.30000", "2009-08-31": "41.60000", "2008-08-31": "41.50000", "2007-08-31": "43.89700", "2006-08-31": "45.57900", "2005-08-31": "44.75200"}, "Basic EPS": {"2020-08-31": "6.29000", "2019-08-31": "8.32000", "2018-08-31": "8.54000", "2017-08-31": "7.46000", "2016-08-31": "6.67000", "2015-08-31": "5.13000", "2014-08-31": "4.07000", "2013-08-31": "2.97000", "2012-08-31": "2.75000", "2011-08-31": "2.46000", "2010-08-31": "1.84000", "2009-08-31": "2.04000", "2008-08-31": "3.57000", "2007-08-31": "3.48000", "2006-08-31": "2.43000", "2005-08-31": "1.21000"}, "EPS - Earnings Per Share": {"2020-08-31": "6.27000", "2019-08-31": "8.29000", "2018-08-31": "8.52000", "2017-08-31": "7.43000", "2016-08-31": "6.63000", "2015-08-31": "5.09000", "2014-08-31": "4.05000", "2013-08-31": "2.95000", "2012-08-31": "2.72000", "2011-08-31": "2.42000", "2010-08-31": "1.80000", "2009-08-31": "2.00000", "2008-08-31": "3.50000", "2007-08-31": "3.37000", "2006-08-31": "2.34000", "2005-08-31": "1.17000"}}, "income statement, quarterly": {"Revenue": {"2020-11-30": "792.00000", "2020-08-31": "891.20010", "2020-05-31": "776.20000", "2020-02-29": "824.20000", "2019-11-30": "834.70000", "2019-08-31": "938.10010", "2019-05-31": "947.60000", "2019-02-28": "854.40000", "2018-11-30": "932.60000", "2018-08-31": "1061.20000", "2018-05-31": "944.00000", "2018-02-28": "832.10000", "2017-11-30": "842.80000", "2017-08-31": "957.60000", "2017-05-31": "891.60000", "2017-02-28": "804.70000", "2016-11-30": "851.20000", "2016-08-31": "925.40000", "2016-05-31": "851.50000", "2016-02-29": "777.80000", "2015-11-30": "736.60000", "2015-08-31": "759.50000", "2015-05-31": "683.70000", "2015-02-28": "616.10000", "2014-11-30": "647.40000", "2014-08-31": "668.69990", "2014-05-31": "603.90000", "2014-02-28": "546.20000", "2013-11-30": "574.70000", "2013-08-31": "579.80020", "2013-05-31": "541.50000", "2013-02-28": "486.70000", "2012-11-30": "481.10000", "2012-08-31": "514.20000", "2012-05-31": "487.50000", "2012-02-29": "457.70000", "2011-11-30": "474.30000", "2011-08-31": "496.29990", "2011-05-31": "458.30000", "2011-02-28": "416.10000", "2010-11-30": "425.00000", "2010-08-31": "444.10000", "2010-05-31": "407.60000", "2010-02-28": "383.50000", "2009-11-30": "391.70000", "2009-08-31": "422.70010", "2009-05-31": "396.60000", "2009-02-28": "386.10000", "2008-11-30": "452.00000", "2008-08-31": "522.71300", "2008-05-31": "512.43800", "2008-02-29": "482.58400", "2007-11-30": "508.86500", "2007-08-31": "540.40110", "2007-05-31": "502.42900", "2007-02-28": "444.33400", "2006-11-30": "477.61700", "2006-08-31": "122.36690", "2006-05-31": "603.26500", "2006-02-28": "549.55500", "2005-11-30": "565.85200", "2005-08-31": "597.20400", "2005-05-31": "545.32700", "2005-02-28": "505.12100"}, "Cost Of Goods Sold": {"2020-11-30": "459.60000", "2020-08-31": "516.10010", "2020-05-31": "448.60000", "2020-02-29": "480.30000", "2019-11-30": "478.90000", "2019-08-31": "543.40000", "2019-05-31": "564.00000", "2019-02-28": "520.50000", "2018-11-30": "565.10000", "2018-08-31": "649.29990", "2018-05-31": "554.90000", "2018-02-28": "497.60000", "2017-11-30": "492.90000", "2017-08-31": "550.80000", "2017-05-31": "512.70000", "2017-02-28": "468.90000", "2016-11-30": "491.60000", "2016-08-31": "523.40000", "2016-05-31": "473.60000", "2016-02-29": "440.90000", "2015-11-30": "417.20000", "2015-08-31": "438.20000", "2015-05-31": "388.10000", "2015-02-28": "360.40000", "2014-11-30": "374.40000", "2014-08-31": "385.20000", "2014-05-31": "360.50000", "2014-02-28": "331.00000", "2013-11-30": "337.60000", "2013-08-31": "342.50000", "2013-05-31": "320.40000", "2013-02-28": "297.00000", "2012-11-30": "291.60000", "2012-08-31": "303.70000", "2012-05-31": "285.50000", "2012-02-29": "275.80000", "2011-11-30": "280.70000", "2011-08-31": "295.90000", "2011-05-31": "268.60000", "2011-02-28": "252.30000", "2010-11-30": "248.90000", "2010-08-31": "259.80000", "2010-05-31": "244.00000", "2010-02-28": "231.20000", "2009-11-30": "230.40000", "2009-08-31": "257.30000", "2009-05-31": "243.00000", "2009-02-28": "244.70000", "2008-11-30": "277.30000", "2008-08-31": "310.33010", "2008-05-31": "304.24600", "2008-02-29": "290.54800", "2007-11-30": "305.67600", "2007-08-31": "330.24590", "2007-05-31": "313.78000", "2007-02-28": "279.27300", "2006-11-30": "297.16700", "2006-08-31": "159.05000", "2006-05-31": "354.22300", "2006-02-28": "334.30000", "2005-11-30": "340.62900", "2005-08-31": "364.70400", "2005-05-31": "332.98300", "2005-02-28": "315.07300"}, "Gross Profit": {"2020-11-30": "332.40000", "2020-08-31": "375.10000", "2020-05-31": "327.60000", "2020-02-29": "343.90000", "2019-11-30": "355.80000", "2019-08-31": "394.70010", "2019-05-31": "383.60000", "2019-02-28": "333.90000", "2018-11-30": "367.50000", "2018-08-31": "411.90030", "2018-05-31": "389.10000", "2018-02-28": "334.50000", "2017-11-30": "349.90000", "2017-08-31": "406.80000", "2017-05-31": "378.90000", "2017-02-28": "335.80000", "2016-11-30": "359.60000", "2016-08-31": "402.00010", "2016-05-31": "377.90000", "2016-02-29": "336.90000", "2015-11-30": "319.40000", "2015-08-31": "321.30000", "2015-05-31": "295.60000", "2015-02-28": "255.70000", "2014-11-30": "273.00000", "2014-08-31": "283.49980", "2014-05-31": "243.40000", "2014-02-28": "215.20000", "2013-11-30": "237.10000", "2013-08-31": "237.30020", "2013-05-31": "221.10000", "2013-02-28": "189.70000", "2012-11-30": "189.50000", "2012-08-31": "210.50000", "2012-05-31": "202.00000", "2012-02-29": "181.90000", "2011-11-30": "193.60000", "2011-08-31": "200.39990", "2011-05-31": "189.70000", "2011-02-28": "163.80000", "2010-11-30": "176.10000", "2010-08-31": "184.30000", "2010-05-31": "163.60000", "2010-02-28": "152.30000", "2009-11-30": "161.30000", "2009-08-31": "165.40010", "2009-05-31": "153.60000", "2009-02-28": "141.40000", "2008-11-30": "174.70000", "2008-08-31": "212.38290", "2008-05-31": "208.19200", "2008-02-29": "192.03600", "2007-11-30": "203.18900", "2007-08-31": "210.15520", "2007-05-31": "188.64900", "2007-02-28": "165.06100", "2006-11-30": "180.45000", "2006-08-31": "-36.68310", "2006-05-31": "249.04200", "2006-02-28": "215.25500", "2005-11-30": "225.22300", "2005-08-31": "232.50000", "2005-05-31": "212.34400", "2005-02-28": "190.04800"}, "Research And Development Expenses": {"2020-11-30": "", "2020-08-31": "", "2020-05-31": "", "2020-02-29": "", "2019-11-30": "", "2019-08-31": "", "2019-05-31": "", "2019-02-28": "", "2018-11-30": "", "2018-08-31": "", "2018-05-31": "", "2018-02-28": "", "2017-11-30": "", "2017-08-31": "", "2017-05-31": "", "2017-02-28": "", "2016-11-30": "", "2016-08-31": "", "2016-05-31": "", "2016-02-29": "", "2015-11-30": "", "2015-08-31": "", "2015-05-31": "", "2015-02-28": "", "2014-11-30": "", "2014-08-31": "", "2014-05-31": "", "2014-02-28": "", "2013-11-30": "", "2013-08-31": "", "2013-05-31": "", "2013-02-28": "", "2012-11-30": "", "2012-08-31": "", "2012-05-31": "", "2012-02-29": "", "2011-11-30": "", "2011-08-31": "", "2011-05-31": "", "2011-02-28": "", "2010-11-30": "", "2010-08-31": "", "2010-05-31": "", "2010-02-28": "", "2009-11-30": "", "2009-08-31": "", "2009-05-31": "", "2009-02-28": "", "2008-11-30": "", "2008-08-31": "", "2008-05-31": "", "2008-02-29": "", "2007-11-30": "", "2007-08-31": "", "2007-05-31": "", "2007-02-28": "", "2006-11-30": "", "2006-08-31": "", "2006-05-31": "", "2006-02-28": "", "2005-11-30": "", "2005-08-31": "", "2005-05-31": "", "2005-02-28": ""}, "SG&A Expenses": {"2020-11-30": "246.00000", "2020-08-31": "261.00010", "2020-05-31": "241.30000", "2020-02-29": "260.90000", "2019-11-30": "265.30000", "2019-08-31": "263.90000", "2019-05-31": "263.40000", "2019-02-28": "237.60000", "2018-11-30": "250.10000", "2018-08-31": "273.30000", "2018-05-31": "271.80000", "2018-02-28": "244.40000", "2017-11-30": "229.50000", "2017-08-31": "235.80000", "2017-05-31": "246.90000", "2017-02-28": "227.80000", "2016-11-30": "231.80000", "2016-08-31": "262.10000", "2016-05-31": "247.20000", "2016-02-29": "230.10000", "2015-11-30": "206.60000", "2015-08-31": "206.90000", "2015-05-31": "196.00000", "2015-02-28": "177.70000", "2014-11-30": "176.30000", "2014-08-31": "192.80000", "2014-05-31": "170.80000", "2014-02-28": "157.00000", "2013-11-30": "159.70000", "2013-08-31": "158.80000", "2013-05-31": "163.90000", "2013-02-28": "144.30000", "2012-11-30": "140.60000", "2012-08-31": "147.30000", "2012-05-31": "142.80000", "2012-02-29": "136.30000", "2011-11-30": "140.30000", "2011-08-31": "144.60000", "2011-05-31": "139.50000", "2011-02-28": "126.60000", "2010-11-30": "130.60000", "2010-08-31": "133.10000", "2010-05-31": "124.70000", "2010-02-28": "119.10000", "2009-11-30": "118.50000", "2009-08-31": "115.40000", "2009-05-31": "112.10000", "2009-02-28": "108.20000", "2008-11-30": "118.90000", "2008-08-31": "138.65900", "2008-05-31": "136.48800", "2008-02-29": "131.30700", "2007-11-30": "133.64600", "2007-08-31": "140.61400", "2007-05-31": "128.96500", "2007-02-28": "125.37500", "2006-11-30": "126.93800", "2006-08-31": "-64.66400", "2006-05-31": "196.80300", "2006-02-28": "185.05200", "2005-11-30": "183.23500", "2005-08-31": "181.58900", "2005-05-31": "173.56400", "2005-02-28": "177.54500"}, "Other Operating Income Or Expenses": {"2020-11-30": "-0.70000", "2020-08-31": "-8.20000", "2020-05-31": "-3.30000", "2020-02-29": "-1.60000", "2019-11-30": "-6.90000", "2019-08-31": "-0.50000", "2019-05-31": "0.10000", "2019-02-28": "-0.40000", "2018-11-30": "-1.00000", "2018-08-31": "5.10000", "2018-05-31": "-9.90000", "2018-02-28": "-0.60000", "2017-11-30": "-0.20000", "2017-08-31": "-9.60000", "2017-05-31": "-0.50000", "2017-02-28": "", "2016-11-30": "-1.20000", "2016-08-31": "-4.80000", "2016-05-31": "-9.70000", "2016-02-29": "-0.10000", "2015-11-30": "-0.40000", "2015-08-31": "-2.60000", "2015-05-31": "-0.40000", "2015-02-28": "0.60000", "2014-11-30": "-10.00000", "2014-08-31": "", "2014-05-31": "", "2014-02-28": "0.20000", "2013-11-30": "", "2013-08-31": "-0.30000", "2013-05-31": "-7.20000", "2013-02-28": "-0.30000", "2012-11-30": "-0.70000", "2012-08-31": "-2.10000", "2012-05-31": "-1.90000", "2012-02-29": "-6.60000", "2011-11-30": "-2.70000", "2011-08-31": "", "2011-05-31": "0.00000", "2011-02-28": "", "2010-11-30": "0.00000", "2010-08-31": "-3.20000", "2010-05-31": "0.30000", "2010-02-28": "-5.40000", "2009-11-30": "-0.10000", "2009-08-31": "", "2009-05-31": "", "2009-02-28": "-4.60000", "2008-11-30": "-22.10000", "2008-08-31": "0.03800", "2008-05-31": "", "2008-02-29": "", "2007-11-30": "-14.63800", "2007-08-31": "", "2007-05-31": "", "2007-02-28": "", "2006-11-30": "", "2006-08-31": "", "2006-05-31": "", "2006-02-28": "", "2005-11-30": "", "2005-08-31": "-6.66400", "2005-05-31": "", "2005-02-28": "-17.00000"}, "Operating Expenses": {"2020-11-30": "706.30000", "2020-08-31": "785.30000", "2020-05-31": "693.20000", "2020-02-29": "742.79990", "2019-11-30": "751.10000", "2019-08-31": "807.80000", "2019-05-31": "827.30000", "2019-02-28": "758.50000", "2018-11-30": "816.20000", "2018-08-31": "917.49990", "2018-05-31": "836.60000", "2018-02-28": "742.60000", "2017-11-30": "722.60000", "2017-08-31": "796.20000", "2017-05-31": "760.10000", "2017-02-28": "696.70000", "2016-11-30": "724.60000", "2016-08-31": "790.30000", "2016-05-31": "730.50000", "2016-02-29": "671.10000", "2015-11-30": "624.20010", "2015-08-31": "647.69990", "2015-05-31": "584.50000", "2015-02-28": "537.50000", "2014-11-30": "560.70000", "2014-08-31": "578.00010", "2014-05-31": "531.30000", "2014-02-28": "487.80000", "2013-11-30": "497.30000", "2013-08-31": "501.60000", "2013-05-31": "491.50000", "2013-02-28": "441.60000", "2012-11-30": "432.90000", "2012-08-31": "453.10000", "2012-05-31": "430.20000", "2012-02-29": "418.70000", "2011-11-30": "423.70000", "2011-08-31": "440.50000", "2011-05-31": "408.10000", "2011-02-28": "378.90000", "2010-11-30": "379.50000", "2010-08-31": "396.10010", "2010-05-31": "368.40000", "2010-02-28": "355.70000", "2009-11-30": "349.00000", "2009-08-31": "372.70000", "2009-05-31": "355.10000", "2009-02-28": "357.50000", "2008-11-30": "418.30000", "2008-08-31": "448.95100", "2008-05-31": "440.73400", "2008-02-29": "421.85500", "2007-11-30": "453.96000", "2007-08-31": "470.85990", "2007-05-31": "442.74500", "2007-02-28": "404.64800", "2006-11-30": "424.10500", "2006-08-31": "94.67800", "2006-05-31": "551.02600", "2006-02-28": "519.35200", "2005-11-30": "523.86400", "2005-08-31": "552.95710", "2005-05-31": "506.54700", "2005-02-28": "509.61800"}, "Operating Income": {"2020-11-30": "85.70000", "2020-08-31": "105.90010", "2020-05-31": "83.00000", "2020-02-29": "81.40010", "2019-11-30": "83.60000", "2019-08-31": "130.30000", "2019-05-31": "120.29990", "2019-02-28": "95.90000", "2018-11-30": "116.40000", "2018-08-31": "143.70030", "2018-05-31": "107.40000", "2018-02-28": "89.50000", "2017-11-30": "120.20000", "2017-08-31": "161.40000", "2017-05-31": "131.50000", "2017-02-28": "108.00000", "2016-11-30": "126.60000", "2016-08-31": "135.10000", "2016-05-31": "121.00000", "2016-02-29": "106.70000", "2015-11-30": "112.39990", "2015-08-31": "111.80010", "2015-05-31": "99.20000", "2015-02-28": "78.60000", "2014-11-30": "86.70000", "2014-08-31": "90.69980", "2014-05-31": "72.60000", "2014-02-28": "58.40000", "2013-11-30": "77.40000", "2013-08-31": "78.20020", "2013-05-31": "50.00000", "2013-02-28": "45.10000", "2012-11-30": "48.20000", "2012-08-31": "61.09990", "2012-05-31": "57.30000", "2012-02-29": "39.00000", "2011-11-30": "50.60000", "2011-08-31": "55.79990", "2011-05-31": "50.20000", "2011-02-28": "37.20000", "2010-11-30": "45.50000", "2010-08-31": "47.99990", "2010-05-31": "39.20000", "2010-02-28": "27.80000", "2009-11-30": "42.70000", "2009-08-31": "50.00010", "2009-05-31": "41.50000", "2009-02-28": "28.60000", "2008-11-30": "33.70000", "2008-08-31": "73.76200", "2008-05-31": "71.70400", "2008-02-29": "60.72900", "2007-11-30": "54.90500", "2007-08-31": "69.54110", "2007-05-31": "59.68400", "2007-02-28": "39.68600", "2006-11-30": "53.51200", "2006-08-31": "27.68890", "2006-05-31": "52.23900", "2006-02-28": "30.20300", "2005-11-30": "41.98800", "2005-08-31": "44.24690", "2005-05-31": "38.78000", "2005-02-28": "-4.49700"}, "Total Non-Operating Income/Expense": {"2020-11-30": "-6.50000", "2020-08-31": "-8.30000", "2020-05-31": "-4.50000", "2020-02-29": "-6.70000", "2019-11-30": "-9.70000", "2019-08-31": "-9.80000", "2019-05-31": "-8.50000", "2019-02-28": "-9.70000", "2018-11-30": "-10.00000", "2018-08-31": "-6.60000", "2018-05-31": "-8.20000", "2018-02-28": "-10.80000", "2017-11-30": "-9.30000", "2017-08-31": "-19.10000", "2017-05-31": "-6.90000", "2017-02-28": "-8.60000", "2016-11-30": "-0.30000", "2016-08-31": "-7.90000", "2016-05-31": "-8.40000", "2016-02-29": "-7.10000", "2015-11-30": "-7.20000", "2015-08-31": "-19.40000", "2015-05-31": "1.60000", "2015-02-28": "-7.90000", "2014-11-30": "-7.00000", "2014-08-31": "-8.70000", "2014-05-31": "-8.00000", "2014-02-28": "-8.10000", "2013-11-30": "-8.60000", "2013-08-31": "-7.90000", "2013-05-31": "-4.80000", "2013-02-28": "-7.90000", "2012-11-30": "-7.80000", "2012-08-31": "-10.40000", "2012-05-31": "-5.00000", "2012-02-29": "-8.80000", "2011-11-30": "-4.80000", "2011-08-31": "-5.80000", "2011-05-31": "-8.40000", "2011-02-28": "-8.20000", "2010-11-30": "-8.70000", "2010-08-31": "-7.40000", "2010-05-31": "-6.30000", "2010-02-28": "-18.00000", "2009-11-30": "-7.20000", "2009-08-31": "-6.90000", "2009-05-31": "-8.40000", "2009-02-28": "-7.40000", "2008-11-30": "-3.80000", "2008-08-31": "-7.85100", "2008-05-31": "-8.76600", "2008-02-29": "-7.29900", "2007-11-30": "-6.68400", "2007-08-31": "-5.18200", "2007-05-31": "-7.00700", "2007-02-28": "-7.72400", "2006-11-30": "-8.32400", "2006-08-31": "-8.37900", "2006-05-31": "-8.42500", "2006-02-28": "-8.16800", "2005-11-30": "-8.32400", "2005-08-31": "-6.33000", "2005-05-31": "-9.09400", "2005-02-28": "-8.55900"}, "Pre-Tax Income": {"2020-11-30": "79.20000", "2020-08-31": "97.60000", "2020-05-31": "78.50000", "2020-02-29": "74.70000", "2019-11-30": "73.90000", "2019-08-31": "120.50000", "2019-05-31": "111.80000", "2019-02-28": "86.20000", "2018-11-30": "106.40000", "2018-08-31": "137.10000", "2018-05-31": "99.20000", "2018-02-28": "78.70000", "2017-11-30": "110.90000", "2017-08-31": "142.30000", "2017-05-31": "124.60000", "2017-02-28": "99.40000", "2016-11-30": "126.30000", "2016-08-31": "127.20000", "2016-05-31": "112.60000", "2016-02-29": "99.60000", "2015-11-30": "105.20000", "2015-08-31": "92.40000", "2015-05-31": "100.80000", "2015-02-28": "70.70000", "2014-11-30": "79.70000", "2014-08-31": "82.00000", "2014-05-31": "64.60000", "2014-02-28": "50.30000", "2013-11-30": "68.80000", "2013-08-31": "70.30000", "2013-05-31": "45.20000", "2013-02-28": "37.20000", "2012-11-30": "40.40000", "2012-08-31": "50.70000", "2012-05-31": "52.30000", "2012-02-29": "30.20000", "2011-11-30": "45.80000", "2011-08-31": "50.00000", "2011-05-31": "41.80000", "2011-02-28": "29.00000", "2010-11-30": "36.80000", "2010-08-31": "40.60000", "2010-05-31": "32.90000", "2010-02-28": "9.80000", "2009-11-30": "35.50000", "2009-08-31": "43.10000", "2009-05-31": "33.10000", "2009-02-28": "21.20000", "2008-11-30": "29.90000", "2008-08-31": "65.91100", "2008-05-31": "62.93800", "2008-02-29": "53.43000", "2007-11-30": "48.22100", "2007-08-31": "64.35900", "2007-05-31": "52.67700", "2007-02-28": "31.96200", "2006-11-30": "45.18800", "2006-08-31": "19.31000", "2006-05-31": "43.81400", "2006-02-28": "22.03500", "2005-11-30": "33.66400", "2005-08-31": "37.91700", "2005-05-31": "29.68600", "2005-02-28": "-13.05600"}, "Income Taxes": {"2020-11-30": "19.60000", "2020-08-31": "23.90000", "2020-05-31": "18.10000", "2020-02-29": "17.50000", "2019-11-30": "16.90000", "2019-08-31": "24.40000", "2019-05-31": "23.40000", "2019-02-28": "19.90000", "2018-11-30": "26.80000", "2018-08-31": "28.90000", "2018-05-31": "26.20000", "2018-02-28": "-18.20000", "2017-11-30": "39.40000", "2017-08-31": "51.80000", "2017-05-31": "42.40000", "2017-02-28": "32.10000", "2016-11-30": "44.60000", "2016-08-31": "44.30000", "2016-05-31": "38.60000", "2016-02-29": "34.10000", "2015-11-30": "36.80000", "2015-08-31": "32.30000", "2015-05-31": "36.30000", "2015-02-28": "24.30000", "2014-11-30": "28.60000", "2014-08-31": "27.20000", "2014-05-31": "20.80000", "2014-02-28": "17.60000", "2013-11-30": "24.30000", "2013-08-31": "25.40000", "2013-05-31": "13.50000", "2013-02-28": "12.50000", "2012-11-30": "14.30000", "2012-08-31": "17.40000", "2012-05-31": "18.70000", "2012-02-29": "10.70000", "2011-11-30": "15.90000", "2011-08-31": "15.90000", "2011-05-31": "14.70000", "2011-02-28": "9.10000", "2010-11-30": "12.40000", "2010-08-31": "13.40000", "2010-05-31": "11.60000", "2010-02-28": "2.60000", "2009-11-30": "12.20000", "2009-08-31": "14.00000", "2009-05-31": "10.80000", "2009-02-28": "6.80000", "2008-11-30": "10.50000", "2008-08-31": "24.03800", "2008-05-31": "21.28000", "2008-02-29": "19.28600", "2007-11-30": "17.29600", "2007-08-31": "21.49200", "2007-05-31": "18.36300", "2007-02-28": "9.95900", "2006-11-30": "15.68500", "2006-08-31": "4.83400", "2006-05-31": "15.10200", "2006-02-28": "7.52800", "2005-11-30": "11.68800", "2005-08-31": "10.10800", "2005-05-31": "9.99400", "2005-02-28": "-4.61900"}, "Income After Taxes": {"2020-11-30": "59.60000", "2020-08-31": "73.70000", "2020-05-31": "60.40000", "2020-02-29": "57.20000", "2019-11-30": "57.00000", "2019-08-31": "96.10000", "2019-05-31": "88.40000", "2019-02-28": "66.30000", "2018-11-30": "79.60000", "2018-08-31": "108.20000", "2018-05-31": "73.00000", "2018-02-28": "96.90000", "2017-11-30": "71.50000", "2017-08-31": "90.50000", "2017-05-31": "82.20000", "2017-02-28": "67.30000", "2016-11-30": "81.70000", "2016-08-31": "82.90000", "2016-05-31": "74.00000", "2016-02-29": "65.50000", "2015-11-30": "68.40000", "2015-08-31": "60.10000", "2015-05-31": "64.50000", "2015-02-28": "46.40000", "2014-11-30": "51.10000", "2014-08-31": "54.80000", "2014-05-31": "43.80000", "2014-02-28": "32.70000", "2013-11-30": "44.50000", "2013-08-31": "44.90000", "2013-05-31": "31.70000", "2013-02-28": "24.70000", "2012-11-30": "26.10000", "2012-08-31": "33.30000", "2012-05-31": "33.60000", "2012-02-29": "19.50000", "2011-11-30": "29.90000", "2011-08-31": "34.10000", "2011-05-31": "27.10000", "2011-02-28": "19.90000", "2010-11-30": "24.40000", "2010-08-31": "27.20000", "2010-05-31": "21.30000", "2010-02-28": "7.20000", "2009-11-30": "23.30000", "2009-08-31": "29.10000", "2009-05-31": "22.30000", "2009-02-28": "14.40000", "2008-11-30": "19.40000", "2008-08-31": "41.87300", "2008-05-31": "41.65800", "2008-02-29": "34.14400", "2007-11-30": "30.92500", "2007-08-31": "42.86700", "2007-05-31": "34.31400", "2007-02-28": "22.00300", "2006-11-30": "29.50300", "2006-08-31": "14.47600", "2006-05-31": "28.71200", "2006-02-28": "14.50700", "2005-11-30": "21.97600", "2005-08-31": "27.80900", "2005-05-31": "19.69200", "2005-02-28": "-8.43700"}, "Other Income": {"2020-11-30": "", "2020-08-31": "", "2020-05-31": "", "2020-02-29": "", "2019-11-30": "", "2019-08-31": "", "2019-05-31": "", "2019-02-28": "", "2018-11-30": "", "2018-08-31": "", "2018-05-31": "", "2018-02-28": "", "2017-11-30": "", "2017-08-31": "", "2017-05-31": "", "2017-02-28": "", "2016-11-30": "", "2016-08-31": "", "2016-05-31": "", "2016-02-29": "", "2015-11-30": "", "2015-08-31": "", "2015-05-31": "", "2015-02-28": "", "2014-11-30": "", "2014-08-31": "", "2014-05-31": "", "2014-02-28": "", "2013-11-30": "", "2013-08-31": "", "2013-05-31": "", "2013-02-28": "", "2012-11-30": "", "2012-08-31": "", "2012-05-31": "", "2012-02-29": "", "2011-11-30": "", "2011-08-31": "", "2011-05-31": "", "2011-02-28": "", "2010-11-30": "", "2010-08-31": "", "2010-05-31": "", "2010-02-28": "", "2009-11-30": "", "2009-08-31": "", "2009-05-31": "", "2009-02-28": "", "2008-11-30": "", "2008-08-31": "", "2008-05-31": "", "2008-02-29": "", "2007-11-30": "", "2007-08-31": "", "2007-05-31": "", "2007-02-28": "", "2006-11-30": "", "2006-08-31": "", "2006-05-31": "", "2006-02-28": "", "2005-11-30": "", "2005-08-31": "", "2005-05-31": "", "2005-02-28": ""}, "Income From Continuous Operations": {"2020-11-30": "59.60000", "2020-08-31": "73.70000", "2020-05-31": "60.40000", "2020-02-29": "57.20000", "2019-11-30": "57.00000", "2019-08-31": "96.10000", "2019-05-31": "88.40000", "2019-02-28": "66.30000", "2018-11-30": "79.60000", "2018-08-31": "108.20000", "2018-05-31": "73.00000", "2018-02-28": "96.90000", "2017-11-30": "71.50000", "2017-08-31": "90.50000", "2017-05-31": "82.20000", "2017-02-28": "67.30000", "2016-11-30": "81.70000", "2016-08-31": "82.90000", "2016-05-31": "74.00000", "2016-02-29": "65.50000", "2015-11-30": "68.40000", "2015-08-31": "60.10000", "2015-05-31": "64.50000", "2015-02-28": "46.40000", "2014-11-30": "51.10000", "2014-08-31": "54.80000", "2014-05-31": "43.80000", "2014-02-28": "32.70000", "2013-11-30": "44.50000", "2013-08-31": "44.90000", "2013-05-31": "31.70000", "2013-02-28": "24.70000", "2012-11-30": "26.10000", "2012-08-31": "33.30000", "2012-05-31": "33.60000", "2012-02-29": "19.50000", "2011-11-30": "29.90000", "2011-08-31": "34.10000", "2011-05-31": "27.10000", "2011-02-28": "19.90000", "2010-11-30": "24.40000", "2010-08-31": "27.20000", "2010-05-31": "21.30000", "2010-02-28": "7.20000", "2009-11-30": "23.30000", "2009-08-31": "29.10000", "2009-05-31": "22.30000", "2009-02-28": "14.40000", "2008-11-30": "19.40000", "2008-08-31": "41.87300", "2008-05-31": "41.65800", "2008-02-29": "34.14400", "2007-11-30": "30.92500", "2007-08-31": "42.86700", "2007-05-31": "34.31400", "2007-02-28": "22.00300", "2006-11-30": "29.50300", "2006-08-31": "14.47600", "2006-05-31": "28.71200", "2006-02-28": "14.50700", "2005-11-30": "21.97600", "2005-08-31": "27.80900", "2005-05-31": "19.69200", "2005-02-28": "-8.43700"}, "Income From Discontinued Operations": {"2020-11-30": "", "2020-08-31": "", "2020-05-31": "", "2020-02-29": "", "2019-11-30": "", "2019-08-31": "", "2019-05-31": "", "2019-02-28": "", "2018-11-30": "", "2018-08-31": "", "2018-05-31": "", "2018-02-28": "", "2017-11-30": "", "2017-08-31": "", "2017-05-31": "", "2017-02-28": "", "2016-11-30": "", "2016-08-31": "", "2016-05-31": "", "2016-02-29": "", "2015-11-30": "", "2015-08-31": "", "2015-05-31": "", "2015-02-28": "", "2014-11-30": "", "2014-08-31": "", "2014-05-31": "", "2014-02-28": "", "2013-11-30": "", "2013-08-31": "", "2013-05-31": "", "2013-02-28": "", "2012-11-30": "", "2012-08-31": "", "2012-05-31": "", "2012-02-29": "", "2011-11-30": "", "2011-08-31": "", "2011-05-31": "", "2011-02-28": "", "2010-11-30": "", "2010-08-31": "", "2010-05-31": "", "2010-02-28": "0.60000", "2009-11-30": "", "2009-08-31": "", "2009-05-31": "-0.30000", "2009-02-28": "", "2008-11-30": "", "2008-08-31": "0.07800", "2008-05-31": "-0.52500", "2008-02-29": "", "2007-11-30": "0.14700", "2007-08-31": "8.58600", "2007-05-31": "4.36200", "2007-02-28": "2.35500", "2006-11-30": "4.06400", "2006-08-31": "", "2006-05-31": "", "2006-02-28": "", "2005-11-30": "", "2005-08-31": "", "2005-05-31": "", "2005-02-28": ""}, "Net Income": {"2020-11-30": "59.60000", "2020-08-31": "73.70000", "2020-05-31": "60.40000", "2020-02-29": "57.20000", "2019-11-30": "57.00000", "2019-08-31": "96.10000", "2019-05-31": "88.40000", "2019-02-28": "66.30000", "2018-11-30": "79.60000", "2018-08-31": "108.20000", "2018-05-31": "73.00000", "2018-02-28": "96.90000", "2017-11-30": "71.50000", "2017-08-31": "90.50000", "2017-05-31": "82.20000", "2017-02-28": "67.30000", "2016-11-30": "81.70000", "2016-08-31": "82.90000", "2016-05-31": "74.00000", "2016-02-29": "65.50000", "2015-11-30": "68.40000", "2015-08-31": "60.70000", "2015-05-31": "64.30000", "2015-02-28": "46.30000", "2014-11-30": "50.80000", "2014-08-31": "53.70000", "2014-05-31": "43.80000", "2014-02-28": "32.70000", "2013-11-30": "44.00000", "2013-08-31": "44.30000", "2013-05-31": "31.20000", "2013-02-28": "24.30000", "2012-11-30": "25.60000", "2012-08-31": "32.70000", "2012-05-31": "33.00000", "2012-02-29": "19.10000", "2011-11-30": "29.30000", "2011-08-31": "33.10000", "2011-05-31": "26.60000", "2011-02-28": "19.50000", "2010-11-30": "24.40000", "2010-08-31": "25.20000", "2010-05-31": "21.30000", "2010-02-28": "7.80000", "2009-11-30": "23.30000", "2009-08-31": "29.10000", "2009-05-31": "22.00000", "2009-02-28": "14.40000", "2008-11-30": "19.40000", "2008-08-31": "41.95100", "2008-05-31": "41.13300", "2008-02-29": "34.14400", "2007-11-30": "31.07200", "2007-08-31": "51.45300", "2007-05-31": "38.67600", "2007-02-28": "24.35800", "2006-11-30": "33.56700", "2006-08-31": "41.36700", "2006-05-31": "28.71200", "2006-02-28": "14.50700", "2005-11-30": "21.97600", "2005-08-31": "27.80900", "2005-05-31": "19.69200", "2005-02-28": "-8.43700"}, "EBITDA": {"2020-11-30": "110.70000", "2020-08-31": "131.70010", "2020-05-31": "108.50000", "2020-02-29": "107.00010", "2019-11-30": "107.80000", "2019-08-31": "152.90010", "2019-05-31": "142.69990", "2019-02-28": "117.90000", "2018-11-30": "137.70000", "2018-08-31": "165.50030", "2018-05-31": "127.60000", "2018-02-28": "108.80000", "2017-11-30": "139.20000", "2017-08-31": "179.50000", "2017-05-31": "151.50000", "2017-02-28": "127.30000", "2016-11-30": "143.80000", "2016-08-31": "148.70000", "2016-05-31": "139.30000", "2016-02-29": "123.10000", "2015-11-30": "126.69990", "2015-08-31": "123.40010", "2015-05-31": "110.90000", "2015-02-28": "89.80000", "2014-11-30": "98.00000", "2014-08-31": "101.89980", "2014-05-31": "83.40000", "2014-02-28": "69.20000", "2013-11-30": "88.00000", "2013-08-31": "88.80020", "2013-05-31": "60.30000", "2013-02-28": "55.00000", "2012-11-30": "58.20000", "2012-08-31": "71.19990", "2012-05-31": "67.50000", "2012-02-29": "48.40000", "2011-11-30": "60.70000", "2011-08-31": "66.19990", "2011-05-31": "60.70000", "2011-02-28": "46.80000", "2010-11-30": "55.10000", "2010-08-31": "56.79990", "2010-05-31": "48.10000", "2010-02-28": "37.20000", "2009-11-30": "52.10000", "2009-08-31": "59.60010", "2009-05-31": "50.20000", "2009-02-28": "37.20000", "2008-11-30": "42.50000", "2008-08-31": "82.75400", "2008-05-31": "79.92000", "2008-02-29": "68.94500", "2007-11-30": "63.28100", "2007-08-31": "77.60610", "2007-05-31": "67.25900", "2007-02-28": "47.53200", "2006-11-30": "61.37400", "2006-08-31": "28.93290", "2006-05-31": "61.49600", "2006-02-28": "40.18600", "2005-11-30": "52.19200", "2005-08-31": "55.04690", "2005-05-31": "48.47000", "2005-02-28": "5.99600"}, "EBIT": {"2020-11-30": "85.70000", "2020-08-31": "105.90000", "2020-05-31": "83.00000", "2020-02-29": "81.40010", "2019-11-30": "83.60000", "2019-08-31": "130.29990", "2019-05-31": "120.29990", "2019-02-28": "95.90000", "2018-11-30": "116.40000", "2018-08-31": "143.70010", "2018-05-31": "107.40000", "2018-02-28": "89.50000", "2017-11-30": "120.20000", "2017-08-31": "161.40000", "2017-05-31": "131.50000", "2017-02-28": "108.00000", "2016-11-30": "126.60000", "2016-08-31": "135.10000", "2016-05-31": "121.00000", "2016-02-29": "106.70000", "2015-11-30": "112.39990", "2015-08-31": "111.80000", "2015-05-31": "99.20000", "2015-02-28": "78.60000", "2014-11-30": "86.70000", "2014-08-31": "90.69980", "2014-05-31": "72.60000", "2014-02-28": "58.40000", "2013-11-30": "77.40000", "2013-08-31": "78.20010", "2013-05-31": "50.00000", "2013-02-28": "45.10000", "2012-11-30": "48.20000", "2012-08-31": "61.10000", "2012-05-31": "57.30000", "2012-02-29": "39.00000", "2011-11-30": "50.60000", "2011-08-31": "55.80000", "2011-05-31": "50.20000", "2011-02-28": "37.20000", "2010-11-30": "45.50000", "2010-08-31": "47.99990", "2010-05-31": "39.20000", "2010-02-28": "27.80000", "2009-11-30": "42.70000", "2009-08-31": "50.00000", "2009-05-31": "41.50000", "2009-02-28": "28.60000", "2008-11-30": "33.70000", "2008-08-31": "73.76200", "2008-05-31": "71.70400", "2008-02-29": "60.72900", "2007-11-30": "54.90500", "2007-08-31": "69.54110", "2007-05-31": "59.68400", "2007-02-28": "39.68600", "2006-11-30": "53.51200", "2006-08-31": "27.68890", "2006-05-31": "52.23900", "2006-02-28": "30.20300", "2005-11-30": "41.98800", "2005-08-31": "44.24680", "2005-05-31": "38.78000", "2005-02-28": "-4.49700"}, "Basic Shares Outstanding": {"2020-11-30": "37.60000", "2020-08-31": "39.50000", "2020-05-31": "39.50000", "2020-02-29": "39.50000", "2019-11-30": "39.50000", "2019-08-31": "39.70000", "2019-05-31": "39.70000", "2019-02-28": "39.50000", "2018-11-30": "40.00000", "2018-08-31": "40.90000", "2018-05-31": "40.40000", "2018-02-28": "41.40000", "2017-11-30": "41.90000", "2017-08-31": "43.10000", "2017-05-31": "43.10000", "2017-02-28": "43.80000", "2016-11-30": "43.80000", "2016-08-31": "43.50000", "2016-05-31": "43.50000", "2016-02-29": "43.50000", "2015-11-30": "43.30000", "2015-08-31": "43.10000", "2015-05-31": "43.20000", "2015-02-28": "43.10000", "2014-11-30": "43.00000", "2014-08-31": "42.80000", "2014-05-31": "42.80000", "2014-02-28": "42.80000", "2013-11-30": "42.60000", "2013-08-31": "42.20000", "2013-05-31": "42.20000", "2013-02-28": "42.10000", "2012-11-30": "41.80000", "2012-08-31": "41.40000", "2012-05-31": "41.60000", "2012-02-29": "41.40000", "2011-11-30": "41.20000", "2011-08-31": "42.20000", "2011-05-31": "42.50000", "2011-02-28": "42.30000", "2010-11-30": "42.00000", "2010-08-31": "42.50000", "2010-05-31": "42.70000", "2010-02-28": "42.50000", "2009-11-30": "42.30000", "2009-08-31": "40.80000", "2009-05-31": "40.90000", "2009-02-28": "40.20000", "2008-11-30": "39.90000", "2008-08-31": "40.70000", "2008-05-31": "40.19000", "2008-02-29": "40.44600", "2007-11-30": "41.78300", "2007-08-31": "42.58500", "2007-05-31": "42.86100", "2007-02-28": "42.54400", "2006-11-30": "42.20400", "2006-08-31": "43.88400", "2006-05-31": "44.05400", "2006-02-28": "44.41900", "2005-11-30": "44.27100", "2005-08-31": "43.13500", "2005-05-31": "43.36700", "2005-02-28": "42.92600"}, "Shares Outstanding": {"2020-11-30": "37.80000", "2020-08-31": "39.60000", "2020-05-31": "39.70000", "2020-02-29": "39.70000", "2019-11-30": "39.60000", "2019-08-31": "39.80000", "2019-05-31": "39.80000", "2019-02-28": "39.60000", "2018-11-30": "40.10000", "2018-08-31": "41.00000", "2018-05-31": "40.50000", "2018-02-28": "41.50000", "2017-11-30": "42.10000", "2017-08-31": "43.30000", "2017-05-31": "43.30000", "2017-02-28": "44.00000", "2016-11-30": "44.00000", "2016-08-31": "43.80000", "2016-05-31": "43.80000", "2016-02-29": "43.80000", "2015-11-30": "43.60000", "2015-08-31": "43.40000", "2015-05-31": "43.50000", "2015-02-28": "43.40000", "2014-11-30": "43.30000", "2014-08-31": "43.00000", "2014-05-31": "43.10000", "2014-02-28": "43.10000", "2013-11-30": "42.90000", "2013-08-31": "42.50000", "2013-05-31": "42.60000", "2013-02-28": "42.50000", "2012-11-30": "42.30000", "2012-08-31": "41.90000", "2012-05-31": "42.00000", "2012-02-29": "41.90000", "2011-11-30": "41.70000", "2011-08-31": "42.80000", "2011-05-31": "43.10000", "2011-02-28": "43.00000", "2010-11-30": "42.80000", "2010-08-31": "43.30000", "2010-05-31": "43.50000", "2010-02-28": "43.30000", "2009-11-30": "43.10000", "2009-08-31": "41.60000", "2009-05-31": "41.70000", "2009-02-28": "40.80000", "2008-11-30": "40.60000", "2008-08-31": "41.50000", "2008-05-31": "41.24700", "2008-02-29": "41.47500", "2007-11-30": "42.93600", "2007-08-31": "43.89700", "2007-05-31": "44.11800", "2007-02-28": "43.91100", "2006-11-30": "43.73200", "2006-08-31": "45.57900", "2006-05-31": "45.50400", "2006-02-28": "45.82600", "2005-11-30": "45.62000", "2005-08-31": "44.75200", "2005-05-31": "44.63400", "2005-02-28": "42.92600"}, "Basic EPS": {"2020-11-30": "1.58000", "2020-08-31": "1.87000", "2020-05-31": "1.53000", "2020-02-29": "1.45000", "2019-11-30": "1.44000", "2019-08-31": "2.42000", "2019-05-31": "2.23000", "2019-02-28": "1.68000", "2018-11-30": "1.99000", "2018-08-31": "2.68000", "2018-05-31": "1.81000", "2018-02-28": "2.34000", "2017-11-30": "1.71000", "2017-08-31": "2.14000", "2017-05-31": "1.91000", "2017-02-28": "1.54000", "2016-11-30": "1.87000", "2016-08-31": "1.89000", "2016-05-31": "1.70000", "2016-02-29": "1.50000", "2015-11-30": "1.58000", "2015-08-31": "1.39000", "2015-05-31": "1.49000", "2015-02-28": "1.07000", "2014-11-30": "1.18000", "2014-08-31": "1.27000", "2014-05-31": "1.01000", "2014-02-28": "0.76000", "2013-11-30": "1.03000", "2013-08-31": "1.04000", "2013-05-31": "0.74000", "2013-02-28": "0.58000", "2012-11-30": "0.61000", "2012-08-31": "0.78000", "2012-05-31": "0.80000", "2012-02-29": "0.46000", "2011-11-30": "0.71000", "2011-08-31": "0.80000", "2011-05-31": "0.63000", "2011-02-28": "0.46000", "2010-11-30": "0.57000", "2010-08-31": "0.63000", "2010-05-31": "0.49000", "2010-02-28": "0.18000", "2009-11-30": "0.54000", "2009-08-31": "0.69000", "2009-05-31": "0.52000", "2009-02-28": "0.35000", "2008-11-30": "0.48000", "2008-08-31": "0.96000", "2008-05-31": "1.03000", "2008-02-29": "0.84000", "2007-11-30": "0.74000", "2007-08-31": "1.21000", "2007-05-31": "0.90000", "2007-02-28": "0.57000", "2006-11-30": "0.80000", "2006-08-31": "0.95000", "2006-05-31": "0.65000", "2006-02-28": "0.33000", "2005-11-30": "0.50000", "2005-08-31": "0.65000", "2005-05-31": "0.45000", "2005-02-28": "-0.20000"}, "EPS - Earnings Per Share": {"2020-11-30": "1.57000", "2020-08-31": "1.87000", "2020-05-31": "1.52000", "2020-02-29": "1.44000", "2019-11-30": "1.44000", "2019-08-31": "2.42000", "2019-05-31": "2.22000", "2019-02-28": "1.67000", "2018-11-30": "1.98000", "2018-08-31": "2.69000", "2018-05-31": "1.80000", "2018-02-28": "2.33000", "2017-11-30": "1.70000", "2017-08-31": "2.14000", "2017-05-31": "1.90000", "2017-02-28": "1.53000", "2016-11-30": "1.86000", "2016-08-31": "1.88000", "2016-05-31": "1.69000", "2016-02-29": "1.49000", "2015-11-30": "1.57000", "2015-08-31": "1.37000", "2015-05-31": "1.48000", "2015-02-28": "1.07000", "2014-11-30": "1.17000", "2014-08-31": "1.26000", "2014-05-31": "1.01000", "2014-02-28": "0.75000", "2013-11-30": "1.03000", "2013-08-31": "1.04000", "2013-05-31": "0.73000", "2013-02-28": "0.57000", "2012-11-30": "0.61000", "2012-08-31": "0.77000", "2012-05-31": "0.79000", "2012-02-29": "0.46000", "2011-11-30": "0.70000", "2011-08-31": "0.79000", "2011-05-31": "0.62000", "2011-02-28": "0.45000", "2010-11-30": "0.56000", "2010-08-31": "0.62000", "2010-05-31": "0.48000", "2010-02-28": "0.17000", "2009-11-30": "0.53000", "2009-08-31": "0.68000", "2009-05-31": "0.51000", "2009-02-28": "0.34000", "2008-11-30": "0.47000", "2008-08-31": "0.96000", "2008-05-31": "1.00000", "2008-02-29": "0.82000", "2007-11-30": "0.72000", "2007-08-31": "1.17000", "2007-05-31": "0.88000", "2007-02-28": "0.55000", "2006-11-30": "0.77000", "2006-08-31": "0.91000", "2006-05-31": "0.63000", "2006-02-28": "0.32000", "2005-11-30": "0.48000", "2005-08-31": "0.63000", "2005-05-31": "0.44000", "2005-02-28": "-0.20000"}}, "balance sheet": {"Cash On Hand": {"2020-08-31": "560.70000", "2019-08-31": "461.00000", "2018-08-31": "129.10000", "2017-08-31": "311.10000", "2016-08-31": "413.20000", "2015-08-31": "756.80000", "2014-08-31": "552.50000", "2013-08-31": "359.10000", "2012-08-31": "284.50000", "2011-08-31": "170.20000", "2010-08-31": "191.00000", "2009-08-31": "18.70000", "2008-08-31": "297.09600", "2007-08-31": "213.67400", "2006-08-31": "88.64800", "2005-08-31": "98.53300"}, "Receivables": {"2020-08-31": "500.30000", "2019-08-31": "561.00000", "2018-08-31": "637.90000", "2017-08-31": "573.30000", "2016-08-31": "572.80000", "2015-08-31": "411.70000", "2014-08-31": "373.40000", "2013-08-31": "318.30000", "2012-08-31": "263.80000", "2011-08-31": "262.60000", "2010-08-31": "255.10000", "2009-08-31": "227.40000", "2008-08-31": "268.97100", "2007-08-31": "295.54400", "2006-08-31": "379.62200", "2005-08-31": "345.77000"}, "Inventory": {"2020-08-31": "320.10000", "2019-08-31": "340.80000", "2018-08-31": "411.80000", "2017-08-31": "328.60000", "2016-08-31": "295.20000", "2015-08-31": "224.80000", "2014-08-31": "212.00000", "2013-08-31": "203.00000", "2012-08-31": "194.10000", "2011-08-31": "165.90000", "2010-08-31": "149.00000", "2009-08-31": "140.80000", "2008-08-31": "145.72500", "2007-08-31": "146.53600", "2006-08-31": "209.31900", "2005-08-31": "215.59000"}, "Pre-Paid Expenses": {"2020-08-31": "58.60000", "2019-08-31": "79.00000", "2018-08-31": "32.30000", "2017-08-31": "32.60000", "2016-08-31": "41.70000", "2015-08-31": "20.10000", "2014-08-31": "27.00000", "2013-08-31": "19.50000", "2012-08-31": "23.60000", "2011-08-31": "15.80000", "2010-08-31": "13.90000", "2009-08-31": "19.30000", "2008-08-31": "26.10400", "2007-08-31": "38.85300", "2006-08-31": "37.60000", "2005-08-31": "33.00800"}, "Other Current Assets": {"2020-08-31": "", "2019-08-31": "", "2018-08-31": "", "2017-08-31": "", "2016-08-31": "", "2015-08-31": "", "2014-08-31": "", "2013-08-31": "", "2012-08-31": "", "2011-08-31": "", "2010-08-31": "", "2009-08-31": "", "2008-08-31": "", "2007-08-31": "", "2006-08-31": "", "2005-08-31": ""}, "Total Current Assets": {"2020-08-31": "1439.70000", "2019-08-31": "1441.80000", "2018-08-31": "1211.10000", "2017-08-31": "1245.60000", "2016-08-31": "1322.90000", "2015-08-31": "1413.40000", "2014-08-31": "1186.40000", "2013-08-31": "913.50000", "2012-08-31": "779.00000", "2011-08-31": "630.50000", "2010-08-31": "626.30000", "2009-08-31": "422.90000", "2008-08-31": "756.14700", "2007-08-31": "867.56200", "2006-08-31": "737.64500", "2005-08-31": "717.77400"}, "Property, Plant, And Equipment": {"2020-08-31": "270.50000", "2019-08-31": "277.30000", "2018-08-31": "286.70000", "2017-08-31": "287.70000", "2016-08-31": "267.80000", "2015-08-31": "174.60000", "2014-08-31": "152.50000", "2013-08-31": "147.90000", "2012-08-31": "139.20000", "2011-08-31": "143.20000", "2010-08-31": "138.40000", "2009-08-31": "145.80000", "2008-08-31": "161.50600", "2007-08-31": "162.01100", "2006-08-31": "211.26900", "2005-08-31": "219.19400"}, "Long-Term Investments": {"2020-08-31": "", "2019-08-31": "", "2018-08-31": "", "2017-08-31": "", "2016-08-31": "", "2015-08-31": "", "2014-08-31": "", "2013-08-31": "", "2012-08-31": "", "2011-08-31": "", "2010-08-31": "", "2009-08-31": "", "2008-08-31": "", "2007-08-31": "", "2006-08-31": "", "2005-08-31": ""}, "Goodwill And Intangible Assets": {"2020-08-31": "1685.90000", "2019-08-31": "1433.30000", "2018-08-31": "1469.30000", "2017-08-31": "1349.70000", "2016-08-31": "1329.20000", "2015-08-31": "788.40000", "2014-08-31": "801.00000", "2013-08-31": "813.30000", "2012-08-31": "785.70000", "2011-08-31": "793.40000", "2010-08-31": "715.10000", "2009-08-31": "695.40000", "2008-08-31": "472.70300", "2007-08-31": "474.30600", "2006-08-31": "467.16800", "2005-08-31": "468.30900"}, "Other Long-Term Assets": {"2020-08-31": "29.50000", "2019-08-31": "17.70000", "2018-08-31": "18.80000", "2017-08-31": "13.20000", "2016-08-31": "23.00000", "2015-08-31": "27.10000", "2014-08-31": "23.50000", "2013-08-31": "27.40000", "2012-08-31": "28.90000", "2011-08-31": "28.30000", "2010-08-31": "20.10000", "2009-08-31": "23.90000", "2008-08-31": "16.10900", "2007-08-31": "22.27400", "2006-08-31": "22.28200", "2005-08-31": "32.68900"}, "Total Long-Term Assets": {"2020-08-31": "2052.00000", "2019-08-31": "1730.60000", "2018-08-31": "1777.70000", "2017-08-31": "1654.00000", "2016-08-31": "1625.10000", "2015-08-31": "993.60000", "2014-08-31": "980.00000", "2013-08-31": "990.30010", "2012-08-31": "957.90000", "2011-08-31": "966.90000", "2010-08-31": "877.30000", "2009-08-31": "867.70000", "2008-08-31": "652.54400", "2007-08-31": "750.30500", "2006-08-31": "706.47100", "2005-08-31": "724.44100"}, "Total Assets": {"2020-08-31": "3491.70000", "2019-08-31": "3172.40000", "2018-08-31": "2988.80000", "2017-08-31": "2899.60000", "2016-08-31": "2948.00000", "2015-08-31": "2407.00000", "2014-08-31": "2166.40000", "2013-08-31": "1903.80000", "2012-08-31": "1736.90000", "2011-08-31": "1597.40000", "2010-08-31": "1503.60000", "2009-08-31": "1290.60000", "2008-08-31": "1408.69100", "2007-08-31": "1617.86700", "2006-08-31": "1444.11600", "2005-08-31": "1442.21500"}, "Total Current Liabilities": {"2020-08-31": "617.60000", "2019-08-31": "596.10000", "2018-08-31": "682.70000", "2017-08-31": "600.90000", "2016-08-31": "672.50000", "2015-08-31": "520.90000", "2014-08-31": "470.50000", "2013-08-31": "386.20000", "2012-08-31": "364.80000", "2011-08-31": "331.40000", "2010-08-31": "321.30000", "2009-08-31": "476.10000", "2008-08-31": "519.24200", "2007-08-31": "470.39600", "2006-08-31": "427.79400", "2005-08-31": "399.47200"}, "Long Term Debt": {"2020-08-31": "376.80000", "2019-08-31": "347.50000", "2018-08-31": "356.40000", "2017-08-31": "356.50000", "2016-08-31": "355.00000", "2015-08-31": "352.40000", "2014-08-31": "351.90000", "2013-08-31": "353.60000", "2012-08-31": "353.50000", "2011-08-31": "353.40000", "2010-08-31": "353.30000", "2009-08-31": "22.00000", "2008-08-31": "203.95300", "2007-08-31": "363.87700", "2006-08-31": "371.25200", "2005-08-31": "371.73600"}, "Other Non-Current Liabilities": {"2020-08-31": "126.50000", "2019-08-31": "117.50000", "2018-08-31": "75.80000", "2017-08-31": "71.50000", "2016-08-31": "66.20000", "2015-08-31": "58.10000", "2014-08-31": "57.00000", "2013-08-31": "61.90000", "2012-08-31": "61.10000", "2011-08-31": "58.70000", "2010-08-31": "53.30000", "2009-08-31": "56.20000", "2008-08-31": "59.28100", "2007-08-31": "52.82400", "2006-08-31": "61.38900", "2005-08-31": "124.50700"}, "Total Long Term Liabilities": {"2020-08-31": "746.60000", "2019-08-31": "657.40000", "2018-08-31": "589.30000", "2017-08-31": "633.10000", "2016-08-31": "615.70000", "2015-08-31": "526.10000", "2014-08-31": "532.40000", "2013-08-31": "524.10000", "2012-08-31": "538.10000", "2011-08-31": "509.00000", "2010-08-31": "487.90000", "2009-08-31": "142.30000", "2008-08-31": "313.90300", "2007-08-31": "475.50500", "2006-08-31": "474.06300", "2005-08-31": "500.95000"}, "Total Liabilities": {"2020-08-31": "1364.20000", "2019-08-31": "1253.50000", "2018-08-31": "1272.00000", "2017-08-31": "1234.00000", "2016-08-31": "1288.20000", "2015-08-31": "1047.00000", "2014-08-31": "1002.90000", "2013-08-31": "910.30000", "2012-08-31": "902.90000", "2011-08-31": "840.40000", "2010-08-31": "809.20000", "2009-08-31": "618.40000", "2008-08-31": "833.14500", "2007-08-31": "945.90100", "2006-08-31": "901.85700", "2005-08-31": "900.42200"}, "Common Stock Net": {"2020-08-31": "0.50000", "2019-08-31": "0.50000", "2018-08-31": "0.50000", "2017-08-31": "0.50000", "2016-08-31": "0.50000", "2015-08-31": "0.50000", "2014-08-31": "0.50000", "2013-08-31": "0.50000", "2012-08-31": "0.50000", "2011-08-31": "0.50000", "2010-08-31": "0.50000", "2009-08-31": "0.50000", "2008-08-31": "0.49700", "2007-08-31": "0.49300", "2006-08-31": "0.48100", "2005-08-31": "0.45000"}, "Retained Earnings (Accumulated Deficit)": {"2020-08-31": "2523.30000", "2019-08-31": "2295.80000", "2018-08-31": "1999.20000", "2017-08-31": "1659.90000", "2016-08-31": "1360.90000", "2015-08-31": "1093.00000", "2014-08-31": "893.60000", "2013-08-31": "740.30000", "2012-08-31": "635.30000", "2011-08-31": "541.00000", "2010-08-31": "459.00000", "2009-08-31": "404.20000", "2008-08-31": "366.90400", "2007-08-31": "313.85000", "2006-08-31": "192.15500", "2005-08-31": "112.44700"}, "Comprehensive Income": {"2020-08-31": "-132.70000", "2019-08-31": "-151.40000", "2018-08-31": "-114.80000", "2017-08-31": "-99.70000", "2016-08-31": "-139.40000", "2015-08-31": "-110.40000", "2014-08-31": "-71.90000", "2013-08-31": "-62.60000", "2012-08-31": "-84.70000", "2011-08-31": "-53.80000", "2010-08-31": "-71.30000", "2009-08-31": "-57.40000", "2008-08-31": "-22.81900", "2007-08-31": "-9.51300", "2006-08-31": "-16.49200", "2005-08-31": "-34.60200"}, "Other Share Holders Equity": {"2020-08-31": "", "2019-08-31": "", "2018-08-31": "", "2017-08-31": "", "2016-08-31": "", "2015-08-31": "", "2014-08-31": "", "2013-08-31": "", "2012-08-31": "", "2011-08-31": "", "2010-08-31": "", "2009-08-31": "", "2008-08-31": "", "2007-08-31": "", "2006-08-31": "", "2005-08-31": ""}, "Share Holder Equity": {"2020-08-31": "2127.50000", "2019-08-31": "1918.90000", "2018-08-31": "1716.80000", "2017-08-31": "1665.60000", "2016-08-31": "1659.80000", "2015-08-31": "1360.00000", "2014-08-31": "1163.50000", "2013-08-31": "993.50000", "2012-08-31": "834.00000", "2011-08-31": "757.00000", "2010-08-31": "694.40000", "2009-08-31": "672.20000", "2008-08-31": "575.54600", "2007-08-31": "671.96600", "2006-08-31": "542.25900", "2005-08-31": "541.79300"}, "Total Liabilities And Share Holders Equity": {"2020-08-31": "3491.70000", "2019-08-31": "3172.40000", "2018-08-31": "2988.80000", "2017-08-31": "2899.60000", "2016-08-31": "2948.00000", "2015-08-31": "2407.00000", "2014-08-31": "2166.40000", "2013-08-31": "1903.80000", "2012-08-31": "1736.90000", "2011-08-31": "1597.40000", "2010-08-31": "1503.60000", "2009-08-31": "1290.60000", "2008-08-31": "1408.69100", "2007-08-31": "1617.86700", "2006-08-31": "1444.11600", "2005-08-31": "1442.21500"}}, "balance sheet, quarterly": {"Cash On Hand": {"2020-11-30": "507.00000", "2020-08-31": "560.70000", "2020-05-31": "520.60000", "2020-02-29": "380.60000", "2019-11-30": "266.60000", "2019-08-31": "461.00000", "2019-05-31": "333.70000", "2019-02-28": "232.00000", "2018-11-30": "214.80000", "2018-08-31": "129.10000", "2018-05-31": "94.30000", "2018-02-28": "229.80000", "2017-11-30": "428.60000", "2017-08-31": "311.10000", "2017-05-31": "189.70000", "2017-02-28": "463.20000", "2016-11-30": "451.20000", "2016-08-31": "413.20000", "2016-05-31": "337.00000", "2016-02-29": "224.30000", "2015-11-30": "560.20000", "2015-08-31": "756.80000", "2015-05-31": "652.10000", "2015-02-28": "601.10000", "2014-11-30": "583.00000", "2014-08-31": "552.50000", "2014-05-31": "467.30000", "2014-02-28": "408.20000", "2013-11-30": "398.10000", "2013-08-31": "359.10000", "2013-05-31": "301.90000", "2013-02-28": "262.80000", "2012-11-30": "267.50000", "2012-08-31": "284.50000", "2012-05-31": "228.30000", "2012-02-29": "180.60000", "2011-11-30": "172.70000", "2011-08-31": "170.20000", "2011-05-31": "160.80000", "2011-02-28": "125.50000", "2010-11-30": "152.20000", "2010-08-31": "191.00000", "2010-05-31": "194.50000", "2010-02-28": "155.80000", "2009-11-30": "48.30000", "2009-08-31": "18.70000", "2009-05-31": "28.29000", "2009-02-28": "72.31000", "2008-11-30": "264.63400", "2008-08-31": "297.09600", "2008-05-31": "216.31400", "2008-02-29": "185.06600", "2007-11-30": "201.70900", "2007-08-31": "213.67400", "2007-05-31": "178.39100", "2007-02-28": "123.05500", "2006-11-30": "102.72100", "2006-08-31": "88.64800", "2006-05-31": "71.57500", "2006-02-28": "69.81200", "2005-11-30": "105.19700", "2005-08-31": "98.53300", "2005-05-31": "44.25000", "2005-02-28": "9.51400"}, "Receivables": {"2020-11-30": "445.30000", "2020-08-31": "500.30000", "2020-05-31": "451.30000", "2020-02-29": "506.70000", "2019-11-30": "507.70000", "2019-08-31": "561.00000", "2019-05-31": "586.00000", "2019-02-28": "520.10000", "2018-11-30": "556.70000", "2018-08-31": "637.90000", "2018-05-31": "572.60000", "2018-02-28": "500.20000", "2017-11-30": "514.30000", "2017-08-31": "573.30000", "2017-05-31": "521.10000", "2017-02-28": "500.90000", "2016-11-30": "522.50000", "2016-08-31": "572.80000", "2016-05-31": "494.00000", "2016-02-29": "458.80000", "2015-11-30": "415.70000", "2015-08-31": "411.70000", "2015-05-31": "392.80000", "2015-02-28": "355.70000", "2014-11-30": "371.80000", "2014-08-31": "373.40000", "2014-05-31": "352.50000", "2014-02-28": "308.70000", "2013-11-30": "332.60000", "2013-08-31": "318.30000", "2013-05-31": "299.50000", "2013-02-28": "282.30000", "2012-11-30": "270.50000", "2012-08-31": "263.80000", "2012-05-31": "269.60000", "2012-02-29": "257.60000", "2011-11-30": "262.60000", "2011-08-31": "262.60000", "2011-05-31": "255.30000", "2011-02-28": "243.70000", "2010-11-30": "249.40000", "2010-08-31": "255.10000", "2010-05-31": "236.00000", "2010-02-28": "224.60000", "2009-11-30": "220.10000", "2009-08-31": "227.40000", "2009-05-31": "221.47700", "2009-02-28": "215.88300", "2008-11-30": "244.29600", "2008-08-31": "268.97100", "2008-05-31": "288.72500", "2008-02-29": "270.77000", "2007-11-30": "284.53100", "2007-08-31": "295.54400", "2007-05-31": "383.88500", "2007-02-28": "338.59500", "2006-11-30": "337.32400", "2006-08-31": "379.62200", "2006-05-31": "358.02200", "2006-02-28": "324.39900", "2005-11-30": "326.66200", "2005-08-31": "345.77000", "2005-05-31": "325.23600", "2005-02-28": "311.12800"}, "Inventory": {"2020-11-30": "316.10000", "2020-08-31": "320.10000", "2020-05-31": "355.30000", "2020-02-29": "348.60000", "2019-11-30": "352.60000", "2019-08-31": "340.80000", "2019-05-31": "390.60000", "2019-02-28": "413.00000", "2018-11-30": "420.20000", "2018-08-31": "411.80000", "2018-05-31": "406.50000", "2018-02-28": "322.10000", "2017-11-30": "339.60000", "2017-08-31": "328.60000", "2017-05-31": "342.20000", "2017-02-28": "353.70000", "2016-11-30": "334.40000", "2016-08-31": "295.20000", "2016-05-31": "288.90000", "2016-02-29": "277.50000", "2015-11-30": "242.30000", "2015-08-31": "224.80000", "2015-05-31": "256.40000", "2015-02-28": "237.40000", "2014-11-30": "214.20000", "2014-08-31": "212.00000", "2014-05-31": "213.80000", "2014-02-28": "228.60000", "2013-11-30": "208.30000", "2013-08-31": "203.00000", "2013-05-31": "201.20000", "2013-02-28": "193.70000", "2012-11-30": "193.70000", "2012-08-31": "194.10000", "2012-05-31": "168.70000", "2012-02-29": "159.00000", "2011-11-30": "162.50000", "2011-08-31": "165.90000", "2011-05-31": "178.00000", "2011-02-28": "174.10000", "2010-11-30": "173.70000", "2010-08-31": "149.00000", "2010-05-31": "143.30000", "2010-02-28": "147.90000", "2009-11-30": "145.30000", "2009-08-31": "140.80000", "2009-05-31": "158.12900", "2009-02-28": "165.33300", "2008-11-30": "162.12000", "2008-08-31": "145.72500", "2008-05-31": "150.29400", "2008-02-29": "146.65000", "2007-11-30": "146.88100", "2007-08-31": "146.53600", "2007-05-31": "206.08200", "2007-02-28": "209.48200", "2006-11-30": "211.88600", "2006-08-31": "209.31900", "2006-05-31": "217.81100", "2006-02-28": "216.81600", "2005-11-30": "225.83400", "2005-08-31": "215.59000", "2005-05-31": "220.76300", "2005-02-28": "217.39300"}, "Pre-Paid Expenses": {"2020-11-30": "79.30000", "2020-08-31": "58.60000", "2020-05-31": "53.10000", "2020-02-29": "71.90000", "2019-11-30": "79.50000", "2019-08-31": "79.00000", "2019-05-31": "69.00000", "2019-02-28": "67.50000", "2018-11-30": "60.10000", "2018-08-31": "32.30000", "2018-05-31": "32.40000", "2018-02-28": "41.30000", "2017-11-30": "41.30000", "2017-08-31": "32.60000", "2017-05-31": "41.10000", "2017-02-28": "46.10000", "2016-11-30": "48.10000", "2016-08-31": "41.70000", "2016-05-31": "34.90000", "2016-02-29": "37.10000", "2015-11-30": "37.00000", "2015-08-31": "20.10000", "2015-05-31": "21.70000", "2015-02-28": "35.10000", "2014-11-30": "35.70000", "2014-08-31": "27.00000", "2014-05-31": "21.00000", "2014-02-28": "30.40000", "2013-11-30": "25.60000", "2013-08-31": "19.50000", "2013-05-31": "21.60000", "2013-02-28": "32.20000", "2012-11-30": "29.00000", "2012-08-31": "23.60000", "2012-05-31": "22.20000", "2012-02-29": "30.10000", "2011-11-30": "25.70000", "2011-08-31": "15.80000", "2011-05-31": "16.20000", "2011-02-28": "22.30000", "2010-11-30": "21.70000", "2010-08-31": "13.90000", "2010-05-31": "17.20000", "2010-02-28": "26.60000", "2009-11-30": "19.60000", "2009-08-31": "19.30000", "2009-05-31": "25.91400", "2009-02-28": "31.95600", "2008-11-30": "34.58800", "2008-08-31": "26.10400", "2008-05-31": "31.20900", "2008-02-29": "34.77500", "2007-11-30": "35.35700", "2007-08-31": "38.85300", "2007-05-31": "43.71400", "2007-02-28": "48.80700", "2006-11-30": "46.04500", "2006-08-31": "37.60000", "2006-05-31": "42.03100", "2006-02-28": "46.87000", "2005-11-30": "36.29600", "2005-08-31": "33.00800", "2005-05-31": "41.19800", "2005-02-28": "43.77700"}, "Other Current Assets": {"2020-11-30": "", "2020-08-31": "", "2020-05-31": "", "2020-02-29": "", "2019-11-30": "", "2019-08-31": "", "2019-05-31": "", "2019-02-28": "", "2018-11-30": "", "2018-08-31": "", "2018-05-31": "", "2018-02-28": "", "2017-11-30": "", "2017-08-31": "", "2017-05-31": "", "2017-02-28": "", "2016-11-30": "", "2016-08-31": "", "2016-05-31": "", "2016-02-29": "", "2015-11-30": "", "2015-08-31": "", "2015-05-31": "", "2015-02-28": "", "2014-11-30": "", "2014-08-31": "", "2014-05-31": "", "2014-02-28": "", "2013-11-30": "", "2013-08-31": "", "2013-05-31": "", "2013-02-28": "", "2012-11-30": "", "2012-08-31": "", "2012-05-31": "", "2012-02-29": "", "2011-11-30": "", "2011-08-31": "", "2011-05-31": "", "2011-02-28": "", "2010-11-30": "", "2010-08-31": "", "2010-05-31": "", "2010-02-28": "", "2009-11-30": "", "2009-08-31": "", "2009-05-31": "", "2009-02-28": "", "2008-11-30": "", "2008-08-31": "", "2008-05-31": "", "2008-02-29": "", "2007-11-30": "", "2007-08-31": "", "2007-05-31": "", "2007-02-28": "", "2006-11-30": "", "2006-08-31": "", "2006-05-31": "", "2006-02-28": "", "2005-11-30": "", "2005-08-31": "", "2005-05-31": "", "2005-02-28": ""}, "Total Current Assets": {"2020-11-30": "1347.70000", "2020-08-31": "1439.70000", "2020-05-31": "1380.30000", "2020-02-29": "1307.80000", "2019-11-30": "1206.40000", "2019-08-31": "1441.80000", "2019-05-31": "1379.30000", "2019-02-28": "1232.60000", "2018-11-30": "1251.80000", "2018-08-31": "1211.10000", "2018-05-31": "1105.80000", "2018-02-28": "1093.40000", "2017-11-30": "1323.80000", "2017-08-31": "1245.60000", "2017-05-31": "1094.10000", "2017-02-28": "1363.90000", "2016-11-30": "1356.20000", "2016-08-31": "1322.90000", "2016-05-31": "1154.80000", "2016-02-29": "997.70000", "2015-11-30": "1255.20000", "2015-08-31": "1413.40000", "2015-05-31": "1343.60000", "2015-02-28": "1250.20000", "2014-11-30": "1225.50000", "2014-08-31": "1186.40000", "2014-05-31": "1070.00000", "2014-02-28": "990.50000", "2013-11-30": "979.30000", "2013-08-31": "913.50000", "2013-05-31": "837.40000", "2013-02-28": "783.70000", "2012-11-30": "773.30000", "2012-08-31": "779.00000", "2012-05-31": "704.10000", "2012-02-29": "642.70000", "2011-11-30": "639.20000", "2011-08-31": "630.50000", "2011-05-31": "626.50000", "2011-02-28": "581.90000", "2010-11-30": "613.40000", "2010-08-31": "626.30000", "2010-05-31": "608.30000", "2010-02-28": "572.00000", "2009-11-30": "450.00000", "2009-08-31": "422.90000", "2009-05-31": "455.78100", "2009-02-28": "509.43100", "2008-11-30": "729.61700", "2008-08-31": "756.14700", "2008-05-31": "706.37800", "2008-02-29": "658.95400", "2007-11-30": "689.18200", "2007-08-31": "867.56200", "2007-05-31": "836.88300", "2007-02-28": "743.33500", "2006-11-30": "722.28500", "2006-08-31": "737.64500", "2006-05-31": "712.34700", "2006-02-28": "681.29600", "2005-11-30": "717.94900", "2005-08-31": "717.77400", "2005-05-31": "669.55300", "2005-02-28": "619.87400"}, "Property, Plant, And Equipment": {"2020-11-30": "268.80000", "2020-08-31": "270.50000", "2020-05-31": "275.10000", "2020-02-29": "279.30000", "2019-11-30": "278.40000", "2019-08-31": "277.30000", "2019-05-31": "280.50000", "2019-02-28": "284.20000", "2018-11-30": "283.00000", "2018-08-31": "286.70000", "2018-05-31": "288.00000", "2018-02-28": "282.80000", "2017-11-30": "286.10000", "2017-08-31": "287.70000", "2017-05-31": "284.40000", "2017-02-28": "277.80000", "2016-11-30": "273.50000", "2016-08-31": "267.80000", "2016-05-31": "262.90000", "2016-02-29": "256.60000", "2015-11-30": "191.30000", "2015-08-31": "174.60000", "2015-05-31": "164.90000", "2015-02-28": "159.10000", "2014-11-30": "160.70000", "2014-08-31": "152.50000", "2014-05-31": "148.20000", "2014-02-28": "147.10000", "2013-11-30": "147.10000", "2013-08-31": "147.90000", "2013-05-31": "147.10000", "2013-02-28": "144.90000", "2012-11-30": "143.80000", "2012-08-31": "139.20000", "2012-05-31": "132.40000", "2012-02-29": "133.40000", "2011-11-30": "133.60000", "2011-08-31": "143.20000", "2011-05-31": "147.00000", "2011-02-28": "145.10000", "2010-11-30": "143.50000", "2010-08-31": "138.40000", "2010-05-31": "141.10000", "2010-02-28": "142.50000", "2009-11-30": "148.50000", "2009-08-31": "145.80000", "2009-05-31": "144.97100", "2009-02-28": "138.65700", "2008-11-30": "143.07600", "2008-08-31": "161.50600", "2008-05-31": "164.16700", "2008-02-29": "163.37700", "2007-11-30": "161.91100", "2007-08-31": "162.01100", "2007-05-31": "210.84100", "2007-02-28": "208.80500", "2006-11-30": "210.00400", "2006-08-31": "211.26900", "2006-05-31": "206.00100", "2006-02-28": "210.19900", "2005-11-30": "213.72100", "2005-08-31": "219.19400", "2005-05-31": "221.54600", "2005-02-28": "223.81500"}, "Long-Term Investments": {"2020-11-30": "", "2020-08-31": "", "2020-05-31": "", "2020-02-29": "", "2019-11-30": "", "2019-08-31": "", "2019-05-31": "", "2019-02-28": "", "2018-11-30": "", "2018-08-31": "", "2018-05-31": "", "2018-02-28": "", "2017-11-30": "", "2017-08-31": "", "2017-05-31": "", "2017-02-28": "", "2016-11-30": "", "2016-08-31": "", "2016-05-31": "", "2016-02-29": "", "2015-11-30": "", "2015-08-31": "", "2015-05-31": "", "2015-02-28": "", "2014-11-30": "", "2014-08-31": "", "2014-05-31": "", "2014-02-28": "", "2013-11-30": "", "2013-08-31": "", "2013-05-31": "", "2013-02-28": "", "2012-11-30": "", "2012-08-31": "", "2012-05-31": "", "2012-02-29": "", "2011-11-30": "", "2011-08-31": "", "2011-05-31": "", "2011-02-28": "", "2010-11-30": "", "2010-08-31": "", "2010-05-31": "", "2010-02-28": "", "2009-11-30": "", "2009-08-31": "", "2009-05-31": "", "2009-02-28": "", "2008-11-30": "", "2008-08-31": "", "2008-05-31": "", "2008-02-29": "", "2007-11-30": "", "2007-08-31": "", "2007-05-31": "", "2007-02-28": "", "2006-11-30": "", "2006-08-31": "", "2006-05-31": "", "2006-02-28": "", "2005-11-30": "", "2005-08-31": "", "2005-05-31": "", "2005-02-28": ""}, "Goodwill And Intangible Assets": {"2020-11-30": "1676.60000", "2020-08-31": "1685.90000", "2020-05-31": "1699.30000", "2020-02-29": "1718.40000", "2019-11-30": "1737.00000", "2019-08-31": "1433.30000", "2019-05-31": "1437.20000", "2019-02-28": "1450.90000", "2018-11-30": "1456.40000", "2018-08-31": "1469.30000", "2018-05-31": "1475.10000", "2018-02-28": "1359.40000", "2017-11-30": "1336.40000", "2017-08-31": "1349.70000", "2017-05-31": "1335.80000", "2017-02-28": "1339.70000", "2016-11-30": "1314.60000", "2016-08-31": "1329.20000", "2016-05-31": "1338.50000", "2016-02-29": "1336.50000", "2015-11-30": "1031.00000", "2015-08-31": "788.40000", "2015-05-31": "791.40000", "2015-02-28": "788.20000", "2014-11-30": "795.50000", "2014-08-31": "801.00000", "2014-05-31": "805.40000", "2014-02-28": "808.40000", "2013-11-30": "811.50000", "2013-08-31": "813.30000", "2013-05-31": "815.40000", "2013-02-28": "782.70000", "2012-11-30": "783.20000", "2012-08-31": "785.70000", "2012-05-31": "787.50000", "2012-02-29": "791.80000", "2011-11-30": "792.60000", "2011-08-31": "793.40000", "2011-05-31": "787.90000", "2011-02-28": "783.80000", "2010-11-30": "739.20000", "2010-08-31": "715.10000", "2010-05-31": "690.00000", "2010-02-28": "692.80000", "2009-11-30": "695.60000", "2009-08-31": "695.40000", "2009-05-31": "696.78900", "2009-02-28": "500.21300", "2008-11-30": "466.87700", "2008-08-31": "472.70300", "2008-05-31": "476.90300", "2008-02-29": "473.89200", "2007-11-30": "474.34800", "2007-08-31": "474.30600", "2007-05-31": "465.17100", "2007-02-28": "464.67700", "2006-11-30": "465.79600", "2006-08-31": "467.16800", "2006-05-31": "467.12700", "2006-02-28": "466.77200", "2005-11-30": "467.12700", "2005-08-31": "468.30900", "2005-05-31": "468.52400", "2005-02-28": "470.42800"}, "Other Long-Term Assets": {"2020-11-30": "27.00000", "2020-08-31": "29.50000", "2020-05-31": "29.00000", "2020-02-29": "29.70000", "2019-11-30": "21.00000", "2019-08-31": "17.70000", "2019-05-31": "21.30000", "2019-02-28": "21.20000", "2018-11-30": "21.20000", "2018-08-31": "18.80000", "2018-05-31": "10.40000", "2018-02-28": "11.70000", "2017-11-30": "11.80000", "2017-08-31": "13.20000", "2017-05-31": "11.60000", "2017-02-28": "13.00000", "2016-11-30": "14.30000", "2016-08-31": "23.00000", "2016-05-31": "23.80000", "2016-02-29": "25.60000", "2015-11-30": "25.40000", "2015-08-31": "27.10000", "2015-05-31": "24.60000", "2015-02-28": "17.20000", "2014-11-30": "21.00000", "2014-08-31": "23.50000", "2014-05-31": "24.70000", "2014-02-28": "24.70000", "2013-11-30": "26.70000", "2013-08-31": "27.40000", "2013-05-31": "26.20000", "2013-02-28": "27.20000", "2012-11-30": "27.40000", "2012-08-31": "28.90000", "2012-05-31": "30.70000", "2012-02-29": "27.90000", "2011-11-30": "27.60000", "2011-08-31": "28.30000", "2011-05-31": "25.80000", "2011-02-28": "22.40000", "2010-11-30": "21.60000", "2010-08-31": "20.10000", "2010-05-31": "26.60000", "2010-02-28": "23.50000", "2009-11-30": "20.40000", "2009-08-31": "23.90000", "2009-05-31": "21.30200", "2009-02-28": "19.27900", "2008-11-30": "18.00200", "2008-08-31": "16.10900", "2008-05-31": "14.80900", "2008-02-29": "13.76800", "2007-11-30": "19.35800", "2007-08-31": "22.27400", "2007-05-31": "19.39200", "2007-02-28": "15.78300", "2006-11-30": "19.98000", "2006-08-31": "22.28200", "2006-05-31": "23.93300", "2006-02-28": "24.03800", "2005-11-30": "26.87600", "2005-08-31": "32.68900", "2005-05-31": "29.35500", "2005-02-28": "28.84500"}, "Total Long-Term Assets": {"2020-11-30": "2040.90000", "2020-08-31": "2052.00000", "2020-05-31": "2062.00000", "2020-02-29": "2088.90000", "2019-11-30": "2098.80000", "2019-08-31": "1730.60000", "2019-05-31": "1741.80000", "2019-02-28": "1759.20000", "2018-11-30": "1763.50000", "2018-08-31": "1777.70000", "2018-05-31": "1776.60000", "2018-02-28": "1657.10000", "2017-11-30": "1637.60000", "2017-08-31": "1654.00000", "2017-05-31": "1636.40000", "2017-02-28": "1635.20000", "2016-11-30": "1607.20000", "2016-08-31": "1625.10000", "2016-05-31": "1628.40000", "2016-02-29": "1622.10000", "2015-11-30": "1251.10000", "2015-08-31": "993.60000", "2015-05-31": "984.20000", "2015-02-28": "967.90000", "2014-11-30": "980.60000", "2014-08-31": "980.00000", "2014-05-31": "979.80000", "2014-02-28": "981.80000", "2013-11-30": "986.90000", "2013-08-31": "990.30010", "2013-05-31": "992.40000", "2013-02-28": "958.70000", "2012-11-30": "958.40000", "2012-08-31": "957.90000", "2012-05-31": "952.40000", "2012-02-29": "955.20000", "2011-11-30": "955.79990", "2011-08-31": "966.90000", "2011-05-31": "964.50000", "2011-02-28": "955.10000", "2010-11-30": "908.00000", "2010-08-31": "877.30000", "2010-05-31": "860.40000", "2010-02-28": "861.30000", "2009-11-30": "867.10000", "2009-08-31": "867.70000", "2009-05-31": "865.34300", "2009-02-28": "660.43000", "2008-11-30": "630.23600", "2008-08-31": "652.54400", "2008-05-31": "659.66200", "2008-02-29": "654.82000", "2007-11-30": "658.89090", "2007-08-31": "750.30500", "2007-05-31": "699.23910", "2007-02-28": "693.10000", "2006-11-30": "699.61510", "2006-08-31": "706.47100", "2006-05-31": "701.31010", "2006-02-28": "705.25800", "2005-11-30": "711.97300", "2005-08-31": "724.44100", "2005-05-31": "719.42500", "2005-02-28": "723.08800"}, "Total Assets": {"2020-11-30": "3388.60000", "2020-08-31": "3491.70000", "2020-05-31": "3442.30000", "2020-02-29": "3396.70000", "2019-11-30": "3305.20000", "2019-08-31": "3172.40000", "2019-05-31": "3121.10000", "2019-02-28": "2991.80000", "2018-11-30": "3015.30000", "2018-08-31": "2988.80000", "2018-05-31": "2882.40000", "2018-02-28": "2750.50000", "2017-11-30": "2961.40000", "2017-08-31": "2899.60000", "2017-05-31": "2730.50000", "2017-02-28": "2999.10000", "2016-11-30": "2963.40000", "2016-08-31": "2948.00000", "2016-05-31": "2783.20000", "2016-02-29": "2619.80000", "2015-11-30": "2506.30000", "2015-08-31": "2407.00000", "2015-05-31": "2327.80000", "2015-02-28": "2218.10000", "2014-11-30": "2206.10000", "2014-08-31": "2166.40000", "2014-05-31": "2049.80000", "2014-02-28": "1972.30000", "2013-11-30": "1966.20000", "2013-08-31": "1903.80000", "2013-05-31": "1829.80000", "2013-02-28": "1742.40000", "2012-11-30": "1731.70000", "2012-08-31": "1736.90000", "2012-05-31": "1656.50000", "2012-02-29": "1597.90000", "2011-11-30": "1595.00000", "2011-08-31": "1597.40000", "2011-05-31": "1591.00000", "2011-02-28": "1537.00000", "2010-11-30": "1521.40000", "2010-08-31": "1503.60000", "2010-05-31": "1468.70000", "2010-02-28": "1433.30000", "2009-11-30": "1317.10000", "2009-08-31": "1290.60000", "2009-05-31": "1321.12400", "2009-02-28": "1169.86100", "2008-11-30": "1359.85300", "2008-08-31": "1408.69100", "2008-05-31": "1366.04000", "2008-02-29": "1313.77400", "2007-11-30": "1348.07300", "2007-08-31": "1617.86700", "2007-05-31": "1536.12200", "2007-02-28": "1436.43500", "2006-11-30": "1421.90000", "2006-08-31": "1444.11600", "2006-05-31": "1413.65700", "2006-02-28": "1386.55400", "2005-11-30": "1429.92200", "2005-08-31": "1442.21500", "2005-05-31": "1388.97800", "2005-02-28": "1342.96200"}, "Total Current Liabilities": {"2020-11-30": "583.40000", "2020-08-31": "617.60000", "2020-05-31": "575.90000", "2020-02-29": "572.20000", "2019-11-30": "572.60000", "2019-08-31": "596.10000", "2019-05-31": "631.00000", "2019-02-28": "584.40000", "2018-11-30": "652.00000", "2018-08-31": "682.70000", "2018-05-31": "672.10000", "2018-02-28": "509.60000", "2017-11-30": "594.90000", "2017-08-31": "600.90000", "2017-05-31": "544.30000", "2017-02-28": "546.80000", "2016-11-30": "609.80000", "2016-08-31": "672.50000", "2016-05-31": "584.60000", "2016-02-29": "513.40000", "2015-11-30": "512.70000", "2015-08-31": "520.90000", "2015-05-31": "486.10000", "2015-02-28": "434.10000", "2014-11-30": "453.60000", "2014-08-31": "470.50000", "2014-05-31": "408.70000", "2014-02-28": "366.90000", "2013-11-30": "395.90000", "2013-08-31": "386.20000", "2013-05-31": "358.10000", "2013-02-28": "312.50000", "2012-11-30": "321.30000", "2012-08-31": "364.80000", "2012-05-31": "331.10000", "2012-02-29": "292.20000", "2011-11-30": "317.40000", "2011-08-31": "331.40000", "2011-05-31": "313.30000", "2011-02-28": "287.20000", "2010-11-30": "303.50000", "2010-08-31": "321.30000", "2010-05-31": "280.30000", "2010-02-28": "260.50000", "2009-11-30": "480.50000", "2009-08-31": "476.10000", "2009-05-31": "333.26600", "2009-02-28": "279.03000", "2008-11-30": "482.73500", "2008-08-31": "519.24200", "2008-05-31": "496.07900", "2008-02-29": "484.29100", "2007-11-30": "352.05400", "2007-08-31": "470.39600", "2007-05-31": "425.87500", "2007-02-28": "376.31100", "2006-11-30": "385.19300", "2006-08-31": "427.79400", "2006-05-31": "386.80000", "2006-02-28": "342.07700", "2005-11-30": "371.83100", "2005-08-31": "399.47200", "2005-05-31": "369.82900", "2005-02-28": "346.51800"}, "Long Term Debt": {"2020-11-30": "495.60000", "2020-08-31": "376.80000", "2020-05-31": "385.80000", "2020-02-29": "390.80000", "2019-11-30": "347.10000", "2019-08-31": "347.50000", "2019-05-31": "347.50000", "2019-02-28": "349.70000", "2018-11-30": "356.30000", "2018-08-31": "356.40000", "2018-05-31": "356.40000", "2018-02-28": "356.50000", "2017-11-30": "356.50000", "2017-08-31": "356.50000", "2017-05-31": "356.30000", "2017-02-28": "355.80000", "2016-11-30": "355.70000", "2016-08-31": "355.00000", "2016-05-31": "354.20000", "2016-02-29": "353.50000", "2015-11-30": "352.40000", "2015-08-31": "352.40000", "2015-05-31": "353.70000", "2015-02-28": "353.70000", "2014-11-30": "353.60000", "2014-08-31": "351.90000", "2014-05-31": "353.60000", "2014-02-28": "353.60000", "2013-11-30": "353.60000", "2013-08-31": "353.60000", "2013-05-31": "353.50000", "2013-02-28": "353.50000", "2012-11-30": "353.50000", "2012-08-31": "353.50000", "2012-05-31": "353.50000", "2012-02-29": "353.40000", "2011-11-30": "353.40000", "2011-08-31": "353.40000", "2011-05-31": "353.40000", "2011-02-28": "353.40000", "2010-11-30": "353.40000", "2010-08-31": "353.30000", "2010-05-31": "353.30000", "2010-02-28": "353.30000", "2009-11-30": "19.60000", "2009-08-31": "22.00000", "2009-05-31": "224.46100", "2009-02-28": "203.96500", "2008-11-30": "203.95900", "2008-08-31": "203.95300", "2008-05-31": "203.94900", "2008-02-29": "203.94500", "2007-11-30": "363.89200", "2007-08-31": "363.87700", "2007-05-31": "371.01700", "2007-02-28": "371.00100", "2006-11-30": "371.27800", "2006-08-31": "371.25200", "2006-05-31": "371.52000", "2006-02-28": "371.46400", "2005-11-30": "371.70900", "2005-08-31": "371.73600", "2005-05-31": "372.01200", "2005-02-28": "372.08300"}, "Other Non-Current Liabilities": {"2020-11-30": "150.00000", "2020-08-31": "126.50000", "2020-05-31": "124.60000", "2020-02-29": "125.80000", "2019-11-30": "127.40000", "2019-08-31": "117.50000", "2019-05-31": "106.20000", "2019-02-28": "103.20000", "2018-11-30": "104.90000", "2018-08-31": "75.80000", "2018-05-31": "78.90000", "2018-02-28": "78.20000", "2017-11-30": "79.70000", "2017-08-31": "71.50000", "2017-05-31": "71.60000", "2017-02-28": "72.80000", "2016-11-30": "75.60000", "2016-08-31": "66.20000", "2016-05-31": "60.90000", "2016-02-29": "65.40000", "2015-11-30": "67.30000", "2015-08-31": "58.10000", "2015-05-31": "57.70000", "2015-02-28": "60.20000", "2014-11-30": "67.70000", "2014-08-31": "57.00000", "2014-05-31": "57.50000", "2014-02-28": "65.60000", "2013-11-30": "69.00000", "2013-08-31": "61.90000", "2013-05-31": "68.50000", "2013-02-28": "62.00000", "2012-11-30": "65.30000", "2012-08-31": "61.10000", "2012-05-31": "61.80000", "2012-02-29": "62.30000", "2011-11-30": "65.80000", "2011-08-31": "58.70000", "2011-05-31": "59.00000", "2011-02-28": "60.80000", "2010-11-30": "62.70000", "2010-08-31": "53.30000", "2010-05-31": "53.80000", "2010-02-28": "56.30000", "2009-11-30": "57.60000", "2009-08-31": "56.20000", "2009-05-31": "54.82100", "2009-02-28": "57.25500", "2008-11-30": "55.43000", "2008-08-31": "59.28100", "2008-05-31": "51.02200", "2008-02-29": "51.90000", "2007-11-30": "59.52000", "2007-08-31": "52.82400", "2007-05-31": "86.59300", "2007-02-28": "85.17100", "2006-11-30": "90.57900", "2006-08-31": "61.38900", "2006-05-31": "123.91600", "2006-02-28": "127.39100", "2005-11-30": "124.50200", "2005-08-31": "124.50700", "2005-05-31": "107.69500", "2005-02-28": "107.19700"}, "Total Long Term Liabilities": {"2020-11-30": "868.20000", "2020-08-31": "746.60000", "2020-05-31": "770.70000", "2020-02-29": "779.40000", "2019-11-30": "745.30000", "2019-08-31": "657.40000", "2019-05-31": "605.20000", "2019-02-28": "605.60000", "2018-11-30": "612.40000", "2018-08-31": "589.30000", "2018-05-31": "609.90000", "2018-02-28": "605.10000", "2017-11-30": "640.40000", "2017-08-31": "633.10000", "2017-05-31": "650.99990", "2017-02-28": "647.49990", "2016-11-30": "623.50000", "2016-08-31": "615.70000", "2016-05-31": "610.70010", "2016-02-29": "613.00000", "2015-11-30": "558.70000", "2015-08-31": "526.10000", "2015-05-31": "528.00000", "2015-02-28": "532.40000", "2014-11-30": "541.80000", "2014-08-31": "532.40000", "2014-05-31": "516.30000", "2014-02-28": "526.00000", "2013-11-30": "530.70000", "2013-08-31": "524.10000", "2013-05-31": "549.10000", "2013-02-28": "539.20000", "2012-11-30": "544.30000", "2012-08-31": "538.10000", "2012-05-31": "506.40000", "2012-02-29": "510.50000", "2011-11-30": "512.20000", "2011-08-31": "509.00000", "2011-05-31": "498.70000", "2011-02-28": "501.80000", "2010-11-30": "495.20000", "2010-08-31": "487.90000", "2010-05-31": "471.50000", "2010-02-28": "473.90000", "2009-11-30": "142.40000", "2009-08-31": "142.30000", "2009-05-31": "329.30800", "2009-02-28": "309.83900", "2008-11-30": "308.50500", "2008-08-31": "313.90300", "2008-05-31": "304.56000", "2008-02-29": "302.76800", "2007-11-30": "469.84100", "2007-08-31": "475.50500", "2007-05-31": "470.64400", "2007-02-28": "469.20500", "2006-11-30": "474.88600", "2006-08-31": "474.06300", "2006-05-31": "500.26500", "2006-02-28": "503.50500", "2005-11-30": "500.84400", "2005-08-31": "500.95000", "2005-05-31": "504.56400", "2005-02-28": "504.22700"}, "Total Liabilities": {"2020-11-30": "1451.60000", "2020-08-31": "1364.20000", "2020-05-31": "1346.60000", "2020-02-29": "1351.60000", "2019-11-30": "1317.90000", "2019-08-31": "1253.50000", "2019-05-31": "1236.20000", "2019-02-28": "1190.00000", "2018-11-30": "1264.40000", "2018-08-31": "1272.00000", "2018-05-31": "1282.00000", "2018-02-28": "1114.70000", "2017-11-30": "1235.30000", "2017-08-31": "1234.00000", "2017-05-31": "1195.30000", "2017-02-28": "1194.30000", "2016-11-30": "1233.30000", "2016-08-31": "1288.20000", "2016-05-31": "1195.30000", "2016-02-29": "1126.40000", "2015-11-30": "1071.40000", "2015-08-31": "1047.00000", "2015-05-31": "1014.10000", "2015-02-28": "966.50000", "2014-11-30": "995.40000", "2014-08-31": "1002.90000", "2014-05-31": "925.00000", "2014-02-28": "892.90000", "2013-11-30": "926.60000", "2013-08-31": "910.30000", "2013-05-31": "907.20000", "2013-02-28": "851.70000", "2012-11-30": "865.60000", "2012-08-31": "902.90000", "2012-05-31": "837.50000", "2012-02-29": "802.70000", "2011-11-30": "829.60000", "2011-08-31": "840.40000", "2011-05-31": "812.00000", "2011-02-28": "789.00000", "2010-11-30": "798.70000", "2010-08-31": "809.20000", "2010-05-31": "751.80000", "2010-02-28": "734.40000", "2009-11-30": "622.90000", "2009-08-31": "618.40000", "2009-05-31": "662.57400", "2009-02-28": "588.86900", "2008-11-30": "791.24000", "2008-08-31": "833.14500", "2008-05-31": "800.63900", "2008-02-29": "787.05900", "2007-11-30": "821.89500", "2007-08-31": "945.90100", "2007-05-31": "896.51900", "2007-02-28": "845.51600", "2006-11-30": "860.07900", "2006-08-31": "901.85700", "2006-05-31": "887.06500", "2006-02-28": "845.58200", "2005-11-30": "872.67500", "2005-08-31": "900.42200", "2005-05-31": "874.39300", "2005-02-28": "850.74500"}, "Common Stock Net": {"2020-11-30": "0.50000", "2020-08-31": "0.50000", "2020-05-31": "0.50000", "2020-02-29": "0.50000", "2019-11-30": "0.50000", "2019-08-31": "0.50000", "2019-05-31": "0.50000", "2019-02-28": "0.50000", "2018-11-30": "0.50000", "2018-08-31": "0.50000", "2018-05-31": "0.50000", "2018-02-28": "0.50000", "2017-11-30": "0.50000", "2017-08-31": "0.50000", "2017-05-31": "0.50000", "2017-02-28": "0.50000", "2016-11-30": "0.50000", "2016-08-31": "0.50000", "2016-05-31": "0.50000", "2016-02-29": "0.50000", "2015-11-30": "0.50000", "2015-08-31": "0.50000", "2015-05-31": "0.50000", "2015-02-28": "0.50000", "2014-11-30": "0.50000", "2014-08-31": "0.50000", "2014-05-31": "0.50000", "2014-02-28": "0.50000", "2013-11-30": "0.50000", "2013-08-31": "0.50000", "2013-05-31": "0.50000", "2013-02-28": "0.50000", "2012-11-30": "0.50000", "2012-08-31": "0.50000", "2012-05-31": "0.50000", "2012-02-29": "0.50000", "2011-11-30": "0.50000", "2011-08-31": "0.50000", "2011-05-31": "0.50000", "2011-02-28": "0.50000", "2010-11-30": "0.50000", "2010-08-31": "0.50000", "2010-05-31": "0.50000", "2010-02-28": "0.50000", "2009-11-30": "0.50000", "2009-08-31": "0.50000", "2009-05-31": "0.49800", "2009-02-28": "0.49800", "2008-11-30": "0.49900", "2008-08-31": "0.49700", "2008-05-31": "0.49600", "2008-02-29": "0.49600", "2007-11-30": "0.49500", "2007-08-31": "0.49300", "2007-05-31": "0.49300", "2007-02-28": "0.49100", "2006-11-30": "0.48700", "2006-08-31": "0.48100", "2006-05-31": "0.47700", "2006-02-28": "0.46700", "2005-11-30": "0.45500", "2005-08-31": "0.45000", "2005-05-31": "0.44200", "2005-02-28": "0.43600"}, "Retained Earnings (Accumulated Deficit)": {"2020-11-30": "2577.70000", "2020-08-31": "2523.30000", "2020-05-31": "2454.80000", "2020-02-29": "2399.60000", "2019-11-30": "2347.60000", "2019-08-31": "2295.80000", "2019-05-31": "2204.90000", "2019-02-28": "2121.60000", "2018-11-30": "2060.60000", "2018-08-31": "1999.20000", "2018-05-31": "1896.20000", "2018-02-28": "1828.50000", "2017-11-30": "1725.90000", "2017-08-31": "1659.90000", "2017-05-31": "1574.90000", "2017-02-28": "1498.40000", "2016-11-30": "1436.80000", "2016-08-31": "1360.90000", "2016-05-31": "1283.80000", "2016-02-29": "1215.50000", "2015-11-30": "1155.70000", "2015-08-31": "1093.00000", "2015-05-31": "1038.60000", "2015-02-28": "979.80000", "2014-11-30": "939.10000", "2014-08-31": "893.60000", "2014-05-31": "844.40000", "2014-02-28": "806.30000", "2013-11-30": "779.20000", "2013-08-31": "740.30000", "2013-05-31": "701.00000", "2013-02-28": "675.00000", "2012-11-30": "655.90000", "2012-08-31": "635.30000", "2012-05-31": "607.60000", "2012-02-29": "579.50000", "2011-11-30": "565.50000", "2011-08-31": "541.00000", "2011-05-31": "512.50000", "2011-02-28": "491.00000", "2010-11-30": "477.80000", "2010-08-31": "459.00000", "2010-05-31": "438.50000", "2010-02-28": "422.90000", "2009-11-30": "421.80000", "2009-08-31": "404.20000", "2009-05-31": "380.10900", "2009-02-28": "389.58900", "2008-11-30": "380.55900", "2008-08-31": "366.90400", "2008-05-31": "329.61600", "2008-02-29": "293.86300", "2007-11-30": "265.08700", "2007-08-31": "313.85000", "2007-05-31": "269.07700", "2007-02-28": "237.06600", "2006-11-30": "219.23800", "2006-08-31": "192.15500", "2006-05-31": "157.47900", "2006-02-28": "135.44000", "2005-11-30": "127.66300", "2005-08-31": "112.44700", "2005-05-31": "91.33400", "2005-02-28": "78.27400"}, "Comprehensive Income": {"2020-11-30": "-126.50000", "2020-08-31": "-132.70000", "2020-05-31": "-161.60000", "2020-02-29": "-149.60000", "2019-11-30": "-147.60000", "2019-08-31": "-151.40000", "2019-05-31": "-122.10000", "2019-02-28": "-114.70000", "2018-11-30": "-121.00000", "2018-08-31": "-114.80000", "2018-05-31": "-121.10000", "2018-02-28": "-115.40000", "2017-11-30": "-108.60000", "2017-08-31": "-99.70000", "2017-05-31": "-139.50000", "2017-02-28": "-143.90000", "2016-11-30": "-149.30000", "2016-08-31": "-139.40000", "2016-05-31": "-109.80000", "2016-02-29": "-121.10000", "2015-11-30": "-113.20000", "2015-08-31": "-110.40000", "2015-05-31": "-88.80000", "2015-02-28": "-88.10000", "2014-11-30": "-79.20000", "2014-08-31": "-71.90000", "2014-05-31": "-57.90000", "2014-02-28": "-60.40000", "2013-11-30": "-59.70000", "2013-08-31": "-62.60000", "2013-05-31": "-84.40000", "2013-02-28": "-85.00000", "2012-11-30": "-85.50000", "2012-08-31": "-84.70000", "2012-05-31": "-66.80000", "2012-02-29": "-59.00000", "2011-11-30": "-62.90000", "2011-08-31": "-53.80000", "2011-05-31": "-57.40000", "2011-02-28": "-61.50000", "2010-11-30": "-66.80000", "2010-08-31": "-71.30000", "2010-05-31": "-60.40000", "2010-02-28": "-56.60000", "2009-11-30": "-53.70000", "2009-08-31": "-57.40000", "2009-05-31": "-40.70600", "2009-02-28": "-53.93500", "2008-11-30": "-47.11600", "2008-08-31": "-22.81900", "2008-05-31": "-12.63600", "2008-02-29": "-16.25100", "2007-11-30": "-18.60100", "2007-08-31": "-9.51300", "2007-05-31": "-11.61200", "2007-02-28": "-18.60200", "2006-11-30": "-16.47300", "2006-08-31": "-16.49200", "2006-05-31": "-33.37400", "2006-02-28": "-33.74500", "2005-11-30": "-35.32800", "2005-08-31": "-34.60200", "2005-05-31": "-25.76200", "2005-02-28": "-23.14500"}, "Other Share Holders Equity": {"2020-11-30": "", "2020-08-31": "", "2020-05-31": "", "2020-02-29": "", "2019-11-30": "", "2019-08-31": "", "2019-05-31": "", "2019-02-28": "", "2018-11-30": "", "2018-08-31": "", "2018-05-31": "", "2018-02-28": "", "2017-11-30": "", "2017-08-31": "", "2017-05-31": "", "2017-02-28": "", "2016-11-30": "", "2016-08-31": "", "2016-05-31": "", "2016-02-29": "", "2015-11-30": "", "2015-08-31": "", "2015-05-31": "", "2015-02-28": "", "2014-11-30": "", "2014-08-31": "", "2014-05-31": "", "2014-02-28": "", "2013-11-30": "", "2013-08-31": "", "2013-05-31": "", "2013-02-28": "", "2012-11-30": "", "2012-08-31": "", "2012-05-31": "", "2012-02-29": "", "2011-11-30": "", "2011-08-31": "", "2011-05-31": "", "2011-02-28": "", "2010-11-30": "", "2010-08-31": "", "2010-05-31": "", "2010-02-28": "", "2009-11-30": "", "2009-08-31": "", "2009-05-31": "", "2009-02-28": "", "2008-11-30": "", "2008-08-31": "", "2008-05-31": "", "2008-02-29": "", "2007-11-30": "", "2007-08-31": "", "2007-05-31": "", "2007-02-28": "", "2006-11-30": "", "2006-08-31": "", "2006-05-31": "", "2006-02-28": "", "2005-11-30": "", "2005-08-31": "", "2005-05-31": "", "2005-02-28": ""}, "Share Holder Equity": {"2020-11-30": "1937.00000", "2020-08-31": "2127.50000", "2020-05-31": "2095.70000", "2020-02-29": "2045.10000", "2019-11-30": "1987.30000", "2019-08-31": "1918.90000", "2019-05-31": "1884.90000", "2019-02-28": "1801.80000", "2018-11-30": "1750.90000", "2018-08-31": "1716.80000", "2018-05-31": "1600.40000", "2018-02-28": "1635.80000", "2017-11-30": "1726.10000", "2017-08-31": "1665.60000", "2017-05-31": "1535.20000", "2017-02-28": "1804.80000", "2016-11-30": "1730.10000", "2016-08-31": "1659.80000", "2016-05-31": "1587.90000", "2016-02-29": "1493.40000", "2015-11-30": "1434.90000", "2015-08-31": "1360.00000", "2015-05-31": "1313.70000", "2015-02-28": "1251.60000", "2014-11-30": "1210.70000", "2014-08-31": "1163.50000", "2014-05-31": "1124.80000", "2014-02-28": "1079.40000", "2013-11-30": "1039.60000", "2013-08-31": "993.50000", "2013-05-31": "922.60000", "2013-02-28": "890.70000", "2012-11-30": "866.10000", "2012-08-31": "834.00000", "2012-05-31": "819.00000", "2012-02-29": "795.20000", "2011-11-30": "765.40000", "2011-08-31": "757.00000", "2011-05-31": "779.00000", "2011-02-28": "748.00000", "2010-11-30": "722.70000", "2010-08-31": "694.40000", "2010-05-31": "716.90000", "2010-02-28": "698.90000", "2009-11-30": "694.20000", "2009-08-31": "672.20000", "2009-05-31": "658.55000", "2009-02-28": "580.99200", "2008-11-30": "568.61300", "2008-08-31": "575.54600", "2008-05-31": "565.40100", "2008-02-29": "526.71500", "2007-11-30": "526.17800", "2007-08-31": "671.96600", "2007-05-31": "639.60300", "2007-02-28": "590.91900", "2006-11-30": "561.82100", "2006-08-31": "542.25900", "2006-05-31": "526.59200", "2006-02-28": "540.97200", "2005-11-30": "557.24700", "2005-08-31": "541.79300", "2005-05-31": "514.58500", "2005-02-28": "492.21700"}, "Total Liabilities And Share Holders Equity": {"2020-11-30": "3388.60000", "2020-08-31": "3491.70000", "2020-05-31": "3442.30000", "2020-02-29": "3396.70000", "2019-11-30": "3305.20000", "2019-08-31": "3172.40000", "2019-05-31": "3121.10000", "2019-02-28": "2991.80000", "2018-11-30": "3015.30000", "2018-08-31": "2988.80000", "2018-05-31": "2882.40000", "2018-02-28": "2750.50000", "2017-11-30": "2961.40000", "2017-08-31": "2899.60000", "2017-05-31": "2730.50000", "2017-02-28": "2999.10000", "2016-11-30": "2963.40000", "2016-08-31": "2948.00000", "2016-05-31": "2783.20000", "2016-02-29": "2619.80000", "2015-11-30": "2506.30000", "2015-08-31": "2407.00000", "2015-05-31": "2327.80000", "2015-02-28": "2218.10000", "2014-11-30": "2206.10000", "2014-08-31": "2166.40000", "2014-05-31": "2049.80000", "2014-02-28": "1972.30000", "2013-11-30": "1966.20000", "2013-08-31": "1903.80000", "2013-05-31": "1829.80000", "2013-02-28": "1742.40000", "2012-11-30": "1731.70000", "2012-08-31": "1736.90000", "2012-05-31": "1656.50000", "2012-02-29": "1597.90000", "2011-11-30": "1595.00000", "2011-08-31": "1597.40000", "2011-05-31": "1591.00000", "2011-02-28": "1537.00000", "2010-11-30": "1521.40000", "2010-08-31": "1503.60000", "2010-05-31": "1468.70000", "2010-02-28": "1433.30000", "2009-11-30": "1317.10000", "2009-08-31": "1290.60000", "2009-05-31": "1321.12400", "2009-02-28": "1169.86100", "2008-11-30": "1359.85300", "2008-08-31": "1408.69100", "2008-05-31": "1366.04000", "2008-02-29": "1313.77400", "2007-11-30": "1348.07300", "2007-08-31": "1617.86700", "2007-05-31": "1536.12200", "2007-02-28": "1436.43500", "2006-11-30": "1421.90000", "2006-08-31": "1444.11600", "2006-05-31": "1413.65700", "2006-02-28": "1386.55400", "2005-11-30": "1429.92200", "2005-08-31": "1442.21500", "2005-05-31": "1388.97800", "2005-02-28": "1342.96200"}}, "cash flow statement": {"Net Income/Loss": {"2020-08-31": "248.30000", "2019-08-31": "330.40000", "2018-08-31": "349.60000", "2017-08-31": "321.70000", "2016-08-31": "290.80000", "2015-08-31": "222.10000", "2014-08-31": "175.80000", "2013-08-31": "127.40000", "2012-08-31": "116.30000", "2011-08-31": "105.50000", "2010-08-31": "79.60000", "2009-08-31": "84.90000", "2008-08-31": "148.30000", "2007-08-31": "148.05400", "2006-08-31": "106.56200", "2005-08-31": "52.22900"}, "Total Depreciation And Amortization - Cash Flow": {"2020-08-31": "101.10000", "2019-08-31": "88.30000", "2018-08-31": "80.30000", "2017-08-31": "74.60000", "2016-08-31": "62.60000", "2015-08-31": "45.80000", "2014-08-31": "43.40000", "2013-08-31": "40.80000", "2012-08-31": "39.80000", "2011-08-31": "40.10000", "2010-08-31": "36.50000", "2009-08-31": "35.70000", "2008-08-31": "33.80000", "2007-08-31": "31.34800", "2006-08-31": "30.68800", "2005-08-31": "41.07500"}, "Other Non-Cash Items": {"2020-08-31": "40.60000", "2019-08-31": "39.40000", "2018-08-31": "-10.70000", "2017-08-31": "17.40000", "2016-08-31": "23.70000", "2015-08-31": "6.70000", "2014-08-31": "7.50000", "2013-08-31": "12.20000", "2012-08-31": "18.10000", "2011-08-31": "20.00000", "2010-08-31": "29.10000", "2009-08-31": "11.30000", "2008-08-31": "3.50000", "2007-08-31": "-24.08000", "2006-08-31": "-33.85100", "2005-08-31": "4.46200"}, "Total Non-Cash Items": {"2020-08-31": "141.70000", "2019-08-31": "127.70000", "2018-08-31": "69.60000", "2017-08-31": "92.00000", "2016-08-31": "86.30000", "2015-08-31": "52.50000", "2014-08-31": "50.90000", "2013-08-31": "53.00000", "2012-08-31": "57.90000", "2011-08-31": "60.10000", "2010-08-31": "65.60000", "2009-08-31": "47.00000", "2008-08-31": "37.30000", "2007-08-31": "7.26800", "2006-08-31": "-3.16300", "2005-08-31": "45.53700"}, "Change In Accounts Receivable": {"2020-08-31": "74.50000", "2019-08-31": "97.70000", "2018-08-31": "-62.80000", "2017-08-31": "2.70000", "2016-08-31": "-94.60000", "2015-08-31": "-46.10000", "2014-08-31": "-55.40000", "2013-08-31": "-54.80000", "2012-08-31": "-2.30000", "2011-08-31": "2.90000", "2010-08-31": "-29.20000", "2009-08-31": "43.20000", "2008-08-31": "26.60000", "2007-08-31": "-2.35200", "2006-08-31": "-29.63500", "2005-08-31": "-12.86900"}, "Change In Inventories": {"2020-08-31": "38.00000", "2019-08-31": "70.80000", "2018-08-31": "-74.40000", "2017-08-31": "-32.40000", "2016-08-31": "-24.00000", "2015-08-31": "-15.10000", "2014-08-31": "-9.00000", "2013-08-31": "-6.50000", "2012-08-31": "-28.60000", "2011-08-31": "-5.30000", "2010-08-31": "-8.60000", "2009-08-31": "10.30000", "2008-08-31": "0.80000", "2007-08-31": "17.67800", "2006-08-31": "6.01000", "2005-08-31": "6.67000"}, "Change In Accounts Payable": {"2020-08-31": "-19.60000", "2019-08-31": "-111.50000", "2018-08-31": "52.50000", "2017-08-31": "-4.60000", "2016-08-31": "65.30000", "2015-08-31": "23.10000", "2014-08-31": "37.60000", "2013-08-31": "15.20000", "2012-08-31": "29.60000", "2011-08-31": "5.50000", "2010-08-31": "33.50000", "2009-08-31": "-44.40000", "2008-08-31": "-4.60000", "2007-08-31": "0.70700", "2006-08-31": "18.59400", "2005-08-31": "14.65700"}, "Change In Assets/Liabilities": {"2020-08-31": "21.90000", "2019-08-31": "-20.40000", "2018-08-31": "17.00000", "2017-08-31": "-42.80000", "2016-08-31": "64.10000", "2015-08-31": "52.40000", "2014-08-31": "33.20000", "2013-08-31": "-2.00000", "2012-08-31": "-0.70000", "2011-08-31": "-7.60000", "2010-08-31": "19.60000", "2009-08-31": "-48.30000", "2008-08-31": "13.40000", "2007-08-31": "37.35000", "2006-08-31": "26.14400", "2005-08-31": "30.86300"}, "Total Change In Assets/Liabilities": {"2020-08-31": "114.80000", "2019-08-31": "36.60000", "2018-08-31": "-67.70000", "2017-08-31": "-77.10000", "2016-08-31": "10.80000", "2015-08-31": "14.30000", "2014-08-31": "6.40000", "2013-08-31": "-48.10000", "2012-08-31": "-2.00000", "2011-08-31": "-4.50000", "2010-08-31": "15.30000", "2009-08-31": "-39.20000", "2008-08-31": "36.20000", "2007-08-31": "53.38300", "2006-08-31": "21.11300", "2005-08-31": "39.32100"}, "Cash Flow From Operating Activities": {"2020-08-31": "504.80000", "2019-08-31": "494.70000", "2018-08-31": "351.50000", "2017-08-31": "336.60000", "2016-08-31": "387.90000", "2015-08-31": "288.90000", "2014-08-31": "233.10000", "2013-08-31": "132.30000", "2012-08-31": "172.20000", "2011-08-31": "161.10000", "2010-08-31": "160.50000", "2009-08-31": "92.70000", "2008-08-31": "221.80000", "2007-08-31": "208.70500", "2006-08-31": "124.51200", "2005-08-31": "137.08700"}, "Net Change In Property, Plant, And Equipment": {"2020-08-31": "-54.70000", "2019-08-31": "-53.00000", "2018-08-31": "-43.60000", "2017-08-31": "-61.80000", "2016-08-31": "-81.50000", "2015-08-31": "-55.20000", "2014-08-31": "-34.30000", "2013-08-31": "-33.00000", "2012-08-31": "-31.30000", "2011-08-31": "-22.10000", "2010-08-31": "-21.70000", "2009-08-31": "-21.00000", "2008-08-31": "-27.00000", "2007-08-31": "-29.83900", "2006-08-31": "-18.72600", "2005-08-31": "-29.64900"}, "Net Change In Intangible Assets": {"2020-08-31": "", "2019-08-31": "", "2018-08-31": "", "2017-08-31": "", "2016-08-31": "", "2015-08-31": "", "2014-08-31": "", "2013-08-31": "", "2012-08-31": "", "2011-08-31": "", "2010-08-31": "", "2009-08-31": "", "2008-08-31": "", "2007-08-31": "", "2006-08-31": "", "2005-08-31": ""}, "Net Acquisitions/Divestitures": {"2020-08-31": "-303.00000", "2019-08-31": "-2.90000", "2018-08-31": "-162.10000", "2017-08-31": "", "2016-08-31": "-623.20000", "2015-08-31": "-14.60000", "2014-08-31": "", "2013-08-31": "-25.50000", "2012-08-31": "-3.80000", "2011-08-31": "-90.40000", "2010-08-31": "-22.60000", "2009-08-31": "-162.10000", "2008-08-31": "-3.50000", "2007-08-31": "-43.52300", "2006-08-31": "", "2005-08-31": "0.25100"}, "Net Change In Short-term Investments": {"2020-08-31": "", "2019-08-31": "", "2018-08-31": "", "2017-08-31": "", "2016-08-31": "", "2015-08-31": "", "2014-08-31": "", "2013-08-31": "", "2012-08-31": "", "2011-08-31": "", "2010-08-31": "", "2009-08-31": "", "2008-08-31": "", "2007-08-31": "", "2006-08-31": "", "2005-08-31": ""}, "Net Change In Long-Term Investments": {"2020-08-31": "", "2019-08-31": "", "2018-08-31": "", "2017-08-31": "13.20000", "2016-08-31": "", "2015-08-31": "", "2014-08-31": "", "2013-08-31": "", "2012-08-31": "", "2011-08-31": "", "2010-08-31": "", "2009-08-31": "", "2008-08-31": "", "2007-08-31": "", "2006-08-31": "", "2005-08-31": ""}, "Net Change In Investments - Total": {"2020-08-31": "", "2019-08-31": "", "2018-08-31": "", "2017-08-31": "13.20000", "2016-08-31": "", "2015-08-31": "", "2014-08-31": "", "2013-08-31": "", "2012-08-31": "", "2011-08-31": "", "2010-08-31": "", "2009-08-31": "", "2008-08-31": "", "2007-08-31": "", "2006-08-31": "", "2005-08-31": ""}, "Investing Activities - Other": {"2020-08-31": "-2.10000", "2019-08-31": "2.90000", "2018-08-31": "1.70000", "2017-08-31": "-0.20000", "2016-08-31": "", "2015-08-31": "-2.60000", "2014-08-31": "", "2013-08-31": "", "2012-08-31": "", "2011-08-31": "", "2010-08-31": "", "2009-08-31": "", "2008-08-31": "", "2007-08-31": "", "2006-08-31": "", "2005-08-31": ""}, "Cash Flow From Investing Activities": {"2020-08-31": "-359.80000", "2019-08-31": "-53.00000", "2018-08-31": "-204.00000", "2017-08-31": "-48.80000", "2016-08-31": "-704.70000", "2015-08-31": "-72.40000", "2014-08-31": "-34.30000", "2013-08-31": "-58.50000", "2012-08-31": "-35.10000", "2011-08-31": "-112.50000", "2010-08-31": "-44.30000", "2009-08-31": "-183.10000", "2008-08-31": "-30.50000", "2007-08-31": "-73.36200", "2006-08-31": "-18.72600", "2005-08-31": "-29.39800"}, "Net Long-Term Debt": {"2020-08-31": "44.30000", "2019-08-31": "-0.40000", "2018-08-31": "-0.40000", "2017-08-31": "1.00000", "2016-08-31": "2.50000", "2015-08-31": "", "2014-08-31": "", "2013-08-31": "", "2012-08-31": "", "2011-08-31": "", "2010-08-31": "108.60000", "2009-08-31": "-162.40000", "2008-08-31": "", "2007-08-31": "", "2006-08-31": "", "2005-08-31": "-19.48600"}, "Net Current Debt": {"2020-08-31": "", "2019-08-31": "", "2018-08-31": "", "2017-08-31": "", "2016-08-31": "", "2015-08-31": "", "2014-08-31": "", "2013-08-31": "", "2012-08-31": "", "2011-08-31": "", "2010-08-31": "", "2009-08-31": "", "2008-08-31": "", "2007-08-31": "", "2006-08-31": "", "2005-08-31": "-4.00000"}, "Debt Issuance/Retirement Net - Total": {"2020-08-31": "44.30000", "2019-08-31": "-0.40000", "2018-08-31": "-0.40000", "2017-08-31": "1.00000", "2016-08-31": "2.50000", "2015-08-31": "", "2014-08-31": "", "2013-08-31": "", "2012-08-31": "", "2011-08-31": "", "2010-08-31": "108.60000", "2009-08-31": "-162.40000", "2008-08-31": "", "2007-08-31": "", "2006-08-31": "", "2005-08-31": "-23.48600"}, "Net Common Equity Issued/Repurchased": {"2020-08-31": "-68.40000", "2019-08-31": "-81.00000", "2018-08-31": "-296.70000", "2017-08-31": "-354.90000", "2016-08-31": "14.20000", "2015-08-31": "11.60000", "2014-08-31": "8.40000", "2013-08-31": "14.90000", "2012-08-31": "-1.60000", "2011-08-31": "-54.50000", "2010-08-31": "-29.60000", "2009-08-31": "3.00000", "2008-08-31": "-151.10000", "2007-08-31": "-18.46600", "2006-08-31": "-133.38400", "2005-08-31": "27.10800"}, "Net Total Equity Issued/Repurchased": {"2020-08-31": "-68.40000", "2019-08-31": "-81.00000", "2018-08-31": "-296.70000", "2017-08-31": "-354.90000", "2016-08-31": "14.20000", "2015-08-31": "11.60000", "2014-08-31": "8.40000", "2013-08-31": "14.90000", "2012-08-31": "-1.60000", "2011-08-31": "-54.50000", "2010-08-31": "-29.60000", "2009-08-31": "3.00000", "2008-08-31": "-151.10000", "2007-08-31": "-18.46600", "2006-08-31": "-133.38400", "2005-08-31": "27.10800"}, "Total Common And Preferred Stock Dividends Paid": {"2020-08-31": "-20.80000", "2019-08-31": "-20.80000", "2018-08-31": "-21.40000", "2017-08-31": "-22.70000", "2016-08-31": "-22.90000", "2015-08-31": "-22.70000", "2014-08-31": "-22.50000", "2013-08-31": "-22.40000", "2012-08-31": "-22.00000", "2011-08-31": "-22.60000", "2010-08-31": "-22.60000", "2009-08-31": "-21.60000", "2008-08-31": "35.90000", "2007-08-31": "-26.35900", "2006-08-31": "-26.85400", "2005-08-31": "-26.34200"}, "Financial Activities - Other": {"2020-08-31": "-5.40000", "2019-08-31": "-6.00000", "2018-08-31": "-8.20000", "2017-08-31": "-15.20000", "2016-08-31": "-16.60000", "2015-08-31": "7.20000", "2014-08-31": "7.80000", "2013-08-31": "8.60000", "2012-08-31": "4.90000", "2011-08-31": "5.30000", "2010-08-31": "2.80000", "2009-08-31": "0.40000", "2008-08-31": "5.00000", "2007-08-31": "15.36000", "2006-08-31": "17.28200", "2005-08-31": ""}, "Cash Flow From Financial Activities": {"2020-08-31": "-50.30000", "2019-08-31": "-108.20000", "2018-08-31": "-326.70000", "2017-08-31": "-391.80000", "2016-08-31": "-22.80000", "2015-08-31": "-3.90000", "2014-08-31": "-6.30000", "2013-08-31": "1.10000", "2012-08-31": "-18.70000", "2011-08-31": "-71.80000", "2010-08-31": "59.20000", "2009-08-31": "-180.60000", "2008-08-31": "-110.20000", "2007-08-31": "-29.46500", "2006-08-31": "-142.95600", "2005-08-31": "-22.72000"}, "Net Cash Flow": {"2020-08-31": "99.70000", "2019-08-31": "331.90000", "2018-08-31": "-182.00000", "2017-08-31": "-102.10000", "2016-08-31": "-343.60000", "2015-08-31": "204.30000", "2014-08-31": "193.40000", "2013-08-31": "74.60000", "2012-08-31": "114.30000", "2011-08-31": "-20.80000", "2010-08-31": "172.30000", "2009-08-31": "-278.40000", "2008-08-31": "83.40000", "2007-08-31": "133.15400", "2006-08-31": "-6.22000", "2005-08-31": "84.39800"}, "Stock-Based Compensation": {"2020-08-31": "38.20000", "2019-08-31": "29.20000", "2018-08-31": "32.30000", "2017-08-31": "32.00000", "2016-08-31": "27.70000", "2015-08-31": "18.20000", "2014-08-31": "17.70000", "2013-08-31": "16.50000", "2012-08-31": "15.90000", "2011-08-31": "14.20000", "2010-08-31": "9.00000", "2009-08-31": "10.20000", "2008-08-31": "5.20000", "2007-08-31": "", "2006-08-31": "", "2005-08-31": ""}, "Common Stock Dividends Paid": {"2020-08-31": "-20.80000", "2019-08-31": "-20.80000", "2018-08-31": "-21.40000", "2017-08-31": "-22.70000", "2016-08-31": "-22.90000", "2015-08-31": "-22.70000", "2014-08-31": "-22.50000", "2013-08-31": "-22.40000", "2012-08-31": "-22.00000", "2011-08-31": "-22.60000", "2010-08-31": "-22.60000", "2009-08-31": "-21.60000", "2008-08-31": "35.90000", "2007-08-31": "-26.35900", "2006-08-31": "-26.85400", "2005-08-31": "-26.34200"}}, "cash flow statement, quarterly": {"Net Income/Loss": {"2020-11-30": "59.60000", "2020-08-31": 73.7, "2020-05-31": 60.4, "2020-02-29": 57.2, "2019-11-30": "57.00000", "2019-08-31": 96.1, "2019-05-31": 88.4, "2019-02-28": 66.3, "2018-11-30": "79.60000", "2018-08-31": 108.2, "2018-05-31": 73, "2018-02-28": 96.9, "2017-11-30": "71.50000", "2017-08-31": 90.5, "2017-05-31": 82.2, "2017-02-28": 67.3, "2016-11-30": "81.70000", "2016-08-31": 82.9, "2016-05-31": 74, "2016-02-29": 65.5, "2015-11-30": "68.40000", "2015-08-31": 60.1, "2015-05-31": 64.5, "2015-02-28": 46.4, "2014-11-30": "51.10000", "2014-08-31": 54.8, "2014-05-31": 43.8, "2014-02-28": 32.7, "2013-11-30": "44.50000", "2013-08-31": 44.9, "2013-05-31": 31.7, "2013-02-28": 24.7, "2012-11-30": "26.10000", "2012-08-31": 33.2, "2012-05-31": 33.6, "2012-02-29": 19.6, "2011-11-30": "29.90000", "2011-08-31": 34.2, "2011-05-31": 27, "2011-02-28": 19.9, "2010-11-30": "24.40000", "2010-08-31": 27.2, "2010-05-31": 21.3, "2010-02-28": 7.8, "2009-11-30": "23.30000", "2009-08-31": 29.1, "2009-05-31": 22, "2009-02-28": 14.4, "2008-11-30": "19.40000", "2008-08-31": 41.95, "2008-05-31": 41.134, "2008-02-29": 34.144, "2007-11-30": "31.07200", "2007-08-31": 51.453, "2007-05-31": 45.095, "2007-02-28": 17.939, "2006-11-30": "33.56700", "2006-08-31": 41.367, "2006-05-31": 28.712, "2006-02-28": 14.507, "2005-11-30": "21.97600", "2005-08-31": 27.809, "2005-05-31": 19.692, "2005-02-28": 4.728}, "Total Depreciation And Amortization - Cash Flow": {"2020-11-30": "25.00000", "2020-08-31": 25.8, "2020-05-31": 25.5, "2020-02-29": 25.6, "2019-11-30": "24.20000", "2019-08-31": 22.6, "2019-05-31": 22.4, "2019-02-28": 22, "2018-11-30": "21.30000", "2018-08-31": 21.8, "2018-05-31": 20.2, "2018-02-28": 19.3, "2017-11-30": "19.00000", "2017-08-31": 18.1, "2017-05-31": 20, "2017-02-28": 19.3, "2016-11-30": "17.20000", "2016-08-31": 13.6, "2016-05-31": 18.3, "2016-02-29": 16.4, "2015-11-30": "14.30000", "2015-08-31": 11.6, "2015-05-31": 11.7, "2015-02-28": 11.2, "2014-11-30": "11.30000", "2014-08-31": 11.2, "2014-05-31": 10.8, "2014-02-28": 10.8, "2013-11-30": "10.60000", "2013-08-31": 10.6, "2013-05-31": 10.3, "2013-02-28": 9.9, "2012-11-30": "10.00000", "2012-08-31": 10.1, "2012-05-31": 10.2, "2012-02-29": 9.4, "2011-11-30": "10.10000", "2011-08-31": 10.4, "2011-05-31": 10.5, "2011-02-28": 9.6, "2010-11-30": "9.60000", "2010-08-31": 8.8, "2010-05-31": 8.9, "2010-02-28": 9.4, "2009-11-30": "9.40000", "2009-08-31": 9.6, "2009-05-31": 8.7, "2009-02-28": 8.6, "2008-11-30": "8.80000", "2008-08-31": 8.992, "2008-05-31": 8.216, "2008-02-29": 8.216, "2007-11-30": "8.37600", "2007-08-31": 8.065, "2007-05-31": 7.575, "2007-02-28": 7.846, "2006-11-30": "7.86200", "2006-08-31": 1.244, "2006-05-31": 9.257, "2006-02-28": 9.983, "2005-11-30": "10.20400", "2005-08-31": 10.8, "2005-05-31": 9.69, "2005-02-28": 20.585}, "Other Non-Cash Items": {"2020-11-30": "11.70000", "2020-08-31": 6.2, "2020-05-31": 9.7, "2020-02-29": 8, "2019-11-30": "16.70000", "2019-08-31": 15.7, "2019-05-31": 7.6, "2019-02-28": 8, "2018-11-30": "8.10000", "2018-08-31": -3.2, "2018-05-31": 7.6, "2018-02-28": -23.6, "2017-11-30": "8.50000", "2017-08-31": 3, "2017-05-31": 8.2, "2017-02-28": 5.4, "2016-11-30": "0.80000", "2016-08-31": 24.6, "2016-05-31": 1.8, "2016-02-29": 5.9, "2015-11-30": "-8.60000", "2015-08-31": 15.2, "2015-05-31": -4.9, "2015-02-28": 1.1, "2014-11-30": "-4.70000", "2014-08-31": 4, "2014-05-31": 3.6, "2014-02-28": -0.2, "2013-11-30": "0.10000", "2013-08-31": 6.1, "2013-05-31": 1.6, "2013-02-28": 4.5, "2012-11-30": "", "2012-08-31": 10.9, "2012-05-31": 2.5, "2012-02-29": 3.7, "2011-11-30": "1.00000", "2011-08-31": 21.1, "2011-05-31": 1.2, "2011-02-28": 2.7, "2010-11-30": "-5.00000", "2010-08-31": 12.6, "2010-05-31": 1.2, "2010-02-28": 15.6, "2009-11-30": "-0.30000", "2009-08-31": 7.6, "2009-05-31": 5.9, "2009-02-28": 1.6, "2008-11-30": "-3.80000", "2008-08-31": 0.997, "2008-05-31": 7.501, "2008-02-29": -4.912, "2007-11-30": "-0.08600", "2007-08-31": -7.056, "2007-05-31": -10.96, "2007-02-28": 3.127, "2006-11-30": "-9.19100", "2006-08-31": -23.341, "2006-05-31": -2.675, "2006-02-28": -7.029, "2005-11-30": "-0.80600", "2005-08-31": 1.626, "2005-05-31": 0.967, "2005-02-28": 1.869}, "Total Non-Cash Items": {"2020-11-30": "36.70000", "2020-08-31": 32, "2020-05-31": 35.2, "2020-02-29": 33.6, "2019-11-30": "40.90000", "2019-08-31": 38.3, "2019-05-31": 30, "2019-02-28": 30, "2018-11-30": "29.40000", "2018-08-31": 18.6, "2018-05-31": 27.8, "2018-02-28": -4.3, "2017-11-30": "27.50000", "2017-08-31": 21.1, "2017-05-31": 28.2, "2017-02-28": 24.7, "2016-11-30": "18.00000", "2016-08-31": 38.2, "2016-05-31": 20.1, "2016-02-29": 22.3, "2015-11-30": "5.70000", "2015-08-31": 26.8, "2015-05-31": 6.8, "2015-02-28": 12.3, "2014-11-30": "6.60000", "2014-08-31": 15.2, "2014-05-31": 14.4, "2014-02-28": 10.6, "2013-11-30": "10.70000", "2013-08-31": 16.7, "2013-05-31": 11.9, "2013-02-28": 14.4, "2012-11-30": "10.00000", "2012-08-31": 21, "2012-05-31": 12.7, "2012-02-29": 13.1, "2011-11-30": "11.10000", "2011-08-31": 31.5, "2011-05-31": 11.7, "2011-02-28": 12.3, "2010-11-30": "4.60000", "2010-08-31": 21.4, "2010-05-31": 10.1, "2010-02-28": 25, "2009-11-30": "9.10000", "2009-08-31": 17.2, "2009-05-31": 14.6, "2009-02-28": 10.2, "2008-11-30": "5.00000", "2008-08-31": 9.989, "2008-05-31": 15.717, "2008-02-29": 3.304, "2007-11-30": "8.29000", "2007-08-31": 1.009, "2007-05-31": -3.385, "2007-02-28": 10.973, "2006-11-30": "-1.32900", "2006-08-31": -22.097, "2006-05-31": 6.582, "2006-02-28": 2.954, "2005-11-30": "9.39800", "2005-08-31": 12.426, "2005-05-31": 10.657, "2005-02-28": 22.454}, "Change In Accounts Receivable": {"2020-11-30": "56.30000", "2020-08-31": -45.4, "2020-05-31": 53, "2020-02-29": 0.6, "2019-11-30": "66.30000", "2019-08-31": 25.6, "2019-05-31": -67.5, "2019-02-28": 37.6, "2018-11-30": "102.00000", "2018-08-31": -69.3, "2018-05-31": -66.7, "2018-02-28": 15.6, "2017-11-30": "57.60000", "2017-08-31": -47.7, "2017-05-31": -19.3, "2017-02-28": 22.1, "2016-11-30": "47.60000", "2016-08-31": -78.7, "2016-05-31": -34.2, "2016-02-29": 5.9, "2015-11-30": "12.40000", "2015-08-31": -20.6, "2015-05-31": -37.4, "2015-02-28": 12.6, "2014-11-30": "-0.70000", "2014-08-31": -21.4, "2014-05-31": -43.1, "2014-02-28": 23.1, "2013-11-30": "-14.00000", "2013-08-31": -19.2, "2013-05-31": -16.5, "2013-02-28": -12.5, "2012-11-30": "-6.60000", "2012-08-31": 7.5, "2012-05-31": -13.9, "2012-02-29": 5.8, "2011-11-30": "-1.70000", "2011-08-31": -7.3, "2011-05-31": -11.7, "2011-02-28": 10.4, "2010-11-30": "11.50000", "2010-08-31": -19, "2010-05-31": -12.5, "2010-02-28": -6.3, "2009-11-30": "8.60000", "2009-08-31": -5.7, "2009-05-31": 2.1, "2009-02-28": 28.8, "2008-11-30": "18.00000", "2008-08-31": 19.781, "2008-05-31": -17.955, "2008-02-29": 13.761, "2007-11-30": "11.01300", "2007-08-31": 0.786, "2007-05-31": -41.473, "2007-02-28": -0.357, "2006-11-30": "38.69200", "2006-08-31": -17.383, "2006-05-31": -33.622, "2006-02-28": 0.012, "2005-11-30": "21.35800", "2005-08-31": -21.104, "2005-05-31": -14.303, "2005-02-28": 22.538}, "Change In Inventories": {"2020-11-30": "4.10000", "2020-08-31": 37, "2020-05-31": -7.3, "2020-02-29": 3.4, "2019-11-30": "4.90000", "2019-08-31": 50.3, "2019-05-31": 21.8, "2019-02-28": 7.9, "2018-11-30": "-9.20000", "2018-08-31": -8, "2018-05-31": -73.2, "2018-02-28": 17.9, "2017-11-30": "-11.10000", "2017-08-31": 14.7, "2017-05-31": 12.4, "2017-02-28": -19.2, "2016-11-30": "-40.30000", "2016-08-31": -9.8, "2016-05-31": -10.7, "2016-02-29": 10.1, "2015-11-30": "-13.60000", "2015-08-31": 31.6, "2015-05-31": -19.3, "2015-02-28": -24.5, "2014-11-30": "-2.90000", "2014-08-31": 1.4, "2014-05-31": 14.8, "2014-02-28": -20.2, "2013-11-30": "-5.00000", "2013-08-31": -1.8, "2013-05-31": -5.9, "2013-02-28": 0.7, "2012-11-30": "0.50000", "2012-08-31": -24.9, "2012-05-31": -10.3, "2012-02-29": 3.7, "2011-11-30": "2.90000", "2011-08-31": 12.3, "2011-05-31": -3.2, "2011-02-28": 3.4, "2010-11-30": "-17.80000", "2010-08-31": -5.5, "2010-05-31": 4.2, "2010-02-28": -3.1, "2009-11-30": "-4.20000", "2009-08-31": 17.9, "2009-05-31": 14.3, "2009-02-28": -3.1, "2008-11-30": "-18.80000", "2008-08-31": 4.558, "2008-05-31": -3.644, "2008-02-29": 0.231, "2007-11-30": "-0.34500", "2007-08-31": 11.191, "2007-05-31": 2.685, "2007-02-28": 1.551, "2006-11-30": "2.25100", "2006-08-31": 8.332, "2006-05-31": -0.937, "2006-02-28": 8.859, "2005-11-30": "-10.24400", "2005-08-31": 5.173, "2005-05-31": -3.37, "2005-02-28": 4.867}, "Change In Accounts Payable": {"2020-11-30": "-9.20000", "2020-08-31": -4.9, "2020-05-31": -2.4, "2020-02-29": 10.4, "2019-11-30": "-22.70000", "2019-08-31": -40, "2019-05-31": 31.1, "2019-02-28": -41.1, "2018-11-30": "-61.50000", "2018-08-31": -10.4, "2018-05-31": 116.9, "2018-02-28": -21.5, "2017-11-30": "-32.50000", "2017-08-31": 33.1, "2017-05-31": -5.5, "2017-02-28": -25, "2016-11-30": "-7.20000", "2016-08-31": 46.4, "2016-05-31": 35.1, "2016-02-29": -27, "2015-11-30": "10.80000", "2015-08-31": 6.1, "2015-05-31": 21.3, "2015-02-28": 4.5, "2014-11-30": "-8.80000", "2014-08-31": 31, "2014-05-31": 12.1, "2014-02-28": -0.1, "2013-11-30": "-5.40000", "2013-08-31": 9.9, "2013-05-31": 24.5, "2013-02-28": 9.2, "2012-11-30": "-28.40000", "2012-08-31": 29.4, "2012-05-31": 14.1, "2012-02-29": -9.7, "2011-11-30": "-4.20000", "2011-08-31": 15.6, "2011-05-31": 12.5, "2011-02-28": -10.8, "2010-11-30": "-11.80000", "2010-08-31": 30.6, "2010-05-31": 7.4, "2010-02-28": -5.6, "2009-11-30": "1.10000", "2009-08-31": 5.1, "2009-05-31": -5, "2009-02-28": -21.1, "2008-11-30": "-23.40000", "2008-08-31": 17.119, "2008-05-31": 9.46, "2008-02-29": -10.04, "2007-11-30": "-21.13900", "2007-08-31": 9.427, "2007-05-31": 14.87, "2007-02-28": 5.191, "2006-11-30": "-28.78100", "2006-08-31": 21.045, "2006-05-31": 34.51, "2006-02-28": -16.885, "2005-11-30": "-20.07600", "2005-08-31": 21.488, "2005-05-31": 30.579, "2005-02-28": -37.41}, "Change In Assets/Liabilities": {"2020-11-30": "-23.60000", "2020-08-31": 34.1, "2020-05-31": 24.7, "2020-02-29": -20.1, "2019-11-30": "-16.80000", "2019-08-31": 12.4, "2019-05-31": 19.9, "2019-02-28": -44.2, "2018-11-30": "-8.50000", "2018-08-31": 12.7, "2018-05-31": 44.3, "2018-02-28": -66.8, "2017-11-30": "26.80000", "2017-08-31": 26.9, "2017-05-31": 10, "2017-02-28": -35.7, "2016-11-30": "-44.00000", "2016-08-31": 65, "2016-05-31": 40.1, "2016-02-29": -8.4, "2015-11-30": "-32.60000", "2015-08-31": 26.7, "2015-05-31": 46.8, "2015-02-28": -22.5, "2014-11-30": "1.40000", "2014-08-31": 23.3, "2014-05-31": 29.4, "2014-02-28": -32.1, "2013-11-30": "12.60000", "2013-08-31": 14, "2013-05-31": 22.4, "2013-02-28": -22.3, "2012-11-30": "-16.10000", "2012-08-31": 3.2, "2012-05-31": 29, "2012-02-29": -22.6, "2011-11-30": "-10.30000", "2011-08-31": -6.8, "2011-05-31": 16.6, "2011-02-28": -11.8, "2010-11-30": "-5.60000", "2010-08-31": 8.8, "2010-05-31": 19.1, "2010-02-28": -11.4, "2009-11-30": "3.10000", "2009-08-31": 1.7, "2009-05-31": -16.7, "2009-02-28": -24.9, "2008-11-30": "-8.40000", "2008-08-31": 17.811, "2008-05-31": 10.309, "2008-02-29": -12.193, "2007-11-30": "-2.52700", "2007-08-31": 20.394, "2007-05-31": 31.764, "2007-02-28": -13.277, "2006-11-30": "-1.53100", "2006-08-31": 29.375, "2006-05-31": 12.692, "2006-02-28": -6.049, "2005-11-30": "-9.87400", "2005-08-31": 30.122, "2005-05-31": 11.09, "2005-02-28": -10.349}, "Total Change In Assets/Liabilities": {"2020-11-30": "27.60000", "2020-08-31": 20.8, "2020-05-31": 68, "2020-02-29": -5.7, "2019-11-30": "31.70000", "2019-08-31": 48.3, "2019-05-31": 5.3, "2019-02-28": -39.8, "2018-11-30": "22.80000", "2018-08-31": -75, "2018-05-31": 21.3, "2018-02-28": -54.8, "2017-11-30": "40.80000", "2017-08-31": 27, "2017-05-31": -2.4, "2017-02-28": -57.8, "2016-11-30": "-43.90000", "2016-08-31": 22.9, "2016-05-31": 30.3, "2016-02-29": -19.4, "2015-11-30": "-23.00000", "2015-08-31": 43.8, "2015-05-31": 11.4, "2015-02-28": -29.9, "2014-11-30": "-11.00000", "2014-08-31": 34.3, "2014-05-31": 13.2, "2014-02-28": -29.3, "2013-11-30": "-11.80000", "2013-08-31": 2.9, "2013-05-31": 24.5, "2013-02-28": -24.9, "2012-11-30": "-50.60000", "2012-08-31": 15.2, "2012-05-31": 18.9, "2012-02-29": -22.8, "2011-11-30": "-13.30000", "2011-08-31": 13.8, "2011-05-31": 14.2, "2011-02-28": -8.8, "2010-11-30": "-23.70000", "2010-08-31": 14.9, "2010-05-31": 18.2, "2010-02-28": -26.4, "2009-11-30": "8.60000", "2009-08-31": 19, "2009-05-31": -5.3, "2009-02-28": -20.3, "2008-11-30": "-32.60000", "2008-08-31": 59.269, "2008-05-31": -1.83, "2008-02-29": -8.241, "2007-11-30": "-12.99800", "2007-08-31": 41.798, "2007-05-31": 7.846, "2007-02-28": -6.892, "2006-11-30": "10.63100", "2006-08-31": 41.369, "2006-05-31": 12.643, "2006-02-28": -14.063, "2005-11-30": "-18.83600", "2005-08-31": 35.679, "2005-05-31": 23.996, "2005-02-28": -20.354}, "Cash Flow From Operating Activities": {"2020-11-30": "123.90000", "2020-08-31": 126.5, "2020-05-31": 163.6, "2020-02-29": 85.1, "2019-11-30": "129.60000", "2019-08-31": 182.7, "2019-05-31": 123.7, "2019-02-28": 56.5, "2018-11-30": "131.80000", "2018-08-31": 51.8, "2018-05-31": 122.1, "2018-02-28": 37.8, "2017-11-30": "139.80000", "2017-08-31": 138.6, "2017-05-31": 108, "2017-02-28": 34.2, "2016-11-30": "55.80000", "2016-08-31": 144, "2016-05-31": 124.4, "2016-02-29": 68.4, "2015-11-30": "51.10000", "2015-08-31": 130.7, "2015-05-31": 82.7, "2015-02-28": 28.8, "2014-11-30": "46.70000", "2014-08-31": 104.3, "2014-05-31": 71.4, "2014-02-28": 14, "2013-11-30": "43.40000", "2013-08-31": 64.5, "2013-05-31": 68.1, "2013-02-28": 14.2, "2012-11-30": "-14.50000", "2012-08-31": 69.4, "2012-05-31": 65.2, "2012-02-29": 9.9, "2011-11-30": "27.70000", "2011-08-31": 79.5, "2011-05-31": 52.9, "2011-02-28": 23.4, "2010-11-30": "5.30000", "2010-08-31": 63.5, "2010-05-31": 49.6, "2010-02-28": 6.4, "2009-11-30": "41.00000", "2009-08-31": 65.3, "2009-05-31": 31.3, "2009-02-28": 4.3, "2008-11-30": "-8.20000", "2008-08-31": 111.208, "2008-05-31": 55.021, "2008-02-29": 29.207, "2007-11-30": "26.36400", "2007-08-31": 94.26, "2007-05-31": 49.556, "2007-02-28": 22.02, "2006-11-30": "42.86900", "2006-08-31": 60.639, "2006-05-31": 47.937, "2006-02-28": 3.398, "2005-11-30": "12.53800", "2005-08-31": 75.914, "2005-05-31": 54.345, "2005-02-28": 6.828}, "Net Change In Property, Plant, And Equipment": {"2020-11-30": "-11.00000", "2020-08-31": -16.6, "2020-05-31": -13.4, "2020-02-29": -13.1, "2019-11-30": "-11.60000", "2019-08-31": -13.2, "2019-05-31": -14.9, "2019-02-28": -10.9, "2018-11-30": "-14.00000", "2018-08-31": -11.4, "2018-05-31": -11.3, "2018-02-28": -10.6, "2017-11-30": "-10.30000", "2017-08-31": -12.1, "2017-05-31": -19.3, "2017-02-28": -16.3, "2016-11-30": "-14.10000", "2016-08-31": -22, "2016-05-31": -17.9, "2016-02-29": -20.6, "2015-11-30": "-21.00000", "2015-08-31": -13.9, "2015-05-31": -14.3, "2015-02-28": -8.5, "2014-11-30": "-18.50000", "2014-08-31": -10.4, "2014-05-31": -8.3, "2014-02-28": -8, "2013-11-30": "-7.60000", "2013-08-31": -9, "2013-05-31": -2.2, "2013-02-28": -10.6, "2012-11-30": "-11.20000", "2012-08-31": -12.5, "2012-05-31": -9.4, "2012-02-29": -5.2, "2011-11-30": "-4.20000", "2011-08-31": -6, "2011-05-31": -4.3, "2011-02-28": -5.2, "2010-11-30": "-6.60000", "2010-08-31": -6, "2010-05-31": -6.2, "2010-02-28": -5.2, "2009-11-30": "-4.30000", "2009-08-31": -6, "2009-05-31": -3.4, "2009-02-28": -7.2, "2008-11-30": "-4.40000", "2008-08-31": -5.726, "2008-05-31": -6.757, "2008-02-29": -8.258, "2007-11-30": "-6.25900", "2007-08-31": -8.05, "2007-05-31": -7.844, "2007-02-28": -7.132, "2006-11-30": "-6.81300", "2006-08-31": -6.315, "2006-05-31": -6.255, "2006-02-28": -5.33, "2005-11-30": "-0.82600", "2005-08-31": -4.177, "2005-05-31": -6.92, "2005-02-28": -18.552}, "Net Change In Intangible Assets": {"2020-11-30": "", "2020-08-31": 0, "2020-05-31": 0, "2020-02-29": 0, "2019-11-30": "", "2019-08-31": 0, "2019-05-31": 0, "2019-02-28": 0, "2018-11-30": "", "2018-08-31": 0, "2018-05-31": 0, "2018-02-28": 0, "2017-11-30": "", "2017-08-31": 0, "2017-05-31": 0, "2017-02-28": 0, "2016-11-30": "", "2016-08-31": 0, "2016-05-31": 0, "2016-02-29": 0, "2015-11-30": "", "2015-08-31": 0, "2015-05-31": 0, "2015-02-28": 0, "2014-11-30": "", "2014-08-31": 0, "2014-05-31": 0, "2014-02-28": 0, "2013-11-30": "", "2013-08-31": 0, "2013-05-31": 0, "2013-02-28": 0, "2012-11-30": "", "2012-08-31": 0, "2012-05-31": 0, "2012-02-29": 0, "2011-11-30": "", "2011-08-31": 0, "2011-05-31": 0, "2011-02-28": 0, "2010-11-30": "", "2010-08-31": 0, "2010-05-31": 0, "2010-02-28": 0, "2009-11-30": "", "2009-08-31": 0, "2009-05-31": 0, "2009-02-28": 0, "2008-11-30": "", "2008-08-31": 0, "2008-05-31": 0, "2008-02-29": 0, "2007-11-30": "", "2007-08-31": 0, "2007-05-31": 0, "2007-02-28": 0, "2006-11-30": "", "2006-08-31": 0, "2006-05-31": 0, "2006-02-28": 0, "2005-11-30": "", "2005-08-31": 0, "2005-05-31": 0, "2005-02-28": 0}, "Net Acquisitions/Divestitures": {"2020-11-30": "", "2020-08-31": 0, "2020-05-31": -0.1, "2020-02-29": -0.9, "2019-11-30": "-302.00000", "2019-08-31": -2.9, "2019-05-31": 0, "2019-02-28": 0, "2018-11-30": "", "2018-08-31": 1.4, "2018-05-31": -137.1, "2018-02-28": -26.4, "2017-11-30": "", "2017-08-31": 0, "2017-05-31": 0, "2017-02-28": 0, "2016-11-30": "", "2016-08-31": -9.5, "2016-05-31": 0, "2016-02-29": -374.5, "2015-11-30": "-239.20000", "2015-08-31": 0, "2015-05-31": -14.6, "2015-02-28": 0, "2014-11-30": "", "2014-08-31": 0, "2014-05-31": 0, "2014-02-28": 0, "2013-11-30": "", "2013-08-31": 0, "2013-05-31": -22.2, "2013-02-28": -3.3, "2012-11-30": "", "2012-08-31": 0, "2012-05-31": 0, "2012-02-29": 0, "2011-11-30": "-3.80000", "2011-08-31": 0, "2011-05-31": -9.9, "2011-02-28": -44.3, "2010-11-30": "-36.20000", "2010-08-31": -22.6, "2010-05-31": 0, "2010-02-28": 0, "2009-11-30": "", "2009-08-31": 0.3, "2009-05-31": -131, "2009-02-28": -23.4, "2008-11-30": "-8.00000", "2008-08-31": 0, "2008-05-31": -3.5, "2008-02-29": 0, "2007-11-30": "", "2007-08-31": -43.523, "2007-05-31": 0, "2007-02-28": 0, "2006-11-30": "", "2006-08-31": -0.11, "2006-05-31": 0.042, "2006-02-28": 0.027, "2005-11-30": "0.04100", "2005-08-31": 0.041, "2005-05-31": 0.081, "2005-02-28": 0.129}, "Net Change In Short-term Investments": {"2020-11-30": "", "2020-08-31": 0, "2020-05-31": 0, "2020-02-29": 0, "2019-11-30": "", "2019-08-31": 0, "2019-05-31": 0, "2019-02-28": 0, "2018-11-30": "", "2018-08-31": 0, "2018-05-31": 0, "2018-02-28": 0, "2017-11-30": "", "2017-08-31": 0, "2017-05-31": 0, "2017-02-28": 0, "2016-11-30": "", "2016-08-31": 0, "2016-05-31": 0, "2016-02-29": 0, "2015-11-30": "", "2015-08-31": 0, "2015-05-31": 0, "2015-02-28": 0, "2014-11-30": "", "2014-08-31": 0, "2014-05-31": 0, "2014-02-28": 0, "2013-11-30": "", "2013-08-31": 0, "2013-05-31": 0, "2013-02-28": 0, "2012-11-30": "", "2012-08-31": 0, "2012-05-31": 0, "2012-02-29": 0, "2011-11-30": "", "2011-08-31": 0, "2011-05-31": 0, "2011-02-28": 0, "2010-11-30": "", "2010-08-31": 0, "2010-05-31": 0, "2010-02-28": 0, "2009-11-30": "", "2009-08-31": 0, "2009-05-31": 0, "2009-02-28": 0, "2008-11-30": "", "2008-08-31": 0, "2008-05-31": 0, "2008-02-29": 0, "2007-11-30": "", "2007-08-31": 0, "2007-05-31": 0, "2007-02-28": 0, "2006-11-30": "", "2006-08-31": 0, "2006-05-31": 0, "2006-02-28": 0, "2005-11-30": "", "2005-08-31": 0, "2005-05-31": 0, "2005-02-28": 0}, "Net Change In Long-Term Investments": {"2020-11-30": "", "2020-08-31": 0, "2020-05-31": 0, "2020-02-29": 0, "2019-11-30": "", "2019-08-31": 0, "2019-05-31": 0, "2019-02-28": 0, "2018-11-30": "", "2018-08-31": 0, "2018-05-31": 0, "2018-02-28": 0, "2017-11-30": "", "2017-08-31": 0, "2017-05-31": 0, "2017-02-28": 0.2, "2016-11-30": "13.00000", "2016-08-31": 0, "2016-05-31": 0, "2016-02-29": 0, "2015-11-30": "", "2015-08-31": 0, "2015-05-31": 0, "2015-02-28": 0, "2014-11-30": "", "2014-08-31": 0, "2014-05-31": 0, "2014-02-28": 0, "2013-11-30": "", "2013-08-31": 0, "2013-05-31": 0, "2013-02-28": 0, "2012-11-30": "", "2012-08-31": 0, "2012-05-31": 0, "2012-02-29": 0, "2011-11-30": "", "2011-08-31": 0, "2011-05-31": 0, "2011-02-28": 0, "2010-11-30": "", "2010-08-31": 0, "2010-05-31": 0, "2010-02-28": 0, "2009-11-30": "", "2009-08-31": 0, "2009-05-31": 0, "2009-02-28": 0, "2008-11-30": "", "2008-08-31": 0, "2008-05-31": 0, "2008-02-29": 0, "2007-11-30": "", "2007-08-31": 0, "2007-05-31": 0, "2007-02-28": 0, "2006-11-30": "", "2006-08-31": 0, "2006-05-31": 0, "2006-02-28": 0, "2005-11-30": "", "2005-08-31": 0, "2005-05-31": 0, "2005-02-28": 0}, "Net Change In Investments - Total": {"2020-11-30": "", "2020-08-31": 0, "2020-05-31": 0, "2020-02-29": 0, "2019-11-30": "", "2019-08-31": 0, "2019-05-31": 0, "2019-02-28": 0, "2018-11-30": "", "2018-08-31": 0, "2018-05-31": 0, "2018-02-28": 0, "2017-11-30": "", "2017-08-31": 0, "2017-05-31": 0, "2017-02-28": 0.2, "2016-11-30": "13.00000", "2016-08-31": 0, "2016-05-31": 0, "2016-02-29": 0, "2015-11-30": "", "2015-08-31": 0, "2015-05-31": 0, "2015-02-28": 0, "2014-11-30": "", "2014-08-31": 0, "2014-05-31": 0, "2014-02-28": 0, "2013-11-30": "", "2013-08-31": 0, "2013-05-31": 0, "2013-02-28": 0, "2012-11-30": "", "2012-08-31": 0, "2012-05-31": 0, "2012-02-29": 0, "2011-11-30": "", "2011-08-31": 0, "2011-05-31": 0, "2011-02-28": 0, "2010-11-30": "", "2010-08-31": 0, "2010-05-31": 0, "2010-02-28": 0, "2009-11-30": "", "2009-08-31": 0, "2009-05-31": 0, "2009-02-28": 0, "2008-11-30": "", "2008-08-31": 0, "2008-05-31": 0, "2008-02-29": 0, "2007-11-30": "", "2007-08-31": 0, "2007-05-31": 0, "2007-02-28": 0, "2006-11-30": "", "2006-08-31": 0, "2006-05-31": 0, "2006-02-28": 0, "2005-11-30": "", "2005-08-31": 0, "2005-05-31": 0, "2005-02-28": 0}, "Investing Activities - Other": {"2020-11-30": "-3.10000", "2020-08-31": -0.2, "2020-05-31": 0, "2020-02-29": -0.4, "2019-11-30": "-1.50000", "2019-08-31": 0, "2019-05-31": 0, "2019-02-28": 0.2, "2018-11-30": "2.70000", "2018-08-31": 0.7, "2018-05-31": 0.3, "2018-02-28": 0.7, "2017-11-30": "", "2017-08-31": 0, "2017-05-31": 0, "2017-02-28": -0.2, "2016-11-30": "", "2016-08-31": 0, "2016-05-31": 0, "2016-02-29": 0, "2015-11-30": "", "2015-08-31": -12.9, "2015-05-31": 10.3, "2015-02-28": 0, "2014-11-30": "", "2014-08-31": 0, "2014-05-31": 0, "2014-02-28": 0, "2013-11-30": "", "2013-08-31": 0, "2013-05-31": 0, "2013-02-28": 0, "2012-11-30": "", "2012-08-31": 0, "2012-05-31": 0, "2012-02-29": 0, "2011-11-30": "", "2011-08-31": 0, "2011-05-31": 0, "2011-02-28": 0, "2010-11-30": "", "2010-08-31": 0, "2010-05-31": 0, "2010-02-28": 0, "2009-11-30": "", "2009-08-31": 0, "2009-05-31": 0, "2009-02-28": 0, "2008-11-30": "", "2008-08-31": 0, "2008-05-31": 0, "2008-02-29": 0, "2007-11-30": "", "2007-08-31": 0, "2007-05-31": 0, "2007-02-28": 0, "2006-11-30": "", "2006-08-31": 0, "2006-05-31": 0, "2006-02-28": 0, "2005-11-30": "", "2005-08-31": 0, "2005-05-31": 0, "2005-02-28": 0}, "Cash Flow From Investing Activities": {"2020-11-30": "-14.10000", "2020-08-31": -16.8, "2020-05-31": -13.5, "2020-02-29": -14.4, "2019-11-30": "-315.10000", "2019-08-31": -16.1, "2019-05-31": -14.9, "2019-02-28": -10.7, "2018-11-30": "-11.30000", "2018-08-31": -9.3, "2018-05-31": -148.1, "2018-02-28": -36.3, "2017-11-30": "-10.30000", "2017-08-31": -12.1, "2017-05-31": -19.3, "2017-02-28": -16.3, "2016-11-30": "-1.10000", "2016-08-31": -31.5, "2016-05-31": -17.9, "2016-02-29": -395.1, "2015-11-30": "-260.20000", "2015-08-31": -26.8, "2015-05-31": -18.6, "2015-02-28": -8.5, "2014-11-30": "-18.50000", "2014-08-31": -10.4, "2014-05-31": -8.3, "2014-02-28": -8, "2013-11-30": "-7.60000", "2013-08-31": -9, "2013-05-31": -24.4, "2013-02-28": -13.9, "2012-11-30": "-11.20000", "2012-08-31": -12.5, "2012-05-31": -9.4, "2012-02-29": -5.2, "2011-11-30": "-8.00000", "2011-08-31": -6, "2011-05-31": -14.2, "2011-02-28": -49.5, "2010-11-30": "-42.80000", "2010-08-31": -28.6, "2010-05-31": -6.2, "2010-02-28": -5.2, "2009-11-30": "-4.30000", "2009-08-31": -5.7, "2009-05-31": -134.4, "2009-02-28": -30.6, "2008-11-30": "-12.40000", "2008-08-31": -5.726, "2008-05-31": -10.257, "2008-02-29": -8.258, "2007-11-30": "-6.25900", "2007-08-31": -51.573, "2007-05-31": -7.844, "2007-02-28": -7.132, "2006-11-30": "-6.81300", "2006-08-31": -6.425, "2006-05-31": -6.213, "2006-02-28": -5.303, "2005-11-30": "-0.78500", "2005-08-31": -4.136, "2005-05-31": -6.839, "2005-02-28": -18.423}, "Net Long-Term Debt": {"2020-11-30": "98.80000", "2020-08-31": -2.5, "2020-05-31": -2.7, "2020-02-29": 49.9, "2019-11-30": "-0.40000", "2019-08-31": -0.1, "2019-05-31": -0.1, "2019-02-28": -55.5, "2018-11-30": "55.30000", "2018-08-31": -1.3, "2018-05-31": 1.1, "2018-02-28": -0.1, "2017-11-30": "-0.10000", "2017-08-31": -0.1, "2017-05-31": 0.2, "2017-02-28": 0, "2016-11-30": "0.90000", "2016-08-31": 0.8, "2016-05-31": 0.6, "2016-02-29": 1.1, "2015-11-30": "", "2015-08-31": 0, "2015-05-31": 0, "2015-02-28": 0, "2014-11-30": "", "2014-08-31": 0, "2014-05-31": 0, "2014-02-28": 0, "2013-11-30": "", "2013-08-31": 0, "2013-05-31": 0, "2013-02-28": 0, "2012-11-30": "", "2012-08-31": 0, "2012-05-31": 0, "2012-02-29": 0, "2011-11-30": "", "2011-08-31": 0, "2011-05-31": 0, "2011-02-28": 0, "2010-11-30": "", "2010-08-31": 0, "2010-05-31": 0, "2010-02-28": 111, "2009-11-30": "-2.40000", "2009-08-31": -2.4, "2009-05-31": 0, "2009-02-28": -160, "2008-11-30": "", "2008-08-31": 0.006, "2008-05-31": -0.002, "2008-02-29": -0.002, "2007-11-30": "-0.00200", "2007-08-31": 0, "2007-05-31": 0, "2007-02-28": 0, "2006-11-30": "", "2006-08-31": 0.245, "2006-05-31": 0.077, "2006-02-28": -0.256, "2005-11-30": "-0.06600", "2005-08-31": -18.841, "2005-05-31": -0.135, "2005-02-28": -0.51}, "Net Current Debt": {"2020-11-30": "", "2020-08-31": 0, "2020-05-31": 0, "2020-02-29": 0, "2019-11-30": "", "2019-08-31": 0, "2019-05-31": 0, "2019-02-28": 55.4, "2018-11-30": "-55.40000", "2018-08-31": 0, "2018-05-31": 0, "2018-02-28": 0, "2017-11-30": "", "2017-08-31": 0, "2017-05-31": 0, "2017-02-28": 0, "2016-11-30": "", "2016-08-31": 0, "2016-05-31": 0, "2016-02-29": 0, "2015-11-30": "", "2015-08-31": 0, "2015-05-31": 0, "2015-02-28": 0, "2014-11-30": "", "2014-08-31": 0, "2014-05-31": 0, "2014-02-28": 0, "2013-11-30": "", "2013-08-31": 0, "2013-05-31": 0, "2013-02-28": 0, "2012-11-30": "", "2012-08-31": 0, "2012-05-31": 0, "2012-02-29": 0, "2011-11-30": "", "2011-08-31": 0, "2011-05-31": 0, "2011-02-28": 0, "2010-11-30": "", "2010-08-31": 0, "2010-05-31": 0, "2010-02-28": 0, "2009-11-30": "", "2009-08-31": -60.8, "2009-05-31": 60.8, "2009-02-28": 0, "2008-11-30": "", "2008-08-31": 0, "2008-05-31": 0, "2008-02-29": 0, "2007-11-30": "", "2007-08-31": 0, "2007-05-31": 0, "2007-02-28": 0, "2006-11-30": "", "2006-08-31": 0, "2006-05-31": 0, "2006-02-28": 0, "2005-11-30": "", "2005-08-31": 0.381, "2005-05-31": -14.493, "2005-02-28": 10.112}, "Debt Issuance/Retirement Net - Total": {"2020-11-30": "98.80000", "2020-08-31": -2.5, "2020-05-31": -2.7, "2020-02-29": 49.9, "2019-11-30": "-0.40000", "2019-08-31": -0.1, "2019-05-31": -0.1, "2019-02-28": -0.1, "2018-11-30": "-0.10000", "2018-08-31": -1.3, "2018-05-31": 1.1, "2018-02-28": -0.1, "2017-11-30": "-0.10000", "2017-08-31": -0.1, "2017-05-31": 0.2, "2017-02-28": 0, "2016-11-30": "0.90000", "2016-08-31": 0.8, "2016-05-31": 0.6, "2016-02-29": 1.1, "2015-11-30": "", "2015-08-31": 0, "2015-05-31": 0, "2015-02-28": 0, "2014-11-30": "", "2014-08-31": 0, "2014-05-31": 0, "2014-02-28": 0, "2013-11-30": "", "2013-08-31": 0, "2013-05-31": 0, "2013-02-28": 0, "2012-11-30": "", "2012-08-31": 0, "2012-05-31": 0, "2012-02-29": 0, "2011-11-30": "", "2011-08-31": 0, "2011-05-31": 0, "2011-02-28": 0, "2010-11-30": "", "2010-08-31": 0, "2010-05-31": 0, "2010-02-28": 111, "2009-11-30": "-2.40000", "2009-08-31": -63.2, "2009-05-31": 60.8, "2009-02-28": -160, "2008-11-30": "", "2008-08-31": 0.006, "2008-05-31": -0.002, "2008-02-29": -0.002, "2007-11-30": "-0.00200", "2007-08-31": 0, "2007-05-31": 0, "2007-02-28": 0, "2006-11-30": "", "2006-08-31": 0.245, "2006-05-31": 0.077, "2006-02-28": -0.256, "2005-11-30": "-0.06600", "2005-08-31": -18.46, "2005-05-31": -14.628, "2005-02-28": 9.602}, "Net Common Equity Issued/Repurchased": {"2020-11-30": "-254.90000", "2020-08-31": -69.1, "2020-05-31": 0.2, "2020-02-29": 0.3, "2019-11-30": "0.20000", "2019-08-31": -32.8, "2019-05-31": 0.2, "2019-02-28": -23.5, "2018-11-30": "-24.90000", "2018-08-31": 0.1, "2018-05-31": -103.9, "2018-02-28": -193.7, "2017-11-30": "0.80000", "2017-08-31": 0.3, "2017-05-31": -357.1, "2017-02-28": 0.2, "2016-11-30": "1.70000", "2016-08-31": 4.2, "2016-05-31": 3.8, "2016-02-29": 0.2, "2015-11-30": "6.00000", "2015-08-31": 4.1, "2015-05-31": 0.1, "2015-02-28": 2.5, "2014-11-30": "4.90000", "2014-08-31": 0.1, "2014-05-31": 0.4, "2014-02-28": 5.3, "2013-11-30": "2.60000", "2013-08-31": 4.9, "2013-05-31": 0.9, "2013-02-28": 0.9, "2012-11-30": "8.20000", "2012-08-31": 1.1, "2012-05-31": 0.1, "2012-02-29": 5.6, "2011-11-30": "-8.40000", "2011-08-31": -57.4, "2011-05-31": 0.5, "2011-02-28": 2, "2010-11-30": "0.40000", "2010-08-31": -34.5, "2010-05-31": 2, "2010-02-28": 2.1, "2009-11-30": "0.80000", "2009-08-31": 0.2, "2009-05-31": 0.2, "2009-02-28": 0.2, "2008-11-30": "2.40000", "2008-08-31": -18.805, "2008-05-31": -4.579, "2008-02-29": -36.091, "2007-11-30": "-91.62500", "2007-08-31": -13.87, "2007-05-31": 4.514, "2007-02-28": 7.903, "2006-11-30": "-17.01300", "2006-08-31": -57.271, "2006-05-31": -41.249, "2006-02-28": -34.831, "2005-11-30": "-0.03300", "2005-08-31": 7.427, "2005-05-31": 9.333, "2005-02-28": 10.348}, "Net Total Equity Issued/Repurchased": {"2020-11-30": "-254.90000", "2020-08-31": -69.1, "2020-05-31": 0.2, "2020-02-29": 0.3, "2019-11-30": "0.20000", "2019-08-31": -32.8, "2019-05-31": 0.2, "2019-02-28": -23.5, "2018-11-30": "-24.90000", "2018-08-31": 0.1, "2018-05-31": -103.9, "2018-02-28": -193.7, "2017-11-30": "0.80000", "2017-08-31": 0.3, "2017-05-31": -357.1, "2017-02-28": 0.2, "2016-11-30": "1.70000", "2016-08-31": 4.2, "2016-05-31": 3.8, "2016-02-29": 0.2, "2015-11-30": "6.00000", "2015-08-31": 4.1, "2015-05-31": 0.1, "2015-02-28": 2.5, "2014-11-30": "4.90000", "2014-08-31": 0.1, "2014-05-31": 0.4, "2014-02-28": 5.3, "2013-11-30": "2.60000", "2013-08-31": 4.9, "2013-05-31": 0.9, "2013-02-28": 0.9, "2012-11-30": "8.20000", "2012-08-31": 1.1, "2012-05-31": 0.1, "2012-02-29": 5.6, "2011-11-30": "-8.40000", "2011-08-31": -57.4, "2011-05-31": 0.5, "2011-02-28": 2, "2010-11-30": "0.40000", "2010-08-31": -34.5, "2010-05-31": 2, "2010-02-28": 2.1, "2009-11-30": "0.80000", "2009-08-31": 0.2, "2009-05-31": 0.2, "2009-02-28": 0.2, "2008-11-30": "2.40000", "2008-08-31": -18.805, "2008-05-31": -4.579, "2008-02-29": -36.091, "2007-11-30": "-91.62500", "2007-08-31": -13.87, "2007-05-31": 4.514, "2007-02-28": 7.903, "2006-11-30": "-17.01300", "2006-08-31": -57.271, "2006-05-31": -41.249, "2006-02-28": -34.831, "2005-11-30": "-0.03300", "2005-08-31": 7.427, "2005-05-31": 9.333, "2005-02-28": 10.348}, "Total Common And Preferred Stock Dividends Paid": {"2020-11-30": "-5.00000", "2020-08-31": -5.2, "2020-05-31": -5.2, "2020-02-29": -5.2, "2019-11-30": "-5.20000", "2019-08-31": -5.2, "2019-05-31": -5.1, "2019-02-28": -5.3, "2018-11-30": "-5.20000", "2018-08-31": -5.2, "2018-05-31": -5.3, "2018-02-28": -5.4, "2017-11-30": "-5.50000", "2017-08-31": -5.5, "2017-05-31": -5.7, "2017-02-28": -5.7, "2016-11-30": "-5.80000", "2016-08-31": -5.8, "2016-05-31": -5.7, "2016-02-29": -5.7, "2015-11-30": "-5.70000", "2015-08-31": -5.7, "2015-05-31": -5.7, "2015-02-28": -5.7, "2014-11-30": "-5.60000", "2014-08-31": -5.6, "2014-05-31": -5.7, "2014-02-28": -5.6, "2013-11-30": "-5.60000", "2013-08-31": -5.6, "2013-05-31": -5.7, "2013-02-28": -5.6, "2012-11-30": "-5.50000", "2012-08-31": -5.5, "2012-05-31": -5.5, "2012-02-29": -5.5, "2011-11-30": "-5.50000", "2011-08-31": -5.7, "2011-05-31": -5.7, "2011-02-28": -5.6, "2010-11-30": "-5.60000", "2010-08-31": -5.6, "2010-05-31": -5.7, "2010-02-28": -5.7, "2009-11-30": "-5.60000", "2009-08-31": -5.6, "2009-05-31": -5.4, "2009-02-28": -5.3, "2008-11-30": "-5.30000", "2008-08-31": 53.032, "2008-05-31": -5.346, "2008-02-29": -5.369, "2007-11-30": "-6.41700", "2007-08-31": -6.68, "2007-05-31": -6.665, "2007-02-28": -6.531, "2006-11-30": "-6.48300", "2006-08-31": -6.691, "2006-05-31": -6.673, "2006-02-28": -6.73, "2005-11-30": "-6.76000", "2005-08-31": -6.696, "2005-05-31": -6.631, "2005-02-28": -13.015}, "Financial Activities - Other": {"2020-11-30": "-3.00000", "2020-08-31": -0.3, "2020-05-31": -0.4, "2020-02-29": -0.6, "2019-11-30": "-4.10000", "2019-08-31": -1.1, "2019-05-31": -0.6, "2019-02-28": -0.4, "2018-11-30": "-3.90000", "2018-08-31": -1, "2018-05-31": -0.5, "2018-02-28": -0.7, "2017-11-30": "-6.00000", "2017-08-31": -2, "2017-05-31": -1, "2017-02-28": -0.9, "2016-11-30": "-11.30000", "2016-08-31": -36.3, "2016-05-31": 5.4, "2016-02-29": 0.4, "2015-11-30": "13.90000", "2015-08-31": 5, "2015-05-31": -6.8, "2015-02-28": 3, "2014-11-30": "6.00000", "2014-08-31": -2.7, "2014-05-31": 0.6, "2014-02-28": 4.7, "2013-11-30": "5.20000", "2013-08-31": 2, "2013-05-31": 0.8, "2013-02-28": 0.4, "2012-11-30": "5.40000", "2012-08-31": 0.6, "2012-05-31": 0.2, "2012-02-29": 3, "2011-11-30": "1.10000", "2011-08-31": 0.2, "2011-05-31": 1.6, "2011-02-28": 0.6, "2010-11-30": "2.90000", "2010-08-31": 1.3, "2010-05-31": 1.2, "2010-02-28": 0.2, "2009-11-30": "0.10000", "2009-08-31": -0.2, "2009-05-31": 0, "2009-02-28": 0.4, "2008-11-30": "0.20000", "2008-08-31": -58.075, "2008-05-31": -3.619, "2008-02-29": 3.584, "2007-11-30": "63.11000", "2007-08-31": 1.095, "2007-05-31": 1.994, "2007-02-28": 4.457, "2006-11-30": "7.81400", "2006-08-31": 0.747, "2006-05-31": 6.311, "2006-02-28": 7.813, "2005-11-30": "2.41100", "2005-08-31": 0, "2005-05-31": 0, "2005-02-28": 0}, "Cash Flow From Financial Activities": {"2020-11-30": "-164.10000", "2020-08-31": -77.1, "2020-05-31": -8.1, "2020-02-29": 44.4, "2019-11-30": "-9.50000", "2019-08-31": -39.2, "2019-05-31": -5.6, "2019-02-28": -29.3, "2018-11-30": "-34.10000", "2018-08-31": -7.4, "2018-05-31": -108.6, "2018-02-28": -199.9, "2017-11-30": "-10.80000", "2017-08-31": -7.3, "2017-05-31": -363.6, "2017-02-28": -6.4, "2016-11-30": "-14.50000", "2016-08-31": -37.1, "2016-05-31": 4.1, "2016-02-29": -4, "2015-11-30": "14.20000", "2015-08-31": 3.4, "2015-05-31": -12.4, "2015-02-28": -0.2, "2014-11-30": "5.30000", "2014-08-31": -8.2, "2014-05-31": -4.7, "2014-02-28": 4.4, "2013-11-30": "2.20000", "2013-08-31": 1.3, "2013-05-31": -4, "2013-02-28": -4.3, "2012-11-30": "8.10000", "2012-08-31": -3.8, "2012-05-31": -5.2, "2012-02-29": 3.1, "2011-11-30": "-12.80000", "2011-08-31": -62.9, "2011-05-31": -3.6, "2011-02-28": -3, "2010-11-30": "-2.30000", "2010-08-31": -38.8, "2010-05-31": -2.5, "2010-02-28": 107.6, "2009-11-30": "-7.10000", "2009-08-31": -68.8, "2009-05-31": 55.6, "2009-02-28": -164.7, "2008-11-30": "-2.70000", "2008-08-31": -23.842, "2008-05-31": -13.546, "2008-02-29": -37.878, "2007-11-30": "-34.93400", "2007-08-31": -19.455, "2007-05-31": -0.157, "2007-02-28": 5.829, "2006-11-30": "-15.68200", "2006-08-31": -62.97, "2006-05-31": -41.534, "2006-02-28": -34.004, "2005-11-30": "-4.44800", "2005-08-31": -17.729, "2005-05-31": -11.926, "2005-02-28": 6.935}, "Net Cash Flow": {"2020-11-30": "-53.70000", "2020-08-31": 40.1, "2020-05-31": 140, "2020-02-29": 114, "2019-11-30": "-194.40000", "2019-08-31": 127.3, "2019-05-31": 101.7, "2019-02-28": 17.2, "2018-11-30": "85.70000", "2018-08-31": 34.8, "2018-05-31": -135.5, "2018-02-28": -198.8, "2017-11-30": "117.50000", "2017-08-31": 121.4, "2017-05-31": -273.5, "2017-02-28": 12, "2016-11-30": "38.00000", "2016-08-31": 76.2, "2016-05-31": 112.7, "2016-02-29": -335.9, "2015-11-30": "-196.60000", "2015-08-31": 104.7, "2015-05-31": 51, "2015-02-28": 18.1, "2014-11-30": "30.50000", "2014-08-31": 85.2, "2014-05-31": 59.1, "2014-02-28": 10.1, "2013-11-30": "39.00000", "2013-08-31": 57.2, "2013-05-31": 39.1, "2013-02-28": -4.7, "2012-11-30": "-17.00000", "2012-08-31": 56.2, "2012-05-31": 47.7, "2012-02-29": 7.9, "2011-11-30": "2.50000", "2011-08-31": 9.4, "2011-05-31": 35.3, "2011-02-28": -26.7, "2010-11-30": "-38.80000", "2010-08-31": -3.5, "2010-05-31": 38.7, "2010-02-28": 107.5, "2009-11-30": "29.60000", "2009-08-31": -9.6, "2009-05-31": -44, "2009-02-28": -192.4, "2008-11-30": "-32.40000", "2008-08-31": 80.76, "2008-05-31": 31.248, "2008-02-29": -16.643, "2007-11-30": "-11.96500", "2007-08-31": 40.072, "2007-05-31": 52.751, "2007-02-28": 26.258, "2006-11-30": "14.07300", "2006-08-31": 20.738, "2006-05-31": 1.763, "2006-02-28": -35.385, "2005-11-30": "6.66400", "2005-08-31": 54.283, "2005-05-31": 34.736, "2005-02-28": -4.621}, "Stock-Based Compensation": {"2020-11-30": "7.70000", "2020-08-31": 5.7, "2020-05-31": 7.8, "2020-02-29": 8, "2019-11-30": "16.70000", "2019-08-31": 6.3, "2019-05-31": 7.6, "2019-02-28": 7.5, "2018-11-30": "7.80000", "2018-08-31": 7.9, "2018-05-31": 7.6, "2018-02-28": 8.3, "2017-11-30": "8.50000", "2017-08-31": 7.9, "2017-05-31": 8.1, "2017-02-28": 8.1, "2016-11-30": "7.90000", "2016-08-31": 7.8, "2016-05-31": 6.9, "2016-02-29": 6.6, "2015-11-30": "6.40000", "2015-08-31": 5.4, "2015-05-31": 4.4, "2015-02-28": 4.3, "2014-11-30": "4.10000", "2014-08-31": 4.5, "2014-05-31": 4.5, "2014-02-28": 4.2, "2013-11-30": "4.50000", "2013-08-31": 3.7, "2013-05-31": 4.2, "2013-02-28": 4.3, "2012-11-30": "4.30000", "2012-08-31": 4, "2012-05-31": 3.8, "2012-02-29": 3.9, "2011-11-30": "4.20000", "2011-08-31": 9, "2011-05-31": 2.2, "2011-02-28": 4.1, "2010-11-30": "-1.10000", "2010-08-31": 3.1, "2010-05-31": 2.9, "2010-02-28": 3, "2009-11-30": "", "2009-08-31": 10.2, "2009-05-31": 0, "2009-02-28": 0, "2008-11-30": "", "2008-08-31": 5.2, "2008-05-31": 0, "2008-02-29": 0, "2007-11-30": "", "2007-08-31": 0, "2007-05-31": 0, "2007-02-28": 0, "2006-11-30": "", "2006-08-31": 0, "2006-05-31": 0, "2006-02-28": 0, "2005-11-30": "", "2005-08-31": 0, "2005-05-31": 0, "2005-02-28": 0}, "Common Stock Dividends Paid": {"2020-11-30": "-5.00000", "2020-08-31": -5.2, "2020-05-31": -5.2, "2020-02-29": -5.2, "2019-11-30": "-5.20000", "2019-08-31": -5.2, "2019-05-31": -5.1, "2019-02-28": -5.3, "2018-11-30": "-5.20000", "2018-08-31": -5.2, "2018-05-31": -5.3, "2018-02-28": -5.4, "2017-11-30": "-5.50000", "2017-08-31": -5.5, "2017-05-31": -5.7, "2017-02-28": -5.7, "2016-11-30": "-5.80000", "2016-08-31": -5.8, "2016-05-31": -5.7, "2016-02-29": -5.7, "2015-11-30": "-5.70000", "2015-08-31": -5.7, "2015-05-31": -5.7, "2015-02-28": -5.7, "2014-11-30": "-5.60000", "2014-08-31": -5.6, "2014-05-31": -5.7, "2014-02-28": -5.6, "2013-11-30": "-5.60000", "2013-08-31": -5.6, "2013-05-31": -5.7, "2013-02-28": -5.6, "2012-11-30": "-5.50000", "2012-08-31": -5.5, "2012-05-31": -5.5, "2012-02-29": -5.5, "2011-11-30": "-5.50000", "2011-08-31": -5.7, "2011-05-31": -5.7, "2011-02-28": -5.6, "2010-11-30": "-5.60000", "2010-08-31": -5.6, "2010-05-31": -5.7, "2010-02-28": -5.7, "2009-11-30": "-5.60000", "2009-08-31": -5.6, "2009-05-31": -5.4, "2009-02-28": -5.3, "2008-11-30": "-5.30000", "2008-08-31": 53.032, "2008-05-31": -5.346, "2008-02-29": -5.369, "2007-11-30": "-6.41700", "2007-08-31": -6.68, "2007-05-31": -6.665, "2007-02-28": -6.531, "2006-11-30": "-6.48300", "2006-08-31": -6.691, "2006-05-31": -6.673, "2006-02-28": -6.73, "2005-11-30": "-6.76000", "2005-08-31": -6.696, "2005-05-31": -6.631, "2005-02-28": -13.015}}, "financial ratios": {"Current Ratio": {"2020-08-31": "2.33110", "2019-08-31": "2.41870", "2018-08-31": "1.77400", "2017-08-31": "2.07290", "2016-08-31": "1.96710", "2015-08-31": "2.71340", "2014-08-31": "2.52160", "2013-08-31": "2.36540", "2012-08-31": "2.13540", "2011-08-31": "1.90250", "2010-08-31": "1.94930", "2009-08-31": "0.88830", "2008-08-31": "1.45630", "2007-08-31": "1.84430", "2006-08-31": "1.72430", "2005-08-31": "1.79680"}, "Long-term Debt / Capital": {"2020-08-31": "0.15050", "2019-08-31": "0.15330", "2018-08-31": "0.17190", "2017-08-31": "0.17630", "2016-08-31": "0.17620", "2015-08-31": "0.20580", "2014-08-31": "0.23220", "2013-08-31": "0.26250", "2012-08-31": "0.29770", "2011-08-31": "0.31830", "2010-08-31": "0.33720", "2009-08-31": "0.03170", "2008-08-31": "0.26160", "2007-08-31": "0.35130", "2006-08-31": "0.40640", "2005-08-31": "0.40690"}, "Debt/Equity Ratio": {"2020-08-31": "0.18850", "2019-08-31": "0.18580", "2018-08-31": "0.20780", "2017-08-31": "0.21430", "2016-08-31": "0.21400", "2015-08-31": "0.25910", "2014-08-31": "0.30240", "2013-08-31": "0.35590", "2012-08-31": "0.42390", "2011-08-31": "0.46680", "2010-08-31": "0.50880", "2009-08-31": "0.34440", "2008-08-31": "0.63230", "2007-08-31": "0.54150", "2006-08-31": "0.68580", "2005-08-31": "0.68720"}, "Gross Margin": {"2020-08-31": "42.16100", "2019-08-31": "40.28920", "2018-08-31": "40.36300", "2017-08-31": "42.25560", "2016-08-31": "43.63630", "2015-08-31": "42.32460", "2014-08-31": "40.91080", "2013-08-31": "40.09380", "2012-08-31": "40.75090", "2011-08-31": "40.65270", "2010-08-31": "40.66020", "2009-08-31": "38.31910", "2008-08-31": "40.25460", "2007-08-31": "37.88290", "2006-08-31": "35.46030", "2005-08-31": "39.05200"}, "Operating Margin": {"2020-08-31": "10.63950", "2019-08-31": "12.60380", "2018-08-31": "12.52140", "2017-08-31": "15.04950", "2016-08-31": "14.43810", "2015-08-31": "13.90250", "2014-08-31": "12.49630", "2013-08-31": "10.60270", "2012-08-31": "10.75660", "2011-08-31": "10.50840", "2010-08-31": "9.69330", "2009-08-31": "9.27960", "2008-08-31": "12.88370", "2007-08-31": "11.32050", "2006-08-31": "8.26270", "2005-08-31": "4.91270"}, "EBIT Margin": {"2020-08-31": "10.63950", "2019-08-31": "12.60380", "2018-08-31": "12.52140", "2017-08-31": "15.04950", "2016-08-31": "14.43810", "2015-08-31": "13.90250", "2014-08-31": "12.49630", "2013-08-31": "10.60270", "2012-08-31": "10.75660", "2011-08-31": "10.50840", "2010-08-31": "9.69330", "2009-08-31": "9.27960", "2008-08-31": "12.88370", "2007-08-31": "11.32050", "2006-08-31": "8.26270", "2005-08-31": "4.91270"}, "EBITDA Margin": {"2020-08-31": "13.67890", "2019-08-31": "15.00800", "2018-08-31": "14.70340", "2017-08-31": "17.17780", "2016-08-31": "16.34010", "2015-08-31": "15.59460", "2014-08-31": "14.30960", "2013-08-31": "12.55570", "2012-08-31": "12.81480", "2011-08-31": "12.74160", "2010-08-31": "11.93680", "2009-08-31": "11.43360", "2008-08-31": "14.55150", "2007-08-31": "12.91600", "2006-08-31": "9.92960", "2005-08-31": "6.80300"}, "Pre-Tax Profit Margin": {"2020-08-31": "9.76160", "2019-08-31": "11.56920", "2018-08-31": "11.57310", "2017-08-31": "14.05380", "2016-08-31": "13.50830", "2015-08-31": "12.69440", "2014-08-31": "11.10090", "2013-08-31": "9.24320", "2012-08-31": "9.25690", "2011-08-31": "8.77650", "2010-08-31": "7.30220", "2009-08-31": "7.68070", "2008-08-31": "11.37370", "2007-08-31": "9.88330", "2006-08-31": "6.45410", "2005-08-31": "3.44400"}, "Net Profit Margin": {"2020-08-31": "7.46480", "2019-08-31": "8.99610", "2018-08-31": "9.49970", "2017-08-31": "9.17810", "2016-08-31": "8.83540", "2015-08-31": "8.20560", "2014-08-31": "7.27800", "2013-08-31": "6.00260", "2012-08-31": "5.90060", "2011-08-31": "5.76930", "2010-08-31": "4.76980", "2009-08-31": "5.12250", "2008-08-31": "7.31770", "2007-08-31": "7.53540", "2006-08-31": "5.78810", "2005-08-31": "2.40370"}, "Asset Turnover": {"2020-08-31": "0.95260", "2019-08-31": "1.15770", "2018-08-31": "1.23130", "2017-08-31": "1.20880", "2016-08-31": "1.11650", "2015-08-31": "1.12450", "2014-08-31": "1.10480", "2013-08-31": "1.09730", "2012-08-31": "1.11330", "2011-08-31": "1.12410", "2010-08-31": "1.08200", "2009-08-31": "1.28420", "2008-08-31": "1.43860", "2007-08-31": "1.21440", "2006-08-31": "1.27490", "2005-08-31": "1.50660"}, "Inventory Turnover Ratio": {"2020-08-31": "6.01030", "2019-08-31": "6.43490", "2018-08-31": "5.32950", "2017-08-31": "6.15950", "2016-08-31": "6.28420", "2015-08-31": "6.94440", "2014-08-31": "6.67120", "2013-08-31": "6.16500", "2012-08-31": "5.90260", "2011-08-31": "6.42370", "2010-08-31": "6.47920", "2009-08-31": "7.26070", "2008-08-31": "8.30880", "2007-08-31": "8.32880", "2006-08-31": "5.67650", "2005-08-31": "6.14270"}, "Receiveable Turnover": {"2020-08-31": "6.64860", "2019-08-31": "6.54670", "2018-08-31": "5.76910", "2017-08-31": "6.11390", "2016-08-31": "5.74600", "2015-08-31": "6.57440", "2014-08-31": "6.41000", "2013-08-31": "6.56330", "2012-08-31": "7.33020", "2011-08-31": "6.83820", "2010-08-31": "6.37750", "2009-08-31": "7.28850", "2008-08-31": "7.53460", "2007-08-31": "6.64800", "2006-08-31": "4.84970", "2005-08-31": "6.28410"}, "Days Sales In Receivables": {"2020-08-31": "54.89870", "2019-08-31": "55.75330", "2018-08-31": "63.26830", "2017-08-31": "59.70000", "2016-08-31": "63.52260", "2015-08-31": "55.51800", "2014-08-31": "56.94210", "2013-08-31": "55.61220", "2012-08-31": "49.79420", "2011-08-31": "53.37700", "2010-08-31": "57.23250", "2009-08-31": "50.07900", "2008-08-31": "48.44290", "2007-08-31": "54.90360", "2006-08-31": "75.26300", "2005-08-31": "58.08310"}, "ROE - Return On Equity": {"2020-08-31": "11.67100", "2019-08-31": "17.21820", "2018-08-31": "20.36350", "2017-08-31": "19.31440", "2016-08-31": "17.52020", "2015-08-31": "16.33090", "2014-08-31": "15.10960", "2013-08-31": "12.82340", "2012-08-31": "13.94490", "2011-08-31": "13.93660", "2010-08-31": "11.37670", "2009-08-31": "12.67480", "2008-08-31": "25.81900", "2007-08-31": "19.15080", "2006-08-31": "14.69240", "2005-08-31": "9.64000"}, "Return On Tangible Equity": {"2020-08-31": "56.22740", "2019-08-31": "68.03960", "2018-08-31": "141.25250", "2017-08-31": "101.83600", "2016-08-31": "87.96130", "2015-08-31": "38.85590", "2014-08-31": "48.49660", "2013-08-31": "70.69920", "2012-08-31": "240.78680", "2011-08-31": "-289.83500", "2010-08-31": "-381.64230", "2009-08-31": "-367.24020", "2008-08-31": "144.49210", "2007-08-31": "65.10530", "2006-08-31": "106.09930", "2005-08-31": "71.07540"}, "ROA - Return On Assets": {"2020-08-31": "7.11120", "2019-08-31": "10.41480", "2018-08-31": "11.69700", "2017-08-31": "11.09460", "2016-08-31": "9.86430", "2015-08-31": "9.22730", "2014-08-31": "8.11480", "2013-08-31": "6.69190", "2012-08-31": "6.69580", "2011-08-31": "6.60450", "2010-08-31": "5.25410", "2009-08-31": "6.60160", "2008-08-31": "10.54880", "2007-08-31": "7.95410", "2006-08-31": "5.51690", "2005-08-31": "3.62140"}, "ROI - Return On Investment": {"2020-08-31": "9.91490", "2019-08-31": "14.57820", "2018-08-31": "16.86280", "2017-08-31": "15.90920", "2016-08-31": "14.43320", "2015-08-31": "12.97010", "2014-08-31": "11.60090", "2013-08-31": "9.45740", "2012-08-31": "9.79370", "2011-08-31": "9.50110", "2010-08-31": "7.54030", "2009-08-31": "12.27310", "2008-08-31": "19.06350", "2007-08-31": "12.42340", "2006-08-31": "8.72140", "2005-08-31": "5.71730"}, "Book Value Per Share": {"2020-08-31": "54.72950", "2019-08-31": "48.63760", "2018-08-31": "42.92970", "2017-08-31": "39.77840", "2016-08-31": "37.95040", "2015-08-31": "31.40520", "2014-08-31": "27.14460", "2013-08-31": "23.38360", "2012-08-31": "19.95740", "2011-08-31": "18.24580", "2010-08-31": "16.48780", "2009-08-31": "15.84140", "2008-08-31": "14.31640", "2007-08-31": "15.51350", "2006-08-31": "12.59250", "2005-08-31": "12.04600"}, "Operating Cash Flow Per Share": {"2020-08-31": 0.3178, "2019-08-31": 3.8565, "2018-08-31": 0.7995, "2017-08-31": -1.0825, "2016-08-31": 2.1995, "2015-08-31": 1.2358, "2014-08-31": 2.308, "2013-08-31": -0.9969, "2012-08-31": 0.3458, "2011-08-31": 0.0573, "2010-08-31": 1.4783, "2009-08-31": -3.1162, "2008-08-31": 0.5902, "2007-08-31": 2.0226, "2006-08-31": -0.3315, "2005-08-31": 3.0633}, "Free Cash Flow Per Share": {"2020-08-31": 0.2682, "2019-08-31": 3.5882, "2018-08-31": 1.1634, "2017-08-31": -0.649, "2016-08-31": 1.6106, "2015-08-31": 0.7615, "2014-08-31": 2.2868, "2013-08-31": -1.0263, "2012-08-31": 0.1151, "2011-08-31": 0.0422, "2010-08-31": 1.4819, "2009-08-31": -2.9704, "2008-08-31": 0.6193, "2007-08-31": 1.7538, "2006-08-31": -0.0798, "2005-08-31": 2.4007}}, "financial ratios, quarterly": {"Current Ratio": {"2020-11-30": "2.31010", "2020-08-31": "2.33110", "2020-05-31": "2.39680", "2020-02-29": "2.28560", "2019-11-30": "2.10690", "2019-08-31": "2.41870", "2019-05-31": "2.18590", "2019-02-28": "2.10920", "2018-11-30": "1.91990", "2018-08-31": "1.77400", "2018-05-31": "1.64530", "2018-02-28": "2.14560", "2017-11-30": "2.22520", "2017-08-31": "2.07290", "2017-05-31": "2.01010", "2017-02-28": "2.49430", "2016-11-30": "2.22400", "2016-08-31": "1.96710", "2016-05-31": "1.97540", "2016-02-29": "1.94330", "2015-11-30": "2.44820", "2015-08-31": "2.71340", "2015-05-31": "2.76400", "2015-02-28": "2.88000", "2014-11-30": "2.70170", "2014-08-31": "2.52160", "2014-05-31": "2.61810", "2014-02-28": "2.69960", "2013-11-30": "2.47360", "2013-08-31": "2.36540", "2013-05-31": "2.33850", "2013-02-28": "2.50780", "2012-11-30": "2.40680", "2012-08-31": "2.13540", "2012-05-31": "2.12650", "2012-02-29": "2.19950", "2011-11-30": "2.01390", "2011-08-31": "1.90250", "2011-05-31": "1.99970", "2011-02-28": "2.02610", "2010-11-30": "2.02110", "2010-08-31": "1.94930", "2010-05-31": "2.17020", "2010-02-28": "2.19580", "2009-11-30": "0.93650", "2009-08-31": "0.88830", "2009-05-31": "1.36760", "2009-02-28": "1.82570", "2008-11-30": "1.51140", "2008-08-31": "1.45630", "2008-05-31": "1.42390", "2008-02-29": "1.36070", "2007-11-30": "1.95760", "2007-08-31": "1.84430", "2007-05-31": "1.96510", "2007-02-28": "1.97530", "2006-11-30": "1.87510", "2006-08-31": "1.72430", "2006-05-31": "1.84160", "2006-02-28": "1.99160", "2005-11-30": "1.93080", "2005-08-31": "1.79680", "2005-05-31": "1.81040", "2005-02-28": "1.78890"}, "Long-term Debt / Capital": {"2020-11-30": "0.20370", "2020-08-31": "0.15050", "2020-05-31": "0.15550", "2020-02-29": "0.16040", "2019-11-30": "0.14870", "2019-08-31": "0.15330", "2019-05-31": "0.15570", "2019-02-28": "0.16250", "2018-11-30": "0.16910", "2018-08-31": "0.17190", "2018-05-31": "0.18210", "2018-02-28": "0.17890", "2017-11-30": "0.17120", "2017-08-31": "0.17630", "2017-05-31": "0.18840", "2017-02-28": "0.16470", "2016-11-30": "0.17050", "2016-08-31": "0.17620", "2016-05-31": "0.18240", "2016-02-29": "0.19140", "2015-11-30": "0.19720", "2015-08-31": "0.20580", "2015-05-31": "0.21210", "2015-02-28": "0.22030", "2014-11-30": "0.22600", "2014-08-31": "0.23220", "2014-05-31": "0.23920", "2014-02-28": "0.24680", "2013-11-30": "0.25380", "2013-08-31": "0.26250", "2013-05-31": "0.27700", "2013-02-28": "0.28410", "2012-11-30": "0.28980", "2012-08-31": "0.29770", "2012-05-31": "0.30150", "2012-02-29": "0.30770", "2011-11-30": "0.31590", "2011-08-31": "0.31830", "2011-05-31": "0.31210", "2011-02-28": "0.32090", "2010-11-30": "0.32840", "2010-08-31": "0.33720", "2010-05-31": "0.33010", "2010-02-28": "0.33580", "2009-11-30": "0.02750", "2009-08-31": "0.03170", "2009-05-31": "0.25420", "2009-02-28": "0.25980", "2008-11-30": "0.26400", "2008-08-31": "0.26160", "2008-05-31": "0.26510", "2008-02-29": "0.27910", "2007-11-30": "0.40880", "2007-08-31": "0.35130", "2007-05-31": "0.36710", "2007-02-28": "0.38570", "2006-11-30": "0.39790", "2006-08-31": "0.40640", "2006-05-31": "0.41370", "2006-02-28": "0.40710", "2005-11-30": "0.40010", "2005-08-31": "0.40690", "2005-05-31": "0.41960", "2005-02-28": "0.43050"}, "Debt/Equity Ratio": {"2020-11-30": "0.25810", "2020-08-31": "0.18850", "2020-05-31": "0.19260", "2020-02-29": "0.19860", "2019-11-30": "0.17930", "2019-08-31": "0.18580", "2019-05-31": "0.18920", "2019-02-28": "0.19800", "2018-11-30": "0.20370", "2018-08-31": "0.20780", "2018-05-31": "0.22370", "2018-02-28": "0.21820", "2017-11-30": "0.20680", "2017-08-31": "0.21430", "2017-05-31": "0.23230", "2017-02-28": "0.19730", "2016-11-30": "0.20580", "2016-08-31": "0.21400", "2016-05-31": "0.22320", "2016-02-29": "0.23680", "2015-11-30": "0.24560", "2015-08-31": "0.25910", "2015-05-31": "0.26920", "2015-02-28": "0.28260", "2014-11-30": "0.29210", "2014-08-31": "0.30240", "2014-05-31": "0.31440", "2014-02-28": "0.32760", "2013-11-30": "0.34010", "2013-08-31": "0.35590", "2013-05-31": "0.38320", "2013-02-28": "0.39690", "2012-11-30": "0.40820", "2012-08-31": "0.42390", "2012-05-31": "0.43160", "2012-02-29": "0.44440", "2011-11-30": "0.46170", "2011-08-31": "0.46680", "2011-05-31": "0.45370", "2011-02-28": "0.47250", "2010-11-30": "0.48900", "2010-08-31": "0.50880", "2010-05-31": "0.49280", "2010-02-28": "0.50550", "2009-11-30": "0.33030", "2009-08-31": "0.34440", "2009-05-31": "0.44760", "2009-02-28": "0.35110", "2008-11-30": "0.64010", "2008-08-31": "0.63230", "2008-05-31": "0.64370", "2008-02-29": "0.69090", "2007-11-30": "0.69160", "2007-08-31": "0.54150", "2007-05-31": "0.58100", "2007-02-28": "0.62890", "2006-11-30": "0.66200", "2006-08-31": "0.68580", "2006-05-31": "0.70660", "2006-02-28": "0.68770", "2005-11-30": "0.66800", "2005-08-31": "0.68720", "2005-05-31": "0.75930", "2005-02-28": "0.82350"}, "Gross Margin": {"2020-11-30": "41.96970", "2020-08-31": "42.08930", "2020-05-31": "42.20560", "2020-02-29": "41.72530", "2019-11-30": "42.62610", "2019-08-31": "42.07440", "2019-05-31": "40.48120", "2019-02-28": "39.08010", "2018-11-30": "39.40600", "2018-08-31": "38.81460", "2018-05-31": "41.21820", "2018-02-28": "40.19950", "2017-11-30": "41.51640", "2017-08-31": "42.48120", "2017-05-31": "42.49660", "2017-02-28": "41.72980", "2016-11-30": "42.24620", "2016-08-31": "43.44070", "2016-05-31": "44.38050", "2016-02-29": "43.31450", "2015-11-30": "43.36140", "2015-08-31": "42.30420", "2015-05-31": "43.23530", "2015-02-28": "41.50300", "2014-11-30": "42.16870", "2014-08-31": "42.39570", "2014-05-31": "40.30470", "2014-02-28": "39.39950", "2013-11-30": "41.25630", "2013-08-31": "40.92790", "2013-05-31": "40.83100", "2013-02-28": "38.97680", "2012-11-30": "39.38890", "2012-08-31": "40.93740", "2012-05-31": "41.43590", "2012-02-29": "39.74220", "2011-11-30": "40.81810", "2011-08-31": "40.37880", "2011-05-31": "41.39210", "2011-02-28": "39.36550", "2010-11-30": "41.43530", "2010-08-31": "41.49970", "2010-05-31": "40.13740", "2010-02-28": "39.71320", "2009-11-30": "41.17950", "2009-08-31": "39.12940", "2009-05-31": "38.72920", "2009-02-28": "36.62260", "2008-11-30": "38.65040", "2008-08-31": "40.63090", "2008-05-31": "40.62780", "2008-02-29": "39.79330", "2007-11-30": "39.92980", "2007-08-31": "38.88870", "2007-05-31": "37.54740", "2007-02-28": "37.14800", "2006-11-30": "37.78130", "2006-08-31": "-29.97790", "2006-05-31": "41.28240", "2006-02-28": "39.16900", "2005-11-30": "39.80250", "2005-08-31": "38.93140", "2005-05-31": "38.93880", "2005-02-28": "37.62430"}, "Operating Margin": {"2020-11-30": "10.82070", "2020-08-31": "11.88290", "2020-05-31": "10.69310", "2020-02-29": "9.87630", "2019-11-30": "10.01560", "2019-08-31": "13.88980", "2019-05-31": "12.69520", "2019-02-28": "11.22430", "2018-11-30": "12.48120", "2018-08-31": "13.54130", "2018-05-31": "11.37710", "2018-02-28": "10.75590", "2017-11-30": "14.26200", "2017-08-31": "16.85460", "2017-05-31": "14.74880", "2017-02-28": "13.42120", "2016-11-30": "14.87310", "2016-08-31": "14.59910", "2016-05-31": "14.21020", "2016-02-29": "13.71820", "2015-11-30": "15.25930", "2015-08-31": "14.72020", "2015-05-31": "14.50930", "2015-02-28": "12.75770", "2014-11-30": "13.39200", "2014-08-31": "13.56360", "2014-05-31": "12.02190", "2014-02-28": "10.69210", "2013-11-30": "13.46790", "2013-08-31": "13.48740", "2013-05-31": "9.23360", "2013-02-28": "9.26650", "2012-11-30": "10.01870", "2012-08-31": "11.88250", "2012-05-31": "11.75390", "2012-02-29": "8.52090", "2011-11-30": "10.66840", "2011-08-31": "11.24320", "2011-05-31": "10.95350", "2011-02-28": "8.94020", "2010-11-30": "10.70590", "2010-08-31": "10.80840", "2010-05-31": "9.61730", "2010-02-28": "7.24900", "2009-11-30": "10.90120", "2009-08-31": "11.82870", "2009-05-31": "10.46390", "2009-02-28": "7.40740", "2008-11-30": "7.45580", "2008-08-31": "14.11140", "2008-05-31": "13.99270", "2008-02-29": "12.58410", "2007-11-30": "10.78970", "2007-08-31": "12.86840", "2007-05-31": "11.87910", "2007-02-28": "8.93160", "2006-11-30": "11.20400", "2006-08-31": "22.62780", "2006-05-31": "8.65940", "2006-02-28": "5.49590", "2005-11-30": "7.42030", "2005-08-31": "7.40900", "2005-05-31": "7.11130", "2005-02-28": "-0.89030"}, "EBIT Margin": {"2020-11-30": "10.82070", "2020-08-31": "11.88290", "2020-05-31": "10.69310", "2020-02-29": "9.87630", "2019-11-30": "10.01560", "2019-08-31": "13.88980", "2019-05-31": "12.69520", "2019-02-28": "11.22430", "2018-11-30": "12.48120", "2018-08-31": "13.54130", "2018-05-31": "11.37710", "2018-02-28": "10.75590", "2017-11-30": "14.26200", "2017-08-31": "16.85460", "2017-05-31": "14.74880", "2017-02-28": "13.42120", "2016-11-30": "14.87310", "2016-08-31": "14.59910", "2016-05-31": "14.21020", "2016-02-29": "13.71820", "2015-11-30": "15.25930", "2015-08-31": "14.72020", "2015-05-31": "14.50930", "2015-02-28": "12.75770", "2014-11-30": "13.39200", "2014-08-31": "13.56360", "2014-05-31": "12.02190", "2014-02-28": "10.69210", "2013-11-30": "13.46790", "2013-08-31": "13.48740", "2013-05-31": "9.23360", "2013-02-28": "9.26650", "2012-11-30": "10.01870", "2012-08-31": "11.88250", "2012-05-31": "11.75390", "2012-02-29": "8.52090", "2011-11-30": "10.66840", "2011-08-31": "11.24320", "2011-05-31": "10.95350", "2011-02-28": "8.94020", "2010-11-30": "10.70590", "2010-08-31": "10.80840", "2010-05-31": "9.61730", "2010-02-28": "7.24900", "2009-11-30": "10.90120", "2009-08-31": "11.82870", "2009-05-31": "10.46390", "2009-02-28": "7.40740", "2008-11-30": "7.45580", "2008-08-31": "14.11140", "2008-05-31": "13.99270", "2008-02-29": "12.58410", "2007-11-30": "10.78970", "2007-08-31": "12.86840", "2007-05-31": "11.87910", "2007-02-28": "8.93160", "2006-11-30": "11.20400", "2006-08-31": "22.62780", "2006-05-31": "8.65940", "2006-02-28": "5.49590", "2005-11-30": "7.42030", "2005-08-31": "7.40900", "2005-05-31": "7.11130", "2005-02-28": "-0.89030"}, "EBITDA Margin": {"2020-11-30": "", "2020-08-31": "", "2020-05-31": "", "2020-02-29": "", "2019-11-30": "", "2019-08-31": "", "2019-05-31": "", "2019-02-28": "", "2018-11-30": "", "2018-08-31": "", "2018-05-31": "", "2018-02-28": "", "2017-11-30": "", "2017-08-31": "", "2017-05-31": "", "2017-02-28": "", "2016-11-30": "", "2016-08-31": "", "2016-05-31": "", "2016-02-29": "", "2015-11-30": "", "2015-08-31": "", "2015-05-31": "", "2015-02-28": "", "2014-11-30": "", "2014-08-31": "", "2014-05-31": "", "2014-02-28": "", "2013-11-30": "", "2013-08-31": "", "2013-05-31": "", "2013-02-28": "", "2012-11-30": "", "2012-08-31": "", "2012-05-31": "", "2012-02-29": "", "2011-11-30": "", "2011-08-31": "", "2011-05-31": "", "2011-02-28": "", "2010-11-30": "", "2010-08-31": "", "2010-05-31": "", "2010-02-28": "", "2009-11-30": "", "2009-08-31": "", "2009-05-31": "", "2009-02-28": "", "2008-11-30": "", "2008-08-31": "", "2008-05-31": "", "2008-02-29": "", "2007-11-30": "", "2007-08-31": "", "2007-05-31": "", "2007-02-28": "", "2006-11-30": "", "2006-08-31": "", "2006-05-31": "", "2006-02-28": "", "2005-11-30": "", "2005-08-31": "", "2005-05-31": "", "2005-02-28": ""}, "Pre-Tax Profit Margin": {"2020-11-30": "10.00000", "2020-08-31": "10.95150", "2020-05-31": "10.11340", "2020-02-29": "9.06330", "2019-11-30": "8.85350", "2019-08-31": "12.84510", "2019-05-31": "11.79820", "2019-02-28": "10.08900", "2018-11-30": "11.40900", "2018-08-31": "12.91930", "2018-05-31": "10.50850", "2018-02-28": "9.45800", "2017-11-30": "13.15850", "2017-08-31": "14.86010", "2017-05-31": "13.97490", "2017-02-28": "12.35240", "2016-11-30": "14.83790", "2016-08-31": "13.74540", "2016-05-31": "13.22370", "2016-02-29": "12.80540", "2015-11-30": "14.28180", "2015-08-31": "12.16590", "2015-05-31": "14.74330", "2015-02-28": "11.47540", "2014-11-30": "12.31080", "2014-08-31": "12.26260", "2014-05-31": "10.69710", "2014-02-28": "9.20910", "2013-11-30": "11.97150", "2013-08-31": "12.12490", "2013-05-31": "8.34720", "2013-02-28": "7.64330", "2012-11-30": "8.39740", "2012-08-31": "9.86000", "2012-05-31": "10.72820", "2012-02-29": "6.59820", "2011-11-30": "9.65630", "2011-08-31": "10.07460", "2011-05-31": "9.12070", "2011-02-28": "6.96950", "2010-11-30": "8.65880", "2010-08-31": "9.14210", "2010-05-31": "8.07160", "2010-02-28": "2.55540", "2009-11-30": "9.06310", "2009-08-31": "10.19640", "2009-05-31": "8.34590", "2009-02-28": "5.49080", "2008-11-30": "6.61500", "2008-08-31": "12.60940", "2008-05-31": "12.28210", "2008-02-29": "11.07170", "2007-11-30": "9.47620", "2007-08-31": "11.90950", "2007-05-31": "10.48450", "2007-02-28": "7.19320", "2006-11-30": "9.46110", "2006-08-31": "15.78040", "2006-05-31": "7.26280", "2006-02-28": "4.00960", "2005-11-30": "5.94930", "2005-08-31": "6.34910", "2005-05-31": "5.44370", "2005-02-28": "-2.58470"}, "Net Profit Margin": {"2020-11-30": "7.52530", "2020-08-31": "8.26970", "2020-05-31": "7.78150", "2020-02-29": "6.94010", "2019-11-30": "6.82880", "2019-08-31": "10.24410", "2019-05-31": "9.32880", "2019-02-28": "7.75980", "2018-11-30": "8.53530", "2018-08-31": "10.19600", "2018-05-31": "7.73310", "2018-02-28": "11.64520", "2017-11-30": "8.48360", "2017-08-31": "9.45070", "2017-05-31": "9.21940", "2017-02-28": "8.36340", "2016-11-30": "9.59820", "2016-08-31": "8.95830", "2016-05-31": "8.69050", "2016-02-29": "8.42120", "2015-11-30": "9.28590", "2015-08-31": "7.99210", "2015-05-31": "9.40470", "2015-02-28": "7.51500", "2014-11-30": "7.84680", "2014-08-31": "8.03050", "2014-05-31": "7.25290", "2014-02-28": "5.98680", "2013-11-30": "7.65620", "2013-08-31": "7.64060", "2013-05-31": "5.76180", "2013-02-28": "4.99280", "2012-11-30": "5.32110", "2012-08-31": "6.35940", "2012-05-31": "6.76920", "2012-02-29": "4.17300", "2011-11-30": "6.17750", "2011-08-31": "6.66940", "2011-05-31": "5.80410", "2011-02-28": "4.68640", "2010-11-30": "5.74120", "2010-08-31": "5.67440", "2010-05-31": "5.22570", "2010-02-28": "2.03390", "2009-11-30": "5.94840", "2009-08-31": "6.88430", "2009-05-31": "5.54720", "2009-02-28": "3.72960", "2008-11-30": "4.29200", "2008-08-31": "8.02560", "2008-05-31": "8.02690", "2008-02-29": "7.07520", "2007-11-30": "6.10610", "2007-08-31": "9.52130", "2007-05-31": "7.69780", "2007-02-28": "5.48190", "2006-11-30": "7.02800", "2006-08-31": "33.80570", "2006-05-31": "4.75940", "2006-02-28": "2.63980", "2005-11-30": "3.88370", "2005-08-31": "4.65650", "2005-05-31": "3.61100", "2005-02-28": "-1.67030"}, "Asset Turnover": {"2020-11-30": "0.23370", "2020-08-31": "0.25520", "2020-05-31": "0.22550", "2020-02-29": "0.24260", "2019-11-30": "0.25250", "2019-08-31": "0.29570", "2019-05-31": "0.30360", "2019-02-28": "0.28560", "2018-11-30": "0.30930", "2018-08-31": "0.35510", "2018-05-31": "0.32750", "2018-02-28": "0.30250", "2017-11-30": "0.28460", "2017-08-31": "0.33030", "2017-05-31": "0.32650", "2017-02-28": "0.26830", "2016-11-30": "0.28720", "2016-08-31": "0.31390", "2016-05-31": "0.30590", "2016-02-29": "0.29690", "2015-11-30": "0.29390", "2015-08-31": "0.31550", "2015-05-31": "0.29370", "2015-02-28": "0.27780", "2014-11-30": "0.29350", "2014-08-31": "0.30870", "2014-05-31": "0.29460", "2014-02-28": "0.27690", "2013-11-30": "0.29230", "2013-08-31": "0.30450", "2013-05-31": "0.29590", "2013-02-28": "0.27930", "2012-11-30": "0.27780", "2012-08-31": "0.29600", "2012-05-31": "0.29430", "2012-02-29": "0.28640", "2011-11-30": "0.29740", "2011-08-31": "0.31070", "2011-05-31": "0.28810", "2011-02-28": "0.27070", "2010-11-30": "0.27930", "2010-08-31": "0.29540", "2010-05-31": "0.27750", "2010-02-28": "0.26760", "2009-11-30": "0.29740", "2009-08-31": "0.32750", "2009-05-31": "0.30020", "2009-02-28": "0.33000", "2008-11-30": "0.33240", "2008-08-31": "0.37110", "2008-05-31": "0.37510", "2008-02-29": "0.36730", "2007-11-30": "0.37750", "2007-08-31": "0.33400", "2007-05-31": "0.32710", "2007-02-28": "0.30930", "2006-11-30": "0.33590", "2006-08-31": "0.08470", "2006-05-31": "0.42670", "2006-02-28": "0.39630", "2005-11-30": "0.39570", "2005-08-31": "0.41410", "2005-05-31": "0.39260", "2005-02-28": "0.37610"}, "Inventory Turnover Ratio": {"2020-11-30": "1.45400", "2020-08-31": "1.61230", "2020-05-31": "1.26260", "2020-02-29": "1.37780", "2019-11-30": "1.35820", "2019-08-31": "1.59450", "2019-05-31": "1.44390", "2019-02-28": "1.26030", "2018-11-30": "1.34480", "2018-08-31": "1.57670", "2018-05-31": "1.36510", "2018-02-28": "1.54490", "2017-11-30": "1.45140", "2017-08-31": "1.67620", "2017-05-31": "1.49820", "2017-02-28": "1.32570", "2016-11-30": "1.47010", "2016-08-31": "1.77300", "2016-05-31": "1.63930", "2016-02-29": "1.58880", "2015-11-30": "1.72180", "2015-08-31": "1.94930", "2015-05-31": "1.51370", "2015-02-28": "1.51810", "2014-11-30": "1.74790", "2014-08-31": "1.81700", "2014-05-31": "1.68620", "2014-02-28": "1.44790", "2013-11-30": "1.62070", "2013-08-31": "1.68720", "2013-05-31": "1.59240", "2013-02-28": "1.53330", "2012-11-30": "1.50540", "2012-08-31": "1.56470", "2012-05-31": "1.69240", "2012-02-29": "1.73460", "2011-11-30": "1.72740", "2011-08-31": "1.78360", "2011-05-31": "1.50900", "2011-02-28": "1.44920", "2010-11-30": "1.43290", "2010-08-31": "1.74360", "2010-05-31": "1.70270", "2010-02-28": "1.56320", "2009-11-30": "1.58570", "2009-08-31": "1.82740", "2009-05-31": "1.53670", "2009-02-28": "1.48000", "2008-11-30": "1.71050", "2008-08-31": "2.12960", "2008-05-31": "2.02430", "2008-02-29": "1.98120", "2007-11-30": "2.08110", "2007-08-31": "2.25370", "2007-05-31": "1.52260", "2007-02-28": "1.33320", "2006-11-30": "1.40250", "2006-08-31": "0.75980", "2006-05-31": "1.62630", "2006-02-28": "1.54190", "2005-11-30": "1.50830", "2005-08-31": "1.69170", "2005-05-31": "1.50830", "2005-02-28": "1.44930"}, "Receiveable Turnover": {"2020-11-30": "1.77860", "2020-08-31": "1.78130", "2020-05-31": "1.71990", "2020-02-29": "1.62660", "2019-11-30": "1.64410", "2019-08-31": "1.67220", "2019-05-31": "1.61710", "2019-02-28": "1.64280", "2018-11-30": "1.67520", "2018-08-31": "1.66360", "2018-05-31": "1.64860", "2018-02-28": "1.66350", "2017-11-30": "1.63870", "2017-08-31": "1.67030", "2017-05-31": "1.71100", "2017-02-28": "1.60650", "2016-11-30": "1.62910", "2016-08-31": "1.61560", "2016-05-31": "1.72370", "2016-02-29": "1.69530", "2015-11-30": "1.77200", "2015-08-31": "1.84480", "2015-05-31": "1.74060", "2015-02-28": "1.73210", "2014-11-30": "1.74130", "2014-08-31": "1.79080", "2014-05-31": "1.71320", "2014-02-28": "1.76940", "2013-11-30": "1.72790", "2013-08-31": "1.82160", "2013-05-31": "1.80800", "2013-02-28": "1.72410", "2012-11-30": "1.77860", "2012-08-31": "1.94920", "2012-05-31": "1.80820", "2012-02-29": "1.77680", "2011-11-30": "1.80620", "2011-08-31": "1.88990", "2011-05-31": "1.79510", "2011-02-28": "1.70740", "2010-11-30": "1.70410", "2010-08-31": "1.74090", "2010-05-31": "1.72710", "2010-02-28": "1.70750", "2009-11-30": "1.77960", "2009-08-31": "1.85880", "2009-05-31": "1.79070", "2009-02-28": "1.78850", "2008-11-30": "1.85020", "2008-08-31": "1.94340", "2008-05-31": "1.77480", "2008-02-29": "1.78230", "2007-11-30": "1.78840", "2007-08-31": "1.82850", "2007-05-31": "1.30880", "2007-02-28": "1.31230", "2006-11-30": "1.41590", "2006-08-31": "0.32230", "2006-05-31": "1.68500", "2006-02-28": "1.69410", "2005-11-30": "1.73220", "2005-08-31": "1.72720", "2005-05-31": "1.67670", "2005-02-28": "1.62350"}, "Days Sales In Receivables": {"2020-11-30": "50.60230", "2020-08-31": "50.52400", "2020-05-31": "52.32800", "2020-02-29": "55.33000", "2019-11-30": "54.74180", "2019-08-31": "53.82160", "2019-05-31": "55.65640", "2019-02-28": "54.78580", "2018-11-30": "53.72400", "2018-08-31": "54.10010", "2018-05-31": "54.59110", "2018-02-28": "54.10170", "2017-11-30": "54.92050", "2017-08-31": "53.88160", "2017-05-31": "52.60090", "2017-02-28": "56.02210", "2016-11-30": "55.24550", "2016-08-31": "55.70780", "2016-05-31": "52.21370", "2016-02-29": "53.08820", "2015-11-30": "50.79150", "2015-08-31": "48.78610", "2015-05-31": "51.70690", "2015-02-28": "51.96070", "2014-11-30": "51.68670", "2014-08-31": "50.25570", "2014-05-31": "52.53350", "2014-02-28": "50.86600", "2013-11-30": "52.08630", "2013-08-31": "49.40840", "2013-05-31": "49.77840", "2013-02-28": "52.20260", "2012-11-30": "50.60280", "2012-08-31": "46.17270", "2012-05-31": "49.77230", "2012-02-29": "50.65330", "2011-11-30": "49.82920", "2011-08-31": "47.62040", "2011-05-31": "50.13530", "2011-02-28": "52.71090", "2010-11-30": "52.81410", "2010-08-31": "51.69780", "2010-05-31": "52.10990", "2010-02-28": "52.70930", "2009-11-30": "50.57190", "2009-08-31": "48.41730", "2009-05-31": "50.25950", "2009-02-28": "50.32240", "2008-11-30": "48.64300", "2008-08-31": "46.31110", "2008-05-31": "50.70910", "2008-02-29": "50.49750", "2007-11-30": "50.32340", "2007-08-31": "49.22080", "2007-05-31": "68.76520", "2007-02-28": "68.58250", "2006-11-30": "63.56380", "2006-08-31": "279.20920", "2006-05-31": "53.41270", "2006-02-28": "53.12650", "2005-11-30": "51.95630", "2005-08-31": "52.10830", "2005-05-31": "53.67650", "2005-02-28": "55.43530"}, "ROE - Return On Equity": {"2020-11-30": "3.07690", "2020-08-31": "3.46420", "2020-05-31": "2.88210", "2020-02-29": "2.79690", "2019-11-30": "2.86820", "2019-08-31": "5.00810", "2019-05-31": "4.68990", "2019-02-28": "3.67970", "2018-11-30": "4.54620", "2018-08-31": "6.30240", "2018-05-31": "4.56140", "2018-02-28": "5.92370", "2017-11-30": "4.14230", "2017-08-31": "5.43350", "2017-05-31": "5.35440", "2017-02-28": "3.72890", "2016-11-30": "4.72230", "2016-08-31": "4.99460", "2016-05-31": "4.66020", "2016-02-29": "4.38600", "2015-11-30": "4.76690", "2015-08-31": "4.41910", "2015-05-31": "4.90980", "2015-02-28": "3.70730", "2014-11-30": "4.22070", "2014-08-31": "4.70990", "2014-05-31": "3.89400", "2014-02-28": "3.02950", "2013-11-30": "4.28050", "2013-08-31": "4.51940", "2013-05-31": "3.43590", "2013-02-28": "2.77310", "2012-11-30": "3.01350", "2012-08-31": "3.99280", "2012-05-31": "4.10260", "2012-02-29": "2.45220", "2011-11-30": "3.90650", "2011-08-31": "4.50460", "2011-05-31": "3.47880", "2011-02-28": "2.66040", "2010-11-30": "3.37620", "2010-08-31": "3.91710", "2010-05-31": "2.97110", "2010-02-28": "1.03020", "2009-11-30": "3.35640", "2009-08-31": "4.32910", "2009-05-31": "3.38620", "2009-02-28": "2.47850", "2008-11-30": "3.41180", "2008-08-31": "7.27540", "2008-05-31": "7.36790", "2008-02-29": "6.48240", "2007-11-30": "5.87730", "2007-08-31": "6.37930", "2007-05-31": "5.36490", "2007-02-28": "3.72350", "2006-11-30": "5.25130", "2006-08-31": "2.66960", "2006-05-31": "5.45240", "2006-02-28": "2.68170", "2005-11-30": "3.94370", "2005-08-31": "5.13280", "2005-05-31": "3.82680", "2005-02-28": "-1.71410"}, "Return On Tangible Equity": {"2020-11-30": "22.88790", "2020-08-31": "16.68930", "2020-05-31": "15.23710", "2020-02-29": "17.50840", "2019-11-30": "22.77270", "2019-08-31": "19.79000", "2019-05-31": "19.74540", "2019-02-28": "18.89430", "2018-11-30": "27.02890", "2018-08-31": "43.71720", "2018-05-31": "58.26020", "2018-02-28": "35.05790", "2017-11-30": "18.34750", "2017-08-31": "28.64830", "2017-05-31": "41.22370", "2017-02-28": "14.47000", "2016-11-30": "19.66310", "2016-08-31": "25.07560", "2016-05-31": "29.67120", "2016-02-29": "41.74630", "2015-11-30": "16.93490", "2015-08-31": "10.51440", "2015-05-31": "12.34920", "2015-02-28": "10.01290", "2014-11-30": "12.30730", "2014-08-31": "15.11730", "2014-05-31": "13.71320", "2014-02-28": "12.06640", "2013-11-30": "19.50900", "2013-08-31": "24.91680", "2013-05-31": "29.57090", "2013-02-28": "22.87040", "2012-11-30": "31.48370", "2012-08-31": "68.94410", "2012-05-31": "106.66670", "2012-02-29": "573.52530", "2011-11-30": "-109.92670", "2011-08-31": "-93.68130", "2011-05-31": "-304.49350", "2011-02-28": "-55.58660", "2010-11-30": "-147.87880", "2010-08-31": "-131.40090", "2010-05-31": "79.18230", "2010-02-28": "118.03210", "2009-11-30": "-1664.25700", "2009-08-31": "-125.43060", "2009-05-31": "-58.31750", "2009-02-28": "17.82640", "2008-11-30": "19.06900", "2008-08-31": "40.71550", "2008-05-31": "47.07220", "2008-02-29": "64.63850", "2007-11-30": "59.66620", "2007-08-31": "21.68730", "2007-05-31": "19.67190", "2007-02-28": "17.42920", "2006-11-30": "30.72430", "2006-08-31": "19.27800", "2006-05-31": "48.28390", "2006-02-28": "19.55120", "2005-11-30": "24.38530", "2005-08-31": "37.84360", "2005-05-31": "42.75200", "2005-02-28": "-38.72130"}, "ROA - Return On Assets": {"2020-11-30": "1.75880", "2020-08-31": "2.11070", "2020-05-31": "1.75460", "2020-02-29": "1.68400", "2019-11-30": "1.72460", "2019-08-31": "3.02930", "2019-05-31": "2.83230", "2019-02-28": "2.21610", "2018-11-30": "2.63990", "2018-08-31": "3.62020", "2018-05-31": "2.53260", "2018-02-28": "3.52300", "2017-11-30": "2.41440", "2017-08-31": "3.12110", "2017-05-31": "3.01040", "2017-02-28": "2.24400", "2016-11-30": "2.75700", "2016-08-31": "2.81210", "2016-05-31": "2.65880", "2016-02-29": "2.50020", "2015-11-30": "2.72910", "2015-08-31": "2.49690", "2015-05-31": "2.77090", "2015-02-28": "2.09190", "2014-11-30": "2.31630", "2014-08-31": "2.52950", "2014-05-31": "2.13680", "2014-02-28": "1.65800", "2013-11-30": "2.26320", "2013-08-31": "2.35840", "2013-05-31": "1.73240", "2013-02-28": "1.41760", "2012-11-30": "1.50720", "2012-08-31": "1.91720", "2012-05-31": "2.02840", "2012-02-29": "1.22040", "2011-11-30": "1.87460", "2011-08-31": "2.13470", "2011-05-31": "1.70330", "2011-02-28": "1.29470", "2010-11-30": "1.60380", "2010-08-31": "1.80900", "2010-05-31": "1.45030", "2010-02-28": "0.50230", "2009-11-30": "1.76900", "2009-08-31": "2.25480", "2009-05-31": "1.68800", "2009-02-28": "1.23090", "2008-11-30": "1.42660", "2008-08-31": "2.97250", "2008-05-31": "3.04950", "2008-02-29": "2.59890", "2007-11-30": "2.29400", "2007-08-31": "2.64960", "2007-05-31": "2.23380", "2007-02-28": "1.53180", "2006-11-30": "2.07490", "2006-08-31": "1.00240", "2006-05-31": "2.03100", "2006-02-28": "1.04630", "2005-11-30": "1.53690", "2005-08-31": "1.92820", "2005-05-31": "1.41770", "2005-02-28": "-0.62820"}, "ROI - Return On Investment": {"2020-11-30": "2.45010", "2020-08-31": "2.94290", "2020-05-31": "2.43400", "2020-02-29": "2.34820", "2019-11-30": "2.44170", "2019-08-31": "4.24020", "2019-05-31": "3.95990", "2019-02-28": "3.08160", "2018-11-30": "3.77750", "2018-08-31": "5.21900", "2018-05-31": "3.73060", "2018-02-28": "4.86370", "2017-11-30": "3.43320", "2017-08-31": "4.47550", "2017-05-31": "4.34580", "2017-02-28": "3.11490", "2016-11-30": "3.91700", "2016-08-31": "4.11460", "2016-05-31": "3.81030", "2016-02-29": "3.54650", "2015-11-30": "3.82700", "2015-08-31": "3.50970", "2015-05-31": "3.86830", "2015-02-28": "2.89040", "2014-11-30": "3.26660", "2014-08-31": "3.61620", "2014-05-31": "2.96270", "2014-02-28": "2.28190", "2013-11-30": "3.19410", "2013-08-31": "3.33310", "2013-05-31": "2.48410", "2013-02-28": "1.98520", "2012-11-30": "2.14000", "2012-08-31": "2.80420", "2012-05-31": "2.86570", "2012-02-29": "1.69770", "2011-11-30": "2.67250", "2011-08-31": "3.07100", "2011-05-31": "2.39310", "2011-02-28": "1.80680", "2010-11-30": "2.26740", "2010-08-31": "2.59620", "2010-05-31": "1.99030", "2010-02-28": "0.68430", "2009-11-30": "3.26420", "2009-08-31": "4.19190", "2009-05-31": "2.52550", "2009-02-28": "1.83450", "2008-11-30": "2.51110", "2008-08-31": "5.37180", "2008-05-31": "5.41470", "2008-02-29": "4.67300", "2007-11-30": "3.47440", "2007-08-31": "4.13840", "2007-05-31": "3.39530", "2007-02-28": "2.28740", "2006-11-30": "3.16180", "2006-08-31": "1.58470", "2006-05-31": "3.19690", "2006-02-28": "1.58990", "2005-11-30": "2.36570", "2005-08-31": "3.04410", "2005-05-31": "2.22110", "2005-02-28": "-0.97620"}, "Book Value Per Share": {"2020-11-30": "53.23180", "2020-08-31": "54.72950", "2020-05-31": "52.99130", "2020-02-29": "51.73020", "2019-11-30": "50.28340", "2019-08-31": "48.63760", "2019-05-31": "47.50250", "2019-02-28": "45.42090", "2018-11-30": "43.92730", "2018-08-31": "42.92970", "2018-05-31": "40.04200", "2018-02-28": "40.13540", "2017-11-30": "41.15150", "2017-08-31": "39.77840", "2017-05-31": "36.68600", "2017-02-28": "41.17540", "2016-11-30": "39.47840", "2016-08-31": "37.95040", "2016-05-31": "36.42560", "2016-02-29": "34.31760", "2015-11-30": "32.97860", "2015-08-31": "31.40520", "2015-05-31": "30.41250", "2015-02-28": "28.98230", "2014-11-30": "28.08720", "2014-08-31": "27.14460", "2014-05-31": "26.25220", "2014-02-28": "25.20260", "2013-11-30": "24.36090", "2013-08-31": "23.38360", "2013-05-31": "21.79340", "2013-02-28": "21.06620", "2012-11-30": "20.50330", "2012-08-31": "19.95740", "2012-05-31": "19.62340", "2012-02-29": "19.06220", "2011-11-30": "18.45720", "2011-08-31": "18.24580", "2011-05-31": "18.26450", "2011-02-28": "17.55660", "2010-11-30": "17.02230", "2010-08-31": "16.48780", "2010-05-31": "16.68960", "2010-02-28": "16.32300", "2009-11-30": "16.28470", "2009-08-31": "15.84140", "2009-05-31": "15.55530", "2009-02-28": "14.40950", "2008-11-30": "14.07320", "2008-08-31": "14.31640", "2008-05-31": "13.90940", "2008-02-29": "12.93890", "2007-11-30": "12.71080", "2007-08-31": "15.51350", "2007-05-31": "14.66070", "2007-02-28": "13.60910", "2006-11-30": "13.04290", "2006-08-31": "12.59250", "2006-05-31": "11.96070", "2006-02-28": "12.10230", "2005-11-30": "12.24340", "2005-08-31": "12.04600", "2005-05-31": "11.63560", "2005-02-28": "11.28010"}, "Operating Cash Flow Per Share": {"2020-11-30": "3.27780", "2020-08-31": 3.2185, "2020-05-31": 4.1209, "2020-02-29": 2.1354, "2019-11-30": "3.27270", "2019-08-31": 4.5905, "2019-05-31": 3.0841, "2019-02-28": 1.4683, "2018-11-30": "3.28680", "2018-08-31": 1.1732, "2018-05-31": 3.1205, "2018-02-28": 0.9588, "2017-11-30": "3.32070", "2017-08-31": 3.201, "2017-05-31": 2.5272, "2017-02-28": 0.7773, "2016-11-30": "1.26820", "2016-08-31": 3.2877, "2016-05-31": 2.8402, "2016-02-29": 1.5563, "2015-11-30": "1.17200", "2015-08-31": 3.0199, "2015-05-31": 1.8972, "2015-02-28": 0.6611, "2014-11-30": "1.07850", "2014-08-31": 2.4325, "2014-05-31": 1.6566, "2014-02-28": 0.3201, "2013-11-30": "1.01170", "2013-08-31": 1.5214, "2013-05-31": 1.5986, "2013-02-28": 0.3357, "2012-11-30": "-0.34280", "2012-08-31": 1.6622, "2012-05-31": 1.5502, "2012-02-29": 0.2331, "2011-11-30": "0.66430", "2011-08-31": 1.8707, "2011-05-31": 1.2259, "2011-02-28": 0.5436, "2010-11-30": "0.12380", "2010-08-31": 1.4768, "2010-05-31": 1.1352, "2010-02-28": 0.1434, "2009-11-30": "0.95130", "2009-08-31": 1.5713, "2009-05-31": 0.7527, "2009-02-28": 0.1064, "2008-11-30": "-0.20200", "2008-08-31": 2.6634, "2008-05-31": 1.3413, "2008-02-29": 0.7259, "2007-11-30": "0.61400", "2007-08-31": 2.1603, "2007-05-31": 1.1164, "2007-02-28": 0.4974, "2006-11-30": "0.98030", "2006-08-31": 1.3281, "2006-05-31": 1.0559, "2006-02-28": 0.073, "2005-11-30": "0.27480", "2005-08-31": 1.6928, "2005-05-31": 1.2114, "2005-02-28": 0.1591}, "Free Cash Flow Per Share": {"2020-11-30": "2.98680", "2020-08-31": 2.7969, "2020-05-31": 3.7834, "2020-02-29": 1.8061, "2019-11-30": "2.97980", "2019-08-31": 4.2588, "2019-05-31": 2.7129, "2019-02-28": 1.1886, "2018-11-30": "2.93770", "2018-08-31": 0.9049, "2018-05-31": 2.829, "2018-02-28": 0.6999, "2017-11-30": "3.07600", "2017-08-31": 2.9215, "2017-05-31": 2.0704, "2017-02-28": 0.4068, "2016-11-30": "0.94770", "2016-08-31": 2.7854, "2016-05-31": 2.4315, "2016-02-29": 1.0881, "2015-11-30": "0.69040", "2015-08-31": 2.6974, "2015-05-31": 1.5699, "2015-02-28": 0.4662, "2014-11-30": "0.65130", "2014-08-31": 2.1894, "2014-05-31": 1.4641, "2014-02-28": 0.1353, "2013-11-30": "0.83450", "2013-08-31": 1.3083, "2013-05-31": 1.5482, "2013-02-28": 0.0876, "2012-11-30": "-0.60760", "2012-08-31": 1.3628, "2012-05-31": 1.327, "2012-02-29": 0.1095, "2011-11-30": "0.56350", "2011-08-31": 1.728, "2011-05-31": 1.1267, "2011-02-28": 0.4234, "2010-11-30": "-0.03040", "2010-08-31": 1.3365, "2010-05-31": 0.9937, "2010-02-28": 0.0238, "2009-11-30": "0.85150", "2009-08-31": 1.4262, "2009-05-31": 0.6773, "2009-02-28": -0.0696, "2008-11-30": "-0.31030", "2008-08-31": 2.5286, "2008-05-31": 1.1756, "2008-02-29": 0.5215, "2007-11-30": "0.46830", "2007-08-31": 1.9745, "2007-05-31": 0.94, "2007-02-28": 0.3357, "2006-11-30": "0.82450", "2006-08-31": 1.19, "2006-05-31": 0.9175, "2006-02-28": -0.0433, "2005-11-30": "0.25670", "2005-08-31": 1.6008, "2005-05-31": 1.073, "2005-02-28": -0.2731}}, "revenue": {"Acuity Brands Inc Annual Revenue (Millions of US $)": {"2020": "$3,326", "2019": "$3,673", "2018": "$3,680", "2017": "$3,505", "2016": "$3,291", "2015": "$2,707", "2014": "$2,394", "2013": "$2,089", "2012": "$1,934", "2011": "$1,796", "2010": "$1,627", "2009": "$1,657", "2008": "$2,027", "2007": "$1,965", "2006": "$1,841", "2005": "$2,173"}, "Acuity Brands Inc Quarterly Revenue (Millions of US $)": {"2020-11-30": "$792", "2020-08-31": "$891", "2020-05-31": "$776", "2020-02-29": "$824", "2019-11-30": "$835", "2019-08-31": "$938", "2019-05-31": "$948", "2019-02-28": "$854", "2018-11-30": "$933", "2018-08-31": "$1,061", "2018-05-31": "$944", "2018-02-28": "$832", "2017-11-30": "$843", "2017-08-31": "$958", "2017-05-31": "$892", "2017-02-28": "$805", "2016-11-30": "$851", "2016-08-31": "$925", "2016-05-31": "$852", "2016-02-29": "$778", "2015-11-30": "$737", "2015-08-31": "$760", "2015-05-31": "$684", "2015-02-28": "$616", "2014-11-30": "$647", "2014-08-31": "$669", "2014-05-31": "$604", "2014-02-28": "$546", "2013-11-30": "$575", "2013-08-31": "$580", "2013-05-31": "$542", "2013-02-28": "$487", "2012-11-30": "$481", "2012-08-31": "$514", "2012-05-31": "$488", "2012-02-29": "$458", "2011-11-30": "$474", "2011-08-31": "$496", "2011-05-31": "$458", "2011-02-28": "$416", "2010-11-30": "$425", "2010-08-31": "$444", "2010-05-31": "$408", "2010-02-28": "$384", "2009-11-30": "$392", "2009-08-31": "$423", "2009-05-31": "$397", "2009-02-28": "$386", "2008-11-30": "$452", "2008-08-31": "$523", "2008-05-31": "$512", "2008-02-29": "$483", "2007-11-30": "$509", "2007-08-31": "$540", "2007-05-31": "$502", "2007-02-28": "$444", "2006-11-30": "$478", "2006-08-31": "$122", "2006-05-31": "$603", "2006-02-28": "$550", "2005-11-30": "$566", "2005-08-31": "$597", "2005-05-31": "$545", "2005-02-28": "$505"}}, "gross-profit": {"Acuity Brands Inc Annual Gross Profit (Millions of US $)": {"2020": "$1,402", "2019": "$1,480", "2018": "$1,485", "2017": "$1,481", "2016": "$1,436", "2015": "$1,146", "2014": "$979", "2013": "$838", "2012": "$788", "2011": "$730", "2010": "$662", "2009": "$635", "2008": "$816", "2007": "$744", "2006": "$653", "2005": "$849"}, "Acuity Brands Inc Quarterly Gross Profit (Millions of US $)": {"2020-11-30": "$332", "2020-08-31": "$375", "2020-05-31": "$328", "2020-02-29": "$344", "2019-11-30": "$356", "2019-08-31": "$395", "2019-05-31": "$384", "2019-02-28": "$334", "2018-11-30": "$368", "2018-08-31": "$412", "2018-05-31": "$389", "2018-02-28": "$335", "2017-11-30": "$350", "2017-08-31": "$407", "2017-05-31": "$379", "2017-02-28": "$336", "2016-11-30": "$360", "2016-08-31": "$402", "2016-05-31": "$378", "2016-02-29": "$337", "2015-11-30": "$319", "2015-08-31": "$321", "2015-05-31": "$296", "2015-02-28": "$256", "2014-11-30": "$273", "2014-08-31": "$284", "2014-05-31": "$243", "2014-02-28": "$215", "2013-11-30": "$237", "2013-08-31": "$237", "2013-05-31": "$221", "2013-02-28": "$190", "2012-11-30": "$190", "2012-08-31": "$211", "2012-05-31": "$202", "2012-02-29": "$182", "2011-11-30": "$194", "2011-08-31": "$200", "2011-05-31": "$190", "2011-02-28": "$164", "2010-11-30": "$176", "2010-08-31": "$184", "2010-05-31": "$164", "2010-02-28": "$152", "2009-11-30": "$161", "2009-08-31": "$165", "2009-05-31": "$154", "2009-02-28": "$141", "2008-11-30": "$175", "2008-08-31": "$212", "2008-05-31": "$208", "2008-02-29": "$192", "2007-11-30": "$203", "2007-08-31": "$210", "2007-05-31": "$189", "2007-02-28": "$165", "2006-11-30": "$180", "2006-08-31": "$-37", "2006-05-31": "$249", "2006-02-28": "$215", "2005-11-30": "$225", "2005-08-31": "$233", "2005-05-31": "$212", "2005-02-28": "$190"}}, "operating-income": {"Acuity Brands Inc Annual Operating Income (Millions of US $)": {"2020": "$354", "2019": "$463", "2018": "$461", "2017": "$528", "2016": "$475", "2015": "$376", "2014": "$299", "2013": "$222", "2012": "$208", "2011": "$189", "2010": "$158", "2009": "$154", "2008": "$261", "2007": "$222", "2006": "$152", "2005": "$107"}, "Acuity Brands Inc Quarterly Operating Income (Millions of US $)": {"2020-11-30": "$86", "2020-08-31": "$106", "2020-05-31": "$83", "2020-02-29": "$81", "2019-11-30": "$84", "2019-08-31": "$130", "2019-05-31": "$120", "2019-02-28": "$96", "2018-11-30": "$116", "2018-08-31": "$144", "2018-05-31": "$107", "2018-02-28": "$90", "2017-11-30": "$120", "2017-08-31": "$161", "2017-05-31": "$132", "2017-02-28": "$108", "2016-11-30": "$127", "2016-08-31": "$135", "2016-05-31": "$121", "2016-02-29": "$107", "2015-11-30": "$112", "2015-08-31": "$112", "2015-05-31": "$99", "2015-02-28": "$79", "2014-11-30": "$87", "2014-08-31": "$91", "2014-05-31": "$73", "2014-02-28": "$58", "2013-11-30": "$77", "2013-08-31": "$78", "2013-05-31": "$50", "2013-02-28": "$45", "2012-11-30": "$48", "2012-08-31": "$61", "2012-05-31": "$57", "2012-02-29": "$39", "2011-11-30": "$51", "2011-08-31": "$56", "2011-05-31": "$50", "2011-02-28": "$37", "2010-11-30": "$46", "2010-08-31": "$48", "2010-05-31": "$39", "2010-02-28": "$28", "2009-11-30": "$43", "2009-08-31": "$50", "2009-05-31": "$42", "2009-02-28": "$29", "2008-11-30": "$34", "2008-08-31": "$74", "2008-05-31": "$72", "2008-02-29": "$61", "2007-11-30": "$55", "2007-08-31": "$70", "2007-05-31": "$60", "2007-02-28": "$40", "2006-11-30": "$54", "2006-08-31": "$28", "2006-05-31": "$52", "2006-02-28": "$30", "2005-11-30": "$42", "2005-08-31": "$44", "2005-05-31": "$39", "2005-02-28": "$-4"}}, "ebitda": {"Acuity Brands Inc Annual EBITDA (Millions of US $)": {"2020": "$455", "2019": "$551", "2018": "$541", "2017": "$602", "2016": "$538", "2015": "$422", "2014": "$343", "2013": "$262", "2012": "$248", "2011": "$229", "2010": "$194", "2009": "$190", "2008": "$295", "2007": "$254", "2006": "$183", "2005": "$148"}, "Acuity Brands Inc Quarterly EBITDA (Millions of US $)": {"2020-11-30": "$111", "2020-08-31": "$132", "2020-05-31": "$109", "2020-02-29": "$107", "2019-11-30": "$108", "2019-08-31": "$153", "2019-05-31": "$143", "2019-02-28": "$118", "2018-11-30": "$138", "2018-08-31": "$166", "2018-05-31": "$128", "2018-02-28": "$109", "2017-11-30": "$139", "2017-08-31": "$180", "2017-05-31": "$152", "2017-02-28": "$127", "2016-11-30": "$144", "2016-08-31": "$149", "2016-05-31": "$139", "2016-02-29": "$123", "2015-11-30": "$127", "2015-08-31": "$123", "2015-05-31": "$111", "2015-02-28": "$90", "2014-11-30": "$98", "2014-08-31": "$102", "2014-05-31": "$83", "2014-02-28": "$69", "2013-11-30": "$88", "2013-08-31": "$89", "2013-05-31": "$60", "2013-02-28": "$55", "2012-11-30": "$58", "2012-08-31": "$71", "2012-05-31": "$68", "2012-02-29": "$48", "2011-11-30": "$61", "2011-08-31": "$66", "2011-05-31": "$61", "2011-02-28": "$47", "2010-11-30": "$55", "2010-08-31": "$57", "2010-05-31": "$48", "2010-02-28": "$37", "2009-11-30": "$52", "2009-08-31": "$60", "2009-05-31": "$50", "2009-02-28": "$37", "2008-11-30": "$43", "2008-08-31": "$83", "2008-05-31": "$80", "2008-02-29": "$69", "2007-11-30": "$63", "2007-08-31": "$78", "2007-05-31": "$67", "2007-02-28": "$48", "2006-11-30": "$61", "2006-08-31": "$29", "2006-05-31": "$61", "2006-02-28": "$40", "2005-11-30": "$52", "2005-08-31": "$55", "2005-05-31": "$48", "2005-02-28": "$6"}}, "net-income": {"Acuity Brands Inc Annual Net Income (Millions of US $)": {"2020": "$248", "2019": "$330", "2018": "$350", "2017": "$322", "2016": "$291", "2015": "$222", "2014": "$174", "2013": "$125", "2012": "$114", "2011": "$104", "2010": "$78", "2009": "$85", "2008": "$148", "2007": "$148", "2006": "$107", "2005": "$52"}, "Acuity Brands Inc Quarterly Net Income (Millions of US $)": {"2020-11-30": "$60", "2020-08-31": "$74", "2020-05-31": "$60", "2020-02-29": "$57", "2019-11-30": "$57", "2019-08-31": "$96", "2019-05-31": "$88", "2019-02-28": "$66", "2018-11-30": "$80", "2018-08-31": "$108", "2018-05-31": "$73", "2018-02-28": "$97", "2017-11-30": "$72", "2017-08-31": "$91", "2017-05-31": "$82", "2017-02-28": "$67", "2016-11-30": "$82", "2016-08-31": "$83", "2016-05-31": "$74", "2016-02-29": "$66", "2015-11-30": "$68", "2015-08-31": "$61", "2015-05-31": "$64", "2015-02-28": "$46", "2014-11-30": "$51", "2014-08-31": "$54", "2014-05-31": "$44", "2014-02-28": "$33", "2013-11-30": "$44", "2013-08-31": "$44", "2013-05-31": "$31", "2013-02-28": "$24", "2012-11-30": "$26", "2012-08-31": "$33", "2012-05-31": "$33", "2012-02-29": "$19", "2011-11-30": "$29", "2011-08-31": "$33", "2011-05-31": "$27", "2011-02-28": "$20", "2010-11-30": "$24", "2010-08-31": "$25", "2010-05-31": "$21", "2010-02-28": "$8", "2009-11-30": "$23", "2009-08-31": "$29", "2009-05-31": "$22", "2009-02-28": "$14", "2008-11-30": "$19", "2008-08-31": "$42", "2008-05-31": "$41", "2008-02-29": "$34", "2007-11-30": "$31", "2007-08-31": "$51", "2007-05-31": "$39", "2007-02-28": "$24", "2006-11-30": "$34", "2006-08-31": "$41", "2006-05-31": "$29", "2006-02-28": "$15", "2005-11-30": "$22", "2005-08-31": "$28", "2005-05-31": "$20", "2005-02-28": "$-8"}}, "eps-earnings-per-share-diluted": {"Acuity Brands Inc Annual EPS": {"2020": "$6.27", "2019": "$8.29", "2018": "$8.52", "2017": "$7.43", "2016": "$6.63", "2015": "$5.09", "2014": "$4.05", "2013": "$2.95", "2012": "$2.72", "2011": "$2.42", "2010": "$1.80", "2009": "$2.00", "2008": "$3.50", "2007": "$3.37", "2006": "$2.34", "2005": "$1.17"}, "Acuity Brands Inc Quarterly EPS": {"2020-11-30": "$1.57", "2020-08-31": "$1.87", "2020-05-31": "$1.52", "2020-02-29": "$1.44", "2019-11-30": "$1.44", "2019-08-31": "$2.42", "2019-05-31": "$2.22", "2019-02-28": "$1.67", "2018-11-30": "$1.98", "2018-08-31": "$2.69", "2018-05-31": "$1.80", "2018-02-28": "$2.33", "2017-11-30": "$1.70", "2017-08-31": "$2.14", "2017-05-31": "$1.90", "2017-02-28": "$1.53", "2016-11-30": "$1.86", "2016-08-31": "$1.88", "2016-05-31": "$1.69", "2016-02-29": "$1.49", "2015-11-30": "$1.57", "2015-08-31": "$1.37", "2015-05-31": "$1.48", "2015-02-28": "$1.07", "2014-11-30": "$1.17", "2014-08-31": "$1.26", "2014-05-31": "$1.01", "2014-02-28": "$0.75", "2013-11-30": "$1.03", "2013-08-31": "$1.04", "2013-05-31": "$0.73", "2013-02-28": "$0.57", "2012-11-30": "$0.61", "2012-08-31": "$0.77", "2012-05-31": "$0.79", "2012-02-29": "$0.46", "2011-11-30": "$0.70", "2011-08-31": "$0.79", "2011-05-31": "$0.62", "2011-02-28": "$0.45", "2010-11-30": "$0.56", "2010-08-31": "$0.62", "2010-05-31": "$0.48", "2010-02-28": "$0.17", "2009-11-30": "$0.53", "2009-08-31": "$0.68", "2009-05-31": "$0.51", "2009-02-28": "$0.34", "2008-11-30": "$0.47", "2008-08-31": "$0.96", "2008-05-31": "$1.00", "2008-02-29": "$0.82", "2007-11-30": "$0.72", "2007-08-31": "$1.17", "2007-05-31": "$0.88", "2007-02-28": "$0.55", "2006-11-30": "$0.77", "2006-08-31": "$0.91", "2006-05-31": "$0.63", "2006-02-28": "$0.32", "2005-11-30": "$0.48", "2005-08-31": "$0.63", "2005-05-31": "$0.44", "2005-02-28": "$-0.20"}}, "shares-outstanding": {"Acuity Brands Inc Annual Shares Outstanding (Millions of Shares)": {"2020": "40", "2019": "40", "2018": "41", "2017": "43", "2016": "44", "2015": "43", "2014": "43", "2013": "43", "2012": "42", "2011": "43", "2010": "43", "2009": "42", "2008": "42", "2007": "44", "2006": "46", "2005": "45"}, "Acuity Brands Inc Quarterly Shares Outstanding (Millions of Shares)": {"2020-11-30": "38", "2020-08-31": "40", "2020-05-31": "40", "2020-02-29": "40", "2019-11-30": "40", "2019-08-31": "40", "2019-05-31": "40", "2019-02-28": "40", "2018-11-30": "40", "2018-08-31": "41", "2018-05-31": "41", "2018-02-28": "42", "2017-11-30": "42", "2017-08-31": "43", "2017-05-31": "43", "2017-02-28": "44", "2016-11-30": "44", "2016-08-31": "44", "2016-05-31": "44", "2016-02-29": "44", "2015-11-30": "44", "2015-08-31": "43", "2015-05-31": "44", "2015-02-28": "43", "2014-11-30": "43", "2014-08-31": "43", "2014-05-31": "43", "2014-02-28": "43", "2013-11-30": "43", "2013-08-31": "43", "2013-05-31": "43", "2013-02-28": "43", "2012-11-30": "42", "2012-08-31": "42", "2012-05-31": "42", "2012-02-29": "42", "2011-11-30": "42", "2011-08-31": "43", "2011-05-31": "43", "2011-02-28": "43", "2010-11-30": "43", "2010-08-31": "43", "2010-05-31": "44", "2010-02-28": "43", "2009-11-30": "43", "2009-08-31": "42", "2009-05-31": "42", "2009-02-28": "41", "2008-11-30": "41", "2008-08-31": "42", "2008-05-31": "41", "2008-02-29": "41", "2007-11-30": "43", "2007-08-31": "44", "2007-05-31": "44", "2007-02-28": "44", "2006-11-30": "44", "2006-08-31": "46", "2006-05-31": "46", "2006-02-28": "46", "2005-11-30": "46", "2005-08-31": "45", "2005-05-31": "45", "2005-02-28": "43"}}, "total-assets": {"Acuity Brands Inc Annual Total Assets (Millions of US $)": {"2020": "$3,492", "2019": "$3,172", "2018": "$2,989", "2017": "$2,900", "2016": "$2,948", "2015": "$2,407", "2014": "$2,166", "2013": "$1,904", "2012": "$1,737", "2011": "$1,597", "2010": "$1,504", "2009": "$1,291", "2008": "$1,409", "2007": "$1,618", "2006": "$1,444", "2005": "$1,442"}, "Acuity Brands Inc Quarterly Total Assets (Millions of US $)": {"2020-11-30": "$3,389", "2020-08-31": "$3,492", "2020-05-31": "$3,442", "2020-02-29": "$3,397", "2019-11-30": "$3,305", "2019-08-31": "$3,172", "2019-05-31": "$3,121", "2019-02-28": "$2,992", "2018-11-30": "$3,015", "2018-08-31": "$2,989", "2018-05-31": "$2,882", "2018-02-28": "$2,751", "2017-11-30": "$2,961", "2017-08-31": "$2,900", "2017-05-31": "$2,731", "2017-02-28": "$2,999", "2016-11-30": "$2,963", "2016-08-31": "$2,948", "2016-05-31": "$2,783", "2016-02-29": "$2,620", "2015-11-30": "$2,506", "2015-08-31": "$2,407", "2015-05-31": "$2,328", "2015-02-28": "$2,218", "2014-11-30": "$2,206", "2014-08-31": "$2,166", "2014-05-31": "$2,050", "2014-02-28": "$1,972", "2013-11-30": "$1,966", "2013-08-31": "$1,904", "2013-05-31": "$1,830", "2013-02-28": "$1,742", "2012-11-30": "$1,732", "2012-08-31": "$1,737", "2012-05-31": "$1,657", "2012-02-29": "$1,598", "2011-11-30": "$1,595", "2011-08-31": "$1,597", "2011-05-31": "$1,591", "2011-02-28": "$1,537", "2010-11-30": "$1,521", "2010-08-31": "$1,504", "2010-05-31": "$1,469", "2010-02-28": "$1,433", "2009-11-30": "$1,317", "2009-08-31": "$1,291", "2009-05-31": "$1,321", "2009-02-28": "$1,170", "2008-11-30": "$1,360", "2008-08-31": "$1,409", "2008-05-31": "$1,366", "2008-02-29": "$1,314", "2007-11-30": "$1,348", "2007-08-31": "$1,618", "2007-05-31": "$1,536", "2007-02-28": "$1,436", "2006-11-30": "$1,422", "2006-08-31": "$1,444", "2006-05-31": "$1,414", "2006-02-28": "$1,387", "2005-11-30": "$1,430", "2005-08-31": "$1,442", "2005-05-31": "$1,389", "2005-02-28": "$1,343"}}, "cash-on-hand": {"Acuity Brands Inc Annual Cash on Hand (Millions of US $)": {"2020": "$561", "2019": "$461", "2018": "$129", "2017": "$311", "2016": "$413", "2015": "$757", "2014": "$553", "2013": "$359", "2012": "$285", "2011": "$170", "2010": "$191", "2009": "$19", "2008": "$297", "2007": "$214", "2006": "$89", "2005": "$99"}, "Acuity Brands Inc Quarterly Cash on Hand (Millions of US $)": {"2020-11-30": "$507", "2020-08-31": "$561", "2020-05-31": "$521", "2020-02-29": "$381", "2019-11-30": "$267", "2019-08-31": "$461", "2019-05-31": "$334", "2019-02-28": "$232", "2018-11-30": "$215", "2018-08-31": "$129", "2018-05-31": "$94", "2018-02-28": "$230", "2017-11-30": "$429", "2017-08-31": "$311", "2017-05-31": "$190", "2017-02-28": "$463", "2016-11-30": "$451", "2016-08-31": "$413", "2016-05-31": "$337", "2016-02-29": "$224", "2015-11-30": "$560", "2015-08-31": "$757", "2015-05-31": "$652", "2015-02-28": "$601", "2014-11-30": "$583", "2014-08-31": "$553", "2014-05-31": "$467", "2014-02-28": "$408", "2013-11-30": "$398", "2013-08-31": "$359", "2013-05-31": "$302", "2013-02-28": "$263", "2012-11-30": "$268", "2012-08-31": "$285", "2012-05-31": "$228", "2012-02-29": "$181", "2011-11-30": "$173", "2011-08-31": "$170", "2011-05-31": "$161", "2011-02-28": "$126", "2010-11-30": "$152", "2010-08-31": "$191", "2010-05-31": "$195", "2010-02-28": "$156", "2009-11-30": "$48", "2009-08-31": "$19", "2009-05-31": "$28", "2009-02-28": "$72", "2008-11-30": "$265", "2008-08-31": "$297", "2008-05-31": "$216", "2008-02-29": "$185", "2007-11-30": "$202", "2007-08-31": "$214", "2007-05-31": "$178", "2007-02-28": "$123", "2006-11-30": "$103", "2006-08-31": "$89", "2006-05-31": "$72", "2006-02-28": "$70", "2005-11-30": "$105", "2005-08-31": "$99", "2005-05-31": "$44", "2005-02-28": "$10"}}, "long-term-debt": {"Acuity Brands Inc Annual Long Term Debt (Millions of US $)": {"2020": "$377", "2019": "$348", "2018": "$356", "2017": "$357", "2016": "$355", "2015": "$352", "2014": "$352", "2013": "$354", "2012": "$354", "2011": "$353", "2010": "$353", "2009": "$22", "2008": "$204", "2007": "$364", "2006": "$371", "2005": "$372"}, "Acuity Brands Inc Quarterly Long Term Debt (Millions of US $)": {"2020-11-30": "$496", "2020-08-31": "$377", "2020-05-31": "$386", "2020-02-29": "$391", "2019-11-30": "$347", "2019-08-31": "$348", "2019-05-31": "$348", "2019-02-28": "$350", "2018-11-30": "$356", "2018-08-31": "$356", "2018-05-31": "$356", "2018-02-28": "$357", "2017-11-30": "$357", "2017-08-31": "$357", "2017-05-31": "$356", "2017-02-28": "$356", "2016-11-30": "$356", "2016-08-31": "$355", "2016-05-31": "$354", "2016-02-29": "$354", "2015-11-30": "$352", "2015-08-31": "$352", "2015-05-31": "$354", "2015-02-28": "$354", "2014-11-30": "$354", "2014-08-31": "$352", "2014-05-31": "$354", "2014-02-28": "$354", "2013-11-30": "$354", "2013-08-31": "$354", "2013-05-31": "$354", "2013-02-28": "$354", "2012-11-30": "$354", "2012-08-31": "$354", "2012-05-31": "$354", "2012-02-29": "$353", "2011-11-30": "$353", "2011-08-31": "$353", "2011-05-31": "$353", "2011-02-28": "$353", "2010-11-30": "$353", "2010-08-31": "$353", "2010-05-31": "$353", "2010-02-28": "$353", "2009-11-30": "$20", "2009-08-31": "$22", "2009-05-31": "$224", "2009-02-28": "$204", "2008-11-30": "$204", "2008-08-31": "$204", "2008-05-31": "$204", "2008-02-29": "$204", "2007-11-30": "$364", "2007-08-31": "$364", "2007-05-31": "$371", "2007-02-28": "$371", "2006-11-30": "$371", "2006-08-31": "$371", "2006-05-31": "$372", "2006-02-28": "$371", "2005-11-30": "$372", "2005-08-31": "$372", "2005-05-31": "$372", "2005-02-28": "$372"}}, "total-liabilities": {"Acuity Brands Inc Annual Total Liabilities (Millions of US $)": {"2020": "$1,364", "2019": "$1,254", "2018": "$1,272", "2017": "$1,234", "2016": "$1,288", "2015": "$1,047", "2014": "$1,003", "2013": "$910", "2012": "$903", "2011": "$840", "2010": "$809", "2009": "$618", "2008": "$833", "2007": "$946", "2006": "$902", "2005": "$900"}, "Acuity Brands Inc Quarterly Total Liabilities (Millions of US $)": {"2020-11-30": "$1,452", "2020-08-31": "$1,364", "2020-05-31": "$1,347", "2020-02-29": "$1,352", "2019-11-30": "$1,318", "2019-08-31": "$1,254", "2019-05-31": "$1,236", "2019-02-28": "$1,190", "2018-11-30": "$1,264", "2018-08-31": "$1,272", "2018-05-31": "$1,282", "2018-02-28": "$1,115", "2017-11-30": "$1,235", "2017-08-31": "$1,234", "2017-05-31": "$1,195", "2017-02-28": "$1,194", "2016-11-30": "$1,233", "2016-08-31": "$1,288", "2016-05-31": "$1,195", "2016-02-29": "$1,126", "2015-11-30": "$1,071", "2015-08-31": "$1,047", "2015-05-31": "$1,014", "2015-02-28": "$967", "2014-11-30": "$995", "2014-08-31": "$1,003", "2014-05-31": "$925", "2014-02-28": "$893", "2013-11-30": "$927", "2013-08-31": "$910", "2013-05-31": "$907", "2013-02-28": "$852", "2012-11-30": "$866", "2012-08-31": "$903", "2012-05-31": "$838", "2012-02-29": "$803", "2011-11-30": "$830", "2011-08-31": "$840", "2011-05-31": "$812", "2011-02-28": "$789", "2010-11-30": "$799", "2010-08-31": "$809", "2010-05-31": "$752", "2010-02-28": "$734", "2009-11-30": "$623", "2009-08-31": "$618", "2009-05-31": "$663", "2009-02-28": "$589", "2008-11-30": "$791", "2008-08-31": "$833", "2008-05-31": "$801", "2008-02-29": "$787", "2007-11-30": "$822", "2007-08-31": "$946", "2007-05-31": "$897", "2007-02-28": "$846", "2006-11-30": "$860", "2006-08-31": "$902", "2006-05-31": "$887", "2006-02-28": "$846", "2005-11-30": "$873", "2005-08-31": "$900", "2005-05-31": "$874", "2005-02-28": "$851"}}, "total-share-holder-equity": {"Acuity Brands Inc Annual Share Holder Equity (Millions of US $)": {"2020": "$2,128", "2019": "$1,919", "2018": "$1,717", "2017": "$1,666", "2016": "$1,660", "2015": "$1,360", "2014": "$1,164", "2013": "$994", "2012": "$834", "2011": "$757", "2010": "$694", "2009": "$672", "2008": "$576", "2007": "$672", "2006": "$542", "2005": "$542"}, "Acuity Brands Inc Quarterly Share Holder Equity (Millions of US $)": {"2020-11-30": "$1,937", "2020-08-31": "$2,128", "2020-05-31": "$2,096", "2020-02-29": "$2,045", "2019-11-30": "$1,987", "2019-08-31": "$1,919", "2019-05-31": "$1,885", "2019-02-28": "$1,802", "2018-11-30": "$1,751", "2018-08-31": "$1,717", "2018-05-31": "$1,600", "2018-02-28": "$1,636", "2017-11-30": "$1,726", "2017-08-31": "$1,666", "2017-05-31": "$1,535", "2017-02-28": "$1,805", "2016-11-30": "$1,730", "2016-08-31": "$1,660", "2016-05-31": "$1,588", "2016-02-29": "$1,493", "2015-11-30": "$1,435", "2015-08-31": "$1,360", "2015-05-31": "$1,314", "2015-02-28": "$1,252", "2014-11-30": "$1,211", "2014-08-31": "$1,164", "2014-05-31": "$1,125", "2014-02-28": "$1,079", "2013-11-30": "$1,040", "2013-08-31": "$994", "2013-05-31": "$923", "2013-02-28": "$891", "2012-11-30": "$866", "2012-08-31": "$834", "2012-05-31": "$819", "2012-02-29": "$795", "2011-11-30": "$765", "2011-08-31": "$757", "2011-05-31": "$779", "2011-02-28": "$748", "2010-11-30": "$723", "2010-08-31": "$694", "2010-05-31": "$717", "2010-02-28": "$699", "2009-11-30": "$694", "2009-08-31": "$672", "2009-05-31": "$659", "2009-02-28": "$581", "2008-11-30": "$569", "2008-08-31": "$576", "2008-05-31": "$565", "2008-02-29": "$527", "2007-11-30": "$526", "2007-08-31": "$672", "2007-05-31": "$640", "2007-02-28": "$591", "2006-11-30": "$562", "2006-08-31": "$542", "2006-05-31": "$527", "2006-02-28": "$541", "2005-11-30": "$557", "2005-08-31": "$542", "2005-05-31": "$515", "2005-02-28": "$492"}}, "profit-margins": {"current": "7.64%"}, "gross margin": {"2020-11-30": "42.00%", "2020-08-31": "42.18%", "2020-05-31": "42.19%", "2020-02-29": "41.72%", "2019-11-30": "41.09%", "2019-08-31": "40.32%", "2019-05-31": "39.46%", "2019-02-28": "39.64%", "2018-11-30": "39.89%", "2018-08-31": "40.38%", "2018-05-31": "41.40%", "2018-02-28": "41.73%", "2017-11-30": "42.08%", "2017-08-31": "42.27%", "2017-05-31": "42.53%", "2017-02-28": "42.99%", "2016-11-30": "43.36%", "2016-08-31": "43.62%", "2016-05-31": "43.33%", "2016-02-29": "43.02%", "2015-11-30": "42.62%", "2015-08-31": "42.33%", "2015-05-31": "42.35%", "2015-02-28": "41.60%", "2014-11-30": "41.12%", "2014-08-31": "40.85%", "2014-05-31": "40.43%", "2014-02-28": "40.57%", "2013-11-30": "40.52%", "2013-08-31": "40.10%", "2013-05-31": "40.12%", "2013-02-28": "40.25%", "2012-11-30": "40.44%", "2012-08-31": "40.80%", "2012-05-31": "40.61%", "2012-02-29": "40.62%", "2011-11-30": "40.56%", "2011-08-31": "40.67%", "2011-05-31": "40.96%", "2011-02-28": "40.64%", "2010-11-30": "40.70%", "2010-08-31": "40.60%", "2010-05-31": "39.95%", "2010-02-28": "39.60%", "2009-11-30": "38.86%", "2009-08-31": "38.30%", "2009-05-31": "38.79%", "2009-02-28": "39.30%", "2008-11-30": "39.95%", "2008-08-31": "40.21%", "2008-05-31": "39.77%", "2008-02-29": "39.04%", "2007-11-30": "38.45%", "2007-08-31": "37.88%", "2007-05-31": "32.15%", "2007-02-28": "33.82%", "2006-11-30": "34.63%", "2006-08-31": "35.42%", "2006-05-31": "39.81%", "2006-02-28": "39.19%", "2005-11-30": "38.86%"}, "operating margin": {"2020-11-30": "10.84%", "2020-08-31": "10.64%", "2020-05-31": "11.21%", "2020-02-29": "11.71%", "2019-11-30": "12.03%", "2019-08-31": "12.58%", "2019-05-31": "12.54%", "2019-02-28": "12.21%", "2018-11-30": "12.12%", "2018-08-31": "12.53%", "2018-05-31": "13.36%", "2018-02-28": "14.27%", "2017-11-30": "14.89%", "2017-08-31": "15.06%", "2017-05-31": "14.45%", "2017-02-28": "14.30%", "2016-11-30": "14.39%", "2016-08-31": "14.43%", "2016-05-31": "14.45%", "2016-02-29": "14.53%", "2015-11-30": "14.37%", "2015-08-31": "13.93%", "2015-05-31": "13.61%", "2015-02-28": "13.01%", "2014-11-30": "12.53%", "2014-08-31": "12.49%", "2014-05-31": "12.41%", "2014-02-28": "11.73%", "2013-11-30": "11.45%", "2013-08-31": "10.57%", "2013-05-31": "10.08%", "2013-02-28": "10.71%", "2012-11-30": "10.56%", "2012-08-31": "10.75%", "2012-05-31": "10.59%", "2012-02-29": "10.39%", "2011-11-30": "10.52%", "2011-08-31": "10.53%", "2011-05-31": "10.38%", "2011-02-28": "10.04%", "2010-11-30": "9.69%", "2010-08-31": "9.71%", "2010-05-31": "9.96%", "2010-02-28": "10.21%", "2009-11-30": "10.26%", "2009-08-31": "9.35%", "2009-05-31": "10.18%", "2009-02-28": "11.16%", "2008-11-30": "12.23%", "2008-08-31": "12.93%", "2008-05-31": "12.62%", "2008-02-29": "12.09%", "2007-11-30": "11.28%", "2007-08-31": "11.41%", "2007-05-31": "11.77%", "2007-02-28": "10.56%", "2006-11-30": "9.36%", "2006-08-31": "8.26%", "2006-05-31": "7.25%", "2006-02-28": "6.86%", "2005-11-30": "5.47%"}, "ebitda margin": {"2020-11-30": "13.98%", "2020-08-31": "13.71%", "2020-05-31": "14.14%", "2020-02-29": "14.41%", "2019-11-30": "14.60%", "2019-08-31": "15.03%", "2019-05-31": "14.88%", "2019-02-28": "14.50%", "2018-11-30": "14.35%", "2018-08-31": "14.73%", "2018-05-31": "15.54%", "2018-02-28": "16.45%", "2017-11-30": "17.10%", "2017-08-31": "17.20%", "2017-05-31": "16.47%", "2017-02-28": "16.28%", "2016-11-30": "16.29%", "2016-08-31": "16.34%", "2016-05-31": "16.37%", "2016-02-29": "16.36%", "2015-11-30": "16.12%", "2015-08-31": "15.59%", "2015-05-31": "15.33%", "2015-02-28": "14.71%", "2014-11-30": "14.27%", "2014-08-31": "14.29%", "2014-05-31": "14.27%", "2014-02-28": "13.64%", "2013-11-30": "13.37%", "2013-08-31": "12.54%", "2013-05-31": "12.06%", "2013-02-28": "12.79%", "2012-11-30": "12.62%", "2012-08-31": "12.82%", "2012-05-31": "12.68%", "2012-02-29": "12.51%", "2011-11-30": "12.74%", "2011-08-31": "12.76%", "2011-05-31": "12.62%", "2011-02-28": "12.23%", "2010-11-30": "11.86%", "2010-08-31": "11.92%", "2010-05-31": "12.26%", "2010-02-28": "12.47%", "2009-11-30": "12.45%", "2009-08-31": "11.46%", "2009-05-31": "12.12%", "2009-02-28": "12.97%", "2008-11-30": "13.96%", "2008-08-31": "14.55%", "2008-05-31": "14.19%", "2008-02-29": "13.62%", "2007-11-30": "12.83%", "2007-08-31": "12.93%", "2007-05-31": "13.26%", "2007-02-28": "12.08%", "2006-11-30": "10.90%", "2006-08-31": "9.89%", "2006-05-31": "8.98%", "2006-02-28": "8.64%", "2005-11-30": "7.28%"}, "pre tax profit margin": {"2020-11-30": "10.08%", "2020-08-31": "9.80%", "2020-05-31": "10.35%", "2020-02-29": "10.78%", "2019-11-30": "10.99%", "2019-08-31": "11.57%", "2019-05-31": "11.62%", "2019-02-28": "11.29%", "2018-11-30": "11.17%", "2018-08-31": "11.58%", "2018-05-31": "12.05%", "2018-02-28": "12.96%", "2017-11-30": "13.64%", "2017-08-31": "14.03%", "2017-05-31": "13.73%", "2017-02-28": "13.55%", "2016-11-30": "13.68%", "2016-08-31": "13.52%", "2016-05-31": "13.11%", "2016-02-29": "13.45%", "2015-11-30": "13.19%", "2015-08-31": "12.71%", "2015-05-31": "12.77%", "2015-02-28": "11.75%", "2014-11-30": "11.23%", "2014-08-31": "11.11%", "2014-05-31": "11.02%", "2014-02-28": "10.43%", "2013-11-30": "10.12%", "2013-08-31": "9.19%", "2013-05-31": "8.55%", "2013-02-28": "9.14%", "2012-11-30": "8.91%", "2012-08-31": "9.26%", "2012-05-31": "9.29%", "2012-02-29": "8.91%", "2011-11-30": "9.06%", "2011-08-31": "8.80%", "2011-05-31": "8.55%", "2011-02-28": "8.27%", "2010-11-30": "7.28%", "2010-08-31": "7.37%", "2010-05-31": "7.59%", "2010-02-28": "7.64%", "2009-11-30": "8.32%", "2009-08-31": "7.66%", "2009-05-31": "8.53%", "2009-02-28": "9.61%", "2008-11-30": "10.76%", "2008-08-31": "11.35%", "2008-05-31": "11.15%", "2008-02-29": "10.72%", "2007-11-30": "9.87%", "2007-08-31": "9.88%", "2007-05-31": "9.64%", "2007-02-28": "8.50%", "2006-11-30": "7.42%", "2006-08-31": "6.46%", "2006-05-31": "5.96%", "2006-02-28": "5.49%", "2005-11-30": "4.02%"}, "net profit margin": {"2020-11-30": "7.65%", "2020-08-31": "7.46%", "2020-05-31": "8.00%", "2020-02-29": "8.41%", "2019-11-30": "8.59%", "2019-08-31": "8.98%", "2019-05-31": "9.01%", "2019-02-28": "8.62%", "2018-11-30": "9.50%", "2018-08-31": "9.51%", "2018-05-31": "9.31%", "2018-02-28": "9.70%", "2017-11-30": "8.92%", "2017-08-31": "9.18%", "2017-05-31": "9.04%", "2017-02-28": "8.91%", "2016-11-30": "8.95%", "2016-08-31": "8.84%", "2016-05-31": "8.60%", "2016-02-29": "8.75%", "2015-11-30": "8.54%", "2015-08-31": "8.20%", "2015-05-31": "8.22%", "2015-02-28": "7.69%", "2014-11-30": "7.38%", "2014-08-31": "7.31%", "2014-05-31": "7.16%", "2014-02-28": "6.78%", "2013-11-30": "6.55%", "2013-08-31": "5.98%", "2013-05-31": "5.63%", "2013-02-28": "5.89%", "2012-11-30": "5.72%", "2012-08-31": "5.89%", "2012-05-31": "5.95%", "2012-02-29": "5.73%", "2011-11-30": "5.91%", "2011-08-31": "5.79%", "2011-05-31": "5.51%", "2011-02-28": "5.32%", "2010-11-30": "4.70%", "2010-08-31": "4.73%", "2010-05-31": "5.04%", "2010-02-28": "5.14%", "2009-11-30": "5.51%", "2009-08-31": "5.07%", "2009-05-31": "5.52%", "2009-02-28": "6.19%", "2008-11-30": "6.90%", "2008-08-31": "7.30%", "2008-05-31": "7.68%", "2008-02-29": "7.62%", "2007-11-30": "7.27%", "2007-08-31": "7.54%", "2007-05-31": "8.93%", "2007-02-28": "7.77%", "2006-11-30": "6.79%", "2006-08-31": "5.81%", "2006-05-31": "4.06%", "2006-02-28": "3.76%", "2005-11-30": "2.80%"}, "pe ratio": {"current": "15.97", "2021-02-05": "18.92", "2020-11-30": "18.53", "2020-08-31": "17.39", "2020-05-31": "12.58", "2020-02-29": "13.60", "2019-11-30": "16.77", "2019-08-31": "15.01", "2019-05-31": "14.31", "2019-02-28": "15.82", "2018-11-30": "14.60", "2018-08-31": "17.71", "2018-05-31": "14.63", "2018-02-28": "17.41", "2017-11-30": "23.21", "2017-08-31": "23.41", "2017-05-31": "22.33", "2017-02-28": "29.82", "2016-11-30": "35.66", "2016-08-31": "40.71", "2016-05-31": "41.50", "2016-02-29": "34.72", "2015-11-30": "41.18", "2015-08-31": "37.46", "2015-05-31": "34.72", "2015-02-28": "34.40", "2014-11-30": "32.26", "2014-08-31": "29.88", "2014-05-31": "32.06", "2014-02-28": "38.84", "2013-11-30": "29.72", "2013-08-31": "28.28", "2013-05-31": "27.10", "2013-02-28": "24.01", "2012-11-30": "24.24", "2012-08-31": "22.69", "2012-05-31": "19.16", "2012-02-29": "23.25", "2011-11-30": "18.82", "2011-08-31": "18.19", "2011-05-31": "25.84", "2011-02-28": "25.49", "2010-11-30": "27.79", "2010-08-31": "20.27", "2010-05-31": "20.76", "2010-02-28": "19.11", "2009-11-30": "14.49", "2009-08-31": "14.71", "2009-05-31": "10.62", "2009-02-28": "7.44", "2008-11-30": "7.48", "2008-08-31": "11.21", "2008-05-31": "13.16", "2008-02-29": "11.31", "2007-11-30": "10.84", "2007-08-31": "14.17", "2007-05-31": "17.53", "2007-02-28": "17.34", "2006-11-30": "17.87"}, "price sales": {"2021-02-05": "1.45", "2020-11-30": "1.42", "2020-08-31": "1.30", "2020-05-31": "1.01", "2020-02-29": "1.15", "2019-11-30": "1.44", "2019-08-31": "1.35", "2019-05-31": "1.30", "2019-02-28": "1.37", "2018-11-30": "1.39", "2018-08-31": "1.69", "2018-05-31": "1.37", "2018-02-28": "1.70", "2017-11-30": "2.09", "2017-08-31": "2.17", "2017-05-31": "2.02", "2017-02-28": "2.66", "2016-11-30": "3.18", "2016-08-31": "3.59", "2016-05-31": "3.55", "2016-02-29": "3.03", "2015-11-30": "3.52", "2015-08-31": "3.06", "2015-05-31": "2.86", "2015-02-28": "2.64", "2014-11-30": "2.36", "2014-08-31": "2.18", "2014-05-31": "2.28", "2014-02-28": "2.62", "2013-11-30": "1.95", "2013-08-31": "1.69", "2013-05-31": "1.52", "2013-02-28": "1.41", "2012-11-30": "1.39", "2012-08-31": "1.34", "2012-05-31": "1.15", "2012-02-29": "1.34", "2011-11-30": "1.11", "2011-08-31": "1.05", "2011-05-31": "1.44", "2011-02-28": "1.37", "2010-11-30": "1.33", "2010-08-31": "0.98", "2010-05-31": "1.04", "2010-02-28": "0.98", "2009-11-30": "0.79", "2009-08-31": "0.75", "2009-05-31": "0.59", "2009-02-28": "0.46", "2008-11-30": "0.52", "2008-08-31": "0.82", "2008-05-31": "1.01", "2008-02-29": "0.86", "2007-11-30": "0.79", "2007-08-31": "1.06", "2007-05-31": "1.56", "2007-02-28": "1.35", "2006-11-30": "1.22"}, "price book": {"current": "2.30", "2021-02-05": "2.27", "2020-11-30": "2.23", "2020-08-31": "1.99", "2020-05-31": "1.62", "2020-02-29": "1.98", "2019-11-30": "2.58", "2019-08-31": "2.56", "2019-05-31": "2.58", "2019-02-28": "2.84", "2018-11-30": "2.93", "2018-08-31": "3.52", "2018-05-31": "2.92", "2018-02-28": "3.50", "2017-11-30": "4.11", "2017-08-31": "4.38", "2017-05-31": "4.37", "2017-02-28": "5.05", "2016-11-30": "6.26", "2016-08-31": "7.12", "2016-05-31": "6.98", "2016-02-29": "5.99", "2015-11-30": "6.87", "2015-08-31": "6.08", "2015-05-31": "5.68", "2015-02-28": "5.35", "2014-11-30": "4.81", "2014-08-31": "4.46", "2014-05-31": "4.67", "2014-02-28": "5.46", "2013-11-30": "4.10", "2013-08-31": "3.56", "2013-05-31": "3.35", "2013-02-28": "3.13", "2012-11-30": "3.12", "2012-08-31": "3.10", "2012-05-31": "2.68", "2012-02-29": "3.14", "2011-11-30": "2.61", "2011-08-31": "2.41", "2011-05-31": "3.18", "2011-02-28": "3.06", "2010-11-30": "3.00", "2010-08-31": "2.22", "2010-05-31": "2.33", "2010-02-28": "2.25", "2009-11-30": "1.86", "2009-08-31": "1.89", "2009-05-31": "1.63", "2009-02-28": "1.47", "2008-11-30": "1.76", "2008-08-31": "2.79", "2008-05-31": "3.50", "2008-02-29": "3.13", "2007-11-30": "2.82", "2007-08-31": "3.07", "2007-05-31": "3.74", "2007-02-28": "3.67", "2006-11-30": "3.63", "2006-08-31": "3.04", "2006-05-31": "2.98", "2006-02-28": "2.90"}, "price fcf": {"2021-02-05": "", "2020-11-30": "$11.37", "2020-08-31": "$11.37", "2020-05-31": "$12.83", "2020-02-29": "$11.76", "2019-11-30": "$11.14", "2019-08-31": "$11.10", "2019-05-31": "$7.74", "2019-02-28": "$7.86", "2018-11-30": "$7.37", "2018-08-31": "$7.51", "2018-05-31": "$9.53", "2018-02-28": "$8.77", "2017-11-30": "$8.47", "2017-08-31": "$6.35", "2017-05-31": "$6.21", "2017-02-28": "$6.57", "2016-11-30": "$7.25", "2016-08-31": "$7.00", "2016-05-31": "$6.91", "2016-02-29": "$6.05", "2015-11-30": "$5.42", "2015-08-31": "$5.38", "2015-05-31": "$4.88", "2015-02-28": "$4.77", "2014-11-30": "$4.44", "2014-08-31": "$4.62", "2014-05-31": "$3.74", "2014-02-28": "$3.83", "2013-11-30": "$3.78", "2013-08-31": "$2.34", "2013-05-31": "$2.39", "2013-02-28": "$2.17", "2012-11-30": "$2.19", "2012-08-31": "$3.36", "2012-05-31": "$3.73", "2012-02-29": "$3.53", "2011-11-30": "$3.84", "2011-08-31": "$3.25", "2011-05-31": "$2.86", "2011-02-28": "$2.72", "2010-11-30": "$2.32", "2010-08-31": "$3.21", "2010-05-31": "$3.30", "2010-02-28": "$2.98", "2009-11-30": "$2.89", "2009-08-31": "$1.72", "2009-05-31": "$2.83", "2009-02-28": "$3.32", "2008-11-30": "$3.92", "2008-08-31": "$4.69", "2008-05-31": "$4.14", "2008-02-29": "$3.90", "2007-11-30": "$3.72", "2007-08-31": "$4.07", "2007-05-31": "$3.29", "2007-02-28": "$3.27", "2006-11-30": "$3.15"}, "net worth": {"value": "$4.36B"}, "current ratio": {"2020-11-30": "2.31", "2020-08-31": "2.33", "2020-05-31": "2.40", "2020-02-29": "2.29", "2019-11-30": "2.11", "2019-08-31": "2.42", "2019-05-31": "2.19", "2019-02-28": "2.11", "2018-11-30": "1.92", "2018-08-31": "1.77", "2018-05-31": "1.65", "2018-02-28": "2.15", "2017-11-30": "2.23", "2017-08-31": "2.07", "2017-05-31": "2.01", "2017-02-28": "2.49", "2016-11-30": "2.22", "2016-08-31": "1.97", "2016-05-31": "1.98", "2016-02-29": "1.94", "2015-11-30": "2.45", "2015-08-31": "2.71", "2015-05-31": "2.76", "2015-02-28": "2.88", "2014-11-30": "2.70", "2014-08-31": "2.52", "2014-05-31": "2.62", "2014-02-28": "2.70", "2013-11-30": "2.47", "2013-08-31": "2.37", "2013-05-31": "2.34", "2013-02-28": "2.51", "2012-11-30": "2.41", "2012-08-31": "2.14", "2012-05-31": "2.13", "2012-02-29": "2.20", "2011-11-30": "2.01", "2011-08-31": "1.90", "2011-05-31": "2.00", "2011-02-28": "2.03", "2010-11-30": "2.02", "2010-08-31": "1.95", "2010-05-31": "2.17", "2010-02-28": "2.20", "2009-11-30": "0.94", "2009-08-31": "0.89", "2009-05-31": "1.37", "2009-02-28": "1.83", "2008-11-30": "1.51", "2008-08-31": "1.46", "2008-05-31": "1.42", "2008-02-29": "1.36", "2007-11-30": "1.96", "2007-08-31": "1.84", "2007-05-31": "1.97", "2007-02-28": "1.98", "2006-11-30": "1.88", "2006-08-31": "1.72", "2006-05-31": "1.84", "2006-02-28": "1.99", "2005-11-30": "1.93", "2005-08-31": "1.80", "2005-05-31": "1.81", "2005-02-28": "1.79"}, "quick ratio": {"2020-11-30": "1.77", "2020-08-31": "1.81", "2020-05-31": "1.78", "2020-02-29": "1.68", "2019-11-30": "1.49", "2019-08-31": "1.85", "2019-05-31": "1.57", "2019-02-28": "1.40", "2018-11-30": "1.28", "2018-08-31": "1.17", "2018-05-31": "1.04", "2018-02-28": "1.51", "2017-11-30": "1.65", "2017-08-31": "1.53", "2017-05-31": "1.38", "2017-02-28": "1.85", "2016-11-30": "1.68", "2016-08-31": "1.53", "2016-05-31": "1.48", "2016-02-29": "1.40", "2015-11-30": "1.98", "2015-08-31": "2.28", "2015-05-31": "2.24", "2015-02-28": "2.33", "2014-11-30": "2.23", "2014-08-31": "2.07", "2014-05-31": "2.10", "2014-02-28": "2.08", "2013-11-30": "1.95", "2013-08-31": "1.84", "2013-05-31": "1.78", "2013-02-28": "1.89", "2012-11-30": "1.80", "2012-08-31": "1.60", "2012-05-31": "1.62", "2012-02-29": "1.66", "2011-11-30": "1.50", "2011-08-31": "1.40", "2011-05-31": "1.43", "2011-02-28": "1.42", "2010-11-30": "1.45", "2010-08-31": "1.49", "2010-05-31": "1.66", "2010-02-28": "1.63", "2009-11-30": "0.63", "2009-08-31": "0.59", "2009-05-31": "0.89", "2009-02-28": "1.23", "2008-11-30": "1.18", "2008-08-31": "1.18", "2008-05-31": "1.12", "2008-02-29": "1.06", "2007-11-30": "1.54", "2007-08-31": "1.53", "2007-05-31": "1.48", "2007-02-28": "1.42", "2006-11-30": "1.33", "2006-08-31": "1.24", "2006-05-31": "1.28", "2006-02-28": "1.36", "2005-11-30": "1.32", "2005-08-31": "1.26", "2005-05-31": "1.21", "2005-02-28": "1.16"}, "debt equity ratio": {"current": "0.26", "2020-11-30": "0.75", "2020-08-31": "0.64", "2020-05-31": "0.64", "2020-02-29": "0.66", "2019-11-30": "0.66", "2019-08-31": "0.65", "2019-05-31": "0.66", "2019-02-28": "0.66", "2018-11-30": "0.72", "2018-08-31": "0.74", "2018-05-31": "0.80", "2018-02-28": "0.68", "2017-11-30": "0.72", "2017-08-31": "0.74", "2017-05-31": "0.78", "2017-02-28": "0.66", "2016-11-30": "0.71", "2016-08-31": "0.78", "2016-05-31": "0.75", "2016-02-29": "0.75", "2015-11-30": "0.75", "2015-08-31": "0.77", "2015-05-31": "0.77", "2015-02-28": "0.77", "2014-11-30": "0.82", "2014-08-31": "0.86", "2014-05-31": "0.82", "2014-02-28": "0.83", "2013-11-30": "0.89", "2013-08-31": "0.92", "2013-05-31": "0.98", "2013-02-28": "0.96", "2012-11-30": "1.00", "2012-08-31": "1.08", "2012-05-31": "1.02", "2012-02-29": "1.01", "2011-11-30": "1.08", "2011-08-31": "1.11", "2011-05-31": "1.04", "2011-02-28": "1.06", "2010-11-30": "1.11", "2010-08-31": "1.17", "2010-05-31": "1.05", "2010-02-28": "1.05", "2009-11-30": "0.90", "2009-08-31": "0.92", "2009-05-31": "1.01", "2009-02-28": "1.01", "2008-11-30": "1.39", "2008-08-31": "1.45", "2008-05-31": "1.42", "2008-02-29": "1.49", "2007-11-30": "1.56", "2007-08-31": "1.41", "2007-05-31": "1.40", "2007-02-28": "1.43", "2006-11-30": "1.53", "2006-08-31": "1.66", "2006-05-31": "1.69", "2006-02-28": "1.56", "2005-11-30": "1.57", "2005-08-31": "1.66", "2005-05-31": "1.70", "2005-02-28": "1.73"}, "return on equity": {"2020-11-30": "12.23%", "2020-08-31": "12.02%", "2020-05-31": "13.42%", "2020-02-29": "15.21%", "2019-11-30": "16.17%", "2019-08-31": "17.94%", "2019-05-31": "19.12%", "2019-02-28": "19.04%", "2018-11-30": "21.36%", "2018-08-31": "20.96%", "2018-05-31": "20.10%", "2018-02-28": "20.84%", "2017-11-30": "18.54%", "2017-08-31": "19.12%", "2017-05-31": "18.66%", "2017-02-28": "18.05%", "2016-11-30": "18.85%", "2016-08-31": "18.85%", "2016-05-31": "18.31%", "2016-02-29": "18.49%", "2015-11-30": "17.83%", "2015-08-31": "17.29%", "2015-05-31": "17.41%", "2015-02-28": "16.41%", "2014-11-30": "15.90%", "2014-08-31": "15.88%", "2014-05-31": "15.57%", "2014-02-28": "15.06%", "2013-11-30": "14.86%", "2013-08-31": "13.61%", "2013-05-31": "12.98%", "2013-02-28": "13.61%", "2012-11-30": "13.40%", "2012-08-31": "14.19%", "2012-05-31": "14.54%", "2012-02-29": "13.95%", "2011-11-30": "14.30%", "2011-08-31": "13.83%", "2011-05-31": "13.04%", "2011-02-28": "12.49%", "2010-11-30": "11.01%", "2010-08-31": "10.98%", "2010-05-31": "11.65%", "2010-02-28": "12.04%", "2009-11-30": "13.51%", "2009-08-31": "13.54%", "2009-05-31": "16.27%", "2009-02-28": "20.25%", "2008-11-30": "24.32%", "2008-08-31": "26.98%", "2008-05-31": "27.42%", "2008-02-29": "26.22%", "2007-11-30": "23.88%", "2007-08-31": "24.02%", "2007-05-31": "23.64%", "2007-02-28": "23.04%", "2006-11-30": "21.92%", "2006-08-31": "19.75%", "2006-05-31": "17.35%", "2006-02-28": "15.78%", "2005-11-30": "11.78%"}, "return on assets": {"2020-11-30": "7.32%", "2020-08-31": "7.27%", "2020-05-31": "8.11%", "2020-02-29": "9.17%", "2019-11-30": "9.75%", "2019-08-31": "10.73%", "2019-05-31": "11.29%", "2019-02-28": "11.01%", "2018-11-30": "12.31%", "2018-08-31": "12.09%", "2018-05-31": "11.59%", "2018-02-28": "12.06%", "2017-11-30": "10.77%", "2017-08-31": "11.11%", "2017-05-31": "10.79%", "2017-02-28": "10.47%", "2016-11-30": "10.78%", "2016-08-31": "10.72%", "2016-05-31": "10.43%", "2016-02-29": "10.51%", "2015-11-30": "10.11%", "2015-08-31": "9.70%", "2015-05-31": "9.64%", "2015-02-28": "9.03%", "2014-11-30": "8.67%", "2014-08-31": "8.58%", "2014-05-31": "8.36%", "2014-02-28": "7.92%", "2013-11-30": "7.69%", "2013-08-31": "6.94%", "2013-05-31": "6.48%", "2013-02-28": "6.76%", "2012-11-30": "6.60%", "2012-08-31": "6.92%", "2012-05-31": "7.07%", "2012-02-29": "6.77%", "2011-11-30": "6.90%", "2011-08-31": "6.66%", "2011-05-31": "6.24%", "2011-02-28": "5.97%", "2010-11-30": "5.26%", "2010-08-31": "5.38%", "2010-05-31": "5.88%", "2010-02-28": "6.12%", "2009-11-30": "6.90%", "2009-08-31": "6.53%", "2009-05-31": "7.38%", "2009-02-28": "8.75%", "2008-11-30": "9.98%", "2008-08-31": "10.89%", "2008-05-31": "11.12%", "2008-02-29": "10.66%", "2007-11-30": "9.77%", "2007-08-31": "9.85%", "2007-05-31": "9.46%", "2007-02-28": "8.96%", "2006-11-30": "8.40%", "2006-08-31": "7.54%", "2006-05-31": "6.63%", "2006-02-28": "6.02%", "2005-11-30": "4.43%"}, "return on investments": {"2020-11-30": "14.45%", "2020-08-31": "14.51%", "2020-05-31": "15.89%", "2020-02-29": "17.91%", "2019-11-30": "19.15%", "2019-08-31": "21.10%", "2019-05-31": "22.23%", "2019-02-28": "22.34%", "2018-11-30": "22.49%", "2018-08-31": "22.75%", "2018-05-31": "23.74%", "2018-02-28": "25.18%", "2017-11-30": "25.55%", "2017-08-31": "25.88%", "2017-05-31": "24.63%", "2017-02-28": "23.94%", "2016-11-30": "24.84%", "2016-08-31": "25.03%", "2016-05-31": "24.81%", "2016-02-29": "24.53%", "2015-11-30": "23.75%", "2015-08-31": "23.03%", "2015-05-31": "22.42%", "2015-02-28": "21.42%", "2014-11-30": "20.63%", "2014-08-31": "20.55%", "2014-05-31": "20.24%", "2014-02-28": "19.31%", "2013-11-30": "19.01%", "2013-08-31": "17.38%", "2013-05-31": "16.56%", "2013-02-28": "17.49%", "2012-11-30": "17.34%", "2012-08-31": "17.97%", "2012-05-31": "17.84%", "2012-02-29": "17.38%", "2011-11-30": "17.39%", "2011-08-31": "17.11%", "2011-05-31": "16.62%", "2011-02-28": "15.83%", "2010-11-30": "15.17%", "2010-08-31": "16.27%", "2010-05-31": "18.13%", "2010-02-28": "19.50%", "2009-11-30": "21.33%", "2009-08-31": "19.78%", "2009-05-31": "22.24%", "2009-02-28": "26.92%", "2008-11-30": "31.59%", "2008-08-31": "33.07%", "2008-05-31": "30.12%", "2008-02-29": "26.83%", "2007-11-30": "23.08%", "2007-08-31": "22.73%", "2007-05-31": "19.06%", "2007-02-28": "18.78%", "2006-11-30": "17.94%", "2006-08-31": "16.64%", "2006-05-31": "18.40%", "2006-02-28": "17.02%", "2005-11-30": "13.47%"}, "return on tangible equity": {"2020-11-30": "70.46%", "2020-08-31": "70.11%", "2020-05-31": "74.02%", "2020-02-29": "78.89%", "2019-11-30": "80.00%", "2019-08-31": "83.54%", "2019-05-31": "101.94%", "2019-02-28": "128.36%", "2018-11-30": "151.69%", "2018-08-31": "134.74%", "2018-05-31": "120.33%", "2018-02-28": "115.83%", "2017-11-30": "91.09%", "2017-08-31": "92.33%", "2017-05-31": "89.08%", "2017-02-28": "83.84%", "2016-11-30": "105.90%", "2016-08-31": "102.02%", "2016-05-31": "77.86%", "2016-02-29": "62.60%", "2015-11-30": "48.75%", "2015-08-31": "45.03%", "2015-05-31": "48.81%", "2015-02-28": "50.03%", "2014-11-30": "53.26%", "2014-08-31": "59.32%", "2014-05-31": "66.13%", "2014-02-28": "77.35%", "2013-11-30": "91.81%", "2013-08-31": "104.60%", "2013-05-31": "131.79%", "2013-02-28": "171.22%", "2012-11-30": "267.47%", "2012-08-31": "814.29%", "2012-05-31": "-1628.57%", "2012-02-29": "-626.09%", "2011-11-30": "-403.70%", "2011-08-31": "-424.49%", "2011-05-31": "-462.65%", "2011-02-28": "-765.96%", "2010-11-30": "-6240.00%", "2010-08-31": "2800.00%", "2010-05-31": "3600.00%", "2010-02-28": "-585.71%", "2009-11-30": "1852.63%", "2009-08-31": "275.41%", "2009-05-31": "156.45%", "2009-02-28": "124.06%", "2008-11-30": "157.23%", "2008-08-31": "200.00%", "2008-05-31": "160.61%", "2008-02-29": "129.98%", "2007-11-30": "105.45%", "2007-08-31": "99.66%", "2007-05-31": "117.20%", "2007-02-28": "143.82%", "2006-11-30": "156.58%", "2006-08-31": "143.62%", "2006-05-31": "127.03%", "2006-02-28": "120.14%", "2005-11-30": "107.36%"}, "dividend yield history": {"last payout": "$0.52", "last yield": "0.43%"}}