{"ticker": "ADNT", "price": {"title": "Adient Historical Annual Stock Price Data", "value": 36.93, "historical": {"2020": {"Average Stock Price": "20.2613", "Year Open": "22.1000", "Year High": "37.3500", "Year Low": "6.5300", "Year Close": "34.7700", "Annual % Change": "63.62%"}, "2019": {"Average Stock Price": "20.8049", "Year Open": "15.6500", "Year High": "25.9100", "Year Low": "12.5700", "Year Close": "21.2500", "Annual % Change": "41.10%"}, "2018": {"Average Stock Price": "48.4783", "Year Open": "79.2900", "Year High": "83.8700", "Year Low": "15.0600", "Year Close": "15.0600", "Annual % Change": "-80.86%"}, "2017": {"Average Stock Price": "71.3418", "Year Open": "57.7300", "Year High": "85.9300", "Year Low": "55.8800", "Year Close": "78.7000", "Annual % Change": "34.30%"}, "2016": {"Average Stock Price": "52.7937", "Year Open": "45.5100", "Year High": "58.6000", "Year Low": "44.2000", "Year Close": "58.6000", "Annual % Change": "0.00%"}}}, "market cap": {"value": "$3.48B"}, "income statement": {"Revenue": {"2020-09-30": "12670.00000", "2019-09-30": "16526.00000", "2018-09-30": "17439.00000", "2017-09-30": "16213.00000", "2016-09-30": "16790.00000", "2015-09-30": "20071.00000", "2014-09-30": "22041.00000"}, "Cost Of Goods Sold": {"2020-09-30": "12078.00000", "2019-09-30": "15725.00000", "2018-09-30": "16535.00000", "2017-09-30": "14805.00000", "2016-09-30": "15181.00000", "2015-09-30": "18219.00000", "2014-09-30": "20088.00000"}, "Gross Profit": {"2020-09-30": "592.00000", "2019-09-30": "801.00000", "2018-09-30": "904.00000", "2017-09-30": "1408.00000", "2016-09-30": "1609.00000", "2015-09-30": "1852.00000", "2014-09-30": "1953.00000"}, "Research And Development Expenses": {"2020-09-30": "", "2019-09-30": "", "2018-09-30": "", "2017-09-30": "", "2016-09-30": "", "2015-09-30": "", "2014-09-30": ""}, "SG&A Expenses": {"2020-09-30": "558.00000", "2019-09-30": "671.00000", "2018-09-30": "730.00000", "2017-09-30": "691.00000", "2016-09-30": "1222.00000", "2015-09-30": "1131.00000", "2014-09-30": "1308.00000"}, "Other Operating Income Or Expenses": {"2020-09-30": "", "2019-09-30": "", "2018-09-30": "", "2017-09-30": "", "2016-09-30": "", "2015-09-30": "", "2014-09-30": ""}, "Operating Expenses": {"2020-09-30": "12636.00000", "2019-09-30": "16396.00000", "2018-09-30": "17265.00000", "2017-09-30": "15496.00000", "2016-09-30": "16403.00000", "2015-09-30": "19350.00000", "2014-09-30": "21396.00000"}, "Operating Income": {"2020-09-30": "34.00000", "2019-09-30": "130.00000", "2018-09-30": "174.00000", "2017-09-30": "717.00000", "2016-09-30": "387.00000", "2015-09-30": "721.00000", "2014-09-30": "645.00000"}, "Total Non-Operating Income/Expense": {"2020-09-30": "-463.00000", "2019-09-30": "-128.00000", "2018-09-30": "-1295.00000", "2017-09-30": "344.00000", "2016-09-30": "-10.00000", "2015-09-30": "238.00000", "2014-09-30": "25.00000"}, "Pre-Tax Income": {"2020-09-30": "-429.00000", "2019-09-30": "2.00000", "2018-09-30": "-1121.00000", "2017-09-30": "1061.00000", "2016-09-30": "377.00000", "2015-09-30": "959.00000", "2014-09-30": "670.00000"}, "Income Taxes": {"2020-09-30": "57.00000", "2019-09-30": "410.00000", "2018-09-30": "480.00000", "2017-09-30": "99.00000", "2016-09-30": "1839.00000", "2015-09-30": "418.00000", "2014-09-30": "296.00000"}, "Income After Taxes": {"2020-09-30": "-486.00000", "2019-09-30": "-408.00000", "2018-09-30": "-1601.00000", "2017-09-30": "962.00000", "2016-09-30": "-1462.00000", "2015-09-30": "541.00000", "2014-09-30": "374.00000"}, "Other Income": {"2020-09-30": "", "2019-09-30": "", "2018-09-30": "", "2017-09-30": "", "2016-09-30": "", "2015-09-30": "", "2014-09-30": ""}, "Income From Continuous Operations": {"2020-09-30": "-486.00000", "2019-09-30": "-408.00000", "2018-09-30": "-1601.00000", "2017-09-30": "962.00000", "2016-09-30": "-1462.00000", "2015-09-30": "541.00000", "2014-09-30": "374.00000"}, "Income From Discontinued Operations": {"2020-09-30": "", "2019-09-30": "", "2018-09-30": "", "2017-09-30": "", "2016-09-30": "", "2015-09-30": "", "2014-09-30": ""}, "Net Income": {"2020-09-30": "-547.00000", "2019-09-30": "-491.00000", "2018-09-30": "-1685.00000", "2017-09-30": "877.00000", "2016-09-30": "-1546.00000", "2015-09-30": "475.00000", "2014-09-30": "307.00000"}, "EBITDA": {"2020-09-30": "366.00000", "2019-09-30": "448.00000", "2018-09-30": "621.00000", "2017-09-30": "1075.00000", "2016-09-30": "731.00000", "2015-09-30": "1068.00000", "2014-09-30": "1082.00000"}, "EBIT": {"2020-09-30": "34.00000", "2019-09-30": "130.00000", "2018-09-30": "174.00000", "2017-09-30": "717.00000", "2016-09-30": "387.00000", "2015-09-30": "721.00000", "2014-09-30": "645.00000"}, "Basic Shares Outstanding": {"2020-09-30": "93.80000", "2019-09-30": "93.60000", "2018-09-30": "93.30000", "2017-09-30": "93.50000", "2016-09-30": "93.70000", "2015-09-30": "93.70000", "2014-09-30": "93.70000"}, "Shares Outstanding": {"2020-09-30": "93.80000", "2019-09-30": "93.60000", "2018-09-30": "93.30000", "2017-09-30": "93.90000", "2016-09-30": "93.70000", "2015-09-30": "93.80000", "2014-09-30": "93.80000"}, "Basic EPS": {"2020-09-30": "-5.83000", "2019-09-30": "-5.25000", "2018-09-30": "-18.06000", "2017-09-30": "9.38000", "2016-09-30": "-16.50000", "2015-09-30": "5.07000", "2014-09-30": "3.28000"}, "EPS - Earnings Per Share": {"2020-09-30": "-5.83000", "2019-09-30": "-5.25000", "2018-09-30": "-18.06000", "2017-09-30": "9.34000", "2016-09-30": "-16.50000", "2015-09-30": "5.06000", "2014-09-30": "3.27000"}}, "income statement, quarterly": {"Revenue": {"2020-12-31": "3848.00000", "2020-09-30": "3597.00000", "2020-06-30": "1626.00000", "2020-03-31": "3511.00000", "2019-12-31": "3936.00000", "2019-09-30": "3921.00000", "2019-06-30": "4219.00000", "2019-03-31": "4228.00000", "2018-12-31": "4158.00000", "2018-09-30": "4145.00000", "2018-06-30": "4494.00000", "2018-03-31": "4596.00000", "2017-12-31": "4204.00000", "2017-09-30": "3979.00000", "2017-06-30": "4007.00000", "2017-03-31": "4201.00000", "2016-12-31": "4026.00000", "2016-09-30": "3897.00000", "2016-06-30": "4362.00000", "2016-03-31": "4298.00000", "2015-12-31": "4233.00000", "2015-09-30": "", "2014-09-30": ""}, "Cost Of Goods Sold": {"2020-12-31": "3507.00000", "2020-09-30": "3352.00000", "2020-06-30": "1779.00000", "2020-03-31": "3274.00000", "2019-12-31": "3673.00000", "2019-09-30": "3708.00000", "2019-06-30": "4008.00000", "2019-03-31": "4031.00000", "2018-12-31": "3978.00000", "2018-09-30": "3969.00000", "2018-06-30": "4249.00000", "2018-03-31": "4314.00000", "2017-12-31": "4003.00000", "2017-09-30": "3671.00000", "2017-06-30": "3636.00000", "2017-03-31": "3822.00000", "2016-12-31": "3676.00000", "2016-09-30": "3532.00000", "2016-06-30": "3916.00000", "2016-03-31": "3868.00000", "2015-12-31": "3865.00000", "2015-09-30": "", "2014-09-30": ""}, "Gross Profit": {"2020-12-31": "341.00000", "2020-09-30": "245.00000", "2020-06-30": "-153.00000", "2020-03-31": "237.00000", "2019-12-31": "263.00000", "2019-09-30": "213.00000", "2019-06-30": "211.00000", "2019-03-31": "197.00000", "2018-12-31": "180.00000", "2018-09-30": "176.00000", "2018-06-30": "245.00000", "2018-03-31": "282.00000", "2017-12-31": "201.00000", "2017-09-30": "308.00000", "2017-06-30": "371.00000", "2017-03-31": "379.00000", "2016-12-31": "350.00000", "2016-09-30": "365.00000", "2016-06-30": "446.00000", "2016-03-31": "430.00000", "2015-12-31": "368.00000", "2015-09-30": "", "2014-09-30": ""}, "Research And Development Expenses": {"2020-12-31": "", "2020-09-30": "", "2020-06-30": "", "2020-03-31": "", "2019-12-31": "", "2019-09-30": "", "2019-06-30": "", "2019-03-31": "", "2018-12-31": "", "2018-09-30": "", "2018-06-30": "", "2018-03-31": "", "2017-12-31": "", "2017-09-30": "", "2017-06-30": "", "2017-03-31": "", "2016-12-31": "", "2016-09-30": "", "2016-06-30": "", "2016-03-31": "", "2015-12-31": "", "2015-09-30": "", "2014-09-30": ""}, "SG&A Expenses": {"2020-12-31": "149.00000", "2020-09-30": "151.00000", "2020-06-30": "115.00000", "2020-03-31": "127.00000", "2019-12-31": "165.00000", "2019-09-30": "160.00000", "2019-06-30": "165.00000", "2019-03-31": "168.00000", "2018-12-31": "178.00000", "2018-09-30": "155.00000", "2018-06-30": "186.00000", "2018-03-31": "193.00000", "2017-12-31": "196.00000", "2017-09-30": "127.00000", "2017-06-30": "169.00000", "2017-03-31": "178.00000", "2016-12-31": "217.00000", "2016-09-30": "402.00000", "2016-06-30": "315.00000", "2016-03-31": "252.00000", "2015-12-31": "253.00000", "2015-09-30": "", "2014-09-30": ""}, "Other Operating Income Or Expenses": {"2020-12-31": "", "2020-09-30": "", "2020-06-30": "", "2020-03-31": "", "2019-12-31": "", "2019-09-30": "", "2019-06-30": "", "2019-03-31": "", "2018-12-31": "", "2018-09-30": "", "2018-06-30": "", "2018-03-31": "", "2017-12-31": "", "2017-09-30": "", "2017-06-30": "", "2017-03-31": "", "2016-12-31": "", "2016-09-30": "", "2016-06-30": "", "2016-03-31": "", "2015-12-31": "", "2015-09-30": "", "2014-09-30": ""}, "Operating Expenses": {"2020-12-31": "3656.00000", "2020-09-30": "3503.00000", "2020-06-30": "1894.00000", "2020-03-31": "3401.00000", "2019-12-31": "3838.00000", "2019-09-30": "3868.00000", "2019-06-30": "4173.00000", "2019-03-31": "4199.00000", "2018-12-31": "4156.00000", "2018-09-30": "4124.00000", "2018-06-30": "4435.00000", "2018-03-31": "4507.00000", "2017-12-31": "4199.00000", "2017-09-30": "3798.00000", "2017-06-30": "3805.00000", "2017-03-31": "4000.00000", "2016-12-31": "3893.00000", "2016-09-30": "3934.00000", "2016-06-30": "4231.00000", "2016-03-31": "4120.00000", "2015-12-31": "4118.00000", "2015-09-30": "", "2014-09-30": ""}, "Operating Income": {"2020-12-31": "192.00000", "2020-09-30": "94.00000", "2020-06-30": "-268.00000", "2020-03-31": "110.00000", "2019-12-31": "98.00000", "2019-09-30": "53.00000", "2019-06-30": "46.00000", "2019-03-31": "29.00000", "2018-12-31": "2.00000", "2018-09-30": "21.00000", "2018-06-30": "59.00000", "2018-03-31": "89.00000", "2017-12-31": "5.00000", "2017-09-30": "181.00000", "2017-06-30": "202.00000", "2017-03-31": "201.00000", "2016-12-31": "133.00000", "2016-09-30": "-37.00000", "2016-06-30": "131.00000", "2016-03-31": "178.00000", "2015-12-31": "115.00000", "2015-09-30": "", "2014-09-30": ""}, "Total Non-Operating Income/Expense": {"2020-12-31": "33.00000", "2020-09-30": "-127.00000", "2020-06-30": "-58.00000", "2020-03-31": "-92.00000", "2019-12-31": "-186.00000", "2019-09-30": "-40.00000", "2019-06-30": "-16.00000", "2019-03-31": "-91.00000", "2018-12-31": "19.00000", "2018-09-30": "-1100.00000", "2018-06-30": "1.00000", "2018-03-31": "-260.00000", "2017-12-31": "64.00000", "2017-09-30": "175.00000", "2017-06-30": "60.00000", "2017-03-31": "50.00000", "2016-12-31": "59.00000", "2016-09-30": "-18.00000", "2016-06-30": "12.00000", "2016-03-31": "-96.00000", "2015-12-31": "92.00000", "2015-09-30": "", "2014-09-30": ""}, "Pre-Tax Income": {"2020-12-31": "225.00000", "2020-09-30": "-33.00000", "2020-06-30": "-326.00000", "2020-03-31": "18.00000", "2019-12-31": "-88.00000", "2019-09-30": "13.00000", "2019-06-30": "30.00000", "2019-03-31": "-62.00000", "2018-12-31": "21.00000", "2018-09-30": "-1079.00000", "2018-06-30": "60.00000", "2018-03-31": "-171.00000", "2017-12-31": "69.00000", "2017-09-30": "356.00000", "2017-06-30": "262.00000", "2017-03-31": "251.00000", "2016-12-31": "192.00000", "2016-09-30": "-55.00000", "2016-06-30": "143.00000", "2016-03-31": "82.00000", "2015-12-31": "207.00000", "2015-09-30": "", "2014-09-30": ""}, "Income Taxes": {"2020-12-31": "52.00000", "2020-09-30": "-18.00000", "2020-06-30": "5.00000", "2020-03-31": "16.00000", "2019-12-31": "54.00000", "2019-09-30": "-2.00000", "2019-06-30": "338.00000", "2019-03-31": "64.00000", "2018-12-31": "10.00000", "2018-09-30": "256.00000", "2018-06-30": "-13.00000", "2018-03-31": "-28.00000", "2017-12-31": "265.00000", "2017-09-30": "-5.00000", "2017-06-30": "39.00000", "2017-03-31": "37.00000", "2016-12-31": "28.00000", "2016-09-30": "812.00000", "2016-06-30": "136.00000", "2016-03-31": "838.00000", "2015-12-31": "53.00000", "2015-09-30": "", "2014-09-30": ""}, "Income After Taxes": {"2020-12-31": "173.00000", "2020-09-30": "-15.00000", "2020-06-30": "-331.00000", "2020-03-31": "2.00000", "2019-12-31": "-142.00000", "2019-09-30": "15.00000", "2019-06-30": "-308.00000", "2019-03-31": "-126.00000", "2018-12-31": "11.00000", "2018-09-30": "-1335.00000", "2018-06-30": "73.00000", "2018-03-31": "-143.00000", "2017-12-31": "-196.00000", "2017-09-30": "361.00000", "2017-06-30": "223.00000", "2017-03-31": "214.00000", "2016-12-31": "164.00000", "2016-09-30": "-867.00000", "2016-06-30": "7.00000", "2016-03-31": "-756.00000", "2015-12-31": "154.00000", "2015-09-30": "", "2014-09-30": ""}, "Other Income": {"2020-12-31": "", "2020-09-30": "", "2020-06-30": "", "2020-03-31": "", "2019-12-31": "", "2019-09-30": "", "2019-06-30": "", "2019-03-31": "", "2018-12-31": "", "2018-09-30": "", "2018-06-30": "", "2018-03-31": "", "2017-12-31": "", "2017-09-30": "", "2017-06-30": "", "2017-03-31": "", "2016-12-31": "", "2016-09-30": "", "2016-06-30": "", "2016-03-31": "", "2015-12-31": "", "2015-09-30": "", "2014-09-30": ""}, "Income From Continuous Operations": {"2020-12-31": "173.00000", "2020-09-30": "-15.00000", "2020-06-30": "-331.00000", "2020-03-31": "2.00000", "2019-12-31": "-142.00000", "2019-09-30": "15.00000", "2019-06-30": "-308.00000", "2019-03-31": "-126.00000", "2018-12-31": "11.00000", "2018-09-30": "-1335.00000", "2018-06-30": "73.00000", "2018-03-31": "-143.00000", "2017-12-31": "-196.00000", "2017-09-30": "361.00000", "2017-06-30": "223.00000", "2017-03-31": "214.00000", "2016-12-31": "164.00000", "2016-09-30": "-867.00000", "2016-06-30": "7.00000", "2016-03-31": "-756.00000", "2015-12-31": "154.00000", "2015-09-30": "", "2014-09-30": ""}, "Income From Discontinued Operations": {"2020-12-31": "", "2020-09-30": "", "2020-06-30": "", "2020-03-31": "", "2019-12-31": "", "2019-09-30": "", "2019-06-30": "", "2019-03-31": "", "2018-12-31": "", "2018-09-30": "", "2018-06-30": "", "2018-03-31": "", "2017-12-31": "", "2017-09-30": "", "2017-06-30": "", "2017-03-31": "", "2016-12-31": "", "2016-09-30": "", "2016-06-30": "", "2016-03-31": "", "2015-12-31": "", "2015-09-30": "", "2014-09-30": ""}, "Net Income": {"2020-12-31": "150.00000", "2020-09-30": "-36.00000", "2020-06-30": "-325.00000", "2020-03-31": "-19.00000", "2019-12-31": "-167.00000", "2019-09-30": "-4.00000", "2019-06-30": "-321.00000", "2019-03-31": "-149.00000", "2018-12-31": "-17.00000", "2018-09-30": "-1355.00000", "2018-06-30": "54.00000", "2018-03-31": "-168.00000", "2017-12-31": "-216.00000", "2017-09-30": "344.00000", "2017-06-30": "201.00000", "2017-03-31": "190.00000", "2016-12-31": "142.00000", "2016-09-30": "-890.00000", "2016-06-30": "-14.00000", "2016-03-31": "-779.00000", "2015-12-31": "137.00000", "2015-09-30": "", "2014-09-30": ""}, "EBITDA": {"2020-12-31": "", "2020-09-30": "185.00000", "2020-06-30": "-193.00000", "2020-03-31": "192.00000", "2019-12-31": "182.00000", "2019-09-30": "135.00000", "2019-06-30": "125.00000", "2019-03-31": "111.00000", "2018-12-31": "77.00000", "2018-09-30": "132.00000", "2018-06-30": "174.00000", "2018-03-31": "202.00000", "2017-12-31": "113.00000", "2017-09-30": "278.00000", "2017-06-30": "290.00000", "2017-03-31": "286.00000", "2016-12-31": "221.00000", "2016-09-30": "54.00000", "2016-06-30": "212.00000", "2016-03-31": "264.00000", "2015-12-31": "201.00000", "2015-09-30": "", "2014-09-30": ""}, "EBIT": {"2020-12-31": "192.00000", "2020-09-30": "94.00000", "2020-06-30": "-268.00000", "2020-03-31": "110.00000", "2019-12-31": "98.00000", "2019-09-30": "53.00000", "2019-06-30": "46.00000", "2019-03-31": "29.00000", "2018-12-31": "2.00000", "2018-09-30": "21.00000", "2018-06-30": "59.00000", "2018-03-31": "89.00000", "2017-12-31": "5.00000", "2017-09-30": "181.00000", "2017-06-30": "202.00000", "2017-03-31": "201.00000", "2016-12-31": "133.00000", "2016-09-30": "-37.00000", "2016-06-30": "131.00000", "2016-03-31": "178.00000", "2015-12-31": "115.00000", "2015-09-30": "", "2014-09-30": ""}, "Basic Shares Outstanding": {"2020-12-31": "", "2020-09-30": "93.80000", "2020-06-30": "93.90000", "2020-03-31": "93.80000", "2019-12-31": "93.70000", "2019-09-30": "93.60000", "2019-06-30": "93.60000", "2019-03-31": "93.50000", "2018-12-31": "93.50000", "2018-09-30": "93.30000", "2018-06-30": "93.40000", "2018-03-31": "93.40000", "2017-12-31": "93.20000", "2017-09-30": "93.50000", "2017-06-30": "93.40000", "2017-03-31": "93.70000", "2016-12-31": "93.70000", "2016-09-30": "93.70000", "2016-06-30": "93.70000", "2016-03-31": "93.70000", "2015-12-31": "93.70000", "2015-09-30": "", "2014-09-30": ""}, "Shares Outstanding": {"2020-12-31": "94.80000", "2020-09-30": "93.80000", "2020-06-30": "93.90000", "2020-03-31": "93.80000", "2019-12-31": "93.70000", "2019-09-30": "93.60000", "2019-06-30": "93.60000", "2019-03-31": "93.50000", "2018-12-31": "93.50000", "2018-09-30": "93.30000", "2018-06-30": "93.70000", "2018-03-31": "93.40000", "2017-12-31": "93.20000", "2017-09-30": "93.90000", "2017-06-30": "93.90000", "2017-03-31": "94.10000", "2016-12-31": "93.90000", "2016-09-30": "93.70000", "2016-06-30": "93.70000", "2016-03-31": "93.70000", "2015-12-31": "93.80000", "2015-09-30": "", "2014-09-30": ""}, "Basic EPS": {"2020-12-31": "", "2020-09-30": "-0.39000", "2020-06-30": "-3.46000", "2020-03-31": "-0.20000", "2019-12-31": "-1.78000", "2019-09-30": "-0.05000", "2019-06-30": "-3.43000", "2019-03-31": "-1.59000", "2018-12-31": "-0.18000", "2018-09-30": "-14.52000", "2018-06-30": "0.58000", "2018-03-31": "-1.80000", "2017-12-31": "-2.32000", "2017-09-30": "3.68000", "2017-06-30": "2.15000", "2017-03-31": "2.03000", "2016-12-31": "1.52000", "2016-09-30": "-9.50000", "2016-06-30": "-0.15000", "2016-03-31": "-8.31000", "2015-12-31": "1.46000", "2015-09-30": "", "2014-09-30": ""}, "EPS - Earnings Per Share": {"2020-12-31": "1.58000", "2020-09-30": "-0.39000", "2020-06-30": "-3.46000", "2020-03-31": "-0.20000", "2019-12-31": "-1.78000", "2019-09-30": "-0.05000", "2019-06-30": "-3.43000", "2019-03-31": "-1.59000", "2018-12-31": "-0.18000", "2018-09-30": "-14.52000", "2018-06-30": "0.58000", "2018-03-31": "-1.80000", "2017-12-31": "-2.32000", "2017-09-30": "3.67000", "2017-06-30": "2.14000", "2017-03-31": "2.02000", "2016-12-31": "1.51000", "2016-09-30": "-9.50000", "2016-06-30": "-0.15000", "2016-03-31": "-8.31000", "2015-12-31": "1.46000", "2015-09-30": "0.00000", "2014-09-30": "0.00000"}}, "balance sheet": {"Cash On Hand": {"2020-09-30": "1692.00000", "2019-09-30": "924.00000", "2018-09-30": "687.00000", "2017-09-30": "709.00000", "2016-09-30": "2139.00000", "2015-09-30": "44.00000", "2014-09-30": ""}, "Receivables": {"2020-09-30": "1641.00000", "2019-09-30": "1905.00000", "2018-09-30": "2091.00000", "2017-09-30": "2224.00000", "2016-09-30": "2082.00000", "2015-09-30": "2134.00000", "2014-09-30": ""}, "Inventory": {"2020-09-30": "685.00000", "2019-09-30": "793.00000", "2018-09-30": "824.00000", "2017-09-30": "735.00000", "2016-09-30": "660.00000", "2015-09-30": "701.00000", "2014-09-30": ""}, "Pre-Paid Expenses": {"2020-09-30": "", "2019-09-30": "", "2018-09-30": "", "2017-09-30": "", "2016-09-30": "", "2015-09-30": "", "2014-09-30": ""}, "Other Current Assets": {"2020-09-30": "421.00000", "2019-09-30": "494.00000", "2018-09-30": "707.00000", "2017-09-30": "831.00000", "2016-09-30": "810.00000", "2015-09-30": "872.00000", "2014-09-30": ""}, "Total Current Assets": {"2020-09-30": "4482.00000", "2019-09-30": "4116.00000", "2018-09-30": "4309.00000", "2017-09-30": "4499.00000", "2016-09-30": "5691.00000", "2015-09-30": "3806.00000", "2014-09-30": ""}, "Property, Plant, And Equipment": {"2020-09-30": "1581.00000", "2019-09-30": "1671.00000", "2018-09-30": "1683.00000", "2017-09-30": "2502.00000", "2016-09-30": "2195.00000", "2015-09-30": "2139.00000", "2014-09-30": ""}, "Long-Term Investments": {"2020-09-30": "707.00000", "2019-09-30": "1399.00000", "2018-09-30": "1407.00000", "2017-09-30": "1793.00000", "2016-09-30": "1714.00000", "2015-09-30": "1646.00000", "2014-09-30": ""}, "Goodwill And Intangible Assets": {"2020-09-30": "2500.00000", "2019-09-30": "2555.00000", "2018-09-30": "2642.00000", "2017-09-30": "3058.00000", "2016-09-30": "2292.00000", "2015-09-30": "2289.00000", "2014-09-30": "0.00000"}, "Other Long-Term Assets": {"2020-09-30": "991.00000", "2019-09-30": "601.00000", "2018-09-30": "901.00000", "2017-09-30": "1318.00000", "2016-09-30": "1064.00000", "2015-09-30": "557.00000", "2014-09-30": ""}, "Total Long-Term Assets": {"2020-09-30": "5779.00000", "2019-09-30": "6226.00000", "2018-09-30": "6633.00000", "2017-09-30": "8671.00000", "2016-09-30": "7265.00000", "2015-09-30": "6631.00000", "2014-09-30": ""}, "Total Assets": {"2020-09-30": "10261.00000", "2019-09-30": "10342.00000", "2018-09-30": "10942.00000", "2017-09-30": "13170.00000", "2016-09-30": "12956.00000", "2015-09-30": "10437.00000", "2014-09-30": "0.00000"}, "Total Current Liabilities": {"2020-09-30": "3819.00000", "2019-09-30": "3835.00000", "2018-09-30": "4192.00000", "2017-09-30": "4328.00000", "2016-09-30": "4260.00000", "2015-09-30": "4011.00000", "2014-09-30": ""}, "Long Term Debt": {"2020-09-30": "4097.00000", "2019-09-30": "3708.00000", "2018-09-30": "3422.00000", "2017-09-30": "3440.00000", "2016-09-30": "3442.00000", "2015-09-30": "35.00000", "2014-09-30": ""}, "Other Non-Current Liabilities": {"2020-09-30": "622.00000", "2019-09-30": "408.00000", "2018-09-30": "440.00000", "2017-09-30": "653.00000", "2016-09-30": "725.00000", "2015-09-30": "475.00000", "2014-09-30": ""}, "Total Long Term Liabilities": {"2020-09-30": "4907.00000", "2019-09-30": "4318.00000", "2018-09-30": "4033.00000", "2017-09-30": "4250.00000", "2016-09-30": "4389.00000", "2015-09-30": "659.00000", "2014-09-30": ""}, "Total Liabilities": {"2020-09-30": "8726.00000", "2019-09-30": "8153.00000", "2018-09-30": "8225.00000", "2017-09-30": "8578.00000", "2016-09-30": "8649.00000", "2015-09-30": "4670.00000", "2014-09-30": "0.00000"}, "Common Stock Net": {"2020-09-30": "", "2019-09-30": "", "2018-09-30": "", "2017-09-30": "", "2016-09-30": "4452.00000", "2015-09-30": "5873.00000", "2014-09-30": "0.00000"}, "Retained Earnings (Accumulated Deficit)": {"2020-09-30": "-2096.00000", "2019-09-30": "-1545.00000", "2018-09-30": "-1028.00000", "2017-09-30": "734.00000", "2016-09-30": "", "2015-09-30": "", "2014-09-30": ""}, "Comprehensive Income": {"2020-09-30": "-665.00000", "2019-09-30": "-569.00000", "2018-09-30": "-531.00000", "2017-09-30": "-397.00000", "2016-09-30": "-276.00000", "2015-09-30": "-247.00000", "2014-09-30": ""}, "Other Share Holders Equity": {"2020-09-30": "", "2019-09-30": "", "2018-09-30": "", "2017-09-30": "", "2016-09-30": "", "2015-09-30": "", "2014-09-30": "0.00000"}, "Share Holder Equity": {"2020-09-30": "1535.00000", "2019-09-30": "2189.00000", "2018-09-30": "2717.00000", "2017-09-30": "4592.00000", "2016-09-30": "4307.00000", "2015-09-30": "5767.00000", "2014-09-30": "0.00000"}, "Total Liabilities And Share Holders Equity": {"2020-09-30": "10261.00000", "2019-09-30": "10342.00000", "2018-09-30": "10942.00000", "2017-09-30": "13170.00000", "2016-09-30": "12956.00000", "2015-09-30": "10437.00000", "2014-09-30": "0.00000"}}, "balance sheet, quarterly": {"Cash On Hand": {"2020-12-31": "1820.00000", "2020-09-30": "1692.00000", "2020-06-30": "1032.00000", "2020-03-31": "1640.00000", "2019-12-31": "965.00000", "2019-09-30": "924.00000", "2019-06-30": "1025.00000", "2019-03-31": "491.00000", "2018-12-31": "406.00000", "2018-09-30": "687.00000", "2018-06-30": "378.00000", "2018-03-31": "353.00000", "2017-12-31": "390.00000", "2017-09-30": "709.00000", "2017-06-30": "669.00000", "2017-03-31": "729.00000", "2016-12-31": "709.00000", "2016-09-30": "2139.00000", "2016-06-30": "", "2016-03-31": "", "2015-12-31": "", "2015-09-30": "44.00000", "2014-09-30": ""}, "Receivables": {"2020-12-31": "1432.00000", "2020-09-30": "1641.00000", "2020-06-30": "1161.00000", "2020-03-31": "1344.00000", "2019-12-31": "1522.00000", "2019-09-30": "1905.00000", "2019-06-30": "1853.00000", "2019-03-31": "1976.00000", "2018-12-31": "1766.00000", "2018-09-30": "2091.00000", "2018-06-30": "2234.00000", "2018-03-31": "2580.00000", "2017-12-31": "2074.00000", "2017-09-30": "2224.00000", "2017-06-30": "2015.00000", "2017-03-31": "2197.00000", "2016-12-31": "1823.00000", "2016-09-30": "2082.00000", "2016-06-30": "", "2016-03-31": "", "2015-12-31": "", "2015-09-30": "2134.00000", "2014-09-30": ""}, "Inventory": {"2020-12-31": "711.00000", "2020-09-30": "685.00000", "2020-06-30": "737.00000", "2020-03-31": "775.00000", "2019-12-31": "772.00000", "2019-09-30": "793.00000", "2019-06-30": "783.00000", "2019-03-31": "828.00000", "2018-12-31": "839.00000", "2018-09-30": "824.00000", "2018-06-30": "774.00000", "2018-03-31": "781.00000", "2017-12-31": "762.00000", "2017-09-30": "735.00000", "2017-06-30": "654.00000", "2017-03-31": "645.00000", "2016-12-31": "635.00000", "2016-09-30": "660.00000", "2016-06-30": "", "2016-03-31": "", "2015-12-31": "", "2015-09-30": "701.00000", "2014-09-30": ""}, "Pre-Paid Expenses": {"2020-12-31": "", "2020-09-30": "", "2020-06-30": "", "2020-03-31": "", "2019-12-31": "", "2019-09-30": "", "2019-06-30": "", "2019-03-31": "", "2018-12-31": "", "2018-09-30": "", "2018-06-30": "", "2018-03-31": "", "2017-12-31": "", "2017-09-30": "", "2017-06-30": "", "2017-03-31": "", "2016-12-31": "", "2016-09-30": "", "2016-06-30": "", "2016-03-31": "", "2015-12-31": "", "2015-09-30": "", "2014-09-30": ""}, "Other Current Assets": {"2020-12-31": "476.00000", "2020-09-30": "421.00000", "2020-06-30": "498.00000", "2020-03-31": "477.00000", "2019-12-31": "540.00000", "2019-09-30": "494.00000", "2019-06-30": "592.00000", "2019-03-31": "631.00000", "2018-12-31": "657.00000", "2018-09-30": "707.00000", "2018-06-30": "786.00000", "2018-03-31": "882.00000", "2017-12-31": "851.00000", "2017-09-30": "831.00000", "2017-06-30": "833.00000", "2017-03-31": "869.00000", "2016-12-31": "823.00000", "2016-09-30": "810.00000", "2016-06-30": "", "2016-03-31": "", "2015-12-31": "", "2015-09-30": "927.00000", "2014-09-30": ""}, "Total Current Assets": {"2020-12-31": "4496.00000", "2020-09-30": "4482.00000", "2020-06-30": "3459.00000", "2020-03-31": "4276.00000", "2019-12-31": "3799.00000", "2019-09-30": "4116.00000", "2019-06-30": "4253.00000", "2019-03-31": "3926.00000", "2018-12-31": "3668.00000", "2018-09-30": "4309.00000", "2018-06-30": "4172.00000", "2018-03-31": "4596.00000", "2017-12-31": "4077.00000", "2017-09-30": "4499.00000", "2017-06-30": "4171.00000", "2017-03-31": "4440.00000", "2016-12-31": "3990.00000", "2016-09-30": "5691.00000", "2016-06-30": "", "2016-03-31": "", "2015-12-31": "", "2015-09-30": "3806.00000", "2014-09-30": ""}, "Property, Plant, And Equipment": {"2020-12-31": "1606.00000", "2020-09-30": "1581.00000", "2020-06-30": "1592.00000", "2020-03-31": "1591.00000", "2019-12-31": "1690.00000", "2019-09-30": "1671.00000", "2019-06-30": "1687.00000", "2019-03-31": "1641.00000", "2018-12-31": "1695.00000", "2018-09-30": "1683.00000", "2018-06-30": "2402.00000", "2018-03-31": "2611.00000", "2017-12-31": "2546.00000", "2017-09-30": "2502.00000", "2017-06-30": "2302.00000", "2017-03-31": "2188.00000", "2016-12-31": "2138.00000", "2016-09-30": "2195.00000", "2016-06-30": "", "2016-03-31": "", "2015-12-31": "", "2015-09-30": "6139.00000", "2014-09-30": ""}, "Long-Term Investments": {"2020-12-31": "838.00000", "2020-09-30": "707.00000", "2020-06-30": "1090.00000", "2020-03-31": "1279.00000", "2019-12-31": "1321.00000", "2019-09-30": "1399.00000", "2019-06-30": "1407.00000", "2019-03-31": "1544.00000", "2018-12-31": "1489.00000", "2018-09-30": "1407.00000", "2018-06-30": "1764.00000", "2018-03-31": "2012.00000", "2017-12-31": "1924.00000", "2017-09-30": "1793.00000", "2017-06-30": "1967.00000", "2017-03-31": "1852.00000", "2016-12-31": "1765.00000", "2016-09-30": "1714.00000", "2016-06-30": "", "2016-03-31": "", "2015-12-31": "", "2015-09-30": "1646.00000", "2014-09-30": ""}, "Goodwill And Intangible Assets": {"2020-12-31": "2554.00000", "2020-09-30": "2500.00000", "2020-06-30": "2389.00000", "2020-03-31": "2399.00000", "2019-12-31": "2552.00000", "2019-09-30": "2555.00000", "2019-06-30": "2608.00000", "2019-03-31": "2606.00000", "2018-12-31": "2624.00000", "2018-09-30": "2642.00000", "2018-06-30": "2717.00000", "2018-03-31": "2827.00000", "2017-12-31": "3078.00000", "2017-09-30": "3058.00000", "2017-06-30": "2292.00000", "2017-03-31": "2214.00000", "2016-12-31": "2184.00000", "2016-09-30": "2292.00000", "2016-06-30": "", "2016-03-31": "", "2015-12-31": "", "2015-09-30": "2289.00000", "2014-09-30": "0.00000"}, "Other Long-Term Assets": {"2020-12-31": "1050.00000", "2020-09-30": "991.00000", "2020-06-30": "1089.00000", "2020-03-31": "1101.00000", "2019-12-31": "1002.00000", "2019-09-30": "601.00000", "2019-06-30": "619.00000", "2019-03-31": "857.00000", "2018-12-31": "882.00000", "2018-09-30": "901.00000", "2018-06-30": "1283.00000", "2018-03-31": "1043.00000", "2017-12-31": "1018.00000", "2017-09-30": "1318.00000", "2017-06-30": "1328.00000", "2017-03-31": "1225.00000", "2016-12-31": "1180.00000", "2016-09-30": "1064.00000", "2016-06-30": "", "2016-03-31": "", "2015-12-31": "", "2015-09-30": "557.00000", "2014-09-30": ""}, "Total Long-Term Assets": {"2020-12-31": "6048.00000", "2020-09-30": "5779.00000", "2020-06-30": "6160.00000", "2020-03-31": "6370.00000", "2019-12-31": "6565.00000", "2019-09-30": "6226.00000", "2019-06-30": "6321.00000", "2019-03-31": "6648.00000", "2018-12-31": "6690.00000", "2018-09-30": "6633.00000", "2018-06-30": "8166.00000", "2018-03-31": "8493.00000", "2017-12-31": "8566.00000", "2017-09-30": "8671.00000", "2017-06-30": "7889.00000", "2017-03-31": "7479.00000", "2016-12-31": "7267.00000", "2016-09-30": "7265.00000", "2016-06-30": "", "2016-03-31": "", "2015-12-31": "", "2015-09-30": "10631.00000", "2014-09-30": ""}, "Total Assets": {"2020-12-31": "10544.00000", "2020-09-30": "10261.00000", "2020-06-30": "9619.00000", "2020-03-31": "10646.00000", "2019-12-31": "10364.00000", "2019-09-30": "10342.00000", "2019-06-30": "10574.00000", "2019-03-31": "10574.00000", "2018-12-31": "10358.00000", "2018-09-30": "10942.00000", "2018-06-30": "12338.00000", "2018-03-31": "13089.00000", "2017-12-31": "12643.00000", "2017-09-30": "13170.00000", "2017-06-30": "12060.00000", "2017-03-31": "11919.00000", "2016-12-31": "11257.00000", "2016-09-30": "12956.00000", "2016-06-30": "0.00000", "2016-03-31": "0.00000", "2015-12-31": "0.00000", "2015-09-30": "10437.00000", "2014-09-30": "0.00000"}, "Total Current Liabilities": {"2020-12-31": "3584.00000", "2020-09-30": "3819.00000", "2020-06-30": "3083.00000", "2020-03-31": "4223.00000", "2019-12-31": "3683.00000", "2019-09-30": "3835.00000", "2019-06-30": "3963.00000", "2019-03-31": "4004.00000", "2018-12-31": "3675.00000", "2018-09-30": "4192.00000", "2018-06-30": "4025.00000", "2018-03-31": "4435.00000", "2017-12-31": "3993.00000", "2017-09-30": "4328.00000", "2017-06-30": "3832.00000", "2017-03-31": "4087.00000", "2016-12-31": "3830.00000", "2016-09-30": "4260.00000", "2016-06-30": "", "2016-03-31": "", "2015-12-31": "", "2015-09-30": "4011.00000", "2014-09-30": ""}, "Long Term Debt": {"2020-12-31": "4342.00000", "2020-09-30": "4097.00000", "2020-06-30": "4147.00000", "2020-03-31": "3717.00000", "2019-12-31": "3740.00000", "2019-09-30": "3708.00000", "2019-06-30": "3762.00000", "2019-03-31": "3373.00000", "2018-12-31": "3399.00000", "2018-09-30": "3422.00000", "2018-06-30": "3422.00000", "2018-03-31": "3503.00000", "2017-12-31": "3461.00000", "2017-09-30": "3440.00000", "2017-06-30": "3393.00000", "2017-03-31": "3333.00000", "2016-12-31": "3357.00000", "2016-09-30": "3442.00000", "2016-06-30": "", "2016-03-31": "", "2015-12-31": "", "2015-09-30": "35.00000", "2014-09-30": ""}, "Other Non-Current Liabilities": {"2020-12-31": "779.00000", "2020-09-30": "622.00000", "2020-06-30": "645.00000", "2020-03-31": "658.00000", "2019-12-31": "673.00000", "2019-09-30": "408.00000", "2019-06-30": "404.00000", "2019-03-31": "416.00000", "2018-12-31": "414.00000", "2018-09-30": "440.00000", "2018-06-30": "563.00000", "2018-03-31": "575.00000", "2017-12-31": "593.00000", "2017-09-30": "653.00000", "2017-06-30": "566.00000", "2017-03-31": "498.00000", "2016-12-31": "471.00000", "2016-09-30": "725.00000", "2016-06-30": "", "2016-03-31": "", "2015-12-31": "", "2015-09-30": "593.00000", "2014-09-30": ""}, "Total Long Term Liabilities": {"2020-12-31": "5163.00000", "2020-09-30": "4907.00000", "2020-06-30": "4964.00000", "2020-03-31": "4540.00000", "2019-12-31": "4597.00000", "2019-09-30": "4318.00000", "2019-06-30": "4330.00000", "2019-03-31": "3940.00000", "2018-12-31": "3959.00000", "2018-09-30": "4033.00000", "2018-06-30": "4160.00000", "2018-03-31": "4259.00000", "2017-12-31": "4221.00000", "2017-09-30": "4250.00000", "2017-06-30": "4154.00000", "2017-03-31": "4049.00000", "2016-12-31": "4036.00000", "2016-09-30": "4389.00000", "2016-06-30": "", "2016-03-31": "", "2015-12-31": "", "2015-09-30": "659.00000", "2014-09-30": ""}, "Total Liabilities": {"2020-12-31": "8747.00000", "2020-09-30": "8726.00000", "2020-06-30": "8047.00000", "2020-03-31": "8763.00000", "2019-12-31": "8280.00000", "2019-09-30": "8153.00000", "2019-06-30": "8293.00000", "2019-03-31": "7944.00000", "2018-12-31": "7634.00000", "2018-09-30": "8225.00000", "2018-06-30": "8185.00000", "2018-03-31": "8694.00000", "2017-12-31": "8214.00000", "2017-09-30": "8578.00000", "2017-06-30": "7986.00000", "2017-03-31": "8136.00000", "2016-12-31": "7866.00000", "2016-09-30": "8649.00000", "2016-06-30": "", "2016-03-31": "", "2015-12-31": "", "2015-09-30": "4670.00000", "2014-09-30": "0.00000"}, "Common Stock Net": {"2020-12-31": "", "2020-09-30": "", "2020-06-30": "", "2020-03-31": "", "2019-12-31": "", "2019-09-30": "", "2019-06-30": "", "2019-03-31": "", "2018-12-31": "", "2018-09-30": "", "2018-06-30": "", "2018-03-31": "", "2017-12-31": "", "2017-09-30": "", "2017-06-30": "", "2017-03-31": "", "2016-12-31": "", "2016-09-30": "4452.00000", "2016-06-30": "", "2016-03-31": "", "2015-12-31": "", "2015-09-30": "5873.00000", "2014-09-30": "0.00000"}, "Retained Earnings (Accumulated Deficit)": {"2020-12-31": "", "2020-09-30": "-2096.00000", "2020-06-30": "-2060.00000", "2020-03-31": "-1735.00000", "2019-12-31": "-1716.00000", "2019-09-30": "-1545.00000", "2019-06-30": "-1541.00000", "2019-03-31": "-1220.00000", "2018-12-31": "-1070.00000", "2018-09-30": "-1028.00000", "2018-06-30": "327.00000", "2018-03-31": "299.00000", "2017-12-31": "492.00000", "2017-09-30": "734.00000", "2017-06-30": "454.00000", "2017-03-31": "250.00000", "2016-12-31": "84.00000", "2016-09-30": "", "2016-06-30": "", "2016-03-31": "", "2015-12-31": "", "2015-09-30": "", "2014-09-30": ""}, "Comprehensive Income": {"2020-12-31": "", "2020-09-30": "-665.00000", "2020-06-30": "-658.00000", "2020-03-31": "-690.00000", "2019-12-31": "-504.00000", "2019-09-30": "-569.00000", "2019-06-30": "-499.00000", "2019-03-31": "-479.00000", "2018-12-31": "-518.00000", "2018-09-30": "-531.00000", "2018-06-30": "-447.00000", "2018-03-31": "-185.00000", "2017-12-31": "-336.00000", "2017-09-30": "-397.00000", "2017-06-30": "-493.00000", "2017-03-31": "-626.00000", "2016-12-31": "-725.00000", "2016-09-30": "-276.00000", "2016-06-30": "", "2016-03-31": "", "2015-12-31": "", "2015-09-30": "", "2014-09-30": ""}, "Other Share Holders Equity": {"2020-12-31": "", "2020-09-30": "", "2020-06-30": "", "2020-03-31": "", "2019-12-31": "", "2019-09-30": "", "2019-06-30": "", "2019-03-31": "", "2018-12-31": "", "2018-09-30": "", "2018-06-30": "", "2018-03-31": "", "2017-12-31": "", "2017-09-30": "", "2017-06-30": "", "2017-03-31": "", "2016-12-31": "", "2016-09-30": "", "2016-06-30": "", "2016-03-31": "", "2015-12-31": "", "2015-09-30": "-106.00000", "2014-09-30": "0.00000"}, "Share Holder Equity": {"2020-12-31": "1797.00000", "2020-09-30": "1535.00000", "2020-06-30": "1572.00000", "2020-03-31": "1883.00000", "2019-12-31": "2084.00000", "2019-09-30": "2189.00000", "2019-06-30": "2281.00000", "2019-03-31": "2630.00000", "2018-12-31": "2724.00000", "2018-09-30": "2717.00000", "2018-06-30": "4153.00000", "2018-03-31": "4395.00000", "2017-12-31": "4429.00000", "2017-09-30": "4592.00000", "2017-06-30": "4074.00000", "2017-03-31": "3783.00000", "2016-12-31": "3391.00000", "2016-09-30": "4307.00000", "2016-06-30": "", "2016-03-31": "", "2015-12-31": "", "2015-09-30": "5767.00000", "2014-09-30": "0.00000"}, "Total Liabilities And Share Holders Equity": {"2020-12-31": "10544.00000", "2020-09-30": "10261.00000", "2020-06-30": "9619.00000", "2020-03-31": "10646.00000", "2019-12-31": "10364.00000", "2019-09-30": "10342.00000", "2019-06-30": "10574.00000", "2019-03-31": "10574.00000", "2018-12-31": "10358.00000", "2018-09-30": "10942.00000", "2018-06-30": "12338.00000", "2018-03-31": "13089.00000", "2017-12-31": "12643.00000", "2017-09-30": "13170.00000", "2017-06-30": "12060.00000", "2017-03-31": "11919.00000", "2016-12-31": "11257.00000", "2016-09-30": "12956.00000", "2016-06-30": "", "2016-03-31": "", "2015-12-31": "", "2015-09-30": "10437.00000", "2014-09-30": "0.00000"}}, "cash flow statement": {"Net Income/Loss": {"2020-09-30": "-486.00000", "2019-09-30": "-408.00000", "2018-09-30": "-1601.00000", "2017-09-30": "962.00000", "2016-09-30": "-1462.00000", "2015-09-30": "541.00000", "2014-09-30": "374.00000"}, "Total Depreciation And Amortization - Cash Flow": {"2020-09-30": "332.00000", "2019-09-30": "318.00000", "2018-09-30": "447.00000", "2017-09-30": "358.00000", "2016-09-30": "344.00000", "2015-09-30": "347.00000", "2014-09-30": "437.00000"}, "Other Non-Cash Items": {"2020-09-30": "331.00000", "2019-09-30": "388.00000", "2018-09-30": "1814.00000", "2017-09-30": "-334.00000", "2016-09-30": "-535.00000", "2015-09-30": "-259.00000", "2014-09-30": "38.00000"}, "Total Non-Cash Items": {"2020-09-30": "663.00000", "2019-09-30": "706.00000", "2018-09-30": "2261.00000", "2017-09-30": "24.00000", "2016-09-30": "-191.00000", "2015-09-30": "88.00000", "2014-09-30": "475.00000"}, "Change In Accounts Receivable": {"2020-09-30": "190.00000", "2019-09-30": "131.00000", "2018-09-30": "73.00000", "2017-09-30": "30.00000", "2016-09-30": "83.00000", "2015-09-30": "-249.00000", "2014-09-30": "24.00000"}, "Change In Inventories": {"2020-09-30": "78.00000", "2019-09-30": "8.00000", "2018-09-30": "-106.00000", "2017-09-30": "-10.00000", "2016-09-30": "49.00000", "2015-09-30": "-63.00000", "2014-09-30": "-96.00000"}, "Change In Accounts Payable": {"2020-09-30": "", "2019-09-30": "", "2018-09-30": "", "2017-09-30": "", "2016-09-30": "", "2015-09-30": "", "2014-09-30": ""}, "Change In Assets/Liabilities": {"2020-09-30": "60.00000", "2019-09-30": "42.00000", "2018-09-30": "-89.00000", "2017-09-30": "-166.00000", "2016-09-30": "95.00000", "2015-09-30": "-55.00000", "2014-09-30": "-48.00000"}, "Total Change In Assets/Liabilities": {"2020-09-30": "69.00000", "2019-09-30": "10.00000", "2018-09-30": "19.00000", "2017-09-30": "-240.00000", "2016-09-30": "619.00000", "2015-09-30": "-232.00000", "2014-09-30": "-52.00000"}, "Cash Flow From Operating Activities": {"2020-09-30": "246.00000", "2019-09-30": "308.00000", "2018-09-30": "679.00000", "2017-09-30": "746.00000", "2016-09-30": "-1034.00000", "2015-09-30": "397.00000", "2014-09-30": "797.00000"}, "Net Change In Property, Plant, And Equipment": {"2020-09-30": "-311.00000", "2019-09-30": "-400.00000", "2018-09-30": "-483.00000", "2017-09-30": "-533.00000", "2016-09-30": "-421.00000", "2015-09-30": "-454.00000", "2014-09-30": "-568.00000"}, "Net Change In Intangible Assets": {"2020-09-30": "", "2019-09-30": "", "2018-09-30": "", "2017-09-30": "", "2016-09-30": "", "2015-09-30": "", "2014-09-30": ""}, "Net Acquisitions/Divestitures": {"2020-09-30": "499.00000", "2019-09-30": "", "2018-09-30": "", "2017-09-30": "-247.00000", "2016-09-30": "18.00000", "2015-09-30": "-18.00000", "2014-09-30": "-50.00000"}, "Net Change In Short-term Investments": {"2020-09-30": "", "2019-09-30": "", "2018-09-30": "", "2017-09-30": "", "2016-09-30": "", "2015-09-30": "", "2014-09-30": ""}, "Net Change In Long-Term Investments": {"2020-09-30": "-37.00000", "2019-09-30": "3.00000", "2018-09-30": "-4.00000", "2017-09-30": "-11.00000", "2016-09-30": "-24.00000", "2015-09-30": "-44.00000", "2014-09-30": "16.00000"}, "Net Change In Investments - Total": {"2020-09-30": "-37.00000", "2019-09-30": "3.00000", "2018-09-30": "-4.00000", "2017-09-30": "-11.00000", "2016-09-30": "-24.00000", "2015-09-30": "-44.00000", "2014-09-30": "16.00000"}, "Investing Activities - Other": {"2020-09-30": "15.00000", "2019-09-30": "14.00000", "2018-09-30": "", "2017-09-30": "-4.00000", "2016-09-30": "2.00000", "2015-09-30": "27.00000", "2014-09-30": "16.00000"}, "Cash Flow From Investing Activities": {"2020-09-30": "166.00000", "2019-09-30": "-383.00000", "2018-09-30": "-487.00000", "2017-09-30": "-795.00000", "2016-09-30": "-425.00000", "2015-09-30": "-489.00000", "2014-09-30": "-586.00000"}, "Net Long-Term Debt": {"2020-09-30": "492.00000", "2019-09-30": "396.00000", "2018-09-30": "-2.00000", "2017-09-30": "-119.00000", "2016-09-30": "1462.00000", "2015-09-30": "-10.00000", "2014-09-30": "-15.00000"}, "Net Current Debt": {"2020-09-30": "-16.00000", "2019-09-30": "17.00000", "2018-09-30": "-31.00000", "2017-09-30": "-7.00000", "2016-09-30": "25.00000", "2015-09-30": "-22.00000", "2014-09-30": "36.00000"}, "Debt Issuance/Retirement Net - Total": {"2020-09-30": "476.00000", "2019-09-30": "413.00000", "2018-09-30": "-33.00000", "2017-09-30": "-126.00000", "2016-09-30": "1487.00000", "2015-09-30": "-32.00000", "2014-09-30": "21.00000"}, "Net Common Equity Issued/Repurchased": {"2020-09-30": "", "2019-09-30": "", "2018-09-30": "", "2017-09-30": "-40.00000", "2016-09-30": "", "2015-09-30": "", "2014-09-30": ""}, "Net Total Equity Issued/Repurchased": {"2020-09-30": "", "2019-09-30": "", "2018-09-30": "", "2017-09-30": "-40.00000", "2016-09-30": "", "2015-09-30": "", "2014-09-30": ""}, "Total Common And Preferred Stock Dividends Paid": {"2020-09-30": "", "2019-09-30": "-26.00000", "2018-09-30": "-103.00000", "2017-09-30": "-52.00000", "2016-09-30": "", "2015-09-30": "", "2014-09-30": ""}, "Financial Activities - Other": {"2020-09-30": "-83.00000", "2019-09-30": "-84.00000", "2018-09-30": "-77.00000", "2017-09-30": "845.00000", "2016-09-30": "29.00000", "2015-09-30": "125.00000", "2014-09-30": "-246.00000"}, "Cash Flow From Financial Activities": {"2020-09-30": "393.00000", "2019-09-30": "303.00000", "2018-09-30": "-213.00000", "2017-09-30": "627.00000", "2016-09-30": "1516.00000", "2015-09-30": "93.00000", "2014-09-30": "-225.00000"}, "Net Cash Flow": {"2020-09-30": "768.00000", "2019-09-30": "237.00000", "2018-09-30": "-22.00000", "2017-09-30": "604.00000", "2016-09-30": "61.00000", "2015-09-30": "-1.00000", "2014-09-30": "-25.00000"}, "Stock-Based Compensation": {"2020-09-30": "15.00000", "2019-09-30": "20.00000", "2018-09-30": "47.00000", "2017-09-30": "45.00000", "2016-09-30": "28.00000", "2015-09-30": "16.00000", "2014-09-30": "19.00000"}, "Common Stock Dividends Paid": {"2020-09-30": "", "2019-09-30": "-26.00000", "2018-09-30": "-103.00000", "2017-09-30": "-52.00000", "2016-09-30": "", "2015-09-30": "", "2014-09-30": ""}}, "cash flow statement, quarterly": {"Net Income/Loss": {"2020-12-31": "173.00000", "2020-09-30": -15, "2020-06-30": -331, "2020-03-31": 2, "2019-12-31": "-142.00000", "2019-09-30": 15, "2019-06-30": -308, "2019-03-31": -126, "2018-12-31": "11.00000", "2018-09-30": -1335, "2018-06-30": 73, "2018-03-31": -143, "2017-12-31": "-196.00000", "2017-09-30": 361, "2017-06-30": 223, "2017-03-31": 214, "2016-12-31": "164.00000", "2016-09-30": -867, "2016-06-30": 7, "2016-03-31": -756, "2015-12-31": "154.00000", "2015-09-30": 167, "2014-09-30": 374}, "Total Depreciation And Amortization - Cash Flow": {"2020-12-31": "80.00000", "2020-09-30": 91, "2020-06-30": 75, "2020-03-31": 82, "2019-12-31": "84.00000", "2019-09-30": 82, "2019-06-30": 79, "2019-03-31": 82, "2018-12-31": "75.00000", "2018-09-30": 111, "2018-06-30": 115, "2018-03-31": 113, "2017-12-31": "108.00000", "2017-09-30": 97, "2017-06-30": 88, "2017-03-31": 85, "2016-12-31": "88.00000", "2016-09-30": 91, "2016-06-30": 81, "2016-03-31": 86, "2015-12-31": "86.00000", "2015-09-30": -90, "2014-09-30": 437}, "Other Non-Cash Items": {"2020-12-31": "-91.00000", "2020-09-30": -14, "2020-06-30": 214, "2020-03-31": -6, "2019-12-31": "137.00000", "2019-09-30": 3, "2019-06-30": 392, "2019-03-31": 69, "2018-12-31": "-76.00000", "2018-09-30": 1167, "2018-06-30": 177, "2018-03-31": 268, "2017-12-31": "202.00000", "2017-09-30": -124, "2017-06-30": -79, "2017-03-31": -66, "2016-12-31": "-65.00000", "2016-09-30": -1231, "2016-06-30": 45, "2016-03-31": 766, "2015-12-31": "-115.00000", "2015-09-30": 0, "2014-09-30": 0}, "Total Non-Cash Items": {"2020-12-31": "-11.00000", "2020-09-30": 77, "2020-06-30": 289, "2020-03-31": 76, "2019-12-31": "221.00000", "2019-09-30": 85, "2019-06-30": 471, "2019-03-31": 151, "2018-12-31": "-1.00000", "2018-09-30": 1278, "2018-06-30": 292, "2018-03-31": 381, "2017-12-31": "310.00000", "2017-09-30": -27, "2017-06-30": 9, "2017-03-31": 19, "2016-12-31": "23.00000", "2016-09-30": -1140, "2016-06-30": 126, "2016-03-31": 852, "2015-12-31": "-29.00000", "2015-09-30": -90, "2014-09-30": 437}, "Change In Accounts Receivable": {"2020-12-31": "246.00000", "2020-09-30": -516, "2020-06-30": 198, "2020-03-31": 113, "2019-12-31": "395.00000", "2019-09-30": -88, "2019-06-30": 129, "2019-03-31": -230, "2018-12-31": "320.00000", "2018-09-30": 130, "2018-06-30": 246, "2018-03-31": -473, "2017-12-31": "170.00000", "2017-09-30": -51, "2017-06-30": 235, "2017-03-31": -335, "2016-12-31": "181.00000", "2016-09-30": 56, "2016-06-30": 40, "2016-03-31": -235, "2015-12-31": "222.00000", "2015-09-30": 0, "2014-09-30": 0}, "Change In Inventories": {"2020-12-31": "-6.00000", "2020-09-30": 62, "2020-06-30": 46, "2020-03-31": -53, "2019-12-31": "23.00000", "2019-09-30": -31, "2019-06-30": 51, "2019-03-31": 7, "2018-12-31": "-19.00000", "2018-09-30": -52, "2018-06-30": -28, "2018-03-31": -4, "2017-12-31": "-22.00000", "2017-09-30": -25, "2017-06-30": 11, "2017-03-31": 3, "2016-12-31": "1.00000", "2016-09-30": 33, "2016-06-30": 25, "2016-03-31": -4, "2015-12-31": "-5.00000", "2015-09-30": 0, "2014-09-30": 0}, "Change In Accounts Payable": {"2020-12-31": "", "2020-09-30": 0, "2020-06-30": 0, "2020-03-31": 0, "2019-12-31": "", "2019-09-30": 0, "2019-06-30": 0, "2019-03-31": 0, "2018-12-31": "", "2018-09-30": 0, "2018-06-30": 0, "2018-03-31": 0, "2017-12-31": "", "2017-09-30": 0, "2017-06-30": 0, "2017-03-31": 0, "2016-12-31": "", "2016-09-30": 0, "2016-06-30": 0, "2016-03-31": 0, "2015-12-31": "", "2015-09-30": 0, "2014-09-30": 0}, "Change In Assets/Liabilities": {"2020-12-31": "-131.00000", "2020-09-30": 43, "2020-06-30": 12, "2020-03-31": 25, "2019-12-31": "-20.00000", "2019-09-30": 27, "2019-06-30": 23, "2019-03-31": -29, "2018-12-31": "21.00000", "2018-09-30": 69, "2018-06-30": -55, "2018-03-31": -48, "2017-12-31": "-55.00000", "2017-09-30": -70, "2017-06-30": -17, "2017-03-31": -20, "2016-12-31": "-59.00000", "2016-09-30": -147, "2016-06-30": -78, "2016-03-31": 304, "2015-12-31": "16.00000", "2015-09-30": 0, "2014-09-30": 0}, "Total Change In Assets/Liabilities": {"2020-12-31": "69.00000", "2020-09-30": 456, "2020-06-30": -413, "2020-03-31": -134, "2019-12-31": "160.00000", "2019-09-30": -98, "2019-06-30": 103, "2019-03-31": 143, "2018-12-31": "-138.00000", "2018-09-30": 496, "2018-06-30": 25, "2018-03-31": -261, "2017-12-31": "-241.00000", "2017-09-30": 112, "2017-06-30": -75, "2017-03-31": -77, "2016-12-31": "-200.00000", "2016-09-30": 529, "2016-06-30": 17, "2016-03-31": 108, "2015-12-31": "-35.00000", "2015-09-30": -180, "2014-09-30": -52}, "Cash Flow From Operating Activities": {"2020-12-31": "231.00000", "2020-09-30": 518, "2020-06-30": -455, "2020-03-31": -56, "2019-12-31": "239.00000", "2019-09-30": 2, "2019-06-30": 266, "2019-03-31": 168, "2018-12-31": "-128.00000", "2018-09-30": 439, "2018-06-30": 390, "2018-03-31": -23, "2017-12-31": "-127.00000", "2017-09-30": 446, "2017-06-30": 157, "2017-03-31": 156, "2016-12-31": "-13.00000", "2016-09-30": -1478, "2016-06-30": 150, "2016-03-31": 204, "2015-12-31": "90.00000", "2015-09-30": -400, "2014-09-30": 797}, "Net Change In Property, Plant, And Equipment": {"2020-12-31": "-61.00000", "2020-09-30": -58, "2020-06-30": -72, "2020-03-31": -90, "2019-12-31": "-91.00000", "2019-09-30": -115, "2019-06-30": -91, "2019-03-31": -87, "2018-12-31": "-107.00000", "2018-09-30": -84, "2018-06-30": -135, "2018-03-31": -123, "2017-12-31": "-141.00000", "2017-09-30": -143, "2017-06-30": -105, "2017-03-31": -91, "2016-12-31": "-194.00000", "2016-09-30": -123, "2016-06-30": -123, "2016-03-31": -74, "2015-12-31": "-101.00000", "2015-09-30": 114, "2014-09-30": -568}, "Net Change In Intangible Assets": {"2020-12-31": "", "2020-09-30": 0, "2020-06-30": 0, "2020-03-31": 0, "2019-12-31": "", "2019-09-30": 0, "2019-06-30": 0, "2019-03-31": 0, "2018-12-31": "", "2018-09-30": 0, "2018-06-30": 0, "2018-03-31": 0, "2017-12-31": "", "2017-09-30": 0, "2017-06-30": 0, "2017-03-31": 0, "2016-12-31": "", "2016-09-30": 0, "2016-06-30": 0, "2016-03-31": 0, "2015-12-31": "", "2015-09-30": 0, "2014-09-30": 0}, "Net Acquisitions/Divestitures": {"2020-12-31": "", "2020-09-30": 499, "2020-06-30": 0, "2020-03-31": 0, "2019-12-31": "", "2019-09-30": 0, "2019-06-30": 0, "2019-03-31": 0, "2018-12-31": "", "2018-09-30": 0, "2018-06-30": 0, "2018-03-31": 0, "2017-12-31": "", "2017-09-30": -247, "2017-06-30": 0, "2017-03-31": 0, "2016-12-31": "", "2016-09-30": 0, "2016-06-30": 0, "2016-03-31": 0, "2015-12-31": "18.00000", "2015-09-30": 32, "2014-09-30": -50}, "Net Change In Short-term Investments": {"2020-12-31": "", "2020-09-30": 0, "2020-06-30": 0, "2020-03-31": 0, "2019-12-31": "", "2019-09-30": 0, "2019-06-30": 0, "2019-03-31": 11, "2018-12-31": "-11.00000", "2018-09-30": 11, "2018-06-30": -11, "2018-03-31": 0, "2017-12-31": "", "2017-09-30": 0, "2017-06-30": 0, "2017-03-31": 0, "2016-12-31": "", "2016-09-30": 0, "2016-06-30": 0, "2016-03-31": 0, "2015-12-31": "", "2015-09-30": 0, "2014-09-30": 0}, "Net Change In Long-Term Investments": {"2020-12-31": "", "2020-09-30": 0, "2020-06-30": 0, "2020-03-31": 0, "2019-12-31": "-37.00000", "2019-09-30": 0, "2019-06-30": 3, "2019-03-31": 0, "2018-12-31": "", "2018-09-30": 0, "2018-06-30": 1, "2018-03-31": 0, "2017-12-31": "-5.00000", "2017-09-30": -5, "2017-06-30": 0, "2017-03-31": 0, "2016-12-31": "-6.00000", "2016-09-30": -24, "2016-06-30": 0, "2016-03-31": 0, "2015-12-31": "", "2015-09-30": 0, "2014-09-30": 0}, "Net Change In Investments - Total": {"2020-12-31": "", "2020-09-30": 0, "2020-06-30": 0, "2020-03-31": 0, "2019-12-31": "-37.00000", "2019-09-30": 0, "2019-06-30": 3, "2019-03-31": 11, "2018-12-31": "-11.00000", "2018-09-30": 11, "2018-06-30": -10, "2018-03-31": 0, "2017-12-31": "-5.00000", "2017-09-30": -5, "2017-06-30": 0, "2017-03-31": 0, "2016-12-31": "-6.00000", "2016-09-30": -24, "2016-06-30": 0, "2016-03-31": 0, "2015-12-31": "", "2015-09-30": -60, "2014-09-30": 16}, "Investing Activities - Other": {"2020-12-31": "", "2020-09-30": 5, "2020-06-30": 0, "2020-03-31": 10, "2019-12-31": "", "2019-09-30": 10, "2019-06-30": 0, "2019-03-31": 4, "2018-12-31": "", "2018-09-30": 0, "2018-06-30": 0, "2018-03-31": 0, "2017-12-31": "", "2017-09-30": -2, "2017-06-30": 0, "2017-03-31": 1, "2016-12-31": "-3.00000", "2016-09-30": 0, "2016-06-30": -3, "2016-03-31": 1, "2015-12-31": "4.00000", "2015-09-30": 11, "2014-09-30": 16}, "Cash Flow From Investing Activities": {"2020-12-31": "-61.00000", "2020-09-30": 446, "2020-06-30": -72, "2020-03-31": -80, "2019-12-31": "-128.00000", "2019-09-30": -105, "2019-06-30": -88, "2019-03-31": -72, "2018-12-31": "-118.00000", "2018-09-30": -73, "2018-06-30": -145, "2018-03-31": -123, "2017-12-31": "-146.00000", "2017-09-30": -397, "2017-06-30": -105, "2017-03-31": -90, "2016-12-31": "-203.00000", "2016-09-30": -147, "2016-06-30": -126, "2016-03-31": -73, "2015-12-31": "-79.00000", "2015-09-30": 97, "2014-09-30": -586}, "Net Long-Term Debt": {"2020-12-31": "-18.00000", "2020-09-30": -102, "2020-06-30": -220, "2020-03-31": 833, "2019-12-31": "-19.00000", "2019-09-30": -2, "2019-06-30": 396, "2019-03-31": 0, "2018-12-31": "2.00000", "2018-09-30": 0, "2018-06-30": -137, "2018-03-31": 135, "2017-12-31": "", "2017-09-30": -1, "2017-06-30": -18, "2017-03-31": -100, "2016-12-31": "", "2016-09-30": 1469, "2016-06-30": -3, "2016-03-31": -1, "2015-12-31": "-3.00000", "2015-09-30": 0, "2014-09-30": 0}, "Net Current Debt": {"2020-12-31": "3.00000", "2020-09-30": -180, "2020-06-30": 164, "2020-03-31": 0, "2019-12-31": "", "2019-09-30": 16, "2019-06-30": 1, "2019-03-31": 0, "2018-12-31": "", "2018-09-30": -8, "2018-06-30": -23, "2018-03-31": -1, "2017-12-31": "1.00000", "2017-09-30": 31, "2017-06-30": -13, "2017-03-31": -34, "2016-12-31": "9.00000", "2016-09-30": 19, "2016-06-30": -111, "2016-03-31": 92, "2015-12-31": "25.00000", "2015-09-30": -58, "2014-09-30": 36}, "Debt Issuance/Retirement Net - Total": {"2020-12-31": "-15.00000", "2020-09-30": -282, "2020-06-30": -56, "2020-03-31": 833, "2019-12-31": "-19.00000", "2019-09-30": 14, "2019-06-30": 397, "2019-03-31": 0, "2018-12-31": "2.00000", "2018-09-30": -8, "2018-06-30": -160, "2018-03-31": 134, "2017-12-31": "1.00000", "2017-09-30": 30, "2017-06-30": -31, "2017-03-31": -134, "2016-12-31": "9.00000", "2016-09-30": 1488, "2016-06-30": -114, "2016-03-31": 91, "2015-12-31": "22.00000", "2015-09-30": 5, "2014-09-30": -15}, "Net Common Equity Issued/Repurchased": {"2020-12-31": "", "2020-09-30": 0, "2020-06-30": 0, "2020-03-31": 0, "2019-12-31": "", "2019-09-30": 0, "2019-06-30": 0, "2019-03-31": 0, "2018-12-31": "", "2018-09-30": 0, "2018-06-30": 0, "2018-03-31": 0, "2017-12-31": "", "2017-09-30": 0, "2017-06-30": -40, "2017-03-31": 0, "2016-12-31": "", "2016-09-30": 0, "2016-06-30": 0, "2016-03-31": 0, "2015-12-31": "", "2015-09-30": 0, "2014-09-30": 0}, "Net Total Equity Issued/Repurchased": {"2020-12-31": "", "2020-09-30": 0, "2020-06-30": 0, "2020-03-31": 0, "2019-12-31": "", "2019-09-30": 0, "2019-06-30": 0, "2019-03-31": 0, "2018-12-31": "", "2018-09-30": 0, "2018-06-30": 0, "2018-03-31": 0, "2017-12-31": "", "2017-09-30": 0, "2017-06-30": -40, "2017-03-31": 0, "2016-12-31": "", "2016-09-30": 0, "2016-06-30": 0, "2016-03-31": 0, "2015-12-31": "", "2015-09-30": 0, "2014-09-30": 0}, "Total Common And Preferred Stock Dividends Paid": {"2020-12-31": "", "2020-09-30": 0, "2020-06-30": 0, "2020-03-31": 0, "2019-12-31": "", "2019-09-30": 0, "2019-06-30": 0, "2019-03-31": 0, "2018-12-31": "-26.00000", "2018-09-30": -26, "2018-06-30": -26, "2018-03-31": -25, "2017-12-31": "-26.00000", "2017-09-30": -26, "2017-06-30": -26, "2017-03-31": 0, "2016-12-31": "", "2016-09-30": 0, "2016-06-30": 0, "2016-03-31": 0, "2015-12-31": "", "2015-09-30": 0, "2014-09-30": 0}, "Financial Activities - Other": {"2020-12-31": "-53.00000", "2020-09-30": -4, "2020-06-30": -17, "2020-03-31": -7, "2019-12-31": "-55.00000", "2019-09-30": -11, "2019-06-30": -48, "2019-03-31": -11, "2018-12-31": "-14.00000", "2018-09-30": -17, "2018-06-30": -21, "2018-03-31": -15, "2017-12-31": "-24.00000", "2017-09-30": -31, "2017-06-30": -31, "2017-03-31": 83, "2016-12-31": "824.00000", "2016-09-30": 119, "2016-06-30": 144, "2016-03-31": -216, "2015-12-31": "-18.00000", "2015-09-30": 371, "2014-09-30": -246}, "Cash Flow From Financial Activities": {"2020-12-31": "-68.00000", "2020-09-30": -286, "2020-06-30": -73, "2020-03-31": 826, "2019-12-31": "-74.00000", "2019-09-30": 3, "2019-06-30": 349, "2019-03-31": -11, "2018-12-31": "-38.00000", "2018-09-30": -51, "2018-06-30": -207, "2018-03-31": 94, "2017-12-31": "-49.00000", "2017-09-30": -27, "2017-06-30": -128, "2017-03-31": -51, "2016-12-31": "833.00000", "2016-09-30": 1607, "2016-06-30": 30, "2016-03-31": -125, "2015-12-31": "4.00000", "2015-09-30": 318, "2014-09-30": -225}, "Net Cash Flow": {"2020-12-31": "128.00000", "2020-09-30": 660, "2020-06-30": -608, "2020-03-31": 675, "2019-12-31": "41.00000", "2019-09-30": -101, "2019-06-30": 534, "2019-03-31": 85, "2018-12-31": "-281.00000", "2018-09-30": 309, "2018-06-30": 25, "2018-03-31": -37, "2017-12-31": "-319.00000", "2017-09-30": 40, "2017-06-30": -60, "2017-03-31": 20, "2016-12-31": "604.00000", "2016-09-30": -15, "2016-06-30": 54, "2016-03-31": 8, "2015-12-31": "14.00000", "2015-09-30": 24, "2014-09-30": -25}, "Stock-Based Compensation": {"2020-12-31": "13.00000", "2020-09-30": 7, "2020-06-30": 7, "2020-03-31": -3, "2019-12-31": "4.00000", "2019-09-30": 4, "2019-06-30": 8, "2019-03-31": 2, "2018-12-31": "6.00000", "2018-09-30": 4, "2018-06-30": 13, "2018-03-31": 14, "2017-12-31": "16.00000", "2017-09-30": 12, "2017-06-30": 11, "2017-03-31": 16, "2016-12-31": "6.00000", "2016-09-30": 8, "2016-06-30": 14, "2016-03-31": 5, "2015-12-31": "1.00000", "2015-09-30": 0, "2014-09-30": 0}, "Common Stock Dividends Paid": {"2020-12-31": "", "2020-09-30": 0, "2020-06-30": 0, "2020-03-31": 0, "2019-12-31": "", "2019-09-30": 0, "2019-06-30": 0, "2019-03-31": 0, "2018-12-31": "-26.00000", "2018-09-30": -26, "2018-06-30": -26, "2018-03-31": -25, "2017-12-31": "-26.00000", "2017-09-30": -26, "2017-06-30": -26, "2017-03-31": 0, "2016-12-31": "", "2016-09-30": 0, "2016-06-30": 0, "2016-03-31": 0, "2015-12-31": "", "2015-09-30": 0, "2014-09-30": 0}}, "financial ratios": {"Current Ratio": {"2020-09-30": "1.17360", "2019-09-30": "1.07330", "2018-09-30": "1.02790", "2017-09-30": "1.03950", "2016-09-30": "1.33590", "2015-09-30": "0.94890", "2014-09-30": ""}, "Long-term Debt / Capital": {"2020-09-30": "0.72750", "2019-09-30": "0.62880", "2018-09-30": "0.55740", "2017-09-30": "0.42830", "2016-09-30": "0.44420", "2015-09-30": "0.00600", "2014-09-30": ""}, "Debt/Equity Ratio": {"2020-09-30": "2.80590", "2019-09-30": "1.70760", "2018-09-30": "1.26240", "2017-09-30": "0.75740", "2016-09-30": "0.81750", "2015-09-30": "0.01020", "2014-09-30": ""}, "Gross Margin": {"2020-09-30": "4.67250", "2019-09-30": "4.84690", "2018-09-30": "5.18380", "2017-09-30": "8.68440", "2016-09-30": "9.58310", "2015-09-30": "9.22720", "2014-09-30": "8.86080"}, "Operating Margin": {"2020-09-30": "0.26840", "2019-09-30": "0.78660", "2018-09-30": "0.99780", "2017-09-30": "4.42240", "2016-09-30": "2.30490", "2015-09-30": "3.59220", "2014-09-30": "2.92640"}, "EBIT Margin": {"2020-09-30": "0.26840", "2019-09-30": "0.78660", "2018-09-30": "0.99780", "2017-09-30": "4.42240", "2016-09-30": "2.30490", "2015-09-30": "3.59220", "2014-09-30": "2.92640"}, "EBITDA Margin": {"2020-09-30": "2.88870", "2019-09-30": "2.71090", "2018-09-30": "3.56100", "2017-09-30": "6.63050", "2016-09-30": "4.35380", "2015-09-30": "5.32110", "2014-09-30": "4.90900"}, "Pre-Tax Profit Margin": {"2020-09-30": "-3.38600", "2019-09-30": "0.01210", "2018-09-30": "-6.42810", "2017-09-30": "6.54410", "2016-09-30": "2.24540", "2015-09-30": "4.77800", "2014-09-30": "3.03980"}, "Net Profit Margin": {"2020-09-30": "-4.31730", "2019-09-30": "-2.97110", "2018-09-30": "-9.66230", "2017-09-30": "5.40920", "2016-09-30": "-9.20790", "2015-09-30": "2.36660", "2014-09-30": "1.39290"}, "Asset Turnover": {"2020-09-30": "1.23480", "2019-09-30": "1.59800", "2018-09-30": "1.59380", "2017-09-30": "1.23110", "2016-09-30": "1.29590", "2015-09-30": "1.92310", "2014-09-30": ""}, "Inventory Turnover Ratio": {"2020-09-30": "17.63210", "2019-09-30": "19.82980", "2018-09-30": "20.06680", "2017-09-30": "20.14290", "2016-09-30": "23.00150", "2015-09-30": "25.99000", "2014-09-30": ""}, "Receiveable Turnover": {"2020-09-30": "7.72090", "2019-09-30": "8.67510", "2018-09-30": "8.34000", "2017-09-30": "7.29000", "2016-09-30": "8.06440", "2015-09-30": "9.40530", "2014-09-30": ""}, "Days Sales In Receivables": {"2020-09-30": "47.27430", "2019-09-30": "42.07460", "2018-09-30": "43.76480", "2017-09-30": "50.06850", "2016-09-30": "45.26090", "2015-09-30": "38.80770", "2014-09-30": ""}, "ROE - Return On Equity": {"2020-09-30": "-31.66120", "2019-09-30": "-18.63870", "2018-09-30": "-58.92530", "2017-09-30": "20.94950", "2016-09-30": "-33.94470", "2015-09-30": "9.38100", "2014-09-30": ""}, "Return On Tangible Equity": {"2020-09-30": "50.36270", "2019-09-30": "111.47540", "2018-09-30": "-2134.66700", "2017-09-30": "62.71190", "2016-09-30": "-72.55580", "2015-09-30": "15.55490", "2014-09-30": ""}, "ROA - Return On Assets": {"2020-09-30": "-4.73640", "2019-09-30": "-3.94510", "2018-09-30": "-14.63170", "2017-09-30": "7.30450", "2016-09-30": "-11.28440", "2015-09-30": "5.18350", "2014-09-30": ""}, "ROI - Return On Investment": {"2020-09-30": "-8.62930", "2019-09-30": "-6.91880", "2018-09-30": "-26.07920", "2017-09-30": "11.97710", "2016-09-30": "-18.86700", "2015-09-30": "9.32440", "2014-09-30": ""}, "Book Value Per Share": {"2020-09-30": "16.34820", "2019-09-30": "23.38150", "2018-09-30": "29.09120", "2017-09-30": "49.30110", "2016-09-30": "45.97960", "2015-09-30": "61.56590", "2014-09-30": ""}, "Operating Cash Flow Per Share": {"2020-09-30": -0.668, "2019-09-30": -3.987, "2018-09-30": -0.667, "2017-09-30": 18.9798, "2016-09-30": -15.2676, "2015-09-30": -4.2644, "2014-09-30": 8.4968}, "Free Cash Flow Per Share": {"2020-09-30": 0.2899, "2019-09-30": -3.0837, "2018-09-30": -0.1676, "2017-09-30": 17.7967, "2016-09-30": -14.9206, "2015-09-30": -3.0491, "2014-09-30": 2.4414}}, "financial ratios, quarterly": {"Current Ratio": {"2020-09-30": "1.17360", "2020-06-30": "1.12200", "2020-03-31": "1.01260", "2019-12-31": "1.03150", "2019-09-30": "1.07330", "2019-06-30": "1.07320", "2019-03-31": "0.98050", "2018-12-31": "0.99810", "2018-09-30": "1.02790", "2018-06-30": "1.03650", "2018-03-31": "1.03630", "2017-12-31": "1.02100", "2017-09-30": "1.03950", "2017-06-30": "1.08850", "2017-03-31": "1.08640", "2016-12-31": "1.04180", "2016-09-30": "1.33590", "2016-06-30": "", "2016-03-31": "", "2015-12-31": "", "2015-09-30": "", "2014-09-30": ""}, "Long-term Debt / Capital": {"2020-09-30": "0.72750", "2020-06-30": "0.72510", "2020-03-31": "0.66380", "2019-12-31": "0.64220", "2019-09-30": "0.62880", "2019-06-30": "0.62250", "2019-03-31": "0.56190", "2018-12-31": "0.55510", "2018-09-30": "0.55740", "2018-06-30": "0.45170", "2018-03-31": "0.44350", "2017-12-31": "0.43870", "2017-09-30": "0.42830", "2017-06-30": "0.45440", "2017-03-31": "0.46840", "2016-12-31": "0.49750", "2016-09-30": "0.44420", "2016-06-30": "", "2016-03-31": "", "2015-12-31": "", "2015-09-30": "", "2014-09-30": ""}, "Debt/Equity Ratio": {"2020-09-30": "2.80590", "2020-06-30": "2.87980", "2020-03-31": "2.42330", "2019-12-31": "1.80130", "2019-09-30": "1.70760", "2019-06-30": "1.65590", "2019-03-31": "1.28630", "2018-12-31": "1.25150", "2018-09-30": "1.26240", "2018-06-30": "0.82810", "2018-03-31": "0.83690", "2017-12-31": "0.79050", "2017-09-30": "0.75740", "2017-06-30": "0.83430", "2017-03-31": "0.88610", "2016-12-31": "1.02060", "2016-09-30": "0.81750", "2016-06-30": "", "2016-03-31": "", "2015-12-31": "", "2015-09-30": "", "2014-09-30": ""}, "Gross Margin": {"2020-09-30": "6.81120", "2020-06-30": "-9.40960", "2020-03-31": "6.75020", "2019-12-31": "6.68190", "2019-09-30": "5.43230", "2019-06-30": "5.00120", "2019-03-31": "4.65940", "2018-12-31": "4.32900", "2018-09-30": "4.24610", "2018-06-30": "5.45170", "2018-03-31": "6.13580", "2017-12-31": "4.78120", "2017-09-30": "7.74060", "2017-06-30": "9.25880", "2017-03-31": "9.02170", "2016-12-31": "8.69350", "2016-09-30": "9.36620", "2016-06-30": "10.22470", "2016-03-31": "10.00470", "2015-12-31": "8.69360", "2015-09-30": "", "2014-09-30": ""}, "Operating Margin": {"2020-09-30": "2.61330", "2020-06-30": "-16.48220", "2020-03-31": "3.13300", "2019-12-31": "2.48980", "2019-09-30": "1.35170", "2019-06-30": "1.09030", "2019-03-31": "0.68590", "2018-12-31": "0.04810", "2018-09-30": "0.50660", "2018-06-30": "1.31290", "2018-03-31": "1.93650", "2017-12-31": "0.11890", "2017-09-30": "4.54890", "2017-06-30": "5.04120", "2017-03-31": "4.78460", "2016-12-31": "3.30350", "2016-09-30": "-0.94940", "2016-06-30": "3.00320", "2016-03-31": "4.14150", "2015-12-31": "2.71670", "2015-09-30": "", "2014-09-30": ""}, "EBIT Margin": {"2020-09-30": "2.61330", "2020-06-30": "-16.48220", "2020-03-31": "3.13300", "2019-12-31": "2.48980", "2019-09-30": "1.35170", "2019-06-30": "1.09030", "2019-03-31": "0.68590", "2018-12-31": "0.04810", "2018-09-30": "0.50660", "2018-06-30": "1.31290", "2018-03-31": "1.93650", "2017-12-31": "0.11890", "2017-09-30": "4.54890", "2017-06-30": "5.04120", "2017-03-31": "4.78460", "2016-12-31": "3.30350", "2016-09-30": "-0.94940", "2016-06-30": "3.00320", "2016-03-31": "4.14150", "2015-12-31": "2.71670", "2015-09-30": "", "2014-09-30": ""}, "EBITDA Margin": {"2020-09-30": "", "2020-06-30": "", "2020-03-31": "", "2019-12-31": "", "2019-09-30": "", "2019-06-30": "", "2019-03-31": "", "2018-12-31": "", "2018-09-30": "", "2018-06-30": "", "2018-03-31": "", "2017-12-31": "", "2017-09-30": "", "2017-06-30": "", "2017-03-31": "", "2016-12-31": "", "2016-09-30": "", "2016-06-30": "", "2016-03-31": "", "2015-12-31": "", "2015-09-30": "", "2014-09-30": ""}, "Pre-Tax Profit Margin": {"2020-09-30": "-0.91740", "2020-06-30": "-20.04920", "2020-03-31": "0.51270", "2019-12-31": "-2.23580", "2019-09-30": "0.33150", "2019-06-30": "0.71110", "2019-03-31": "-1.46640", "2018-12-31": "0.50510", "2018-09-30": "-26.03140", "2018-06-30": "1.33510", "2018-03-31": "-3.72060", "2017-12-31": "1.64130", "2017-09-30": "8.94700", "2017-06-30": "6.53860", "2017-03-31": "5.97480", "2016-12-31": "4.76900", "2016-09-30": "-1.41130", "2016-06-30": "3.27830", "2016-03-31": "1.90790", "2015-12-31": "4.89010", "2015-09-30": "", "2014-09-30": ""}, "Net Profit Margin": {"2020-09-30": "-1.00080", "2020-06-30": "-19.98770", "2020-03-31": "-0.54120", "2019-12-31": "-4.24290", "2019-09-30": "-0.10200", "2019-06-30": "-7.60840", "2019-03-31": "-3.52410", "2018-12-31": "-0.40890", "2018-09-30": "-32.69000", "2018-06-30": "1.20160", "2018-03-31": "-3.65540", "2017-12-31": "-5.13800", "2017-09-30": "8.64540", "2017-06-30": "5.01620", "2017-03-31": "4.52270", "2016-12-31": "3.52710", "2016-09-30": "-22.83810", "2016-06-30": "-0.32100", "2016-03-31": "-18.12470", "2015-12-31": "3.23650", "2015-09-30": "", "2014-09-30": ""}, "Asset Turnover": {"2020-09-30": "0.35060", "2020-06-30": "0.16900", "2020-03-31": "0.32980", "2019-12-31": "0.37980", "2019-09-30": "0.37910", "2019-06-30": "0.39900", "2019-03-31": "0.39980", "2018-12-31": "0.40140", "2018-09-30": "0.37880", "2018-06-30": "0.36420", "2018-03-31": "0.35110", "2017-12-31": "0.33250", "2017-09-30": "0.30210", "2017-06-30": "0.33230", "2017-03-31": "0.35250", "2016-12-31": "0.35760", "2016-09-30": "0.30080", "2016-06-30": "", "2016-03-31": "", "2015-12-31": "", "2015-09-30": "", "2014-09-30": ""}, "Inventory Turnover Ratio": {"2020-09-30": "4.89340", "2020-06-30": "2.41380", "2020-03-31": "4.22450", "2019-12-31": "4.75780", "2019-09-30": "4.67590", "2019-06-30": "5.11880", "2019-03-31": "4.86840", "2018-12-31": "4.74140", "2018-09-30": "4.81670", "2018-06-30": "5.48970", "2018-03-31": "5.52370", "2017-12-31": "5.25330", "2017-09-30": "4.99460", "2017-06-30": "5.55960", "2017-03-31": "5.92560", "2016-12-31": "5.78900", "2016-09-30": "5.35150", "2016-06-30": "", "2016-03-31": "", "2015-12-31": "", "2015-09-30": "", "2014-09-30": ""}, "Receiveable Turnover": {"2020-09-30": "2.19200", "2020-06-30": "1.40050", "2020-03-31": "2.61240", "2019-12-31": "2.58610", "2019-09-30": "2.05830", "2019-06-30": "2.27680", "2019-03-31": "2.13970", "2018-12-31": "2.35450", "2018-09-30": "1.98230", "2018-06-30": "2.01160", "2018-03-31": "1.78140", "2017-12-31": "2.02700", "2017-09-30": "1.78910", "2017-06-30": "1.98860", "2017-03-31": "1.91220", "2016-12-31": "2.20840", "2016-09-30": "1.87180", "2016-06-30": "", "2016-03-31": "", "2015-12-31": "", "2015-09-30": "", "2014-09-30": ""}, "Days Sales In Receivables": {"2020-09-30": "41.05920", "2020-06-30": "64.26200", "2020-03-31": "34.45170", "2019-12-31": "34.80180", "2019-09-30": "43.72610", "2019-06-30": "39.52830", "2019-03-31": "42.06240", "2018-12-31": "38.22510", "2018-09-30": "45.40170", "2018-06-30": "44.73970", "2018-03-31": "50.52220", "2017-12-31": "44.40060", "2017-09-30": "50.30410", "2017-06-30": "45.25830", "2017-03-31": "47.06740", "2016-12-31": "40.75260", "2016-09-30": "48.08310", "2016-06-30": "", "2016-03-31": "", "2015-12-31": "", "2015-09-30": "", "2014-09-30": ""}, "ROE - Return On Equity": {"2020-09-30": "-0.97720", "2020-06-30": "-21.05600", "2020-03-31": "0.10620", "2019-12-31": "-6.81380", "2019-09-30": "0.68520", "2019-06-30": "-13.50290", "2019-03-31": "-4.79090", "2018-12-31": "0.40380", "2018-09-30": "-49.13510", "2018-06-30": "1.75780", "2018-03-31": "-3.25370", "2017-12-31": "-4.42540", "2017-09-30": "7.86150", "2017-06-30": "5.47370", "2017-03-31": "5.65690", "2016-12-31": "4.83630", "2016-09-30": "-20.13000", "2016-06-30": "", "2016-03-31": "", "2015-12-31": "", "2015-09-30": "", "2014-09-30": ""}, "Return On Tangible Equity": {"2020-09-30": "1.55440", "2020-06-30": "40.51410", "2020-03-31": "-0.38760", "2019-12-31": "30.34190", "2019-09-30": "-4.09840", "2019-06-30": "94.18960", "2019-03-31": "-525.00000", "2018-12-31": "11.00000", "2018-09-30": "-1780.00000", "2018-06-30": "5.08360", "2018-03-31": "-9.11990", "2017-12-31": "-14.50780", "2017-09-30": "23.53330", "2017-06-30": "12.51400", "2017-03-31": "13.63930", "2016-12-31": "13.58740", "2016-09-30": "-43.02730", "2016-06-30": "", "2016-03-31": "", "2015-12-31": "", "2015-09-30": "", "2014-09-30": ""}, "ROA - Return On Assets": {"2020-09-30": "-0.14620", "2020-06-30": "-3.44110", "2020-03-31": "0.01880", "2019-12-31": "-1.37010", "2019-09-30": "0.14500", "2019-06-30": "-2.91280", "2019-03-31": "-1.19160", "2018-12-31": "0.10620", "2018-09-30": "-12.20070", "2018-06-30": "0.59170", "2018-03-31": "-1.09250", "2017-12-31": "-1.55030", "2017-09-30": "2.74110", "2017-06-30": "1.84910", "2017-03-31": "1.79550", "2016-12-31": "1.45690", "2016-09-30": "-6.69190", "2016-06-30": "", "2016-03-31": "", "2015-12-31": "", "2015-09-30": "", "2014-09-30": ""}, "ROI - Return On Investment": {"2020-09-30": "-0.26630", "2020-06-30": "-5.78770", "2020-03-31": "0.03570", "2019-12-31": "-2.43820", "2019-09-30": "0.25440", "2019-06-30": "-5.09680", "2019-03-31": "-2.09900", "2018-12-31": "0.17970", "2018-09-30": "-21.74620", "2018-06-30": "0.96370", "2018-03-31": "-1.81060", "2017-12-31": "-2.48420", "2017-09-30": "4.49450", "2017-06-30": "2.98650", "2017-03-31": "3.00730", "2016-12-31": "2.43040", "2016-09-30": "-11.18850", "2016-06-30": "", "2016-03-31": "", "2015-12-31": "", "2015-09-30": "", "2014-09-30": ""}, "Book Value Per Share": {"2020-09-30": "16.34820", "2020-06-30": "16.74400", "2020-03-31": "20.05770", "2019-12-31": "22.21910", "2019-09-30": "23.38150", "2019-06-30": "24.36420", "2019-03-31": "28.09530", "2018-12-31": "29.12810", "2018-09-30": "29.09120", "2018-06-30": "44.47800", "2018-03-31": "47.07080", "2017-12-31": "47.45320", "2017-09-30": "49.30110", "2017-06-30": "43.74670", "2017-03-31": "40.38650", "2016-12-31": "36.19000", "2016-09-30": "45.97960", "2016-06-30": "", "2016-03-31": "", "2015-12-31": "", "2015-09-30": "", "2014-09-30": ""}, "Operating Cash Flow Per Share": {"2020-09-30": 5.5193, "2020-06-30": -4.8477, "2020-03-31": -0.5997, "2019-12-31": "2.55070", "2019-09-30": 0.0214, "2019-06-30": 2.8414, "2019-03-31": 1.7968, "2018-12-31": "-1.36900", "2018-09-30": 4.7162, "2018-06-30": 4.1674, "2018-03-31": -0.2433, "2017-12-31": "-1.36270", "2017-09-30": 4.7497, "2017-06-30": 1.6752, "2017-03-31": 1.6581, "2016-12-31": "-0.13840", "2016-09-30": -15.7737, "2016-06-30": 1.6008, "2016-03-31": 2.1782, "2015-12-31": "0.95950", "2015-09-30": 0, "2014-09-30": 0}, "Free Cash Flow Per Share": {"2020-09-30": 4.8981, "2020-06-30": -5.6124, "2020-03-31": -1.5582, "2019-12-31": "1.57950", "2019-09-30": -1.2073, "2019-06-30": 1.8715, "2019-03-31": 0.8663, "2018-12-31": "-2.51340", "2018-09-30": 3.7977, "2018-06-30": 2.7356, "2018-03-31": -1.557, "2017-12-31": "-2.87550", "2017-09-30": 3.2269, "2017-06-30": 0.5505, "2017-03-31": 0.6955, "2016-12-31": "-2.20450", "2016-09-30": -17.0865, "2016-06-30": 0.2882, "2016-03-31": 1.3873, "2015-12-31": "-0.11730", "2015-09-30": 0, "2014-09-30": 0}}, "revenue": {"Adient Annual Revenue (Millions of US $)": {"2020": "$12,670", "2019": "$16,526", "2018": "$17,439", "2017": "$16,213", "2016": "$16,790", "2015": "$20,071", "2014": "$22,041"}, "Adient Quarterly Revenue (Millions of US $)": {"2020-12-31": "$3,848", "2020-09-30": "$3,597", "2020-06-30": "$1,626", "2020-03-31": "$3,511", "2019-12-31": "$3,936", "2019-09-30": "$3,921", "2019-06-30": "$4,219", "2019-03-31": "$4,228", "2018-12-31": "$4,158", "2018-09-30": "$4,145", "2018-06-30": "$4,494", "2018-03-31": "$4,596", "2017-12-31": "$4,204", "2017-09-30": "$3,979", "2017-06-30": "$4,007", "2017-03-31": "$4,201", "2016-12-31": "$4,026", "2016-09-30": "$3,897", "2016-06-30": "$4,362", "2016-03-31": "$4,298", "2015-12-31": "$4,233", "2015-09-30": "", "2014-09-30": ""}}, "gross-profit": {"Adient Annual Gross Profit (Millions of US $)": {"2020": "$592", "2019": "$801", "2018": "$904", "2017": "$1,408", "2016": "$1,609", "2015": "$1,852", "2014": "$1,953"}, "Adient Quarterly Gross Profit (Millions of US $)": {"2020-12-31": "$341", "2020-09-30": "$245", "2020-06-30": "$-153", "2020-03-31": "$237", "2019-12-31": "$263", "2019-09-30": "$213", "2019-06-30": "$211", "2019-03-31": "$197", "2018-12-31": "$180", "2018-09-30": "$176", "2018-06-30": "$245", "2018-03-31": "$282", "2017-12-31": "$201", "2017-09-30": "$308", "2017-06-30": "$371", "2017-03-31": "$379", "2016-12-31": "$350", "2016-09-30": "$365", "2016-06-30": "$446", "2016-03-31": "$430", "2015-12-31": "$368", "2015-09-30": "", "2014-09-30": ""}}, "operating-income": {"Adient Annual Operating Income (Millions of US $)": {"2020": "$34", "2019": "$130", "2018": "$174", "2017": "$717", "2016": "$387", "2015": "$721", "2014": "$645"}, "Adient Quarterly Operating Income (Millions of US $)": {"2020-12-31": "$192", "2020-09-30": "$94", "2020-06-30": "$-268", "2020-03-31": "$110", "2019-12-31": "$98", "2019-09-30": "$53", "2019-06-30": "$46", "2019-03-31": "$29", "2018-12-31": "$2", "2018-09-30": "$21", "2018-06-30": "$59", "2018-03-31": "$89", "2017-12-31": "$5", "2017-09-30": "$181", "2017-06-30": "$202", "2017-03-31": "$201", "2016-12-31": "$133", "2016-09-30": "$-37", "2016-06-30": "$131", "2016-03-31": "$178", "2015-12-31": "$115", "2015-09-30": "", "2014-09-30": ""}}, "ebitda": {"Adient Annual EBITDA (Millions of US $)": {"2020": "$366", "2019": "$448", "2018": "$621", "2017": "$1,075", "2016": "$731", "2015": "$1,068", "2014": "$1,082"}, "Adient Quarterly EBITDA (Millions of US $)": {"2020-09-30": "$185", "2020-06-30": "$-193", "2020-03-31": "$192", "2019-12-31": "$182", "2019-09-30": "$135", "2019-06-30": "$125", "2019-03-31": "$111", "2018-12-31": "$77", "2018-09-30": "$132", "2018-06-30": "$174", "2018-03-31": "$202", "2017-12-31": "$113", "2017-09-30": "$278", "2017-06-30": "$290", "2017-03-31": "$286", "2016-12-31": "$221", "2016-09-30": "$54", "2016-06-30": "$212", "2016-03-31": "$264", "2015-12-31": "$201", "2015-09-30": "", "2014-09-30": ""}}, "net-income": {"Adient Annual Net Income (Millions of US $)": {"2020": "$-547", "2019": "$-491", "2018": "$-1,685", "2017": "$877", "2016": "$-1,546", "2015": "$475", "2014": "$307"}, "Adient Quarterly Net Income (Millions of US $)": {"2020-12-31": "$150", "2020-09-30": "$-36", "2020-06-30": "$-325", "2020-03-31": "$-19", "2019-12-31": "$-167", "2019-09-30": "$-4", "2019-06-30": "$-321", "2019-03-31": "$-149", "2018-12-31": "$-17", "2018-09-30": "$-1,355", "2018-06-30": "$54", "2018-03-31": "$-168", "2017-12-31": "$-216", "2017-09-30": "$344", "2017-06-30": "$201", "2017-03-31": "$190", "2016-12-31": "$142", "2016-09-30": "$-890", "2016-06-30": "$-14", "2016-03-31": "$-779", "2015-12-31": "$137", "2015-09-30": "", "2014-09-30": ""}}, "eps-earnings-per-share-diluted": {"Adient Annual EPS": {"2020": "$-5.83", "2019": "$-5.25", "2018": "$-18.06", "2017": "$9.34", "2016": "$-16.50", "2015": "$5.06", "2014": "$3.27"}, "Adient Quarterly EPS": {"2020-12-31": "$1.58", "2020-09-30": "$-0.39", "2020-06-30": "$-3.46", "2020-03-31": "$-0.20", "2019-12-31": "$-1.78", "2019-09-30": "$-0.05", "2019-06-30": "$-3.43", "2019-03-31": "$-1.59", "2018-12-31": "$-0.18", "2018-09-30": "$-14.52", "2018-06-30": "$0.58", "2018-03-31": "$-1.80", "2017-12-31": "$-2.32", "2017-09-30": "$3.67", "2017-06-30": "$2.14", "2017-03-31": "$2.02", "2016-12-31": "$1.51", "2016-09-30": "$-9.50", "2016-06-30": "$-0.15", "2016-03-31": "$-8.31", "2015-12-31": "$1.46", "2015-09-30": "$0.00", "2014-09-30": "$0.00"}}, "shares-outstanding": {"Adient Annual Shares Outstanding (Millions of Shares)": {"2020": "94", "2019": "94", "2018": "93", "2017": "94", "2016": "94", "2015": "94", "2014": "94"}, "Adient Quarterly Shares Outstanding (Millions of Shares)": {"2020-12-31": "95", "2020-09-30": "94", "2020-06-30": "94", "2020-03-31": "94", "2019-12-31": "94", "2019-09-30": "94", "2019-06-30": "94", "2019-03-31": "94", "2018-12-31": "94", "2018-09-30": "93", "2018-06-30": "94", "2018-03-31": "93", "2017-12-31": "93", "2017-09-30": "94", "2017-06-30": "94", "2017-03-31": "94", "2016-12-31": "94", "2016-09-30": "94", "2016-06-30": "94", "2016-03-31": "94", "2015-12-31": "94", "2015-09-30": "", "2014-09-30": ""}}, "total-assets": {"Adient Annual Total Assets (Millions of US $)": {"2020": "$10,261", "2019": "$10,342", "2018": "$10,942", "2017": "$13,170", "2016": "$12,956", "2015": "$10,437", "2014": "$0"}, "Adient Quarterly Total Assets (Millions of US $)": {"2020-09-30": "$10,261", "2020-06-30": "$9,619", "2020-03-31": "$10,646", "2019-12-31": "$10,364", "2019-09-30": "$10,342", "2019-06-30": "$10,574", "2019-03-31": "$10,574", "2018-12-31": "$10,358", "2018-09-30": "$10,942", "2018-06-30": "$12,338", "2018-03-31": "$13,089", "2017-12-31": "$12,643", "2017-09-30": "$13,170", "2017-06-30": "$12,060", "2017-03-31": "$11,919", "2016-12-31": "$11,257", "2016-09-30": "$12,956", "2016-06-30": "$0", "2016-03-31": "$0", "2015-12-31": "$0", "2015-09-30": "$10,437", "2014-09-30": "$0"}}, "cash-on-hand": {"Adient Annual Cash on Hand (Millions of US $)": {"2020": "$1,692", "2019": "$924", "2018": "$687", "2017": "$709", "2016": "$2,139", "2015": "$44", "2014": "$"}, "Adient Quarterly Cash on Hand (Millions of US $)": {"2020-09-30": "$1,692", "2020-06-30": "$1,032", "2020-03-31": "$1,640", "2019-12-31": "$965", "2019-09-30": "$924", "2019-06-30": "$1,025", "2019-03-31": "$491", "2018-12-31": "$406", "2018-09-30": "$687", "2018-06-30": "$378", "2018-03-31": "$353", "2017-12-31": "$390", "2017-09-30": "$709", "2017-06-30": "$669", "2017-03-31": "$729", "2016-12-31": "$709", "2016-09-30": "$2,139", "2016-06-30": "", "2016-03-31": "", "2015-12-31": "", "2015-09-30": "$44", "2014-09-30": ""}}, "long-term-debt": {"Adient Annual Long Term Debt (Millions of US $)": {"2020": "$4,097", "2019": "$3,708", "2018": "$3,422", "2017": "$3,440", "2016": "$3,442", "2015": "$35", "2014": "$"}, "Adient Quarterly Long Term Debt (Millions of US $)": {"2020-09-30": "$4,097", "2020-06-30": "$4,147", "2020-03-31": "$3,717", "2019-12-31": "$3,740", "2019-09-30": "$3,708", "2019-06-30": "$3,762", "2019-03-31": "$3,373", "2018-12-31": "$3,399", "2018-09-30": "$3,422", "2018-06-30": "$3,422", "2018-03-31": "$3,503", "2017-12-31": "$3,461", "2017-09-30": "$3,440", "2017-06-30": "$3,393", "2017-03-31": "$3,333", "2016-12-31": "$3,357", "2016-09-30": "$3,442", "2016-06-30": "", "2016-03-31": "", "2015-12-31": "", "2015-09-30": "$35", "2014-09-30": ""}}, "total-liabilities": {"Adient Annual Total Liabilities (Millions of US $)": {"2020": "$8,726", "2019": "$8,153", "2018": "$8,225", "2017": "$8,578", "2016": "$8,649", "2015": "$4,670", "2014": "$0"}, "Adient Quarterly Total Liabilities (Millions of US $)": {"2020-09-30": "$8,726", "2020-06-30": "$8,047", "2020-03-31": "$8,763", "2019-12-31": "$8,280", "2019-09-30": "$8,153", "2019-06-30": "$8,293", "2019-03-31": "$7,944", "2018-12-31": "$7,634", "2018-09-30": "$8,225", "2018-06-30": "$8,185", "2018-03-31": "$8,694", "2017-12-31": "$8,214", "2017-09-30": "$8,578", "2017-06-30": "$7,986", "2017-03-31": "$8,136", "2016-12-31": "$7,866", "2016-09-30": "$8,649", "2016-06-30": "", "2016-03-31": "", "2015-12-31": "", "2015-09-30": "$4,670", "2014-09-30": "$0"}}, "total-share-holder-equity": {"Adient Annual Share Holder Equity (Millions of US $)": {"2020": "$1,535", "2019": "$2,189", "2018": "$2,717", "2017": "$4,592", "2016": "$4,307", "2015": "$5,767", "2014": "$0"}, "Adient Quarterly Share Holder Equity (Millions of US $)": {"2020-09-30": "$1,535", "2020-06-30": "$1,572", "2020-03-31": "$1,883", "2019-12-31": "$2,084", "2019-09-30": "$2,189", "2019-06-30": "$2,281", "2019-03-31": "$2,630", "2018-12-31": "$2,724", "2018-09-30": "$2,717", "2018-06-30": "$4,153", "2018-03-31": "$4,395", "2017-12-31": "$4,429", "2017-09-30": "$4,592", "2017-06-30": "$4,074", "2017-03-31": "$3,783", "2016-12-31": "$3,391", "2016-09-30": "$4,307", "2016-06-30": "", "2016-03-31": "", "2015-12-31": "", "2015-09-30": "$5,767", "2014-09-30": "$0"}}, "profit-margins": {"current": "-4.32%"}, "gross margin": {"2020-12-31": "5.33%", "2020-09-30": "4.67%", "2020-06-30": "4.31%", "2020-03-31": "5.93%", "2019-12-31": "5.42%", "2019-09-30": "4.85%", "2019-06-30": "4.56%", "2019-03-31": "4.69%", "2018-12-31": "5.08%", "2018-09-30": "5.18%", "2018-06-30": "6.00%", "2018-03-31": "6.92%", "2017-12-31": "7.68%", "2017-09-30": "8.68%", "2017-06-30": "9.08%", "2017-03-31": "9.34%", "2016-12-31": "9.59%", "2016-09-30": "9.58%"}, "operating margin": {"2020-12-31": "1.02%", "2020-09-30": "0.27%", "2020-06-30": "-0.05%", "2020-03-31": "1.97%", "2019-12-31": "1.39%", "2019-09-30": "0.79%", "2019-06-30": "0.59%", "2019-03-31": "0.65%", "2018-12-31": "0.98%", "2018-09-30": "1.00%", "2018-06-30": "1.93%", "2018-03-31": "2.84%", "2017-12-31": "3.59%", "2017-09-30": "4.42%", "2017-06-30": "3.09%", "2017-03-31": "2.60%", "2016-12-31": "2.44%", "2016-09-30": "2.30%"}, "ebitda margin": {"2020-09-30": "2.89%", "2020-06-30": "2.43%", "2020-03-31": "4.07%", "2019-12-31": "3.39%", "2019-09-30": "2.71%", "2019-06-30": "2.66%", "2019-03-31": "2.90%", "2018-12-31": "3.36%", "2018-09-30": "3.56%", "2018-06-30": "4.44%", "2018-03-31": "5.26%", "2017-12-31": "5.90%", "2017-09-30": "6.63%", "2017-06-30": "5.28%", "2017-03-31": "4.69%", "2016-12-31": "4.53%", "2016-09-30": "4.35%"}, "pre tax profit margin": {"2020-12-31": "-0.92%", "2020-09-30": "-3.39%", "2020-06-30": "-2.95%", "2020-03-31": "-0.17%", "2019-12-31": "-0.66%", "2019-09-30": "0.01%", "2019-06-30": "-6.51%", "2019-03-31": "-6.23%", "2018-12-31": "-6.72%", "2018-09-30": "-6.43%", "2018-06-30": "1.82%", "2018-03-31": "3.07%", "2017-12-31": "5.72%", "2017-09-30": "6.54%", "2017-06-30": "4.03%", "2017-03-31": "3.22%", "2016-12-31": "2.18%", "2016-09-30": "2.25%"}, "net profit margin": {"2020-12-31": "-1.83%", "2020-09-30": "-4.32%", "2020-06-30": "-3.96%", "2020-03-31": "-3.28%", "2019-12-31": "-3.93%", "2019-09-30": "-2.97%", "2019-06-30": "-11.00%", "2019-03-31": "-8.62%", "2018-12-31": "-8.54%", "2018-09-30": "-9.66%", "2018-06-30": "0.08%", "2018-03-31": "0.96%", "2017-12-31": "3.17%", "2017-09-30": "5.41%", "2017-06-30": "-2.21%", "2017-03-31": "-3.47%", "2016-12-31": "-9.29%", "2016-09-30": "-9.21%"}, "pe ratio": {"current": "52.76", "2021-02-05": "0.00", "2020-12-31": "0.00", "2020-09-30": "0.00", "2020-06-30": "0.00", "2020-03-31": "0.00", "2019-12-31": "0.00", "2019-09-30": "0.00", "2019-06-30": "0.00", "2019-03-31": "0.00", "2018-12-31": "0.00", "2018-09-30": "0.00", "2018-06-30": "373.03", "2018-03-31": "34.11", "2017-12-31": "13.85", "2017-09-30": "8.65"}, "price sales": {"2021-02-05": "0.28", "2020-12-31": "0.26", "2020-09-30": "0.13", "2020-06-30": "0.12", "2020-03-31": "0.05", "2019-12-31": "0.12", "2019-09-30": "0.13", "2019-06-30": "0.14", "2019-03-31": "0.07", "2018-12-31": "0.08", "2018-09-30": "0.21", "2018-06-30": "0.26", "2018-03-31": "0.33", "2017-12-31": "0.44", "2017-09-30": "0.47"}, "price book": {"current": "2.26", "2021-02-05": "2.26", "2020-09-30": "1.06", "2020-06-30": "0.98", "2020-03-31": "0.45", "2019-12-31": "0.96", "2019-09-30": "0.98", "2019-06-30": "1.00", "2019-03-31": "0.46", "2018-12-31": "0.52", "2018-09-30": "1.34", "2018-06-30": "1.09", "2018-03-31": "1.25", "2017-12-31": "1.62", "2017-09-30": "1.66", "2017-06-30": "1.45", "2017-03-31": "1.75", "2016-12-31": "1.57"}, "price fcf": {"2021-02-05": "", "2020-09-30": "$-0.69", "2020-06-30": "$-6.80", "2020-03-31": "$0.69", "2019-12-31": "$3.11", "2019-09-30": "$-0.98", "2019-06-30": "$4.02", "2019-03-31": "$4.89", "2018-12-31": "$2.46", "2018-09-30": "$2.10", "2018-06-30": "$1.53", "2018-03-31": "$-0.66", "2017-12-31": "$1.60", "2017-09-30": "$2.27"}, "net worth": {"value": "$3.48B"}, "current ratio": {"2020-12-31": "1.25", "2020-09-30": "1.17", "2020-06-30": "1.12", "2020-03-31": "1.01", "2019-12-31": "1.03", "2019-09-30": "1.07", "2019-06-30": "1.07", "2019-03-31": "0.98", "2018-12-31": "1.00", "2018-09-30": "1.03", "2018-06-30": "1.04", "2018-03-31": "1.04", "2017-12-31": "1.02", "2017-09-30": "1.04", "2017-06-30": "1.09", "2017-03-31": "1.09", "2016-12-31": "1.04", "2016-09-30": "1.34", "2016-06-30": "0.00", "2016-03-31": "0.00", "2015-12-31": "0.00", "2015-09-30": "0.95", "2014-09-30": "0.00"}, "quick ratio": {"2020-12-31": "1.06", "2020-09-30": "0.99", "2020-06-30": "0.88", "2020-03-31": "0.83", "2019-12-31": "0.82", "2019-09-30": "0.87", "2019-06-30": "0.88", "2019-03-31": "0.77", "2018-12-31": "0.77", "2018-09-30": "0.83", "2018-06-30": "0.84", "2018-03-31": "0.86", "2017-12-31": "0.83", "2017-09-30": "0.87", "2017-06-30": "0.92", "2017-03-31": "0.93", "2016-12-31": "0.88", "2016-09-30": "1.18", "2016-06-30": "0.00", "2016-03-31": "0.00", "2015-12-31": "0.00", "2015-09-30": "0.77", "2014-09-30": "0.00"}, "debt equity ratio": {"current": "2.67", "2020-12-31": "4.87", "2020-09-30": "5.69", "2020-06-30": "5.12", "2020-03-31": "4.65", "2019-12-31": "3.97", "2019-09-30": "3.73", "2019-06-30": "3.64", "2019-03-31": "3.02", "2018-12-31": "2.80", "2018-09-30": "3.03", "2018-06-30": "1.97", "2018-03-31": "1.98", "2017-12-31": "1.86", "2017-09-30": "1.87", "2017-06-30": "1.96", "2017-03-31": "2.15", "2016-12-31": "2.32", "2016-09-30": "2.01", "2016-06-30": "0.00", "2016-03-31": "0.00", "2015-12-31": "0.00", "2015-09-30": "0.81", "2014-09-30": "0.00"}, "return on equity": {"2020-12-31": "-13.56%", "2020-09-30": "-30.93%", "2020-06-30": "-26.66%", "2020-03-31": "-24.23%", "2019-12-31": "-27.92%", "2019-09-30": "-19.99%", "2019-06-30": "-71.17%", "2019-03-31": "-48.00%", "2018-12-31": "-42.49%", "2018-09-30": "-42.95%", "2018-06-30": "0.32%", "2018-03-31": "3.68%", "2017-12-31": "12.30%", "2017-09-30": "22.15%", "2017-06-30": "-9.18%", "2017-03-31": "-19.93%", "2016-12-31": "-80.07%", "2016-09-30": "-143.58%"}, "return on assets": {"2020-12-31": "-2.24%", "2020-09-30": "-5.35%", "2020-06-30": "-5.03%", "2020-03-31": "-4.88%", "2019-12-31": "-6.13%", "2019-09-30": "-4.69%", "2019-06-30": "-17.36%", "2019-03-31": "-13.27%", "2018-12-31": "-12.72%", "2018-09-30": "-13.75%", "2018-06-30": "0.11%", "2018-03-31": "1.26%", "2017-12-31": "4.17%", "2017-09-30": "7.25%", "2017-06-30": "-2.96%", "2017-03-31": "-6.33%", "2016-12-31": "-25.46%", "2016-09-30": "-47.73%"}, "return on investments": {"2020-12-31": "2.22%", "2020-09-30": "0.60%", "2020-06-30": "-0.12%", "2020-03-31": "5.26%", "2019-12-31": "3.80%", "2019-09-30": "2.16%", "2019-06-30": "1.61%", "2019-03-31": "1.72%", "2018-12-31": "2.47%", "2018-09-30": "2.36%", "2018-06-30": "4.26%", "2018-03-31": "6.10%", "2017-12-31": "7.72%", "2017-09-30": "9.77%", "2017-06-30": "6.86%", "2017-03-31": "7.92%", "2016-12-31": "11.17%", "2016-09-30": "19.98%"}, "return on tangible equity": {"2020-09-30": "79.10%", "2020-06-30": "95.06%", "2020-03-31": "121.88%", "2019-12-31": "225.51%", "2019-09-30": "345.17%", "2019-06-30": "5756.25%", "2019-03-31": "-358.90%", "2018-12-31": "-186.98%", "2018-09-30": "-152.14%", "2018-06-30": "0.95%", "2018-03-31": "10.33%", "2017-12-31": "33.29%", "2017-09-30": "57.58%", "2017-06-30": "-21.73%", "2017-03-31": "-47.76%", "2016-12-31": "-191.31%", "2016-09-30": "-306.90%"}, "dividend yield history": {"last payout": "$0.00", "last yield": "0.00%"}}