{"ticker": "ADBE", "price": {"title": "Adobe Historical Annual Stock Price Data", "value": 492.12, "historical": {"2021": {"Average Stock Price": "473.4446", "Year Open": "485.3400", "Year High": "492.1200", "Year Low": "456.5000", "Year Close": "492.1200", "Annual % Change": "-1.60%"}, "2020": {"Average Stock Price": "415.9712", "Year Open": "334.4300", "Year High": "533.8000", "Year Low": "285.0000", "Year Close": "500.1200", "Annual % Change": "51.64%"}, "2019": {"Average Stock Price": "279.3228", "Year Open": "224.5700", "Year High": "331.2000", "Year Low": "215.7000", "Year Close": "329.8100", "Annual % Change": "45.78%"}, "2018": {"Average Stock Price": "235.0375", "Year Open": "177.7000", "Year High": "275.4900", "Year Low": "177.7000", "Year Close": "226.2400", "Annual % Change": "29.10%"}, "2017": {"Average Stock Price": "143.9961", "Year Open": "103.4800", "Year High": "185.4000", "Year Low": "103.4800", "Year Close": "175.2400", "Annual % Change": "70.22%"}, "2016": {"Average Stock Price": "97.3250", "Year Open": "91.9700", "Year High": "110.8100", "Year Low": "73.8500", "Year Close": "102.9500", "Annual % Change": "9.59%"}, "2015": {"Average Stock Price": "80.9678", "Year Open": "72.3400", "Year High": "95.5600", "Year Low": "69.9900", "Year Close": "93.9400", "Annual % Change": "29.22%"}, "2014": {"Average Stock Price": "67.4529", "Year Open": "59.2900", "Year High": "76.0200", "Year Low": "58.0900", "Year Close": "72.7000", "Annual % Change": "21.41%"}, "2013": {"Average Stock Price": "46.8033", "Year Open": "38.3400", "Year High": "60.8900", "Year Low": "37.7300", "Year Close": "59.8790", "Annual % Change": "58.91%"}, "2012": {"Average Stock Price": "32.6698", "Year Open": "28.5700", "Year High": "38.0900", "Year Low": "28.2800", "Year Close": "37.6800", "Annual % Change": "33.29%"}, "2011": {"Average Stock Price": "30.1247", "Year Open": "31.2900", "Year High": "35.8600", "Year Low": "22.6900", "Year Close": "28.2700", "Annual % Change": "-8.15%"}, "2010": {"Average Stock Price": "31.2119", "Year Open": "37.0900", "Year High": "37.7000", "Year Low": "25.6000", "Year Close": "30.7800", "Annual % Change": "-16.31%"}, "2009": {"Average Stock Price": "28.6259", "Year Open": "23.0200", "Year High": "37.8600", "Year Low": "15.9800", "Year Close": "36.7800", "Annual % Change": "72.76%"}, "2008": {"Average Stock Price": "35.3267", "Year Open": "41.7100", "Year High": "45.8900", "Year Low": "20.4400", "Year Close": "21.2900", "Annual % Change": "-50.18%"}, "2007": {"Average Stock Price": "41.9653", "Year Open": "39.9200", "Year High": "48.0000", "Year Low": "37.5200", "Year Close": "42.7300", "Annual % Change": "3.92%"}, "2006": {"Average Stock Price": "35.5977", "Year Open": "38.5200", "Year High": "42.8100", "Year Low": "26.4700", "Year Close": "41.1200", "Annual % Change": "11.26%"}, "2005": {"Average Stock Price": "30.7667", "Year Open": "30.8450", "Year High": "38.8200", "Year Low": "25.9100", "Year Close": "36.9600", "Annual % Change": "17.82%"}, "2004": {"Average Stock Price": "23.1046", "Year Open": "19.5500", "Year High": "32.0800", "Year Low": "17.1950", "Year Close": "31.3700", "Annual % Change": "60.54%"}, "2003": {"Average Stock Price": "17.5415", "Year Open": "12.8000", "Year High": "22.9150", "Year Low": "12.8000", "Year Close": "19.5400", "Annual % Change": "57.58%"}, "2002": {"Average Stock Price": "14.9221", "Year Open": "15.9200", "Year High": "21.4900", "Year Low": "8.3500", "Year Close": "12.4000", "Annual % Change": "-20.13%"}, "2001": {"Average Stock Price": "18.5688", "Year Open": "23.3650", "Year High": "30.0650", "Year Low": "11.4200", "Year Close": "15.5250", "Annual % Change": "-46.64%"}, "2000": {"Average Stock Price": "29.5174", "Year Open": "16.3900", "Year High": "41.6250", "Year Low": "13.7650", "Year Close": "29.0950", "Annual % Change": "73.06%"}, "1999": {"Average Stock Price": "10.8338", "Year Open": "6.2425", "Year High": "19.1400", "Year Low": "4.9688", "Year Close": "16.8125", "Annual % Change": "187.70%"}, "1998": {"Average Stock Price": "5.0070", "Year Open": "5.0625", "Year High": "6.3438", "Year Low": "3.0550", "Year Close": "5.8438", "Annual % Change": "13.33%"}, "1997": {"Average Stock Price": "5.1713", "Year Open": "4.8288", "Year High": "6.5163", "Year Low": "4.1563", "Year Close": "5.1563", "Annual % Change": "10.35%"}, "1996": {"Average Stock Price": "4.5755", "Year Open": "8.0150", "Year High": "8.0156", "Year Low": "3.7575", "Year Close": "4.6725", "Annual % Change": "-39.71%"}, "1995": {"Average Stock Price": "6.4477", "Year Open": "3.7188", "Year High": "9.0163", "Year Low": "3.5938", "Year Close": "7.7500", "Annual % Change": "108.40%"}, "1994": {"Average Stock Price": "3.7443", "Year Open": "2.6563", "Year High": "4.6875", "Year Low": "2.6563", "Year Close": "3.7188", "Annual % Change": "33.71%"}, "1993": {"Average Stock Price": "2.9708", "Year Open": "2.0781", "Year High": "4.5313", "Year Low": "2.0469", "Year Close": "2.7813", "Annual % Change": "41.27%"}, "1992": {"Average Stock Price": "2.6783", "Year Open": "4.2344", "Year High": "4.2344", "Year Low": "1.6250", "Year Close": "1.9688", "Annual % Change": "-51.91%"}, "1991": {"Average Stock Price": "3.0920", "Year Open": "1.7969", "Year High": "4.1250", "Year Low": "1.6875", "Year Close": "4.0938", "Annual % Change": "124.93%"}, "1990": {"Average Stock Price": "1.9418", "Year Open": "1.2656", "Year High": "3.1563", "Year Low": "1.1094", "Year Close": "1.8200", "Annual % Change": "43.81%"}, "1989": {"Average Stock Price": "1.3935", "Year Open": "1.5313", "Year High": "1.8438", "Year Low": "0.9688", "Year Close": "1.2656", "Annual % Change": "-17.35%"}, "1988": {"Average Stock Price": "1.1723", "Year Open": "0.9297", "Year High": "1.5938", "Year Low": "0.7500", "Year Close": "1.5313", "Annual % Change": "66.10%"}, "1987": {"Average Stock Price": "0.9995", "Year Open": "0.4063", "Year High": "1.6875", "Year Low": "0.4063", "Year Close": "0.9219", "Annual % Change": "131.40%"}}}, "market cap": {"value": "$236.08B"}, "income statement": {"Revenue": {"2020-11-30": "12868.00000", "2019-11-30": "11171.00000", "2018-11-30": "9030.00000", "2017-11-30": "7301.50500", "2016-11-30": "5854.43000", "2015-11-30": "4795.51100", "2014-11-30": "4147.06500", "2013-11-30": "4055.24000", "2012-11-30": "4403.67700", "2011-11-30": "4216.25800", "2010-11-30": "3800.00000", "2009-11-30": "2945.85300", "2008-11-30": "3579.88900", "2007-11-30": "3157.88100", "2006-11-30": "2575.30000", "2005-11-30": "1966.32100"}, "Cost Of Goods Sold": {"2020-11-30": "1722.00000", "2019-11-30": "1673.00000", "2018-11-30": "1195.00000", "2017-11-30": "1010.49100", "2016-11-30": "819.90800", "2015-11-30": "744.31700", "2014-11-30": "622.08000", "2013-11-30": "586.55700", "2012-11-30": "483.78200", "2011-11-30": "437.87300", "2010-11-30": "403.50200", "2009-11-30": "296.73200", "2008-11-30": "362.63000", "2007-11-30": "354.69400", "2006-11-30": "292.45700", "2005-11-30": "112.57800"}, "Gross Profit": {"2020-11-30": "11146.00000", "2019-11-30": "9498.00000", "2018-11-30": "7835.00000", "2017-11-30": "6291.01400", "2016-11-30": "5034.52200", "2015-11-30": "4051.19400", "2014-11-30": "3524.98500", "2013-11-30": "3468.68300", "2012-11-30": "3919.89500", "2011-11-30": "3778.38500", "2010-11-30": "3396.49800", "2009-11-30": "2649.12100", "2008-11-30": "3217.25900", "2007-11-30": "2803.18700", "2006-11-30": "2282.84300", "2005-11-30": "1853.74300"}, "Research And Development Expenses": {"2020-11-30": "2188.00000", "2019-11-30": "1930.00000", "2018-11-30": "1538.00000", "2017-11-30": "1224.05900", "2016-11-30": "975.98700", "2015-11-30": "862.73000", "2014-11-30": "844.35300", "2013-11-30": "826.63100", "2012-11-30": "742.82300", "2011-11-30": "738.05300", "2010-11-30": "680.33200", "2009-11-30": "565.14100", "2008-11-30": "662.05700", "2007-11-30": "613.24200", "2006-11-30": "539.68400", "2005-11-30": "365.32800"}, "SG&A Expenses": {"2020-11-30": "4559.00000", "2019-11-30": "4125.00000", "2018-11-30": "3366.00000", "2017-11-30": "2822.29800", "2016-11-30": "2486.39900", "2015-11-30": "2216.72000", "2014-11-30": "2195.64000", "2013-11-30": "2140.57800", "2012-11-30": "1951.14100", "2011-11-30": "1800.42700", "2010-11-30": "1627.69600", "2009-11-30": "1280.65200", "2008-11-30": "1426.63200", "2007-11-30": "1259.37000", "2006-11-30": "1101.74200", "2005-11-30": "759.98100"}, "Other Operating Income Or Expenses": {"2020-11-30": "", "2019-11-30": "", "2018-11-30": "", "2017-11-30": "", "2016-11-30": "", "2015-11-30": "", "2014-11-30": "", "2013-11-30": "", "2012-11-30": "", "2011-11-30": "", "2010-11-30": "", "2009-11-30": "", "2008-11-30": "", "2007-11-30": "", "2006-11-30": "", "2005-11-30": ""}, "Operating Expenses": {"2020-11-30": "8631.00000", "2019-11-30": "7903.00000", "2018-11-30": "6190.00000", "2017-11-30": "5133.41000", "2016-11-30": "4360.82800", "2015-11-30": "3892.41600", "2014-11-30": "3734.38000", "2013-11-30": "3632.51700", "2012-11-30": "3223.48600", "2011-11-30": "3116.95900", "2010-11-30": "2806.92600", "2009-11-30": "2255.34000", "2008-11-30": "2551.61800", "2007-11-30": "2300.29600", "2006-11-30": "2024.00700", "2005-11-30": "1237.88700"}, "Operating Income": {"2020-11-30": "4237.00000", "2019-11-30": "3268.00000", "2018-11-30": "2840.00000", "2017-11-30": "2168.09500", "2016-11-30": "1493.60200", "2015-11-30": "903.09520", "2014-11-30": "412.68480", "2013-11-30": "422.72290", "2012-11-30": "1180.19100", "2011-11-30": "1099.29900", "2010-11-30": "993.07370", "2009-11-30": "690.51290", "2008-11-30": "1028.27100", "2007-11-30": "857.58520", "2006-11-30": "551.29300", "2005-11-30": "728.43410"}, "Total Non-Operating Income/Expense": {"2020-11-30": "-61.00000", "2019-11-30": "-63.00000", "2018-11-30": "-46.00000", "2017-11-30": "-30.45400", "2016-11-30": "-58.46400", "2015-11-30": "-29.31400", "2014-11-30": "-51.30900", "2013-11-30": "-66.58200", "2012-11-30": "-61.39700", "2011-11-30": "-64.06900", "2010-11-30": "-49.92300", "2009-11-30": "11.00700", "2008-11-30": "50.23700", "2007-11-30": "89.60500", "2006-11-30": "128.43400", "2005-11-30": "37.34200"}, "Pre-Tax Income": {"2020-11-30": "4176.00000", "2019-11-30": "3205.00000", "2018-11-30": "2794.00000", "2017-11-30": "2137.64100", "2016-11-30": "1435.13800", "2015-11-30": "873.78100", "2014-11-30": "361.37600", "2013-11-30": "356.14100", "2012-11-30": "1118.79400", "2011-11-30": "1035.23000", "2010-11-30": "943.15100", "2009-11-30": "701.52000", "2008-11-30": "1078.50800", "2007-11-30": "947.19000", "2006-11-30": "679.72700", "2005-11-30": "765.77600"}, "Income Taxes": {"2020-11-30": "-1084.00000", "2019-11-30": "254.00000", "2018-11-30": "203.00000", "2017-11-30": "443.68700", "2016-11-30": "266.35600", "2015-11-30": "244.23000", "2014-11-30": "92.98100", "2013-11-30": "66.15600", "2012-11-30": "286.01900", "2011-11-30": "202.38300", "2010-11-30": "168.47100", "2009-11-30": "315.01200", "2008-11-30": "206.69400", "2007-11-30": "223.38300", "2006-11-30": "173.91800", "2005-11-30": "162.93700"}, "Income After Taxes": {"2020-11-30": "5260.00000", "2019-11-30": "2951.00000", "2018-11-30": "2591.00000", "2017-11-30": "1693.95400", "2016-11-30": "1168.78200", "2015-11-30": "629.55100", "2014-11-30": "268.39500", "2013-11-30": "289.98500", "2012-11-30": "832.77490", "2011-11-30": "832.84700", "2010-11-30": "774.68000", "2009-11-30": "386.50800", "2008-11-30": "871.81410", "2007-11-30": "723.80700", "2006-11-30": "505.80900", "2005-11-30": "602.83900"}, "Other Income": {"2020-11-30": "", "2019-11-30": "", "2018-11-30": "", "2017-11-30": "", "2016-11-30": "", "2015-11-30": "", "2014-11-30": "", "2013-11-30": "", "2012-11-30": "", "2011-11-30": "", "2010-11-30": "", "2009-11-30": "", "2008-11-30": "", "2007-11-30": "", "2006-11-30": "", "2005-11-30": ""}, "Income From Continuous Operations": {"2020-11-30": "5260.00000", "2019-11-30": "2951.00000", "2018-11-30": "2591.00000", "2017-11-30": "1693.95400", "2016-11-30": "1168.78200", "2015-11-30": "629.55100", "2014-11-30": "268.39500", "2013-11-30": "289.98500", "2012-11-30": "832.77490", "2011-11-30": "832.84700", "2010-11-30": "774.68000", "2009-11-30": "386.50800", "2008-11-30": "871.81410", "2007-11-30": "723.80700", "2006-11-30": "505.80900", "2005-11-30": "602.83900"}, "Income From Discontinued Operations": {"2020-11-30": "", "2019-11-30": "", "2018-11-30": "", "2017-11-30": "", "2016-11-30": "", "2015-11-30": "", "2014-11-30": "", "2013-11-30": "", "2012-11-30": "", "2011-11-30": "", "2010-11-30": "", "2009-11-30": "", "2008-11-30": "", "2007-11-30": "", "2006-11-30": "", "2005-11-30": ""}, "Net Income": {"2020-11-30": "5260.00000", "2019-11-30": "2951.00000", "2018-11-30": "2591.00000", "2017-11-30": "1693.95400", "2016-11-30": "1168.78200", "2015-11-30": "629.55100", "2014-11-30": "268.39500", "2013-11-30": "289.98500", "2012-11-30": "832.77500", "2011-11-30": "832.84700", "2010-11-30": "774.68000", "2009-11-30": "386.50800", "2008-11-30": "871.81400", "2007-11-30": "723.80700", "2006-11-30": "505.80900", "2005-11-30": "602.83900"}, "EBITDA": {"2020-11-30": "4994.00000", "2019-11-30": "4025.00000", "2018-11-30": "3186.00000", "2017-11-30": "2494.09200", "2016-11-30": "1825.13700", "2015-11-30": "1242.56800", "2014-11-30": "726.27480", "2013-11-30": "743.94990", "2012-11-30": "1479.95700", "2011-11-30": "1369.50400", "2010-11-30": "1285.81200", "2009-11-30": "972.93590", "2008-11-30": "1298.54000", "2007-11-30": "1173.04900", "2006-11-30": "859.11500", "2005-11-30": "811.20910"}, "EBIT": {"2020-11-30": "4237.00000", "2019-11-30": "3268.00000", "2018-11-30": "2840.00000", "2017-11-30": "2168.09500", "2016-11-30": "1493.60200", "2015-11-30": "903.09520", "2014-11-30": "412.68480", "2013-11-30": "422.72290", "2012-11-30": "1180.19100", "2011-11-30": "1099.29900", "2010-11-30": "993.07370", "2009-11-30": "690.51290", "2008-11-30": "1028.27100", "2007-11-30": "857.58520", "2006-11-30": "551.29300", "2005-11-30": "728.43410"}, "Basic Shares Outstanding": {"2020-11-30": "481.00000", "2019-11-30": "486.00000", "2018-11-30": "491.00000", "2017-11-30": "493.63200", "2016-11-30": "498.34500", "2015-11-30": "498.76400", "2014-11-30": "497.86700", "2013-11-30": "501.37200", "2012-11-30": "494.73100", "2011-11-30": "497.46900", "2010-11-30": "519.04500", "2009-11-30": "524.47000", "2008-11-30": "539.37300", "2007-11-30": "584.20300", "2006-11-30": "593.75000", "2005-11-30": "489.92100"}, "Shares Outstanding": {"2020-11-30": "485.00000", "2019-11-30": "492.00000", "2018-11-30": "498.00000", "2017-11-30": "501.12300", "2016-11-30": "504.29900", "2015-11-30": "507.16400", "2014-11-30": "508.48000", "2013-11-30": "513.47600", "2012-11-30": "502.72100", "2011-11-30": "503.92100", "2010-11-30": "525.82400", "2009-11-30": "530.61000", "2008-11-30": "548.55300", "2007-11-30": "598.77500", "2006-11-30": "612.22200", "2005-11-30": "508.07000"}, "Basic EPS": {"2020-11-30": "10.94000", "2019-11-30": "6.07000", "2018-11-30": "5.28000", "2017-11-30": "3.43000", "2016-11-30": "2.35000", "2015-11-30": "1.26000", "2014-11-30": "0.54000", "2013-11-30": "0.58000", "2012-11-30": "1.68000", "2011-11-30": "1.67000", "2010-11-30": "1.49000", "2009-11-30": "0.74000", "2008-11-30": "1.62000", "2007-11-30": "1.24000", "2006-11-30": "0.85000", "2005-11-30": "1.23000"}, "EPS - Earnings Per Share": {"2020-11-30": "10.83000", "2019-11-30": "6.00000", "2018-11-30": "5.20000", "2017-11-30": "3.38000", "2016-11-30": "2.32000", "2015-11-30": "1.24000", "2014-11-30": "0.53000", "2013-11-30": "0.56000", "2012-11-30": "1.66000", "2011-11-30": "1.65000", "2010-11-30": "1.47000", "2009-11-30": "0.73000", "2008-11-30": "1.59000", "2007-11-30": "1.21000", "2006-11-30": "0.83000", "2005-11-30": "1.19000"}}, "income statement, quarterly": {"Revenue": {"2020-11-30": "3424.00000", "2020-08-31": "3225.00000", "2020-05-31": "3128.00000", "2020-02-29": "3091.00000", "2019-11-30": "2992.00000", "2019-08-31": "2834.00000", "2019-05-31": "2744.00000", "2019-02-28": "2601.00000", "2018-11-30": "2464.61600", "2018-08-31": "2291.07600", "2018-05-31": "2195.36000", "2018-02-28": "2078.94700", "2017-11-30": "2006.59500", "2017-08-31": "1841.07400", "2017-05-31": "1772.19000", "2017-02-28": "1681.64600", "2016-11-30": "1608.41900", "2016-08-31": "1463.96700", "2016-05-31": "1398.70900", "2016-02-29": "1383.33500", "2015-11-30": "1306.40400", "2015-08-31": "1217.76800", "2015-05-31": "1162.15800", "2015-02-28": "1109.18100", "2014-11-30": "1073.32800", "2014-08-31": "1005.40900", "2014-05-31": "1068.20800", "2014-02-28": "1000.12000", "2013-11-30": "1041.69900", "2013-08-31": "995.11900", "2013-05-31": "1010.54900", "2013-02-28": "1007.87300", "2012-11-30": "1153.42800", "2012-08-31": "1080.58000", "2012-05-31": "1124.44900", "2012-02-29": "1045.22000", "2011-11-30": "1152.16100", "2011-08-31": "1013.21200", "2011-05-31": "1023.17900", "2011-02-28": "1027.70600", "2010-11-30": "1007.94600", "2010-08-31": "990.31900", "2010-05-31": "943.03500", "2010-02-28": "858.70000", "2009-11-30": "757.28300", "2009-08-31": "697.50700", "2009-05-31": "704.67300", "2009-02-28": "786.39000", "2008-11-30": "915.30080", "2008-08-31": "887.25700", "2008-05-31": "886.88600", "2008-02-29": "890.44500", "2007-11-30": "911.21110", "2007-08-31": "851.68600", "2007-05-31": "745.57700", "2007-02-28": "649.40700", "2006-11-30": "682.17500", "2006-08-31": "602.19100", "2006-05-31": "635.45600", "2006-02-28": "655.47800", "2005-11-30": "510.37100", "2005-08-31": "487.03900", "2005-05-31": "496.02900", "2005-02-28": "472.88200"}, "Cost Of Goods Sold": {"2020-11-30": "428.00000", "2020-08-31": "427.00000", "2020-05-31": "415.00000", "2020-02-29": "452.00000", "2019-11-30": "453.00000", "2019-08-31": "416.00000", "2019-05-31": "407.00000", "2019-02-28": "397.00000", "2018-11-30": "359.26200", "2018-08-31": "295.49200", "2018-05-31": "281.34400", "2018-02-28": "258.90200", "2017-11-30": "270.87200", "2017-08-31": "262.92200", "2017-05-31": "239.36000", "2017-02-28": "237.33700", "2016-11-30": "216.55610", "2016-08-31": "202.70100", "2016-05-31": "202.07900", "2016-02-29": "198.57200", "2015-11-30": "201.36110", "2015-08-31": "190.98500", "2015-05-31": "185.17300", "2015-02-28": "166.79800", "2014-11-30": "160.94300", "2014-08-31": "157.72400", "2014-05-31": "154.90400", "2014-02-28": "148.50900", "2013-11-30": "147.51600", "2013-08-31": "147.07600", "2013-05-31": "135.28100", "2013-02-28": "156.68400", "2012-11-30": "124.97800", "2012-08-31": "119.62100", "2012-05-31": "130.91800", "2012-02-29": "108.26500", "2011-11-30": "116.37900", "2011-08-31": "104.65400", "2011-05-31": "109.20100", "2011-02-28": "107.63900", "2010-11-30": "107.21700", "2010-08-31": "99.08400", "2010-05-31": "107.83300", "2010-02-28": "89.36800", "2009-11-30": "82.32400", "2009-08-31": "65.04700", "2009-05-31": "72.00800", "2009-02-28": "77.35300", "2008-11-30": "86.43800", "2008-08-31": "110.85100", "2008-05-31": "82.86600", "2008-02-29": "82.47500", "2007-11-30": "98.59600", "2007-08-31": "92.62100", "2007-05-31": "91.21400", "2007-02-28": "72.26300", "2006-11-30": "79.62500", "2006-08-31": "69.47900", "2006-05-31": "65.60700", "2006-02-28": "77.74600", "2005-11-30": "30.69500", "2005-08-31": "27.48000", "2005-05-31": "27.43400", "2005-02-28": "26.96900"}, "Gross Profit": {"2020-11-30": "2996.00000", "2020-08-31": "2798.00000", "2020-05-31": "2713.00000", "2020-02-29": "2639.00000", "2019-11-30": "2539.00000", "2019-08-31": "2418.00000", "2019-05-31": "2337.00000", "2019-02-28": "2204.00000", "2018-11-30": "2105.35400", "2018-08-31": "1995.58400", "2018-05-31": "1914.01600", "2018-02-28": "1820.04500", "2017-11-30": "1735.72300", "2017-08-31": "1578.15200", "2017-05-31": "1532.83000", "2017-02-28": "1444.30900", "2016-11-30": "1391.86300", "2016-08-31": "1261.26600", "2016-05-31": "1196.63000", "2016-02-29": "1184.76300", "2015-11-30": "1105.04300", "2015-08-31": "1026.78300", "2015-05-31": "976.98500", "2015-02-28": "942.38310", "2014-11-30": "912.38500", "2014-08-31": "847.68500", "2014-05-31": "913.30400", "2014-02-28": "851.61100", "2013-11-30": "894.18300", "2013-08-31": "848.04300", "2013-05-31": "875.26800", "2013-02-28": "851.18900", "2012-11-30": "1028.45000", "2012-08-31": "960.95900", "2012-05-31": "993.53100", "2012-02-29": "936.95500", "2011-11-30": "1035.78200", "2011-08-31": "908.55800", "2011-05-31": "913.97800", "2011-02-28": "920.06710", "2010-11-30": "900.72920", "2010-08-31": "891.23500", "2010-05-31": "835.20200", "2010-02-28": "769.33200", "2009-11-30": "674.95900", "2009-08-31": "632.46000", "2009-05-31": "632.66500", "2009-02-28": "709.03700", "2008-11-30": "828.86290", "2008-08-31": "776.40600", "2008-05-31": "804.02000", "2008-02-29": "807.97000", "2007-11-30": "812.61510", "2007-08-31": "759.06490", "2007-05-31": "654.36300", "2007-02-28": "577.14400", "2006-11-30": "602.55000", "2006-08-31": "532.71200", "2006-05-31": "569.84900", "2006-02-28": "577.73210", "2005-11-30": "479.67600", "2005-08-31": "459.55900", "2005-05-31": "468.59500", "2005-02-28": "445.91300"}, "Research And Development Expenses": {"2020-11-30": "558.00000", "2020-08-31": "566.00000", "2020-05-31": "532.00000", "2020-02-29": "532.00000", "2019-11-30": "499.00000", "2019-08-31": "490.00000", "2019-05-31": "476.00000", "2019-02-28": "465.00000", "2018-11-30": "416.14600", "2018-08-31": "398.95700", "2018-05-31": "374.12800", "2018-02-28": "348.76900", "2017-11-30": "324.02600", "2017-08-31": "315.55500", "2017-05-31": "299.40100", "2017-02-28": "285.07700", "2016-11-30": "257.84900", "2016-08-31": "248.45000", "2016-05-31": "232.48400", "2016-02-29": "237.20400", "2015-11-30": "220.51390", "2015-08-31": "218.66000", "2015-05-31": "208.04700", "2015-02-28": "215.50900", "2014-11-30": "213.68700", "2014-08-31": "212.04900", "2014-05-31": "209.09200", "2014-02-28": "209.52500", "2013-11-30": "205.19600", "2013-08-31": "208.70000", "2013-05-31": "203.09700", "2013-02-28": "209.63800", "2012-11-30": "195.04700", "2012-08-31": "189.14500", "2012-05-31": "180.90300", "2012-02-29": "177.72800", "2011-11-30": "195.40300", "2011-08-31": "181.03900", "2011-05-31": "183.21100", "2011-02-28": "178.40000", "2010-11-30": "170.37800", "2010-08-31": "168.29600", "2010-05-31": "167.31800", "2010-02-28": "174.34000", "2009-11-30": "137.85200", "2009-08-31": "138.90200", "2009-05-31": "138.47000", "2009-02-28": "149.91700", "2008-11-30": "153.14800", "2008-08-31": "170.12400", "2008-05-31": "170.30000", "2008-02-29": "168.48500", "2007-11-30": "162.84700", "2007-08-31": "163.21700", "2007-05-31": "150.04900", "2007-02-28": "137.12900", "2006-11-30": "138.41600", "2006-08-31": "130.44000", "2006-05-31": "133.28500", "2006-02-28": "137.54300", "2005-11-30": "94.64700", "2005-08-31": "94.58600", "2005-05-31": "89.40900", "2005-02-28": "86.68600"}, "SG&A Expenses": {"2020-11-30": "1184.00000", "2020-08-31": "1122.00000", "2020-05-31": "1125.00000", "2020-02-29": "1128.00000", "2019-11-30": "1029.00000", "2019-08-31": "1031.00000", "2019-05-31": "1068.00000", "2019-02-28": "997.00000", "2018-11-30": "936.20100", "2018-08-31": "854.14700", "2018-05-31": "824.25500", "2018-02-28": "751.39700", "2017-11-30": "743.67110", "2017-08-31": "697.49500", "2017-05-31": "710.02700", "2017-02-28": "671.10500", "2016-11-30": "643.23390", "2016-08-31": "620.83900", "2016-05-31": "600.91900", "2016-02-29": "621.40700", "2015-11-30": "577.08300", "2015-08-31": "544.60900", "2015-05-31": "557.20600", "2015-02-28": "537.82200", "2014-11-30": "542.39600", "2014-08-31": "548.15100", "2014-05-31": "555.96800", "2014-02-28": "549.12500", "2013-11-30": "569.89780", "2013-08-31": "516.71600", "2013-05-31": "523.07800", "2013-02-28": "530.88600", "2012-11-30": "513.63010", "2012-08-31": "478.80500", "2012-05-31": "497.06200", "2012-02-29": "461.64400", "2011-11-30": "487.91600", "2011-08-31": "439.21700", "2011-05-31": "444.23700", "2011-02-28": "429.05700", "2010-11-30": "423.03100", "2010-08-31": "405.39600", "2010-05-31": "410.92900", "2010-02-28": "388.34000", "2009-11-30": "332.17000", "2009-08-31": "310.91300", "2009-05-31": "314.02700", "2009-02-28": "323.54200", "2008-11-30": "356.07000", "2008-08-31": "368.59500", "2008-05-31": "356.44300", "2008-02-29": "345.52400", "2007-11-30": "356.04300", "2007-08-31": "322.37500", "2007-05-31": "304.99900", "2007-02-28": "275.95300", "2006-11-30": "283.00000", "2006-08-31": "274.51400", "2006-05-31": "270.11500", "2006-02-28": "274.11300", "2005-11-30": "193.09900", "2005-08-31": "181.38500", "2005-05-31": "196.98200", "2005-02-28": "188.51500"}, "Other Operating Income Or Expenses": {"2020-11-30": "", "2020-08-31": "", "2020-05-31": "", "2020-02-29": "", "2019-11-30": "", "2019-08-31": "", "2019-05-31": "", "2019-02-28": "", "2018-11-30": "", "2018-08-31": "", "2018-05-31": "", "2018-02-28": "", "2017-11-30": "", "2017-08-31": "", "2017-05-31": "", "2017-02-28": "", "2016-11-30": "", "2016-08-31": "", "2016-05-31": "", "2016-02-29": "", "2015-11-30": "", "2015-08-31": "", "2015-05-31": "", "2015-02-28": "", "2014-11-30": "", "2014-08-31": "", "2014-05-31": "", "2014-02-28": "", "2013-11-30": "", "2013-08-31": "", "2013-05-31": "", "2013-02-28": "", "2012-11-30": "", "2012-08-31": "", "2012-05-31": "", "2012-02-29": "", "2011-11-30": "", "2011-08-31": "", "2011-05-31": "", "2011-02-28": "", "2010-11-30": "", "2010-08-31": "", "2010-05-31": "", "2010-02-28": "", "2009-11-30": "", "2009-08-31": "", "2009-05-31": "", "2009-02-28": "", "2008-11-30": "", "2008-08-31": "", "2008-05-31": "", "2008-02-29": "", "2007-11-30": "", "2007-08-31": "", "2007-05-31": "", "2007-02-28": "", "2006-11-30": "", "2006-08-31": "", "2006-05-31": "", "2006-02-28": "", "2005-11-30": "", "2005-08-31": "", "2005-05-31": "", "2005-02-28": ""}, "Operating Expenses": {"2020-11-30": "2209.00000", "2020-08-31": "2156.00000", "2020-05-31": "2112.00000", "2020-02-29": "2154.00000", "2019-11-30": "2023.00000", "2019-08-31": "1980.00000", "2019-05-31": "1994.00000", "2019-02-28": "1906.00000", "2018-11-30": "1744.44000", "2018-08-31": "1572.47000", "2018-05-31": "1496.87600", "2018-02-28": "1376.21400", "2017-11-30": "1357.25500", "2017-08-31": "1295.40000", "2017-05-31": "1268.10800", "2017-02-28": "1212.64700", "2016-11-30": "1136.13900", "2016-08-31": "1094.64200", "2016-05-31": "1054.47000", "2016-02-29": "1075.57700", "2015-11-30": "1015.97000", "2015-08-31": "971.74900", "2015-05-31": "968.54100", "2015-02-28": "936.15600", "2014-11-30": "948.82320", "2014-08-31": "931.23300", "2014-05-31": "932.95000", "2014-02-28": "921.37400", "2013-11-30": "938.86300", "2013-08-31": "884.76500", "2013-05-31": "899.24000", "2013-02-28": "909.64900", "2012-11-30": "845.66290", "2012-08-31": "802.27600", "2012-05-31": "819.30600", "2012-02-29": "756.24100", "2011-11-30": "906.02980", "2011-08-31": "739.10200", "2011-05-31": "746.45500", "2011-02-28": "725.37200", "2010-11-30": "721.00340", "2010-08-31": "688.30600", "2010-05-31": "715.75000", "2010-02-28": "681.86700", "2009-11-30": "603.64100", "2009-08-31": "529.90500", "2009-05-31": "543.32000", "2009-02-28": "578.47400", "2008-11-30": "642.10790", "2008-08-31": "667.78800", "2008-05-31": "626.70800", "2008-02-29": "615.01400", "2007-11-30": "635.37900", "2007-08-31": "596.66090", "2007-05-31": "565.18600", "2007-02-28": "503.07000", "2006-11-30": "518.80320", "2006-08-31": "492.15800", "2006-05-31": "487.54800", "2006-02-28": "525.49800", "2005-11-30": "318.44100", "2005-08-31": "303.45100", "2005-05-31": "313.82500", "2005-02-28": "302.17000"}, "Operating Income": {"2020-11-30": "1215.00000", "2020-08-31": "1069.00000", "2020-05-31": "1016.00000", "2020-02-29": "937.00000", "2019-11-30": "969.00000", "2019-08-31": "854.00000", "2019-05-31": "750.00000", "2019-02-28": "695.00000", "2018-11-30": "720.17610", "2018-08-31": "718.60600", "2018-05-31": "698.48410", "2018-02-28": "702.73300", "2017-11-30": "649.33940", "2017-08-31": "545.67400", "2017-05-31": "504.08190", "2017-02-28": "468.99900", "2016-11-30": "472.27980", "2016-08-31": "369.32510", "2016-05-31": "344.23900", "2016-02-29": "307.75810", "2015-11-30": "290.43420", "2015-08-31": "246.01890", "2015-05-31": "193.61700", "2015-02-28": "173.02500", "2014-11-30": "124.50480", "2014-08-31": "74.17600", "2014-05-31": "135.25810", "2014-02-28": "78.74600", "2013-11-30": "102.83600", "2013-08-31": "110.35400", "2013-05-31": "111.30900", "2013-02-28": "98.22400", "2012-11-30": "307.76480", "2012-08-31": "278.30400", "2012-05-31": "305.14290", "2012-02-29": "288.97890", "2011-11-30": "246.13100", "2011-08-31": "274.11000", "2011-05-31": "276.72400", "2011-02-28": "302.33400", "2010-11-30": "286.94290", "2010-08-31": "302.01300", "2010-05-31": "227.28500", "2010-02-28": "176.83300", "2009-11-30": "153.64200", "2009-08-31": "167.60210", "2009-05-31": "161.35300", "2009-02-28": "207.91600", "2008-11-30": "273.19290", "2008-08-31": "219.46910", "2008-05-31": "260.17800", "2008-02-29": "275.43100", "2007-11-30": "275.83210", "2007-08-31": "255.02500", "2007-05-31": "180.39100", "2007-02-28": "146.33700", "2006-11-30": "163.37190", "2006-08-31": "110.03300", "2006-05-31": "147.90800", "2006-02-28": "129.98000", "2005-11-30": "191.93000", "2005-08-31": "183.58800", "2005-05-31": "182.20400", "2005-02-28": "170.71200"}, "Total Non-Operating Income/Expense": {"2020-11-30": "-18.00000", "2020-08-31": "-9.00000", "2020-05-31": "-16.00000", "2020-02-29": "-18.00000", "2019-11-30": "-12.00000", "2019-08-31": "-19.00000", "2019-05-31": "-39.00000", "2019-02-28": "7.00000", "2018-11-30": "-20.83600", "2018-08-31": "-17.24800", "2018-05-31": "-7.68500", "2018-02-28": "-0.23100", "2017-11-30": "-6.32800", "2017-08-31": "-4.29500", "2017-05-31": "-11.46400", "2017-02-28": "-8.36700", "2016-11-30": "-15.58000", "2016-08-31": "-13.02400", "2016-05-31": "-14.40900", "2016-02-29": "-15.45100", "2015-11-30": "6.50600", "2015-08-31": "-13.40000", "2015-05-31": "-12.64300", "2015-02-28": "-9.77700", "2014-11-30": "-12.23000", "2014-08-31": "-11.23800", "2014-05-31": "-13.98700", "2014-02-28": "-13.85400", "2013-11-30": "-14.56600", "2013-08-31": "-17.09400", "2013-05-31": "-20.18200", "2013-02-28": "-14.74000", "2012-11-30": "-17.13400", "2012-08-31": "-15.09200", "2012-05-31": "-10.56900", "2012-02-29": "-18.60200", "2011-11-30": "-12.95100", "2011-08-31": "-17.39100", "2011-05-31": "-17.48000", "2011-02-28": "-16.24700", "2010-11-30": "-0.93200", "2010-08-31": "-5.26100", "2010-05-31": "-33.11200", "2010-02-28": "-10.61800", "2009-11-30": "6.57000", "2009-08-31": "6.81400", "2009-05-31": "2.37700", "2009-02-28": "-4.75400", "2008-11-30": "3.15100", "2008-08-31": "9.04500", "2008-05-31": "17.82800", "2008-02-29": "20.21300", "2007-11-30": "14.84500", "2007-08-31": "21.97000", "2007-05-31": "24.72500", "2007-02-28": "28.06500", "2006-11-30": "84.58900", "2006-08-31": "12.97900", "2006-05-31": "16.58900", "2006-02-28": "14.27700", "2005-11-30": "15.28900", "2005-08-31": "10.37600", "2005-05-31": "5.60400", "2005-02-28": "6.07300"}, "Pre-Tax Income": {"2020-11-30": "1197.00000", "2020-08-31": "1060.00000", "2020-05-31": "1000.00000", "2020-02-29": "919.00000", "2019-11-30": "957.00000", "2019-08-31": "835.00000", "2019-05-31": "711.00000", "2019-02-28": "702.00000", "2018-11-30": "699.34100", "2018-08-31": "701.35800", "2018-05-31": "690.79900", "2018-02-28": "702.50200", "2017-11-30": "643.01210", "2017-08-31": "541.37900", "2017-05-31": "492.61800", "2017-02-28": "460.63200", "2016-11-30": "456.70000", "2016-08-31": "356.30100", "2016-05-31": "329.83000", "2016-02-29": "292.30700", "2015-11-30": "296.94000", "2015-08-31": "232.61900", "2015-05-31": "180.97400", "2015-02-28": "163.24800", "2014-11-30": "112.27500", "2014-08-31": "62.93800", "2014-05-31": "121.27100", "2014-02-28": "64.89200", "2013-11-30": "88.27000", "2013-08-31": "93.26000", "2013-05-31": "91.12700", "2013-02-28": "83.48400", "2012-11-30": "290.63090", "2012-08-31": "263.21200", "2012-05-31": "294.57400", "2012-02-29": "270.37700", "2011-11-30": "233.18000", "2011-08-31": "256.71900", "2011-05-31": "259.24400", "2011-02-28": "286.08700", "2010-11-30": "286.01100", "2010-08-31": "296.75200", "2010-05-31": "194.17300", "2010-02-28": "166.21500", "2009-11-30": "160.21200", "2009-08-31": "174.41600", "2009-05-31": "163.73000", "2009-02-28": "203.16200", "2008-11-30": "276.34400", "2008-08-31": "228.51400", "2008-05-31": "278.00600", "2008-02-29": "295.64400", "2007-11-30": "290.67700", "2007-08-31": "276.99500", "2007-05-31": "205.11600", "2007-02-28": "174.40200", "2006-11-30": "247.96100", "2006-08-31": "123.01200", "2006-05-31": "164.49700", "2006-02-28": "144.25700", "2005-11-30": "207.21900", "2005-08-31": "193.96400", "2005-05-31": "187.80800", "2005-02-28": "176.78500"}, "Income Taxes": {"2020-11-30": "-1053.00000", "2020-08-31": "105.00000", "2020-05-31": "-100.00000", "2020-02-29": "-36.00000", "2019-11-30": "106.00000", "2019-08-31": "42.00000", "2019-05-31": "78.00000", "2019-02-28": "28.00000", "2018-11-30": "20.87500", "2018-08-31": "35.06700", "2018-05-31": "27.63200", "2018-02-28": "119.42600", "2017-11-30": "141.46300", "2017-08-31": "121.81000", "2017-05-31": "118.22800", "2017-02-28": "62.18600", "2016-11-30": "57.08700", "2016-08-31": "85.51300", "2016-05-31": "85.75600", "2016-02-29": "38.00000", "2015-11-30": "74.23500", "2015-08-31": "58.15400", "2015-05-31": "33.48100", "2015-02-28": "78.36000", "2014-11-30": "24.13900", "2014-08-31": "18.25200", "2014-05-31": "32.74400", "2014-02-28": "17.84600", "2013-11-30": "22.95000", "2013-08-31": "10.25800", "2013-05-31": "14.58100", "2013-02-28": "18.36700", "2012-11-30": "68.29800", "2012-08-31": "61.85500", "2012-05-31": "70.69800", "2012-02-29": "85.16800", "2011-11-30": "59.46100", "2011-08-31": "61.61800", "2011-05-31": "29.80800", "2011-02-28": "51.49600", "2010-11-30": "17.16100", "2010-08-31": "66.68700", "2010-05-31": "45.56200", "2010-02-28": "39.06100", "2009-11-30": "192.25500", "2009-08-31": "38.37100", "2009-05-31": "37.65900", "2009-02-28": "46.72700", "2008-11-30": "30.42700", "2008-08-31": "36.90600", "2008-05-31": "63.09600", "2008-02-29": "76.26500", "2007-11-30": "68.46900", "2007-08-31": "71.75200", "2007-05-31": "52.61100", "2007-02-28": "30.55100", "2006-11-30": "64.71700", "2006-08-31": "28.61600", "2006-05-31": "41.40000", "2006-02-28": "39.18500", "2005-11-30": "50.96800", "2005-08-31": "49.04800", "2005-05-31": "38.03000", "2005-02-28": "24.89100"}, "Income After Taxes": {"2020-11-30": "2250.00000", "2020-08-31": "955.00000", "2020-05-31": "1100.00000", "2020-02-29": "955.00000", "2019-11-30": "851.00000", "2019-08-31": "793.00000", "2019-05-31": "633.00000", "2019-02-28": "674.00000", "2018-11-30": "678.46600", "2018-08-31": "666.29100", "2018-05-31": "663.16700", "2018-02-28": "583.07600", "2017-11-30": "501.54900", "2017-08-31": "419.56900", "2017-05-31": "374.39000", "2017-02-28": "398.44600", "2016-11-30": "399.61300", "2016-08-31": "270.78800", "2016-05-31": "244.07400", "2016-02-29": "254.30700", "2015-11-30": "222.70500", "2015-08-31": "174.46500", "2015-05-31": "147.49300", "2015-02-28": "84.88800", "2014-11-30": "88.13600", "2014-08-31": "44.68600", "2014-05-31": "88.52700", "2014-02-28": "47.04600", "2013-11-30": "65.32000", "2013-08-31": "83.00200", "2013-05-31": "76.54600", "2013-02-28": "65.11700", "2012-11-30": "222.33290", "2012-08-31": "201.35700", "2012-05-31": "223.87600", "2012-02-29": "185.20900", "2011-11-30": "173.71900", "2011-08-31": "195.10100", "2011-05-31": "229.43600", "2011-02-28": "234.59100", "2010-11-30": "268.85000", "2010-08-31": "230.06500", "2010-05-31": "148.61100", "2010-02-28": "127.15400", "2009-11-30": "-32.04300", "2009-08-31": "136.04500", "2009-05-31": "126.07100", "2009-02-28": "156.43500", "2008-11-30": "245.91700", "2008-08-31": "191.60800", "2008-05-31": "214.91000", "2008-02-29": "219.37900", "2007-11-30": "222.20800", "2007-08-31": "205.24300", "2007-05-31": "152.50500", "2007-02-28": "143.85100", "2006-11-30": "183.24400", "2006-08-31": "94.39600", "2006-05-31": "123.09700", "2006-02-28": "105.07200", "2005-11-30": "156.25100", "2005-08-31": "144.91600", "2005-05-31": "149.77800", "2005-02-28": "151.89400"}, "Other Income": {"2020-11-30": "", "2020-08-31": "", "2020-05-31": "", "2020-02-29": "", "2019-11-30": "", "2019-08-31": "", "2019-05-31": "", "2019-02-28": "", "2018-11-30": "", "2018-08-31": "", "2018-05-31": "", "2018-02-28": "", "2017-11-30": "", "2017-08-31": "", "2017-05-31": "", "2017-02-28": "", "2016-11-30": "", "2016-08-31": "", "2016-05-31": "", "2016-02-29": "", "2015-11-30": "", "2015-08-31": "", "2015-05-31": "", "2015-02-28": "", "2014-11-30": "", "2014-08-31": "", "2014-05-31": "", "2014-02-28": "", "2013-11-30": "", "2013-08-31": "", "2013-05-31": "", "2013-02-28": "", "2012-11-30": "", "2012-08-31": "", "2012-05-31": "", "2012-02-29": "", "2011-11-30": "", "2011-08-31": "", "2011-05-31": "", "2011-02-28": "", "2010-11-30": "", "2010-08-31": "", "2010-05-31": "", "2010-02-28": "", "2009-11-30": "", "2009-08-31": "", "2009-05-31": "", "2009-02-28": "", "2008-11-30": "", "2008-08-31": "", "2008-05-31": "", "2008-02-29": "", "2007-11-30": "", "2007-08-31": "", "2007-05-31": "", "2007-02-28": "", "2006-11-30": "", "2006-08-31": "", "2006-05-31": "", "2006-02-28": "", "2005-11-30": "", "2005-08-31": "", "2005-05-31": "", "2005-02-28": ""}, "Income From Continuous Operations": {"2020-11-30": "2250.00000", "2020-08-31": "955.00000", "2020-05-31": "1100.00000", "2020-02-29": "955.00000", "2019-11-30": "851.00000", "2019-08-31": "793.00000", "2019-05-31": "633.00000", "2019-02-28": "674.00000", "2018-11-30": "678.46600", "2018-08-31": "666.29100", "2018-05-31": "663.16700", "2018-02-28": "583.07600", "2017-11-30": "501.54900", "2017-08-31": "419.56900", "2017-05-31": "374.39000", "2017-02-28": "398.44600", "2016-11-30": "399.61300", "2016-08-31": "270.78800", "2016-05-31": "244.07400", "2016-02-29": "254.30700", "2015-11-30": "222.70500", "2015-08-31": "174.46500", "2015-05-31": "147.49300", "2015-02-28": "84.88800", "2014-11-30": "88.13600", "2014-08-31": "44.68600", "2014-05-31": "88.52700", "2014-02-28": "47.04600", "2013-11-30": "65.32000", "2013-08-31": "83.00200", "2013-05-31": "76.54600", "2013-02-28": "65.11700", "2012-11-30": "222.33290", "2012-08-31": "201.35700", "2012-05-31": "223.87600", "2012-02-29": "185.20900", "2011-11-30": "173.71900", "2011-08-31": "195.10100", "2011-05-31": "229.43600", "2011-02-28": "234.59100", "2010-11-30": "268.85000", "2010-08-31": "230.06500", "2010-05-31": "148.61100", "2010-02-28": "127.15400", "2009-11-30": "-32.04300", "2009-08-31": "136.04500", "2009-05-31": "126.07100", "2009-02-28": "156.43500", "2008-11-30": "245.91700", "2008-08-31": "191.60800", "2008-05-31": "214.91000", "2008-02-29": "219.37900", "2007-11-30": "222.20800", "2007-08-31": "205.24300", "2007-05-31": "152.50500", "2007-02-28": "143.85100", "2006-11-30": "183.24400", "2006-08-31": "94.39600", "2006-05-31": "123.09700", "2006-02-28": "105.07200", "2005-11-30": "156.25100", "2005-08-31": "144.91600", "2005-05-31": "149.77800", "2005-02-28": "151.89400"}, "Income From Discontinued Operations": {"2020-11-30": "", "2020-08-31": "", "2020-05-31": "", "2020-02-29": "", "2019-11-30": "", "2019-08-31": "", "2019-05-31": "", "2019-02-28": "", "2018-11-30": "", "2018-08-31": "", "2018-05-31": "", "2018-02-28": "", "2017-11-30": "", "2017-08-31": "", "2017-05-31": "", "2017-02-28": "", "2016-11-30": "", "2016-08-31": "", "2016-05-31": "", "2016-02-29": "", "2015-11-30": "", "2015-08-31": "", "2015-05-31": "", "2015-02-28": "", "2014-11-30": "", "2014-08-31": "", "2014-05-31": "", "2014-02-28": "", "2013-11-30": "", "2013-08-31": "", "2013-05-31": "", "2013-02-28": "", "2012-11-30": "", "2012-08-31": "", "2012-05-31": "", "2012-02-29": "", "2011-11-30": "", "2011-08-31": "", "2011-05-31": "", "2011-02-28": "", "2010-11-30": "", "2010-08-31": "", "2010-05-31": "", "2010-02-28": "", "2009-11-30": "", "2009-08-31": "", "2009-05-31": "", "2009-02-28": "", "2008-11-30": "", "2008-08-31": "", "2008-05-31": "", "2008-02-29": "", "2007-11-30": "", "2007-08-31": "", "2007-05-31": "", "2007-02-28": "", "2006-11-30": "", "2006-08-31": "", "2006-05-31": "", "2006-02-28": "", "2005-11-30": "", "2005-08-31": "", "2005-05-31": "", "2005-02-28": ""}, "Net Income": {"2020-11-30": "2250.00000", "2020-08-31": "955.00000", "2020-05-31": "1100.00000", "2020-02-29": "955.00000", "2019-11-30": "851.00000", "2019-08-31": "793.00000", "2019-05-31": "633.00000", "2019-02-28": "674.00000", "2018-11-30": "678.46600", "2018-08-31": "666.29100", "2018-05-31": "663.16700", "2018-02-28": "583.07600", "2017-11-30": "501.54900", "2017-08-31": "419.56900", "2017-05-31": "374.39000", "2017-02-28": "398.44600", "2016-11-30": "399.61300", "2016-08-31": "270.78800", "2016-05-31": "244.07400", "2016-02-29": "254.30700", "2015-11-30": "222.70500", "2015-08-31": "174.46500", "2015-05-31": "147.49300", "2015-02-28": "84.88800", "2014-11-30": "88.13600", "2014-08-31": "44.68600", "2014-05-31": "88.52700", "2014-02-28": "47.04600", "2013-11-30": "65.32000", "2013-08-31": "83.00200", "2013-05-31": "76.54600", "2013-02-28": "65.11700", "2012-11-30": "222.33300", "2012-08-31": "201.35700", "2012-05-31": "223.87600", "2012-02-29": "185.20900", "2011-11-30": "173.71900", "2011-08-31": "195.10100", "2011-05-31": "229.43600", "2011-02-28": "234.59100", "2010-11-30": "268.85000", "2010-08-31": "230.06500", "2010-05-31": "148.61100", "2010-02-28": "127.15400", "2009-11-30": "-32.04300", "2009-08-31": "136.04500", "2009-05-31": "126.07100", "2009-02-28": "156.43500", "2008-11-30": "245.91710", "2008-08-31": "191.60800", "2008-05-31": "214.91000", "2008-02-29": "219.37900", "2007-11-30": "222.20800", "2007-08-31": "205.24300", "2007-05-31": "152.50500", "2007-02-28": "143.85100", "2006-11-30": "183.24400", "2006-08-31": "94.39600", "2006-05-31": "123.09700", "2006-02-28": "105.07200", "2005-11-30": "156.25100", "2005-08-31": "144.91600", "2005-05-31": "149.77800", "2005-02-28": "151.89400"}, "EBITDA": {"2020-11-30": "1405.00000", "2020-08-31": "1260.00000", "2020-05-31": "1204.00000", "2020-02-29": "1125.00000", "2019-11-30": "1160.00000", "2019-08-31": "1047.00000", "2019-05-31": "937.00000", "2019-02-28": "881.00000", "2018-11-30": "826.40420", "2018-08-31": "805.49600", "2018-05-31": "774.84410", "2018-02-28": "779.25500", "2017-11-30": "730.57340", "2017-08-31": "627.99290", "2017-05-31": "585.71690", "2017-02-28": "549.80800", "2016-11-30": "554.13980", "2016-08-31": "453.33910", "2016-05-31": "428.70000", "2016-02-29": "388.95810", "2015-11-30": "376.79320", "2015-08-31": "333.56890", "2015-05-31": "279.54600", "2015-02-28": "252.66000", "2014-11-30": "202.65180", "2014-08-31": "154.33000", "2014-05-31": "212.91110", "2014-02-28": "156.38200", "2013-11-30": "184.18600", "2013-08-31": "192.52900", "2013-05-31": "192.25900", "2013-02-28": "174.97600", "2012-11-30": "386.38580", "2012-08-31": "352.41390", "2012-05-31": "382.31700", "2012-02-29": "358.83990", "2011-11-30": "319.42100", "2011-08-31": "338.11900", "2011-05-31": "343.34400", "2011-02-28": "368.62010", "2010-11-30": "363.03990", "2010-08-31": "375.16700", "2010-05-31": "302.19100", "2010-02-28": "245.41400", "2009-11-30": "238.67900", "2009-08-31": "231.52310", "2009-05-31": "226.07800", "2009-02-28": "276.65600", "2008-11-30": "340.62090", "2008-08-31": "284.45210", "2008-05-31": "328.83400", "2008-02-29": "344.63300", "2007-11-30": "354.02210", "2007-08-31": "336.75200", "2007-05-31": "267.44000", "2007-02-28": "214.83500", "2006-11-30": "238.64790", "2006-08-31": "184.58600", "2006-05-31": "227.55100", "2006-02-28": "208.33000", "2005-11-30": "226.82500", "2005-08-31": "201.38600", "2005-05-31": "197.33200", "2005-02-28": "185.66600"}, "EBIT": {"2020-11-30": "1215.00000", "2020-08-31": "1069.00000", "2020-05-31": "1016.00000", "2020-02-29": "937.00000", "2019-11-30": "969.00000", "2019-08-31": "854.00000", "2019-05-31": "750.00000", "2019-02-28": "695.00000", "2018-11-30": "720.17690", "2018-08-31": "718.60600", "2018-05-31": "698.48410", "2018-02-28": "702.73300", "2017-11-30": "649.33980", "2017-08-31": "545.67400", "2017-05-31": "504.08190", "2017-02-28": "468.99900", "2016-11-30": "472.27990", "2016-08-31": "369.32510", "2016-05-31": "344.23900", "2016-02-29": "307.75810", "2015-11-30": "290.43430", "2015-08-31": "246.01890", "2015-05-31": "193.61700", "2015-02-28": "173.02500", "2014-11-30": "124.50480", "2014-08-31": "74.17600", "2014-05-31": "135.25810", "2014-02-28": "78.74600", "2013-11-30": "102.83590", "2013-08-31": "110.35400", "2013-05-31": "111.30900", "2013-02-28": "98.22400", "2012-11-30": "307.76480", "2012-08-31": "278.30400", "2012-05-31": "305.14290", "2012-02-29": "288.97890", "2011-11-30": "246.13080", "2011-08-31": "274.11000", "2011-05-31": "276.72400", "2011-02-28": "302.33400", "2010-11-30": "286.94270", "2010-08-31": "302.01300", "2010-05-31": "227.28500", "2010-02-28": "176.83300", "2009-11-30": "153.64190", "2009-08-31": "167.60210", "2009-05-31": "161.35300", "2009-02-28": "207.91600", "2008-11-30": "273.19300", "2008-08-31": "219.46910", "2008-05-31": "260.17800", "2008-02-29": "275.43100", "2007-11-30": "275.83220", "2007-08-31": "255.02500", "2007-05-31": "180.39100", "2007-02-28": "146.33700", "2006-11-30": "163.37190", "2006-08-31": "110.03300", "2006-05-31": "147.90800", "2006-02-28": "129.98000", "2005-11-30": "191.93010", "2005-08-31": "183.58800", "2005-05-31": "182.20400", "2005-02-28": "170.71200"}, "Basic Shares Outstanding": {"2020-11-30": "481.00000", "2020-08-31": "480.00000", "2020-05-31": "481.00000", "2020-02-29": "482.00000", "2019-11-30": "486.00000", "2019-08-31": "486.00000", "2019-05-31": "488.00000", "2019-02-28": "488.00000", "2018-11-30": "491.00000", "2018-08-31": "490.02500", "2018-05-31": "491.91400", "2018-02-28": "492.06100", "2017-11-30": "493.63200", "2017-08-31": "493.42600", "2017-05-31": "494.37100", "2017-02-28": "494.61200", "2016-11-30": "498.34500", "2016-08-31": "498.58400", "2016-05-31": "499.97400", "2016-02-29": "499.12500", "2015-11-30": "498.76400", "2015-08-31": "498.63000", "2015-05-31": "499.29000", "2015-02-28": "498.75400", "2014-11-30": "497.86700", "2014-08-31": "498.46800", "2014-05-31": "497.93100", "2014-02-28": "496.94800", "2013-11-30": "501.37200", "2013-08-31": "504.11600", "2013-05-31": "503.38400", "2013-02-28": "498.60700", "2012-11-30": "494.73100", "2012-08-31": "494.05100", "2012-05-31": "495.95000", "2012-02-29": "494.01600", "2011-11-30": "497.46900", "2011-08-31": "494.53700", "2011-05-31": "499.68600", "2011-02-28": "504.13400", "2010-11-30": "519.04500", "2010-08-31": "518.71000", "2010-05-31": "526.14800", "2010-02-28": "524.17300", "2009-11-30": "524.47000", "2009-08-31": "525.91100", "2009-05-31": "524.15900", "2009-02-28": "524.26800", "2008-11-30": "539.37300", "2008-08-31": "531.06000", "2008-05-31": "533.39100", "2008-02-29": "561.11300", "2007-11-30": "584.20300", "2007-08-31": "583.67000", "2007-05-31": "587.92900", "2007-02-28": "587.96900", "2006-11-30": "593.75000", "2006-08-31": "586.43300", "2006-05-31": "595.28400", "2006-02-28": "598.45100", "2005-11-30": "489.92100", "2005-08-31": "491.71000", "2005-05-31": "488.76500", "2005-02-28": "486.26000"}, "Shares Outstanding": {"2020-11-30": "485.00000", "2020-08-31": "485.00000", "2020-05-31": "485.00000", "2020-02-29": "488.00000", "2019-11-30": "492.00000", "2019-08-31": "491.00000", "2019-05-31": "492.00000", "2019-02-28": "494.00000", "2018-11-30": "498.00000", "2018-08-31": "496.86600", "2018-05-31": "498.25200", "2018-02-28": "499.43300", "2017-11-30": "501.12300", "2017-08-31": "500.39800", "2017-05-31": "500.35100", "2017-02-28": "500.86100", "2016-11-30": "504.29900", "2016-08-31": "503.66900", "2016-05-31": "504.72500", "2016-02-29": "505.67600", "2015-11-30": "507.16400", "2015-08-31": "505.80900", "2015-05-31": "505.58200", "2015-02-28": "507.52600", "2014-11-30": "508.48000", "2014-08-31": "507.81100", "2014-05-31": "506.68700", "2014-02-28": "508.34000", "2013-11-30": "513.47600", "2013-08-31": "514.05800", "2013-05-31": "512.44600", "2013-02-28": "507.84000", "2012-11-30": "502.72100", "2012-08-31": "499.75700", "2012-05-31": "501.37700", "2012-02-29": "500.37800", "2011-11-30": "503.92100", "2011-08-31": "498.74100", "2011-05-31": "506.28000", "2011-02-28": "511.34500", "2010-11-30": "525.82400", "2010-08-31": "523.17900", "2010-05-31": "533.25900", "2010-02-28": "532.64500", "2009-11-30": "530.61000", "2009-08-31": "531.80900", "2009-05-31": "528.01300", "2009-02-28": "527.83000", "2008-11-30": "548.55300", "2008-08-31": "541.31100", "2008-05-31": "542.37600", "2008-02-29": "571.25900", "2007-11-30": "598.77500", "2007-08-31": "597.33400", "2007-05-31": "603.41700", "2007-02-28": "604.24900", "2006-11-30": "612.22200", "2006-08-31": "600.88200", "2006-05-31": "613.80400", "2006-02-28": "621.83900", "2005-11-30": "508.07000", "2005-08-31": "507.82100", "2005-05-31": "508.15600", "2005-02-28": "506.18200"}, "Basic EPS": {"2020-11-30": "4.69000", "2020-08-31": "1.99000", "2020-05-31": "2.28000", "2020-02-29": "1.98000", "2019-11-30": "1.76000", "2019-08-31": "1.63000", "2019-05-31": "1.30000", "2019-02-28": "1.38000", "2018-11-30": "1.39000", "2018-08-31": "1.36000", "2018-05-31": "1.35000", "2018-02-28": "1.18000", "2017-11-30": "1.01000", "2017-08-31": "0.85000", "2017-05-31": "0.76000", "2017-02-28": "0.81000", "2016-11-30": "0.81000", "2016-08-31": "0.54000", "2016-05-31": "0.49000", "2016-02-29": "0.51000", "2015-11-30": "0.44000", "2015-08-31": "0.35000", "2015-05-31": "0.30000", "2015-02-28": "0.17000", "2014-11-30": "0.18000", "2014-08-31": "0.09000", "2014-05-31": "0.18000", "2014-02-28": "0.09000", "2013-11-30": "0.14000", "2013-08-31": "0.16000", "2013-05-31": "0.15000", "2013-02-28": "0.13000", "2012-11-30": "0.45000", "2012-08-31": "0.41000", "2012-05-31": "0.45000", "2012-02-29": "0.37000", "2011-11-30": "0.35000", "2011-08-31": "0.39000", "2011-05-31": "0.46000", "2011-02-28": "0.47000", "2010-11-30": "0.53000", "2010-08-31": "0.44000", "2010-05-31": "0.28000", "2010-02-28": "0.24000", "2009-11-30": "-0.06000", "2009-08-31": "0.26000", "2009-05-31": "0.24000", "2009-02-28": "0.30000", "2008-11-30": "0.47000", "2008-08-31": "0.36000", "2008-05-31": "0.40000", "2008-02-29": "0.39000", "2007-11-30": "0.39000", "2007-08-31": "0.35000", "2007-05-31": "0.26000", "2007-02-28": "0.24000", "2006-11-30": "0.30000", "2006-08-31": "0.16000", "2006-05-31": "0.21000", "2006-02-28": "0.18000", "2005-11-30": "0.32000", "2005-08-31": "0.29000", "2005-05-31": "0.31000", "2005-02-28": "0.31000"}, "EPS - Earnings Per Share": {"2020-11-30": "4.63000", "2020-08-31": "1.97000", "2020-05-31": "2.27000", "2020-02-29": "1.96000", "2019-11-30": "1.74000", "2019-08-31": "1.61000", "2019-05-31": "1.29000", "2019-02-28": "1.36000", "2018-11-30": "1.36000", "2018-08-31": "1.34000", "2018-05-31": "1.33000", "2018-02-28": "1.17000", "2017-11-30": "0.99000", "2017-08-31": "0.84000", "2017-05-31": "0.75000", "2017-02-28": "0.80000", "2016-11-30": "0.80000", "2016-08-31": "0.54000", "2016-05-31": "0.48000", "2016-02-29": "0.50000", "2015-11-30": "0.44000", "2015-08-31": "0.34000", "2015-05-31": "0.29000", "2015-02-28": "0.17000", "2014-11-30": "0.18000", "2014-08-31": "0.09000", "2014-05-31": "0.17000", "2014-02-28": "0.09000", "2013-11-30": "0.12000", "2013-08-31": "0.16000", "2013-05-31": "0.15000", "2013-02-28": "0.13000", "2012-11-30": "0.44000", "2012-08-31": "0.40000", "2012-05-31": "0.45000", "2012-02-29": "0.37000", "2011-11-30": "0.35000", "2011-08-31": "0.39000", "2011-05-31": "0.45000", "2011-02-28": "0.46000", "2010-11-30": "0.51000", "2010-08-31": "0.44000", "2010-05-31": "0.28000", "2010-02-28": "0.24000", "2009-11-30": "-0.07000", "2009-08-31": "0.26000", "2009-05-31": "0.24000", "2009-02-28": "0.30000", "2008-11-30": "0.46000", "2008-08-31": "0.35000", "2008-05-31": "0.40000", "2008-02-29": "0.38000", "2007-11-30": "0.38000", "2007-08-31": "0.34000", "2007-05-31": "0.25000", "2007-02-28": "0.24000", "2006-11-30": "0.30000", "2006-08-31": "0.16000", "2006-05-31": "0.20000", "2006-02-28": "0.17000", "2005-11-30": "0.31000", "2005-08-31": "0.29000", "2005-05-31": "0.29000", "2005-02-28": "0.30000"}}, "balance sheet": {"Cash On Hand": {"2020-11-30": "5992.00000", "2019-11-30": "4177.00000", "2018-11-30": "3228.96200", "2017-11-30": "5819.77400", "2016-11-30": "4761.30000", "2015-11-30": "3988.08400", "2014-11-30": "3739.49100", "2013-11-30": "3173.75200", "2012-11-30": "3538.35300", "2011-11-30": "2911.69200", "2010-11-30": "2468.01500", "2009-11-30": "1904.47300", "2008-11-30": "2019.20200", "2007-11-30": "1993.85400", "2006-11-30": "2280.87900", "2005-11-30": "1700.83400"}, "Receivables": {"2020-11-30": "1398.00000", "2019-11-30": "1535.00000", "2018-11-30": "1315.57800", "2017-11-30": "1217.96800", "2016-11-30": "833.03300", "2015-11-30": "672.00600", "2014-11-30": "591.80000", "2013-11-30": "599.82000", "2012-11-30": "617.23300", "2011-11-30": "634.37300", "2010-11-30": "554.32800", "2009-11-30": "410.87900", "2008-11-30": "467.23400", "2007-11-30": "318.14500", "2006-11-30": "408.66600", "2005-11-30": "204.74900"}, "Inventory": {"2020-11-30": "", "2019-11-30": "", "2018-11-30": "", "2017-11-30": "", "2016-11-30": "", "2015-11-30": "", "2014-11-30": "", "2013-11-30": "", "2012-11-30": "", "2011-11-30": "", "2010-11-30": "", "2009-11-30": "", "2008-11-30": "", "2007-11-30": "", "2006-11-30": "", "2005-11-30": ""}, "Pre-Paid Expenses": {"2020-11-30": "756.00000", "2019-11-30": "783.00000", "2018-11-30": "312.49900", "2017-11-30": "210.07100", "2016-11-30": "245.44100", "2015-11-30": "161.80200", "2014-11-30": "175.75800", "2013-11-30": "170.11000", "2012-11-30": "116.23700", "2011-11-30": "133.42300", "2010-11-30": "110.46000", "2009-11-30": "80.85500", "2008-11-30": "137.95400", "2007-11-30": "89.38000", "2006-11-30": "39.31100", "2005-11-30": "44.28500"}, "Other Current Assets": {"2020-11-30": "", "2019-11-30": "", "2018-11-30": "", "2017-11-30": "", "2016-11-30": "", "2015-11-30": "", "2014-11-30": "", "2013-11-30": "", "2012-11-30": "", "2011-11-30": "", "2010-11-30": "", "2009-11-30": "", "2008-11-30": "", "2007-11-30": "", "2006-11-30": "", "2005-11-30": ""}, "Total Current Assets": {"2020-11-30": "8146.00000", "2019-11-30": "6495.00000", "2018-11-30": "4857.03900", "2017-11-30": "7247.81300", "2016-11-30": "5839.77400", "2015-11-30": "4821.89200", "2014-11-30": "4602.32800", "2013-11-30": "4045.92900", "2012-11-30": "4397.06600", "2011-11-30": "3771.45100", "2010-11-30": "3216.05000", "2009-11-30": "2473.62400", "2008-11-30": "2735.10300", "2007-11-30": "2572.85100", "2006-11-30": "2884.46900", "2005-11-30": "2008.57800"}, "Property, Plant, And Equipment": {"2020-11-30": "1517.00000", "2019-11-30": "1293.00000", "2018-11-30": "1075.07200", "2017-11-30": "936.97600", "2016-11-30": "816.26400", "2015-11-30": "787.42100", "2014-11-30": "785.12300", "2013-11-30": "659.77400", "2012-11-30": "664.30200", "2011-11-30": "527.82800", "2010-11-30": "448.88100", "2009-11-30": "388.13200", "2008-11-30": "313.03700", "2007-11-30": "289.75800", "2006-11-30": "227.19700", "2005-11-30": "103.54900"}, "Long-Term Investments": {"2020-11-30": "", "2019-11-30": "", "2018-11-30": "", "2017-11-30": "", "2016-11-30": "80.43900", "2015-11-30": "80.43900", "2014-11-30": "80.43900", "2013-11-30": "207.23900", "2012-11-30": "207.23900", "2011-11-30": "207.23900", "2010-11-30": "207.23900", "2009-11-30": "207.23900", "2008-11-30": "207.23900", "2007-11-30": "207.23900", "2006-11-30": "126.80000", "2005-11-30": "126.80000"}, "Goodwill And Intangible Assets": {"2020-11-30": "12101.00000", "2019-11-30": "12412.00000", "2018-11-30": "12650.05000", "2017-11-30": "6207.21900", "2016-11-30": "5820.87900", "2015-11-30": "5876.88800", "2014-11-30": "5191.62400", "2013-11-30": "5377.23500", "2012-11-30": "4678.29500", "2011-11-30": "4394.74300", "2010-11-30": "4170.62800", "2009-11-30": "4021.97700", "2008-11-30": "2349.69000", "2007-11-30": "2515.74600", "2006-11-30": "2655.89900", "2005-11-30": "135.16000"}, "Other Long-Term Assets": {"2020-11-30": "663.00000", "2019-11-30": "562.00000", "2018-11-30": "186.52200", "2017-11-30": "143.54800", "2016-11-30": "139.89000", "2015-11-30": "159.83200", "2014-11-30": "126.31500", "2013-11-30": "90.12100", "2012-11-30": "93.32700", "2011-11-30": "89.92200", "2010-11-30": "98.35000", "2009-11-30": "191.26500", "2008-11-30": "216.52900", "2007-11-30": "128.08500", "2006-11-30": "68.18300", "2005-11-30": "66.22800"}, "Total Long-Term Assets": {"2020-11-30": "16138.00000", "2019-11-30": "14267.00000", "2018-11-30": "13911.64000", "2017-11-30": "7287.74300", "2016-11-30": "6857.47200", "2015-11-30": "6904.58000", "2014-11-30": "6183.50100", "2013-11-30": "6334.36900", "2012-11-30": "5643.16300", "2011-11-30": "5219.73200", "2010-11-30": "4925.09800", "2009-11-30": "4808.61300", "2008-11-30": "3086.49500", "2007-11-30": "3140.82800", "2006-11-30": "3078.07900", "2005-11-30": "431.73700"}, "Total Assets": {"2020-11-30": "24284.00000", "2019-11-30": "20762.00000", "2018-11-30": "18768.68000", "2017-11-30": "14535.56000", "2016-11-30": "12697.25000", "2015-11-30": "11726.47000", "2014-11-30": "10785.83000", "2013-11-30": "10380.30000", "2012-11-30": "10040.23000", "2011-11-30": "8991.18300", "2010-11-30": "8141.14800", "2009-11-30": "7282.23700", "2008-11-30": "5821.59800", "2007-11-30": "5713.67900", "2006-11-30": "5962.54800", "2005-11-30": "2440.31500"}, "Total Current Liabilities": {"2020-11-30": "5512.00000", "2019-11-30": "8191.00000", "2018-11-30": "4301.12600", "2017-11-30": "3527.45700", "2016-11-30": "2811.63500", "2015-11-30": "2213.55600", "2014-11-30": "2494.43500", "2013-11-30": "1525.64800", "2012-11-30": "1271.75200", "2011-11-30": "1250.77900", "2010-11-30": "1068.08800", "2009-11-30": "844.55300", "2008-11-30": "762.59900", "2007-11-30": "852.41000", "2006-11-30": "677.34700", "2005-11-30": "480.39500"}, "Long Term Debt": {"2020-11-30": "4117.00000", "2019-11-30": "989.00000", "2018-11-30": "4124.80000", "2017-11-30": "1881.42100", "2016-11-30": "1892.20000", "2015-11-30": "1907.23100", "2014-11-30": "911.08600", "2013-11-30": "1499.29700", "2012-11-30": "1496.93800", "2011-11-30": "1505.09600", "2010-11-30": "1513.66200", "2009-11-30": "1000.00000", "2008-11-30": "350.00000", "2007-11-30": "", "2006-11-30": "", "2005-11-30": ""}, "Other Non-Current Liabilities": {"2020-11-30": "752.00000", "2019-11-30": "789.00000", "2018-11-30": "796.31000", "2017-11-30": "298.27600", "2016-11-30": "281.78500", "2015-11-30": "344.80200", "2014-11-30": "204.68700", "2013-11-30": "201.81700", "2012-11-30": "217.44300", "2011-11-30": "215.29000", "2010-11-30": "214.98400", "2009-11-30": "257.91300", "2008-11-30": "149.96100", "2007-11-30": "36.39400", "2006-11-30": "29.96600", "2005-11-30": "7.06300"}, "Total Long Term Liabilities": {"2020-11-30": "5508.00000", "2019-11-30": "2041.00000", "2018-11-30": "5105.44200", "2017-11-30": "2548.23000", "2016-11-30": "2460.77600", "2015-11-30": "2511.33600", "2014-11-30": "1515.48900", "2013-11-30": "2130.01600", "2012-11-30": "2103.29500", "2011-11-30": "1957.29100", "2010-11-30": "1880.67300", "2009-11-30": "1547.11600", "2008-11-30": "648.64500", "2007-11-30": "211.28700", "2006-11-30": "133.32500", "2005-11-30": "95.59400"}, "Total Liabilities": {"2020-11-30": "11020.00000", "2019-11-30": "10232.00000", "2018-11-30": "9406.56800", "2017-11-30": "6075.68700", "2016-11-30": "5272.41100", "2015-11-30": "4724.89200", "2014-11-30": "4009.92400", "2013-11-30": "3655.66400", "2012-11-30": "3375.04700", "2011-11-30": "3208.07000", "2010-11-30": "2948.76100", "2009-11-30": "2391.66900", "2008-11-30": "1411.24400", "2007-11-30": "1063.69700", "2006-11-30": "810.67200", "2005-11-30": "575.98900"}, "Common Stock Net": {"2020-11-30": "0.00000", "2019-11-30": "0.00000", "2018-11-30": "0.06100", "2017-11-30": "0.06100", "2016-11-30": "0.06100", "2015-11-30": "0.06100", "2014-11-30": "0.06100", "2013-11-30": "0.06100", "2012-11-30": "0.06100", "2011-11-30": "0.06100", "2010-11-30": "0.06100", "2009-11-30": "0.06100", "2008-11-30": "0.06100", "2007-11-30": "0.06100", "2006-11-30": "0.06100", "2005-11-30": "0.06000"}, "Retained Earnings (Accumulated Deficit)": {"2020-11-30": "19611.00000", "2019-11-30": "14829.00000", "2018-11-30": "11815.60000", "2017-11-30": "9573.87000", "2016-11-30": "8114.51700", "2015-11-30": "7253.43100", "2014-11-30": "6924.29400", "2013-11-30": "6928.96400", "2012-11-30": "7003.00300", "2011-11-30": "6528.73500", "2010-11-30": "5980.91400", "2009-11-30": "5299.91400", "2008-11-30": "4913.40600", "2007-11-30": "4041.59200", "2006-11-30": "3317.78500", "2005-11-30": "2838.56000"}, "Comprehensive Income": {"2020-11-30": "-158.00000", "2019-11-30": "-188.00000", "2018-11-30": "-148.13000", "2017-11-30": "-111.82100", "2016-11-30": "-173.60200", "2015-11-30": "-169.08000", "2014-11-30": "-8.09400", "2013-11-30": "46.10300", "2012-11-30": "30.71200", "2011-11-30": "29.95000", "2010-11-30": "17.42800", "2009-11-30": "24.44600", "2008-11-30": "57.22200", "2007-11-30": "27.94800", "2006-11-30": "6.34400", "2005-11-30": "-0.91400"}, "Other Share Holders Equity": {"2020-11-30": "", "2019-11-30": "", "2018-11-30": "", "2017-11-30": "", "2016-11-30": "", "2015-11-30": "", "2014-11-30": "", "2013-11-30": "", "2012-11-30": "", "2011-11-30": "", "2010-11-30": "", "2009-11-30": "", "2008-11-30": "", "2007-11-30": "", "2006-11-30": "", "2005-11-30": ""}, "Share Holder Equity": {"2020-11-30": "13264.00000", "2019-11-30": "10530.00000", "2018-11-30": "9362.11400", "2017-11-30": "8459.86900", "2016-11-30": "7424.83500", "2015-11-30": "7001.58000", "2014-11-30": "6775.90500", "2013-11-30": "6724.63400", "2012-11-30": "6665.18200", "2011-11-30": "5783.11300", "2010-11-30": "5192.38700", "2009-11-30": "4890.56800", "2008-11-30": "4410.35400", "2007-11-30": "4649.98200", "2006-11-30": "5151.87600", "2005-11-30": "1864.32600"}, "Total Liabilities And Share Holders Equity": {"2020-11-30": "24284.00000", "2019-11-30": "20762.00000", "2018-11-30": "18768.68000", "2017-11-30": "14535.56000", "2016-11-30": "12697.25000", "2015-11-30": "11726.47000", "2014-11-30": "10785.83000", "2013-11-30": "10380.30000", "2012-11-30": "10040.23000", "2011-11-30": "8991.18300", "2010-11-30": "8141.14800", "2009-11-30": "7282.23700", "2008-11-30": "5821.59800", "2007-11-30": "5713.67900", "2006-11-30": "5962.54800", "2005-11-30": "2440.31500"}}, "balance sheet, quarterly": {"Cash On Hand": {"2020-11-30": "5992.00000", "2020-08-31": "5264.00000", "2020-05-31": "4351.00000", "2020-02-29": "4171.00000", "2019-11-30": "4177.00000", "2019-08-31": "3650.78800", "2019-05-31": "3478.97900", "2019-02-28": "3226.25700", "2018-11-30": "3228.96200", "2018-08-31": "4944.47000", "2018-05-31": "6334.06400", "2018-02-28": "6147.97000", "2017-11-30": "5819.77400", "2017-08-31": "5368.48600", "2017-05-31": "4931.51300", "2017-02-28": "4647.61700", "2016-11-30": "4761.30000", "2016-08-31": "4446.39800", "2016-05-31": "4318.40800", "2016-02-29": "4097.88800", "2015-11-30": "3988.08400", "2015-08-31": "3668.73300", "2015-05-31": "3413.24800", "2015-02-28": "3176.82000", "2014-11-30": "3739.49100", "2014-08-31": "3520.19700", "2014-05-31": "3330.21100", "2014-02-28": "3132.09200", "2013-11-30": "3173.75200", "2013-08-31": "3163.93700", "2013-05-31": "3865.70800", "2013-02-28": "3660.68900", "2012-11-30": "3538.35300", "2012-08-31": "3247.36300", "2012-05-31": "2998.11700", "2012-02-29": "2766.11800", "2011-11-30": "2911.69200", "2011-08-31": "2719.27600", "2011-05-31": "2625.52000", "2011-02-28": "2636.83500", "2010-11-30": "2468.01500", "2010-08-31": "2578.27400", "2010-05-31": "2644.72200", "2010-02-28": "2672.38400", "2009-11-30": "1904.47300", "2009-08-31": "2556.46100", "2009-05-31": "2664.18500", "2009-02-28": "2383.69400", "2008-11-30": "2019.20200", "2008-08-31": "2000.90400", "2008-05-31": "1864.73600", "2008-02-29": "1715.24400", "2007-11-30": "1993.85400", "2007-08-31": "1955.71400", "2007-05-31": "2323.82500", "2007-02-28": "2282.40000", "2006-11-30": "2280.87900", "2006-08-31": "1986.45200", "2006-05-31": "1826.08600", "2006-02-28": "2104.60500", "2005-11-30": "1700.83400", "2005-08-31": "1892.78500", "2005-05-31": "1690.56600", "2005-02-28": "1467.10300"}, "Receivables": {"2020-11-30": "1398.00000", "2020-08-31": "1318.00000", "2020-05-31": "1366.00000", "2020-02-29": "1389.00000", "2019-11-30": "1535.00000", "2019-08-31": "1371.69700", "2019-05-31": "1272.66800", "2019-02-28": "1342.34300", "2018-11-30": "1315.57800", "2018-08-31": "1044.50700", "2018-05-31": "1074.87700", "2018-02-28": "1062.69000", "2017-11-30": "1217.96800", "2017-08-31": "1006.18700", "2017-05-31": "901.45200", "2017-02-28": "850.84000", "2016-11-30": "833.03300", "2016-08-31": "731.16600", "2016-05-31": "666.73600", "2016-02-29": "599.20700", "2015-11-30": "672.00600", "2015-08-31": "593.55400", "2015-05-31": "502.61700", "2015-02-28": "532.42700", "2014-11-30": "591.80000", "2014-08-31": "528.33100", "2014-05-31": "531.55700", "2014-02-28": "510.50700", "2013-11-30": "599.82000", "2013-08-31": "522.40900", "2013-05-31": "470.05200", "2013-02-28": "485.80100", "2012-11-30": "617.23300", "2012-08-31": "566.67100", "2012-05-31": "529.39100", "2012-02-29": "512.21100", "2011-11-30": "634.37300", "2011-08-31": "559.32000", "2011-05-31": "568.57000", "2011-02-28": "533.35300", "2010-11-30": "554.32800", "2010-08-31": "484.55000", "2010-05-31": "439.15100", "2010-02-28": "350.57700", "2009-11-30": "410.87900", "2009-08-31": "281.80700", "2009-05-31": "262.59800", "2009-02-28": "300.04800", "2008-11-30": "467.23400", "2008-08-31": "361.65700", "2008-05-31": "368.13000", "2008-02-29": "332.10500", "2007-11-30": "318.14500", "2007-08-31": "321.67400", "2007-05-31": "371.45700", "2007-02-28": "368.25900", "2006-11-30": "408.66600", "2006-08-31": "330.69100", "2006-05-31": "332.18700", "2006-02-28": "331.85300", "2005-11-30": "204.74900", "2005-08-31": "197.12500", "2005-05-31": "208.63900", "2005-02-28": "166.54000"}, "Inventory": {"2020-11-30": "", "2020-08-31": "", "2020-05-31": "", "2020-02-29": "", "2019-11-30": "", "2019-08-31": "", "2019-05-31": "", "2019-02-28": "", "2018-11-30": "", "2018-08-31": "", "2018-05-31": "", "2018-02-28": "", "2017-11-30": "", "2017-08-31": "", "2017-05-31": "", "2017-02-28": "", "2016-11-30": "", "2016-08-31": "", "2016-05-31": "", "2016-02-29": "", "2015-11-30": "", "2015-08-31": "", "2015-05-31": "", "2015-02-28": "", "2014-11-30": "", "2014-08-31": "", "2014-05-31": "", "2014-02-28": "", "2013-11-30": "", "2013-08-31": "", "2013-05-31": "", "2013-02-28": "", "2012-11-30": "", "2012-08-31": "", "2012-05-31": "", "2012-02-29": "", "2011-11-30": "", "2011-08-31": "", "2011-05-31": "", "2011-02-28": "", "2010-11-30": "", "2010-08-31": "", "2010-05-31": "", "2010-02-28": "", "2009-11-30": "", "2009-08-31": "", "2009-05-31": "", "2009-02-28": "", "2008-11-30": "", "2008-08-31": "", "2008-05-31": "", "2008-02-29": "", "2007-11-30": "", "2007-08-31": "", "2007-05-31": "", "2007-02-28": "", "2006-11-30": "", "2006-08-31": "", "2006-05-31": "", "2006-02-28": "", "2005-11-30": "", "2005-08-31": "", "2005-05-31": "", "2005-02-28": ""}, "Pre-Paid Expenses": {"2020-11-30": "756.00000", "2020-08-31": "805.00000", "2020-05-31": "932.00000", "2020-02-29": "895.00000", "2019-11-30": "783.00000", "2019-08-31": "727.61100", "2019-05-31": "590.99800", "2019-02-28": "565.11500", "2018-11-30": "312.49900", "2018-08-31": "311.93600", "2018-05-31": "332.50300", "2018-02-28": "270.15400", "2017-11-30": "210.07100", "2017-08-31": "206.38400", "2017-05-31": "219.23200", "2017-02-28": "257.10500", "2016-11-30": "245.44100", "2016-08-31": "241.14600", "2016-05-31": "253.42000", "2016-02-29": "238.29500", "2015-11-30": "161.80200", "2015-08-31": "181.16300", "2015-05-31": "191.31400", "2015-02-28": "202.44200", "2014-11-30": "175.75800", "2014-08-31": "151.22700", "2014-05-31": "180.08600", "2014-02-28": "208.64300", "2013-11-30": "170.11000", "2013-08-31": "128.49500", "2013-05-31": "143.79900", "2013-02-28": "161.66300", "2012-11-30": "116.23700", "2012-08-31": "139.11500", "2012-05-31": "163.93900", "2012-02-29": "149.81200", "2011-11-30": "133.42300", "2011-08-31": "119.51300", "2011-05-31": "127.21100", "2011-02-28": "113.68200", "2010-11-30": "110.46000", "2010-08-31": "96.82600", "2010-05-31": "121.24300", "2010-02-28": "86.99300", "2009-11-30": "80.85500", "2009-08-31": "80.50300", "2009-05-31": "84.07900", "2009-02-28": "104.12400", "2008-11-30": "137.95400", "2008-08-31": "60.05900", "2008-05-31": "48.39700", "2008-02-29": "46.03100", "2007-11-30": "89.38000", "2007-08-31": "59.05900", "2007-05-31": "61.14100", "2007-02-28": "42.07700", "2006-11-30": "39.31100", "2006-08-31": "40.90700", "2006-05-31": "41.36900", "2006-02-28": "", "2005-11-30": "44.28500", "2005-08-31": "35.75100", "2005-05-31": "43.85000", "2005-02-28": "28.37200"}, "Other Current Assets": {"2020-11-30": "", "2020-08-31": "", "2020-05-31": "", "2020-02-29": "", "2019-11-30": "", "2019-08-31": "", "2019-05-31": "", "2019-02-28": "", "2018-11-30": "", "2018-08-31": "", "2018-05-31": "", "2018-02-28": "", "2017-11-30": "", "2017-08-31": "", "2017-05-31": "", "2017-02-28": "", "2016-11-30": "", "2016-08-31": "", "2016-05-31": "", "2016-02-29": "", "2015-11-30": "", "2015-08-31": "", "2015-05-31": "", "2015-02-28": "", "2014-11-30": "", "2014-08-31": "", "2014-05-31": "", "2014-02-28": "", "2013-11-30": "", "2013-08-31": "23.57300", "2013-05-31": "23.57300", "2013-02-28": "", "2012-11-30": "", "2012-08-31": "", "2012-05-31": "", "2012-02-29": "", "2011-11-30": "", "2011-08-31": "", "2011-05-31": "", "2011-02-28": "", "2010-11-30": "", "2010-08-31": "", "2010-05-31": "", "2010-02-28": "", "2009-11-30": "", "2009-08-31": "", "2009-05-31": "", "2009-02-28": "", "2008-11-30": "", "2008-08-31": "", "2008-05-31": "", "2008-02-29": "", "2007-11-30": "", "2007-08-31": "", "2007-05-31": "", "2007-02-28": "", "2006-11-30": "", "2006-08-31": "", "2006-05-31": "", "2006-02-28": "34.17600", "2005-11-30": "", "2005-08-31": "", "2005-05-31": "", "2005-02-28": ""}, "Total Current Assets": {"2020-11-30": "8146.00000", "2020-08-31": "7387.00000", "2020-05-31": "6649.00000", "2020-02-29": "6455.00000", "2019-11-30": "6495.00000", "2019-08-31": "5750.09600", "2019-05-31": "5342.64500", "2019-02-28": "5133.71500", "2018-11-30": "4857.03900", "2018-08-31": "6300.91300", "2018-05-31": "7741.44400", "2018-02-28": "7480.81400", "2017-11-30": "7247.81300", "2017-08-31": "6581.05700", "2017-05-31": "6052.19700", "2017-02-28": "5755.56200", "2016-11-30": "5839.77400", "2016-08-31": "5418.71000", "2016-05-31": "5238.56400", "2016-02-29": "4935.39000", "2015-11-30": "4821.89200", "2015-08-31": "4525.88800", "2015-05-31": "4178.39700", "2015-02-28": "3972.15900", "2014-11-30": "4602.32800", "2014-08-31": "4279.46800", "2014-05-31": "4114.34300", "2014-02-28": "3942.39100", "2013-11-30": "4045.92900", "2013-08-31": "3886.12400", "2013-05-31": "4557.65700", "2013-02-28": "4373.08300", "2012-11-30": "4397.06600", "2012-08-31": "4010.17300", "2012-05-31": "3770.80700", "2012-02-29": "3505.65500", "2011-11-30": "3771.45100", "2011-08-31": "3469.19600", "2011-05-31": "3389.31800", "2011-02-28": "3350.79800", "2010-11-30": "3216.05000", "2010-08-31": "3236.41500", "2010-05-31": "3276.07100", "2010-02-28": "3177.21900", "2009-11-30": "2473.62400", "2009-08-31": "2990.93400", "2009-05-31": "3087.76900", "2009-02-28": "2868.99100", "2008-11-30": "2735.10300", "2008-08-31": "2517.12000", "2008-05-31": "2381.46900", "2008-02-29": "2226.27200", "2007-11-30": "2572.85100", "2007-08-31": "2505.23000", "2007-05-31": "2952.52100", "2007-02-28": "2857.00000", "2006-11-30": "2884.46900", "2006-08-31": "2496.55400", "2006-05-31": "2328.45600", "2006-02-28": "2595.53200", "2005-11-30": "2008.57800", "2005-08-31": "2180.67900", "2005-05-31": "1999.56800", "2005-02-28": "1699.93900"}, "Property, Plant, And Equipment": {"2020-11-30": "1517.00000", "2020-08-31": "1467.00000", "2020-05-31": "1387.00000", "2020-02-29": "1340.00000", "2019-11-30": "1293.00000", "2019-08-31": "1244.01100", "2019-05-31": "1205.02000", "2019-02-28": "1104.06500", "2018-11-30": "1075.07200", "2018-08-31": "1019.26000", "2018-05-31": "993.48600", "2018-02-28": "991.67400", "2017-11-30": "936.97600", "2017-08-31": "939.80900", "2017-05-31": "924.10800", "2017-02-28": "821.73000", "2016-11-30": "816.26400", "2016-08-31": "811.52400", "2016-05-31": "796.07700", "2016-02-29": "794.87600", "2015-11-30": "787.42100", "2015-08-31": "797.46400", "2015-05-31": "785.19900", "2015-02-28": "784.31400", "2014-11-30": "785.12300", "2014-08-31": "785.85600", "2014-05-31": "642.45000", "2014-02-28": "651.08300", "2013-11-30": "659.77400", "2013-08-31": "659.74700", "2013-05-31": "645.86500", "2013-02-28": "686.01400", "2012-11-30": "664.30200", "2012-08-31": "619.39200", "2012-05-31": "573.56600", "2012-02-29": "549.78000", "2011-11-30": "527.82800", "2011-08-31": "499.05900", "2011-05-31": "463.41500", "2011-02-28": "453.49700", "2010-11-30": "448.88100", "2010-08-31": "422.92000", "2010-05-31": "407.62100", "2010-02-28": "386.20500", "2009-11-30": "388.13200", "2009-08-31": "335.75200", "2009-05-31": "291.72000", "2009-02-28": "300.37600", "2008-11-30": "313.03700", "2008-08-31": "317.07100", "2008-05-31": "300.37100", "2008-02-29": "297.52200", "2007-11-30": "289.75800", "2007-08-31": "278.72200", "2007-05-31": "266.39500", "2007-02-28": "258.89900", "2006-11-30": "227.19700", "2006-08-31": "212.87500", "2006-05-31": "210.18100", "2006-02-28": "208.15900", "2005-11-30": "103.54900", "2005-08-31": "103.66300", "2005-05-31": "98.93400", "2005-02-28": "100.34000"}, "Long-Term Investments": {"2020-11-30": "", "2020-08-31": "", "2020-05-31": "", "2020-02-29": "", "2019-11-30": "", "2019-08-31": "", "2019-05-31": "", "2019-02-28": "", "2018-11-30": "", "2018-08-31": "", "2018-05-31": "", "2018-02-28": "", "2017-11-30": "", "2017-08-31": "", "2017-05-31": "", "2017-02-28": "80.43900", "2016-11-30": "80.43900", "2016-08-31": "80.43900", "2016-05-31": "80.43900", "2016-02-29": "80.43900", "2015-11-30": "80.43900", "2015-08-31": "80.43900", "2015-05-31": "80.43900", "2015-02-28": "80.43900", "2014-11-30": "80.43900", "2014-08-31": "80.43900", "2014-05-31": "207.23900", "2014-02-28": "207.23900", "2013-11-30": "207.23900", "2013-08-31": "207.23900", "2013-05-31": "207.23900", "2013-02-28": "207.23900", "2012-11-30": "207.23900", "2012-08-31": "207.23900", "2012-05-31": "207.23900", "2012-02-29": "207.23900", "2011-11-30": "207.23900", "2011-08-31": "207.23900", "2011-05-31": "207.23900", "2011-02-28": "207.23900", "2010-11-30": "207.23900", "2010-08-31": "207.23900", "2010-05-31": "207.23900", "2010-02-28": "207.23900", "2009-11-30": "207.23900", "2009-08-31": "207.23900", "2009-05-31": "207.23900", "2009-02-28": "207.23900", "2008-11-30": "207.23900", "2008-08-31": "207.23900", "2008-05-31": "207.23900", "2008-02-29": "207.23900", "2007-11-30": "207.23900", "2007-08-31": "207.23900", "2007-05-31": "207.23900", "2007-02-28": "126.80000", "2006-11-30": "126.80000", "2006-08-31": "126.80000", "2006-05-31": "126.80000", "2006-02-28": "126.80000", "2005-11-30": "126.80000", "2005-08-31": "126.80000", "2005-05-31": "126.80000", "2005-02-28": "126.80000"}, "Goodwill And Intangible Assets": {"2020-11-30": "12101.00000", "2020-08-31": "12184.00000", "2020-05-31": "12230.00000", "2020-02-29": "12317.00000", "2019-11-30": "12412.00000", "2019-08-31": "12503.69000", "2019-05-31": "12615.02000", "2019-02-28": "12724.82000", "2018-11-30": "12650.05000", "2018-08-31": "7806.32900", "2018-05-31": "6144.27000", "2018-02-28": "6197.63900", "2017-11-30": "6207.21900", "2017-08-31": "6241.32300", "2017-05-31": "6242.53700", "2017-02-28": "6242.77700", "2016-11-30": "5820.87900", "2016-08-31": "5887.41000", "2016-05-31": "5938.74900", "2016-02-29": "5907.68600", "2015-11-30": "5876.88800", "2015-08-31": "5958.96900", "2015-05-31": "5972.16900", "2015-02-28": "6025.49100", "2014-11-30": "5191.62400", "2014-08-31": "5237.62000", "2014-05-31": "5306.11500", "2014-02-28": "5352.61900", "2013-11-30": "5377.23500", "2013-08-31": "5390.27200", "2013-05-31": "4776.43400", "2013-02-28": "4802.05500", "2012-11-30": "4678.29500", "2012-08-31": "4703.49600", "2012-05-31": "4723.14500", "2012-02-29": "4775.90200", "2011-11-30": "4394.74300", "2011-08-31": "4160.02300", "2011-05-31": "4117.70400", "2011-02-28": "4133.68900", "2010-11-30": "4170.62800", "2010-08-31": "3903.02900", "2010-05-31": "3935.62400", "2010-02-28": "3981.67800", "2009-11-30": "4021.97700", "2009-08-31": "2243.33000", "2009-05-31": "2283.50400", "2009-02-28": "2313.84300", "2008-11-30": "2349.69000", "2008-08-31": "2380.43300", "2008-05-31": "2448.41200", "2008-02-29": "2501.58900", "2007-11-30": "2515.74600", "2007-08-31": "2591.35300", "2007-05-31": "2624.01200", "2007-02-28": "2598.39600", "2006-11-30": "2655.89900", "2006-08-31": "2689.09900", "2006-05-31": "2737.19500", "2006-02-28": "2768.06700", "2005-11-30": "135.16000", "2005-08-31": "135.48700", "2005-05-31": "136.19000", "2005-02-28": "136.89600"}, "Other Long-Term Assets": {"2020-11-30": "663.00000", "2020-08-31": "650.00000", "2020-05-31": "617.00000", "2020-02-29": "598.00000", "2019-11-30": "562.00000", "2019-08-31": "557.08000", "2019-05-31": "503.22100", "2019-02-28": "542.93800", "2018-11-30": "186.52200", "2018-08-31": "183.82100", "2018-05-31": "166.23400", "2018-02-28": "153.64800", "2017-11-30": "143.54800", "2017-08-31": "144.62600", "2017-05-31": "146.05800", "2017-02-28": "144.27500", "2016-11-30": "139.89000", "2016-08-31": "169.35800", "2016-05-31": "162.95400", "2016-02-29": "178.29100", "2015-11-30": "159.83200", "2015-08-31": "145.63500", "2015-05-31": "149.17900", "2015-02-28": "146.01900", "2014-11-30": "126.31500", "2014-08-31": "110.29700", "2014-05-31": "102.05200", "2014-02-28": "92.55000", "2013-11-30": "90.12100", "2013-08-31": "90.77400", "2013-05-31": "93.17400", "2013-02-28": "97.32000", "2012-11-30": "93.32700", "2012-08-31": "89.71300", "2012-05-31": "91.07500", "2012-02-29": "94.13200", "2011-11-30": "89.92200", "2011-08-31": "157.24100", "2011-05-31": "162.04000", "2011-02-28": "164.80100", "2010-11-30": "98.35000", "2010-08-31": "177.42600", "2010-05-31": "180.37600", "2010-02-28": "192.72800", "2009-11-30": "191.26500", "2009-08-31": "184.70500", "2009-05-31": "193.51300", "2009-02-28": "197.14700", "2008-11-30": "216.52900", "2008-08-31": "216.88700", "2008-05-31": "122.92600", "2008-02-29": "108.27900", "2007-11-30": "128.08500", "2007-08-31": "83.91700", "2007-05-31": "85.78200", "2007-02-28": "63.08900", "2006-11-30": "68.18300", "2006-08-31": "95.45700", "2006-05-31": "98.85400", "2006-02-28": "103.17500", "2005-11-30": "66.22800", "2005-08-31": "58.96600", "2005-05-31": "59.72400", "2005-02-28": "58.83500"}, "Total Long-Term Assets": {"2020-11-30": "16138.00000", "2020-08-31": "15027.00000", "2020-05-31": "14954.00000", "2020-02-29": "14759.00000", "2019-11-30": "14267.00000", "2019-08-31": "14304.78000", "2019-05-31": "14323.26000", "2019-02-28": "14371.82000", "2018-11-30": "13911.64000", "2018-08-31": "9094.70700", "2018-05-31": "7421.96000", "2018-02-28": "7492.67000", "2017-11-30": "7287.74300", "2017-08-31": "7325.75800", "2017-05-31": "7312.70300", "2017-02-28": "7289.22100", "2016-11-30": "6857.47200", "2016-08-31": "6948.73100", "2016-05-31": "6978.21900", "2016-02-29": "6961.29200", "2015-11-30": "6904.58000", "2015-08-31": "6982.50700", "2015-05-31": "6986.98600", "2015-02-28": "7036.26300", "2014-11-30": "6183.50100", "2014-08-31": "6214.21100", "2014-05-31": "6257.85500", "2014-02-28": "6303.49100", "2013-11-30": "6334.36900", "2013-08-31": "6348.03200", "2013-05-31": "5722.71200", "2013-02-28": "5792.62700", "2012-11-30": "5643.16300", "2012-08-31": "5619.84000", "2012-05-31": "5595.02500", "2012-02-29": "5627.05300", "2011-11-30": "5219.73200", "2011-08-31": "5023.56200", "2011-05-31": "4950.39800", "2011-02-28": "4959.22600", "2010-11-30": "4925.09800", "2010-08-31": "4710.61400", "2010-05-31": "4730.86000", "2010-02-28": "4767.85000", "2009-11-30": "4808.61300", "2009-08-31": "2971.02600", "2009-05-31": "2975.97600", "2009-02-28": "3018.60500", "2008-11-30": "3086.49500", "2008-08-31": "3121.63000", "2008-05-31": "3078.94800", "2008-02-29": "3114.62900", "2007-11-30": "3140.82800", "2007-08-31": "3161.23100", "2007-05-31": "3183.42800", "2007-02-28": "3047.18400", "2006-11-30": "3078.07900", "2006-08-31": "3124.23100", "2006-05-31": "3173.03000", "2006-02-28": "3206.20100", "2005-11-30": "431.73700", "2005-08-31": "424.91600", "2005-05-31": "421.64800", "2005-02-28": "422.87100"}, "Total Assets": {"2020-11-30": "24284.00000", "2020-08-31": "22414.00000", "2020-05-31": "21603.00000", "2020-02-29": "21214.00000", "2019-11-30": "20762.00000", "2019-08-31": "20054.88000", "2019-05-31": "19665.91000", "2019-02-28": "19505.54000", "2018-11-30": "18768.68000", "2018-08-31": "15395.62000", "2018-05-31": "15163.40000", "2018-02-28": "14973.49000", "2017-11-30": "14535.56000", "2017-08-31": "13906.82000", "2017-05-31": "13364.90000", "2017-02-28": "13044.78000", "2016-11-30": "12697.25000", "2016-08-31": "12367.44000", "2016-05-31": "12216.78000", "2016-02-29": "11896.68000", "2015-11-30": "11726.47000", "2015-08-31": "11508.39000", "2015-05-31": "11165.38000", "2015-02-28": "11008.42000", "2014-11-30": "10785.83000", "2014-08-31": "10493.68000", "2014-05-31": "10372.20000", "2014-02-28": "10245.88000", "2013-11-30": "10380.30000", "2013-08-31": "10234.16000", "2013-05-31": "10280.37000", "2013-02-28": "10165.71000", "2012-11-30": "10040.23000", "2012-08-31": "9630.01300", "2012-05-31": "9365.83200", "2012-02-29": "9132.70800", "2011-11-30": "8991.18300", "2011-08-31": "8492.75800", "2011-05-31": "8339.71600", "2011-02-28": "8310.02400", "2010-11-30": "8141.14800", "2010-08-31": "7947.02900", "2010-05-31": "8006.93100", "2010-02-28": "7945.06900", "2009-11-30": "7282.23700", "2009-08-31": "5961.96000", "2009-05-31": "6063.74500", "2009-02-28": "5887.59600", "2008-11-30": "5821.59800", "2008-08-31": "5638.75000", "2008-05-31": "5460.41700", "2008-02-29": "5340.90100", "2007-11-30": "5713.67900", "2007-08-31": "5666.46100", "2007-05-31": "6135.94900", "2007-02-28": "5904.18400", "2006-11-30": "5962.54800", "2006-08-31": "5620.78500", "2006-05-31": "5501.48600", "2006-02-28": "5801.73300", "2005-11-30": "2440.31500", "2005-08-31": "2605.59500", "2005-05-31": "2421.21600", "2005-02-28": "2122.81000"}, "Total Current Liabilities": {"2020-11-30": "5512.00000", "2020-08-31": "5130.00000", "2020-05-31": "5164.00000", "2020-02-29": "5228.00000", "2019-11-30": "8191.00000", "2019-08-31": "7802.96600", "2019-05-31": "7687.09700", "2019-02-28": "5313.73600", "2018-11-30": "4301.12600", "2018-08-31": "3792.02700", "2018-05-31": "3728.95600", "2018-02-28": "3536.46900", "2017-11-30": "3527.45700", "2017-08-31": "3216.14400", "2017-05-31": "3047.89600", "2017-02-28": "2954.06900", "2016-11-30": "2811.63500", "2016-08-31": "2505.66600", "2016-05-31": "2385.59000", "2016-02-29": "2231.80600", "2015-11-30": "2213.55600", "2015-08-31": "2060.81400", "2015-05-31": "1937.03300", "2015-02-28": "1788.16000", "2014-11-30": "2494.43500", "2014-08-31": "2245.24800", "2014-05-31": "2217.97200", "2014-02-28": "2112.34700", "2013-11-30": "1525.64800", "2013-08-31": "1329.11700", "2013-05-31": "1264.85500", "2013-02-28": "1264.32300", "2012-11-30": "1271.75200", "2012-08-31": "1169.71000", "2012-05-31": "1245.64400", "2012-02-29": "1115.02200", "2011-11-30": "1250.77900", "2011-08-31": "1032.25900", "2011-05-31": "1050.37900", "2011-02-28": "985.53200", "2010-11-30": "1068.08800", "2010-08-31": "967.20200", "2010-05-31": "969.90800", "2010-02-28": "900.77400", "2009-11-30": "844.55300", "2009-08-31": "614.38300", "2009-05-31": "613.63200", "2009-02-28": "636.86500", "2008-11-30": "762.59900", "2008-08-31": "661.66300", "2008-05-31": "672.76500", "2008-02-29": "669.54600", "2007-11-30": "852.41000", "2007-08-31": "807.74400", "2007-05-31": "779.08100", "2007-02-28": "655.52400", "2006-11-30": "677.34700", "2006-08-31": "557.69700", "2006-05-31": "574.28100", "2006-02-28": "571.29700", "2005-11-30": "480.39500", "2005-08-31": "479.08500", "2005-05-31": "517.92400", "2005-02-28": "484.18800"}, "Long Term Debt": {"2020-11-30": "4117.00000", "2020-08-31": "4116.00000", "2020-05-31": "4114.00000", "2020-02-29": "4113.00000", "2019-11-30": "989.00000", "2019-08-31": "988.42900", "2019-05-31": "987.93800", "2019-02-28": "3236.83300", "2018-11-30": "4124.80000", "2018-08-31": "1874.65400", "2018-05-31": "1874.05700", "2018-02-28": "1874.79400", "2017-11-30": "1881.42100", "2017-08-31": "1889.21800", "2017-05-31": "1888.39800", "2017-02-28": "1884.07400", "2016-11-30": "1892.20000", "2016-08-31": "1916.59100", "2016-05-31": "1918.38900", "2016-02-29": "1916.83100", "2015-11-30": "1907.23100", "2015-08-31": "1906.09400", "2015-05-31": "1904.37600", "2015-02-28": "1901.55400", "2014-11-30": "911.08600", "2014-08-31": "901.83000", "2014-05-31": "896.55100", "2014-02-28": "896.41800", "2013-11-30": "1499.29700", "2013-08-31": "1502.36900", "2013-05-31": "1505.56000", "2013-02-28": "1509.00300", "2012-11-30": "1496.93800", "2012-08-31": "1499.88100", "2012-05-31": "1500.66800", "2012-02-29": "1502.89300", "2011-11-30": "1505.09600", "2011-08-31": "1507.27800", "2011-05-31": "1509.42800", "2011-02-28": "1511.55300", "2010-11-30": "1513.66200", "2010-08-31": "1515.75200", "2010-05-31": "1493.65100", "2010-02-28": "1493.54600", "2009-11-30": "1000.00000", "2009-08-31": "350.00000", "2009-05-31": "350.00000", "2009-02-28": "350.00000", "2008-11-30": "350.00000", "2008-08-31": "350.00000", "2008-05-31": "350.00000", "2008-02-29": "450.00000", "2007-11-30": "", "2007-08-31": "", "2007-05-31": "", "2007-02-28": "", "2006-11-30": "", "2006-08-31": "", "2006-05-31": "", "2006-02-28": "", "2005-11-30": "", "2005-08-31": "", "2005-05-31": "", "2005-02-28": ""}, "Other Non-Current Liabilities": {"2020-11-30": "752.00000", "2020-08-31": "728.00000", "2020-05-31": "699.00000", "2020-02-29": "721.00000", "2019-11-30": "789.00000", "2019-08-31": "755.56100", "2019-05-31": "802.77300", "2019-02-28": "823.46900", "2018-11-30": "796.31000", "2018-08-31": "774.83200", "2018-05-31": "764.00300", "2018-02-28": "839.73400", "2017-11-30": "298.27600", "2017-08-31": "286.65500", "2017-05-31": "275.92000", "2017-02-28": "259.30500", "2016-11-30": "281.78500", "2016-08-31": "376.07600", "2016-05-31": "370.17100", "2016-02-29": "356.25600", "2015-11-30": "344.80200", "2015-08-31": "337.69600", "2015-05-31": "334.33600", "2015-02-28": "327.47600", "2014-11-30": "204.68700", "2014-08-31": "221.65200", "2014-05-31": "219.68100", "2014-02-28": "213.36500", "2013-11-30": "201.81700", "2013-08-31": "188.66900", "2013-05-31": "244.17200", "2013-02-28": "240.08000", "2012-11-30": "217.44300", "2012-08-31": "213.41600", "2012-05-31": "211.45500", "2012-02-29": "217.87900", "2011-11-30": "215.29000", "2011-08-31": "193.82900", "2011-05-31": "224.54900", "2011-02-28": "222.95000", "2010-11-30": "214.98400", "2010-08-31": "261.12100", "2010-05-31": "256.69800", "2010-02-28": "260.45100", "2009-11-30": "257.91300", "2009-08-31": "167.55600", "2009-05-31": "166.45800", "2009-02-28": "147.99500", "2008-11-30": "149.96100", "2008-08-31": "130.98000", "2008-05-31": "234.32400", "2008-02-29": "237.90500", "2007-11-30": "36.39400", "2007-08-31": "37.28000", "2007-05-31": "33.72100", "2007-02-28": "31.37000", "2006-11-30": "29.96600", "2006-08-31": "32.42200", "2006-05-31": "33.92800", "2006-02-28": "30.47800", "2005-11-30": "7.06300", "2005-08-31": "4.47600", "2005-05-31": "4.76700", "2005-02-28": "5.05800"}, "Total Long Term Liabilities": {"2020-11-30": "5508.00000", "2020-08-31": "5571.00000", "2020-05-31": "5558.00000", "2020-02-29": "5521.00000", "2019-11-30": "2041.00000", "2019-08-31": "2009.14100", "2019-05-31": "2047.11900", "2019-02-28": "4320.31500", "2018-11-30": "5105.44200", "2018-08-31": "2741.66800", "2018-05-31": "2728.86500", "2018-02-28": "2802.98800", "2017-11-30": "2548.23000", "2017-08-31": "2520.23700", "2017-05-31": "2513.00600", "2017-02-28": "2502.02400", "2016-11-30": "2460.77600", "2016-08-31": "2583.82900", "2016-05-31": "2582.58200", "2016-02-29": "2583.67400", "2015-11-30": "2511.33600", "2015-08-31": "2606.24900", "2015-05-31": "2618.24700", "2015-02-28": "2631.24200", "2014-11-30": "1515.48900", "2014-08-31": "1517.17200", "2014-05-31": "1517.33900", "2014-02-28": "1522.65200", "2013-11-30": "2130.01600", "2013-08-31": "2070.28000", "2013-05-31": "2088.21200", "2013-02-28": "2096.05000", "2012-11-30": "2103.29500", "2012-08-31": "2021.61000", "2012-05-31": "2020.54200", "2012-02-29": "2031.38400", "2011-11-30": "1957.29100", "2011-08-31": "1896.54100", "2011-05-31": "1899.92200", "2011-02-28": "1899.08500", "2010-11-30": "1880.67300", "2010-08-31": "1894.96900", "2010-05-31": "1858.26800", "2010-02-28": "1872.87500", "2009-11-30": "1547.11600", "2009-08-31": "653.01900", "2009-05-31": "649.07200", "2009-02-28": "639.57100", "2008-11-30": "648.64500", "2008-08-31": "605.64500", "2008-05-31": "746.99500", "2008-02-29": "857.20500", "2007-11-30": "211.28700", "2007-08-31": "125.71700", "2007-05-31": "161.15600", "2007-02-28": "140.58500", "2006-11-30": "133.32500", "2006-08-31": "149.26900", "2006-05-31": "158.59800", "2006-02-28": "153.82400", "2005-11-30": "95.59400", "2005-08-31": "46.35900", "2005-05-31": "33.38900", "2005-02-28": "14.05700"}, "Total Liabilities": {"2020-11-30": "11020.00000", "2020-08-31": "10701.00000", "2020-05-31": "10722.00000", "2020-02-29": "10749.00000", "2019-11-30": "10232.00000", "2019-08-31": "9812.10700", "2019-05-31": "9734.21600", "2019-02-28": "9634.05100", "2018-11-30": "9406.56800", "2018-08-31": "6533.69500", "2018-05-31": "6457.82100", "2018-02-28": "6339.45700", "2017-11-30": "6075.68700", "2017-08-31": "5736.38100", "2017-05-31": "5560.90200", "2017-02-28": "5456.09300", "2016-11-30": "5272.41100", "2016-08-31": "5089.49500", "2016-05-31": "4968.17200", "2016-02-29": "4815.48000", "2015-11-30": "4724.89200", "2015-08-31": "4667.06300", "2015-05-31": "4555.28000", "2015-02-28": "4419.40200", "2014-11-30": "4009.92400", "2014-08-31": "3762.42000", "2014-05-31": "3735.31100", "2014-02-28": "3634.99900", "2013-11-30": "3655.66400", "2013-08-31": "3399.39700", "2013-05-31": "3353.06700", "2013-02-28": "3360.37300", "2012-11-30": "3375.04700", "2012-08-31": "3191.32000", "2012-05-31": "3266.18600", "2012-02-29": "3146.40600", "2011-11-30": "3208.07000", "2011-08-31": "2928.80000", "2011-05-31": "2950.30100", "2011-02-28": "2884.61700", "2010-11-30": "2948.76100", "2010-08-31": "2862.17100", "2010-05-31": "2828.17600", "2010-02-28": "2773.64900", "2009-11-30": "2391.66900", "2009-08-31": "1267.40200", "2009-05-31": "1262.70400", "2009-02-28": "1276.43600", "2008-11-30": "1411.24400", "2008-08-31": "1267.30800", "2008-05-31": "1419.76000", "2008-02-29": "1526.75100", "2007-11-30": "1063.69700", "2007-08-31": "933.46100", "2007-05-31": "940.23700", "2007-02-28": "796.10900", "2006-11-30": "810.67200", "2006-08-31": "706.96600", "2006-05-31": "732.87900", "2006-02-28": "725.12100", "2005-11-30": "575.98900", "2005-08-31": "525.44400", "2005-05-31": "551.31300", "2005-02-28": "498.24500"}, "Common Stock Net": {"2020-11-30": "", "2020-08-31": "", "2020-05-31": "0.00000", "2020-02-29": "0.00000", "2019-11-30": "", "2019-08-31": "0.06100", "2019-05-31": "0.06100", "2019-02-28": "0.06100", "2018-11-30": "0.06100", "2018-08-31": "0.06100", "2018-05-31": "0.06100", "2018-02-28": "0.06100", "2017-11-30": "0.06100", "2017-08-31": "0.06100", "2017-05-31": "0.06100", "2017-02-28": "0.06100", "2016-11-30": "0.06100", "2016-08-31": "0.06100", "2016-05-31": "0.06100", "2016-02-29": "0.06100", "2015-11-30": "0.06100", "2015-08-31": "0.06100", "2015-05-31": "0.06100", "2015-02-28": "0.06100", "2014-11-30": "0.06100", "2014-08-31": "0.06100", "2014-05-31": "0.06100", "2014-02-28": "0.06100", "2013-11-30": "0.06100", "2013-08-31": "0.06100", "2013-05-31": "0.06100", "2013-02-28": "0.06100", "2012-11-30": "0.06100", "2012-08-31": "0.06100", "2012-05-31": "0.06100", "2012-02-29": "0.06100", "2011-11-30": "0.06100", "2011-08-31": "0.06100", "2011-05-31": "0.06100", "2011-02-28": "0.06100", "2010-11-30": "0.06100", "2010-08-31": "0.06100", "2010-05-31": "0.06100", "2010-02-28": "0.06100", "2009-11-30": "0.06100", "2009-08-31": "0.06100", "2009-05-31": "0.06100", "2009-02-28": "0.06100", "2008-11-30": "0.06100", "2008-08-31": "0.06100", "2008-05-31": "0.06100", "2008-02-29": "0.06100", "2007-11-30": "0.06100", "2007-08-31": "0.06100", "2007-05-31": "0.06100", "2007-02-28": "0.06100", "2006-11-30": "0.06100", "2006-08-31": "0.05600", "2006-05-31": "0.03000", "2006-02-28": "29.90800", "2005-11-30": "0.06000", "2005-08-31": "29.60000", "2005-05-31": "29.60000", "2005-02-28": "29.57600"}, "Retained Earnings (Accumulated Deficit)": {"2020-11-30": "19611.00000", "2020-08-31": "17383.00000", "2020-05-31": "16428.00000", "2020-02-29": "15390.00000", "2019-11-30": "14829.00000", "2019-08-31": "13976.70000", "2019-05-31": "13183.94000", "2019-02-28": "12579.31000", "2018-11-30": "11815.60000", "2018-08-31": "11137.36000", "2018-05-31": "10471.07000", "2018-02-28": "9830.39900", "2017-11-30": "9573.87000", "2017-08-31": "9072.32100", "2017-05-31": "8652.75200", "2017-02-28": "8299.36200", "2016-11-30": "8114.51700", "2016-08-31": "7714.90400", "2016-05-31": "7444.11500", "2016-02-29": "7221.08300", "2015-11-30": "7253.43100", "2015-08-31": "7049.62900", "2015-05-31": "6879.44400", "2015-02-28": "6756.80300", "2014-11-30": "6924.29400", "2014-08-31": "6850.79000", "2014-05-31": "6806.10400", "2014-02-28": "6734.70100", "2013-11-30": "6928.96400", "2013-08-31": "6878.21600", "2013-05-31": "6855.46300", "2013-02-28": "6808.48900", "2012-11-30": "7003.00300", "2012-08-31": "6815.37500", "2012-05-31": "6671.23000", "2012-02-29": "6497.07000", "2011-11-30": "6528.73500", "2011-08-31": "6381.53000", "2011-05-31": "6228.57400", "2011-02-28": "6045.63100", "2010-11-30": "5980.91400", "2010-08-31": "5738.86400", "2010-05-31": "5570.09700", "2010-02-28": "5427.06800", "2009-11-30": "5299.91400", "2009-08-31": "5331.95700", "2009-05-31": "5195.91200", "2009-02-28": "5069.84000", "2008-11-30": "4913.40600", "2008-08-31": "4667.48900", "2008-05-31": "4475.88000", "2008-02-29": "4260.97000", "2007-11-30": "4041.59200", "2007-08-31": "3819.38400", "2007-05-31": "3614.14200", "2007-02-28": "3461.63600", "2006-11-30": "3317.78500", "2006-08-31": "3161.13100", "2006-05-31": "3066.73400", "2006-02-28": "2943.63800", "2005-11-30": "2838.56000", "2005-08-31": "2682.31500", "2005-05-31": "2537.39900", "2005-02-28": "2387.65700"}, "Comprehensive Income": {"2020-11-30": "-158.00000", "2020-08-31": "-153.00000", "2020-05-31": "-195.00000", "2020-02-29": "-189.00000", "2019-11-30": "-188.00000", "2019-08-31": "-193.94900", "2019-05-31": "-144.36400", "2019-02-28": "-150.43200", "2018-11-30": "-148.13000", "2018-08-31": "-128.04800", "2018-05-31": "-129.23000", "2018-02-28": "-109.93900", "2017-11-30": "-111.82100", "2017-08-31": "-98.63000", "2017-05-31": "-146.75200", "2017-02-28": "-185.40900", "2016-11-30": "-173.60200", "2016-08-31": "-134.11100", "2016-05-31": "-133.04700", "2016-02-29": "-151.67900", "2015-11-30": "-169.08000", "2015-08-31": "-140.83100", "2015-05-31": "-129.47300", "2015-02-28": "-103.81000", "2014-11-30": "-8.09400", "2014-08-31": "20.06700", "2014-05-31": "46.64200", "2014-02-28": "56.59200", "2013-11-30": "46.10300", "2013-08-31": "12.96600", "2013-05-31": "27.46100", "2013-02-28": "40.11000", "2012-11-30": "30.71200", "2012-08-31": "22.51100", "2012-05-31": "20.61500", "2012-02-29": "46.74800", "2011-11-30": "29.95000", "2011-08-31": "59.19400", "2011-05-31": "54.34200", "2011-02-28": "28.69500", "2010-11-30": "17.42800", "2010-08-31": "21.57100", "2010-05-31": "39.99500", "2010-02-28": "29.10900", "2009-11-30": "24.44600", "2009-08-31": "21.72800", "2009-05-31": "27.31000", "2009-02-28": "25.09500", "2008-11-30": "57.22200", "2008-08-31": "23.43900", "2008-05-31": "21.30100", "2008-02-29": "26.21500", "2007-11-30": "27.94800", "2007-08-31": "13.70000", "2007-05-31": "16.75500", "2007-02-28": "7.10300", "2006-11-30": "6.34400", "2006-08-31": "1.76200", "2006-05-31": "-2.89100", "2006-02-28": "-5.03400", "2005-11-30": "-0.91400", "2005-08-31": "-2.81100", "2005-05-31": "0.52300", "2005-02-28": "-3.22300"}, "Other Share Holders Equity": {"2020-11-30": "", "2020-08-31": "", "2020-05-31": "", "2020-02-29": "", "2019-11-30": "", "2019-08-31": "", "2019-05-31": "", "2019-02-28": "", "2018-11-30": "", "2018-08-31": "", "2018-05-31": "", "2018-02-28": "", "2017-11-30": "", "2017-08-31": "", "2017-05-31": "", "2017-02-28": "", "2016-11-30": "", "2016-08-31": "", "2016-05-31": "", "2016-02-29": "", "2015-11-30": "", "2015-08-31": "", "2015-05-31": "", "2015-02-28": "", "2014-11-30": "", "2014-08-31": "", "2014-05-31": "", "2014-02-28": "", "2013-11-30": "", "2013-08-31": "", "2013-05-31": "", "2013-02-28": "", "2012-11-30": "", "2012-08-31": "", "2012-05-31": "", "2012-02-29": "", "2011-11-30": "", "2011-08-31": "", "2011-05-31": "", "2011-02-28": "", "2010-11-30": "", "2010-08-31": "", "2010-05-31": "", "2010-02-28": "", "2009-11-30": "", "2009-08-31": "", "2009-05-31": "", "2009-02-28": "", "2008-11-30": "", "2008-08-31": "", "2008-05-31": "", "2008-02-29": "", "2007-11-30": "", "2007-08-31": "", "2007-05-31": "", "2007-02-28": "", "2006-11-30": "", "2006-08-31": "", "2006-05-31": "", "2006-02-28": "", "2005-11-30": "", "2005-08-31": "", "2005-05-31": "", "2005-02-28": ""}, "Share Holder Equity": {"2020-11-30": "13264.00000", "2020-08-31": "11713.00000", "2020-05-31": "10881.00000", "2020-02-29": "10465.00000", "2019-11-30": "10530.00000", "2019-08-31": "10242.77000", "2019-05-31": "9931.69300", "2019-02-28": "9871.48500", "2018-11-30": "9362.11400", "2018-08-31": "8861.92500", "2018-05-31": "8705.58300", "2018-02-28": "8634.02800", "2017-11-30": "8459.86900", "2017-08-31": "8170.43400", "2017-05-31": "7803.99800", "2017-02-28": "7588.69000", "2016-11-30": "7424.83500", "2016-08-31": "7277.94600", "2016-05-31": "7248.61100", "2016-02-29": "7081.20200", "2015-11-30": "7001.58000", "2015-08-31": "6841.33200", "2015-05-31": "6610.10300", "2015-02-28": "6589.02000", "2014-11-30": "6775.90500", "2014-08-31": "6731.26000", "2014-05-31": "6636.88800", "2014-02-28": "6610.88300", "2013-11-30": "6724.63400", "2013-08-31": "6834.75900", "2013-05-31": "6927.30200", "2013-02-28": "6805.33800", "2012-11-30": "6665.18200", "2012-08-31": "6438.69300", "2012-05-31": "6099.64600", "2012-02-29": "5986.30200", "2011-11-30": "5783.11300", "2011-08-31": "5563.95800", "2011-05-31": "5389.41500", "2011-02-28": "5425.40700", "2010-11-30": "5192.38700", "2010-08-31": "5084.85800", "2010-05-31": "5178.75500", "2010-02-28": "5171.42000", "2009-11-30": "4890.56800", "2009-08-31": "4694.55800", "2009-05-31": "4801.04100", "2009-02-28": "4611.16000", "2008-11-30": "4410.35400", "2008-08-31": "4371.44200", "2008-05-31": "4040.65700", "2008-02-29": "3814.15000", "2007-11-30": "4649.98200", "2007-08-31": "4733.00000", "2007-05-31": "5195.71200", "2007-02-28": "5108.07500", "2006-11-30": "5151.87600", "2006-08-31": "4913.81900", "2006-05-31": "4768.60700", "2006-02-28": "5076.61200", "2005-11-30": "1864.32600", "2005-08-31": "2080.15100", "2005-05-31": "1869.90300", "2005-02-28": "1624.56500"}, "Total Liabilities And Share Holders Equity": {"2020-11-30": "24284.00000", "2020-08-31": "22414.00000", "2020-05-31": "21603.00000", "2020-02-29": "21214.00000", "2019-11-30": "20762.00000", "2019-08-31": "20054.88000", "2019-05-31": "19665.91000", "2019-02-28": "19505.54000", "2018-11-30": "18768.68000", "2018-08-31": "15395.62000", "2018-05-31": "15163.40000", "2018-02-28": "14973.49000", "2017-11-30": "14535.56000", "2017-08-31": "13906.82000", "2017-05-31": "13364.90000", "2017-02-28": "13044.78000", "2016-11-30": "12697.25000", "2016-08-31": "12367.44000", "2016-05-31": "12216.78000", "2016-02-29": "11896.68000", "2015-11-30": "11726.47000", "2015-08-31": "11508.39000", "2015-05-31": "11165.38000", "2015-02-28": "11008.42000", "2014-11-30": "10785.83000", "2014-08-31": "10493.68000", "2014-05-31": "10372.20000", "2014-02-28": "10245.88000", "2013-11-30": "10380.30000", "2013-08-31": "10234.16000", "2013-05-31": "10280.37000", "2013-02-28": "10165.71000", "2012-11-30": "10040.23000", "2012-08-31": "9630.01300", "2012-05-31": "9365.83200", "2012-02-29": "9132.70800", "2011-11-30": "8991.18300", "2011-08-31": "8492.75800", "2011-05-31": "8339.71600", "2011-02-28": "8310.02400", "2010-11-30": "8141.14800", "2010-08-31": "7947.02900", "2010-05-31": "8006.93100", "2010-02-28": "7945.06900", "2009-11-30": "7282.23700", "2009-08-31": "5961.96000", "2009-05-31": "6063.74500", "2009-02-28": "5887.59600", "2008-11-30": "5821.59800", "2008-08-31": "5638.75000", "2008-05-31": "5460.41700", "2008-02-29": "5340.90100", "2007-11-30": "5713.67900", "2007-08-31": "5666.46100", "2007-05-31": "6135.94900", "2007-02-28": "5904.18400", "2006-11-30": "5962.54800", "2006-08-31": "5620.78500", "2006-05-31": "5501.48600", "2006-02-28": "5801.73300", "2005-11-30": "2440.31500", "2005-08-31": "2605.59500", "2005-05-31": "2421.21600", "2005-02-28": "2122.81000"}}, "cash flow statement": {"Net Income/Loss": {"2020-11-30": "5260.00000", "2019-11-30": "2951.00000", "2018-11-30": "2591.00000", "2017-11-30": "1693.95400", "2016-11-30": "1168.78200", "2015-11-30": "629.55100", "2014-11-30": "268.39500", "2013-11-30": "289.98500", "2012-11-30": "832.77500", "2011-11-30": "832.84700", "2010-11-30": "774.68000", "2009-11-30": "386.50800", "2008-11-30": "871.81400", "2007-11-30": "723.80700", "2006-11-30": "505.80900", "2005-11-30": "602.83900"}, "Total Depreciation And Amortization - Cash Flow": {"2020-11-30": "757.00000", "2019-11-30": "757.00000", "2018-11-30": "346.00000", "2017-11-30": "325.99700", "2016-11-30": "331.53500", "2015-11-30": "339.47300", "2014-11-30": "313.59000", "2013-11-30": "321.22700", "2012-11-30": "299.76600", "2011-11-30": "270.20500", "2010-11-30": "292.73800", "2009-11-30": "282.42300", "2008-11-30": "270.26900", "2007-11-30": "315.46400", "2006-11-30": "307.82200", "2005-11-30": "82.77500"}, "Other Non-Cash Items": {"2020-11-30": "-476.00000", "2019-11-30": "757.00000", "2018-11-30": "149.00000", "2017-11-30": "505.20800", "2016-11-30": "303.58100", "2015-11-30": "168.64000", "2014-11-30": "309.41700", "2013-11-30": "377.83200", "2012-11-30": "356.63100", "2011-11-30": "362.55200", "2010-11-30": "68.21300", "2009-11-30": "264.51000", "2008-11-30": "264.84200", "2007-11-30": "171.44400", "2006-11-30": "140.14500", "2005-11-30": "171.73800"}, "Total Non-Cash Items": {"2020-11-30": "281.00000", "2019-11-30": "1514.00000", "2018-11-30": "495.00000", "2017-11-30": "831.20500", "2016-11-30": "635.11600", "2015-11-30": "508.11300", "2014-11-30": "623.00710", "2013-11-30": "699.05900", "2012-11-30": "656.39700", "2011-11-30": "632.75700", "2010-11-30": "360.95100", "2009-11-30": "546.93300", "2008-11-30": "535.11100", "2007-11-30": "486.90800", "2006-11-30": "447.96700", "2005-11-30": "254.51300"}, "Change In Accounts Receivable": {"2020-11-30": "106.00000", "2019-11-30": "-188.00000", "2018-11-30": "-2.00000", "2017-11-30": "-187.17300", "2016-11-30": "-160.41600", "2015-11-30": "-79.50200", "2014-11-30": "7.92800", "2013-11-30": "33.64900", "2012-11-30": "45.16600", "2011-11-30": "-81.06500", "2010-11-30": "-134.27600", "2009-11-30": "172.28700", "2008-11-30": "-153.38600", "2007-11-30": "46.33200", "2006-11-30": "-92.49800", "2005-11-30": "-128.84500"}, "Change In Inventories": {"2020-11-30": "", "2019-11-30": "", "2018-11-30": "", "2017-11-30": "", "2016-11-30": "", "2015-11-30": "", "2014-11-30": "", "2013-11-30": "", "2012-11-30": "", "2011-11-30": "", "2010-11-30": "", "2009-11-30": "", "2008-11-30": "", "2007-11-30": "", "2006-11-30": "", "2005-11-30": ""}, "Change In Accounts Payable": {"2020-11-30": "96.00000", "2019-11-30": "23.00000", "2018-11-30": "55.00000", "2017-11-30": "-45.18600", "2016-11-30": "-6.28100", "2015-11-30": "22.87000", "2014-11-30": "6.21100", "2013-11-30": "7.13200", "2012-11-30": "-62.87400", "2011-11-30": "32.20300", "2010-11-30": "-10.09200", "2009-11-30": "-13.60100", "2008-11-30": "14.07800", "2007-11-30": "3.51800", "2006-11-30": "8.25300", "2005-11-30": "-2.45600"}, "Change In Assets/Liabilities": {"2020-11-30": "-30.00000", "2019-11-30": "-54.00000", "2018-11-30": "367.00000", "2017-11-30": "503.44200", "2016-11-30": "453.81900", "2015-11-30": "313.10000", "2014-11-30": "324.52000", "2013-11-30": "145.85700", "2012-11-30": "91.89200", "2011-11-30": "96.00900", "2010-11-30": "69.38500", "2009-11-30": "-23.32800", "2008-11-30": "60.29500", "2007-11-30": "49.55500", "2006-11-30": "71.77300", "2005-11-30": "-2.55600"}, "Total Change In Assets/Liabilities": {"2020-11-30": "186.00000", "2019-11-30": "-43.00000", "2018-11-30": "943.00000", "2017-11-30": "387.69400", "2016-11-30": "395.83000", "2015-11-30": "331.83800", "2014-11-30": "396.08000", "2013-11-30": "162.64200", "2012-11-30": "10.40800", "2011-11-30": "77.71000", "2010-11-30": "-22.63600", "2009-11-30": "184.35300", "2008-11-30": "-126.24300", "2007-11-30": "230.33800", "2006-11-30": "-53.83100", "2005-11-30": "-98.96300"}, "Cash Flow From Operating Activities": {"2020-11-30": "5727.00000", "2019-11-30": "4422.00000", "2018-11-30": "4029.00000", "2017-11-30": "2912.85300", "2016-11-30": "2199.72800", "2015-11-30": "1469.50200", "2014-11-30": "1287.48200", "2013-11-30": "1151.68600", "2012-11-30": "1499.58000", "2011-11-30": "1543.31400", "2010-11-30": "1112.99500", "2009-11-30": "1117.79400", "2008-11-30": "1280.68200", "2007-11-30": "1441.05300", "2006-11-30": "899.94500", "2005-11-30": "758.38900"}, "Net Change In Property, Plant, And Equipment": {"2020-11-30": "-419.00000", "2019-11-30": "-395.00000", "2018-11-30": "-267.00000", "2017-11-30": "-178.12200", "2016-11-30": "-203.80500", "2015-11-30": "-127.15700", "2014-11-30": "-148.33200", "2013-11-30": "-164.09800", "2012-11-30": "-271.07600", "2011-11-30": "-210.29400", "2010-11-30": "-137.49100", "2009-11-30": "-119.59200", "2008-11-30": "-111.79200", "2007-11-30": "-132.07500", "2006-11-30": "-83.25000", "2005-11-30": "-48.87500"}, "Net Change In Intangible Assets": {"2020-11-30": "", "2019-11-30": "", "2018-11-30": "", "2017-11-30": "", "2016-11-30": "", "2015-11-30": "", "2014-11-30": "", "2013-11-30": "", "2012-11-30": "", "2011-11-30": "", "2010-11-30": "", "2009-11-30": "", "2008-11-30": "", "2007-11-30": "", "2006-11-30": "", "2005-11-30": ""}, "Net Acquisitions/Divestitures": {"2020-11-30": "", "2019-11-30": "-101.00000", "2018-11-30": "-6314.00000", "2017-11-30": "-459.62600", "2016-11-30": "-48.42700", "2015-11-30": "-826.00400", "2014-11-30": "-29.80200", "2013-11-30": "-704.58900", "2012-11-30": "-353.19500", "2011-11-30": "-259.04600", "2010-11-30": "-193.28100", "2009-11-30": "-1582.66900", "2008-11-30": "-3.58400", "2007-11-30": "-75.52800", "2006-11-30": "444.40700", "2005-11-30": "-9.54100"}, "Net Change In Short-term Investments": {"2020-11-30": "11.00000", "2019-11-30": "86.00000", "2018-11-30": "1909.00000", "2017-11-30": "222.65510", "2016-11-30": "-655.14490", "2015-11-30": "-516.56700", "2014-11-30": "-298.53300", "2013-11-30": "-247.61210", "2012-11-30": "-209.72090", "2011-11-30": "-226.87690", "2010-11-30": "-822.80810", "2009-11-30": "213.84100", "2008-11-30": "-95.58290", "2007-11-30": "471.03900", "2006-11-30": "-228.38300", "2005-11-30": "-249.52900"}, "Net Change In Long-Term Investments": {"2020-11-30": "-6.00000", "2019-11-30": "-46.00000", "2018-11-30": "-13.00000", "2017-11-30": "-27.78400", "2016-11-30": "-52.65600", "2015-11-30": "-18.63000", "2014-11-30": "-14.04000", "2013-11-30": "-61.50400", "2012-11-30": "-0.67000", "2011-11-30": "-61.18500", "2010-11-30": "-5.71400", "2009-11-30": "-11.44700", "2008-11-30": "-93.72200", "2007-11-30": "-100.59700", "2006-11-30": "62.41200", "2005-11-30": "-40.45400"}, "Net Change In Investments - Total": {"2020-11-30": "5.00000", "2019-11-30": "40.00000", "2018-11-30": "1896.00000", "2017-11-30": "194.87110", "2016-11-30": "-707.80090", "2015-11-30": "-535.19700", "2014-11-30": "-312.57300", "2013-11-30": "-309.11610", "2012-11-30": "-210.39090", "2011-11-30": "-288.06190", "2010-11-30": "-828.52210", "2009-11-30": "202.39400", "2008-11-30": "-189.30490", "2007-11-30": "370.44200", "2006-11-30": "-165.97100", "2005-11-30": "-289.98300"}, "Investing Activities - Other": {"2020-11-30": "", "2019-11-30": "", "2018-11-30": "", "2017-11-30": "", "2016-11-30": "", "2015-11-30": "", "2014-11-30": "", "2013-11-30": "", "2012-11-30": "", "2011-11-30": "", "2010-11-30": "", "2009-11-30": "2.77100", "2008-11-30": "", "2007-11-30": "-81.29500", "2006-11-30": "", "2005-11-30": ""}, "Cash Flow From Investing Activities": {"2020-11-30": "-414.00000", "2019-11-30": "-456.00000", "2018-11-30": "-4685.00000", "2017-11-30": "-442.87700", "2016-11-30": "-960.03300", "2015-11-30": "-1488.35800", "2014-11-30": "-490.70700", "2013-11-30": "-1177.80300", "2012-11-30": "-834.66200", "2011-11-30": "-757.40200", "2010-11-30": "-1159.29400", "2009-11-30": "-1497.09600", "2008-11-30": "-304.68100", "2007-11-30": "81.54400", "2006-11-30": "195.18600", "2005-11-30": "-348.39900"}, "Net Long-Term Debt": {"2020-11-30": "-6.00000", "2019-11-30": "", "2018-11-30": "2248.00000", "2017-11-30": "", "2016-11-30": "-0.10800", "2015-11-30": "989.28000", "2014-11-30": "", "2013-11-30": "25.70300", "2012-11-30": "3.15200", "2011-11-30": "", "2010-11-30": "1493.43900", "2009-11-30": "636.10300", "2008-11-30": "", "2007-11-30": "", "2006-11-30": "", "2005-11-30": ""}, "Net Current Debt": {"2020-11-30": "", "2019-11-30": "", "2018-11-30": "", "2017-11-30": "", "2016-11-30": "", "2015-11-30": "-602.18900", "2014-11-30": "-14.68400", "2013-11-30": "-25.87900", "2012-11-30": "-9.85500", "2011-11-30": "-10.04600", "2010-11-30": "-1003.71900", "2009-11-30": "", "2008-11-30": "350.00000", "2007-11-30": "", "2006-11-30": "", "2005-11-30": ""}, "Debt Issuance/Retirement Net - Total": {"2020-11-30": "-6.00000", "2019-11-30": "", "2018-11-30": "2248.00000", "2017-11-30": "", "2016-11-30": "-0.10800", "2015-11-30": "387.09100", "2014-11-30": "-14.68400", "2013-11-30": "-0.17600", "2012-11-30": "-6.70300", "2011-11-30": "-10.04600", "2010-11-30": "489.72000", "2009-11-30": "636.10300", "2008-11-30": "350.00000", "2007-11-30": "", "2006-11-30": "", "2005-11-30": ""}, "Net Common Equity Issued/Repurchased": {"2020-11-30": "-2780.00000", "2019-11-30": "-2517.00000", "2018-11-30": "-1859.00000", "2017-11-30": "-941.64900", "2016-11-30": "-929.30300", "2015-11-30": "-460.73000", "2014-11-30": "-372.15900", "2013-11-30": "-501.80600", "2012-11-30": "-169.74900", "2011-11-30": "-550.26100", "2010-11-30": "-710.75000", "2009-11-30": "-170.44700", "2008-11-30": "-1403.55000", "2007-11-30": "-1435.44000", "2006-11-30": "-854.90600", "2005-11-30": "-243.55200"}, "Net Total Equity Issued/Repurchased": {"2020-11-30": "-2780.00000", "2019-11-30": "-2517.00000", "2018-11-30": "-1859.00000", "2017-11-30": "-941.64900", "2016-11-30": "-929.30300", "2015-11-30": "-460.73000", "2014-11-30": "-372.15900", "2013-11-30": "-501.80600", "2012-11-30": "-169.74900", "2011-11-30": "-550.26100", "2010-11-30": "-710.75000", "2009-11-30": "-170.44700", "2008-11-30": "-1403.55000", "2007-11-30": "-1435.44000", "2006-11-30": "-854.90600", "2005-11-30": "-243.55200"}, "Total Common And Preferred Stock Dividends Paid": {"2020-11-30": "", "2019-11-30": "", "2018-11-30": "", "2017-11-30": "", "2016-11-30": "", "2015-11-30": "", "2014-11-30": "", "2013-11-30": "", "2012-11-30": "", "2011-11-30": "", "2010-11-30": "", "2009-11-30": "", "2008-11-30": "", "2007-11-30": "", "2006-11-30": "", "2005-11-30": "-3.04400"}, "Financial Activities - Other": {"2020-11-30": "-702.00000", "2019-11-30": "-429.00000", "2018-11-30": "-394.00000", "2017-11-30": "-242.08600", "2016-11-30": "-161.29500", "2015-11-30": "-127.04800", "2014-11-30": "-120.44000", "2013-11-30": "-57.15600", "2012-11-30": "-58.27100", "2011-11-30": "9.94900", "2010-11-30": "5.76800", "2009-11-30": "11.98000", "2008-11-30": "31.98300", "2007-11-30": "85.05000", "2006-11-30": "107.52400", "2005-11-30": ""}, "Cash Flow From Financial Activities": {"2020-11-30": "-3488.00000", "2019-11-30": "-2946.00000", "2018-11-30": "-5.00000", "2017-11-30": "-1183.73500", "2016-11-30": "-1090.70600", "2015-11-30": "-200.68700", "2014-11-30": "-507.28300", "2013-11-30": "-559.13800", "2012-11-30": "-234.72300", "2011-11-30": "-550.35800", "2010-11-30": "-215.26200", "2009-11-30": "477.63600", "2008-11-30": "-1021.56700", "2007-11-30": "-1350.39000", "2006-11-30": "-747.38200", "2005-11-30": "-246.59600"}, "Net Cash Flow": {"2020-11-30": "1828.00000", "2019-11-30": "1007.00000", "2018-11-30": "-663.00000", "2017-11-30": "1294.75700", "2016-11-30": "134.75500", "2015-11-30": "-240.84000", "2014-11-30": "282.84400", "2013-11-30": "-590.49600", "2012-11-30": "435.55200", "2011-11-30": "239.60900", "2010-11-30": "-249.59600", "2009-11-30": "113.03700", "2008-11-30": "-59.97200", "2007-11-30": "173.92200", "2006-11-30": "351.68200", "2005-11-30": "161.75700"}, "Stock-Based Compensation": {"2020-11-30": "909.00000", "2019-11-30": "788.00000", "2018-11-30": "610.00000", "2017-11-30": "454.47200", "2016-11-30": "349.29700", "2015-11-30": "335.85900", "2014-11-30": "333.70100", "2013-11-30": "328.98700", "2012-11-30": "298.50200", "2011-11-30": "286.10300", "2010-11-30": "231.08600", "2009-11-30": "167.58100", "2008-11-30": "172.47400", "2007-11-30": "149.98700", "2006-11-30": "170.53400", "2005-11-30": "0.39100"}, "Common Stock Dividends Paid": {"2020-11-30": "", "2019-11-30": "", "2018-11-30": "", "2017-11-30": "", "2016-11-30": "", "2015-11-30": "", "2014-11-30": "", "2013-11-30": "", "2012-11-30": "", "2011-11-30": "", "2010-11-30": "", "2009-11-30": "", "2008-11-30": "", "2007-11-30": "", "2006-11-30": "", "2005-11-30": "-3.04400"}}, "cash flow statement, quarterly": {"Net Income/Loss": {"2020-11-30": 2250, "2020-08-31": 955, "2020-05-31": 1100, "2020-02-29": "955.00000", "2019-11-30": 851, "2019-08-31": 793, "2019-05-31": 633, "2019-02-28": "674.00000", "2018-11-30": 678.466, "2018-08-31": 666.291, "2018-05-31": 663.167, "2018-02-28": "583.07600", "2017-11-30": 501.549, "2017-08-31": 419.569, "2017-05-31": 374.39, "2017-02-28": "398.44600", "2016-11-30": 399.613, "2016-08-31": 270.788, "2016-05-31": 244.074, "2016-02-29": "254.30700", "2015-11-30": 222.705, "2015-08-31": 174.465, "2015-05-31": 147.493, "2015-02-28": "84.88800", "2014-11-30": 88.136, "2014-08-31": 44.686, "2014-05-31": 88.527, "2014-02-28": "47.04600", "2013-11-30": 65.32, "2013-08-31": 83.002, "2013-05-31": 76.546, "2013-02-28": "65.11700", "2012-11-30": 222.333, "2012-08-31": 201.357, "2012-05-31": 223.876, "2012-02-29": "185.20900", "2011-11-30": 173.719, "2011-08-31": 195.101, "2011-05-31": 229.436, "2011-02-28": "234.59100", "2010-11-30": 268.85, "2010-08-31": 230.065, "2010-05-31": 148.611, "2010-02-28": "127.15400", "2009-11-30": -32.043, "2009-08-31": 136.045, "2009-05-31": 126.071, "2009-02-28": "156.43500", "2008-11-30": 245.917, "2008-08-31": 191.608, "2008-05-31": 214.91, "2008-02-29": "219.37900", "2007-11-30": 222.208, "2007-08-31": 205.243, "2007-05-31": 152.505, "2007-02-28": "143.85100", "2006-11-30": 183.244, "2006-08-31": 94.396, "2006-05-31": 123.097, "2006-02-28": "105.07200", "2005-11-30": 156.251, "2005-08-31": 144.916, "2005-05-31": 149.778, "2005-02-28": "151.89400"}, "Total Depreciation And Amortization - Cash Flow": {"2020-11-30": 190, "2020-08-31": 191, "2020-05-31": 188, "2020-02-29": "188.00000", "2019-11-30": 191, "2019-08-31": 193, "2019-05-31": 187, "2019-02-28": "186.00000", "2018-11-30": 106.228, "2018-08-31": 86.89, "2018-05-31": 76.36, "2018-02-28": "76.52200", "2017-11-30": 81.234, "2017-08-31": 82.319, "2017-05-31": 81.635, "2017-02-28": "80.80900", "2016-11-30": 81.86, "2016-08-31": 84.014, "2016-05-31": 84.461, "2016-02-29": "81.20000", "2015-11-30": 86.359, "2015-08-31": 87.55, "2015-05-31": 85.929, "2015-02-28": "79.63500", "2014-11-30": 78.147, "2014-08-31": 80.154, "2014-05-31": 77.653, "2014-02-28": "77.63600", "2013-11-30": 81.35, "2013-08-31": 82.175, "2013-05-31": 80.95, "2013-02-28": "76.75200", "2012-11-30": 78.621, "2012-08-31": 74.11, "2012-05-31": 77.174, "2012-02-29": "69.86100", "2011-11-30": 73.29, "2011-08-31": 64.009, "2011-05-31": 66.62, "2011-02-28": "66.28600", "2010-11-30": 76.097, "2010-08-31": 73.154, "2010-05-31": 74.906, "2010-02-28": "68.58100", "2009-11-30": 85.037, "2009-08-31": 63.921, "2009-05-31": 64.725, "2009-02-28": "68.74000", "2008-11-30": 67.428, "2008-08-31": 64.983, "2008-05-31": 68.656, "2008-02-29": "69.20200", "2007-11-30": 78.19, "2007-08-31": 81.727, "2007-05-31": 87.049, "2007-02-28": "68.49800", "2006-11-30": 75.276, "2006-08-31": 74.553, "2006-05-31": 79.643, "2006-02-28": "78.35000", "2005-11-30": 34.895, "2005-08-31": 17.798, "2005-05-31": 15.128, "2005-02-28": "14.95400"}, "Other Non-Cash Items": {"2020-11-30": -966, "2020-08-31": 248, "2020-05-31": 89, "2020-02-29": "153.00000", "2019-11-30": 214, "2019-08-31": 203, "2019-05-31": 215, "2019-02-28": "125.00000", "2018-11-30": 125.444, "2018-08-31": 140.602, "2018-05-31": 178.394, "2018-02-28": "-295.44000", "2017-11-30": 123.258, "2017-08-31": 116.435, "2017-05-31": 107.796, "2017-02-28": "157.71900", "2016-11-30": 62.512, "2016-08-31": 73.114, "2016-05-31": 32.971, "2016-02-29": "134.98400", "2015-11-30": -30.12, "2015-08-31": 66.014, "2015-05-31": 54.602, "2015-02-28": "78.14400", "2014-11-30": 67.712, "2014-08-31": 71.152, "2014-05-31": 90.85, "2014-02-28": "79.70300", "2013-11-30": 76.397, "2013-08-31": 101.167, "2013-05-31": 105.961, "2013-02-28": "94.30700", "2012-11-30": 89.533, "2012-08-31": 92.359, "2012-05-31": 52.268, "2012-02-29": "122.47100", "2011-11-30": 91.392, "2011-08-31": 95.144, "2011-05-31": 75.006, "2011-02-28": "101.01000", "2010-11-30": 32.215, "2010-08-31": 45.797, "2010-05-31": 51.458, "2010-02-28": "-61.25700", "2009-11-30": -91.652, "2009-08-31": 222.703, "2009-05-31": 35.487, "2009-02-28": "97.97200", "2008-11-30": 35.714, "2008-08-31": 76.899, "2008-05-31": 81.253, "2008-02-29": "70.97600", "2007-11-30": -60.838, "2007-08-31": 57.91, "2007-05-31": 105.885, "2007-02-28": "68.48700", "2006-11-30": -17.293, "2006-08-31": 28.281, "2006-05-31": 37.048, "2006-02-28": "92.10900", "2005-11-30": 141.182, "2005-08-31": 34.256, "2005-05-31": 23.819, "2005-02-28": "-27.51900"}, "Total Non-Cash Items": {"2020-11-30": -776, "2020-08-31": 439, "2020-05-31": 277, "2020-02-29": "341.00000", "2019-11-30": 405, "2019-08-31": 396, "2019-05-31": 402, "2019-02-28": "311.00000", "2018-11-30": 231.672, "2018-08-31": 227.492, "2018-05-31": 254.754, "2018-02-28": "-218.91800", "2017-11-30": 204.492, "2017-08-31": 198.754, "2017-05-31": 189.431, "2017-02-28": "238.52800", "2016-11-30": 144.372, "2016-08-31": 157.128, "2016-05-31": 117.432, "2016-02-29": "216.18400", "2015-11-30": 56.239, "2015-08-31": 153.564, "2015-05-31": 140.531, "2015-02-28": "157.77900", "2014-11-30": 145.8591, "2014-08-31": 151.306, "2014-05-31": 168.503, "2014-02-28": "157.33900", "2013-11-30": 157.747, "2013-08-31": 183.342, "2013-05-31": 186.911, "2013-02-28": "171.05900", "2012-11-30": 168.154, "2012-08-31": 166.469, "2012-05-31": 129.442, "2012-02-29": "192.33200", "2011-11-30": 164.682, "2011-08-31": 159.153, "2011-05-31": 141.626, "2011-02-28": "167.29600", "2010-11-30": 108.312, "2010-08-31": 118.951, "2010-05-31": 126.364, "2010-02-28": "7.32400", "2009-11-30": -6.615, "2009-08-31": 286.624, "2009-05-31": 100.212, "2009-02-28": "166.71200", "2008-11-30": 103.142, "2008-08-31": 141.882, "2008-05-31": 149.909, "2008-02-29": "140.17800", "2007-11-30": 17.352, "2007-08-31": 139.637, "2007-05-31": 192.934, "2007-02-28": "136.98500", "2006-11-30": 57.983, "2006-08-31": 102.834, "2006-05-31": 116.691, "2006-02-28": "170.45900", "2005-11-30": 176.077, "2005-08-31": 52.054, "2005-05-31": 38.947, "2005-02-28": "-12.56500"}, "Change In Accounts Receivable": {"2020-11-30": -81, "2020-08-31": 32, "2020-05-31": 10, "2020-02-29": "145.00000", "2019-11-30": -174, "2019-08-31": -100, "2019-05-31": 21, "2019-02-28": "65.00000", "2018-11-30": -201.002, "2018-08-31": 58.321, "2018-05-31": -13.717, "2018-02-28": "154.39800", "2017-11-30": -213.634, "2017-08-31": -105.814, "2017-05-31": -51.975, "2017-02-28": "184.25000", "2016-11-30": -103.383, "2016-08-31": -65.655, "2016-05-31": -65.652, "2016-02-29": "74.27400", "2015-11-30": -79.398, "2015-08-31": -91.371, "2015-05-31": 29.209, "2015-02-28": "62.05800", "2014-11-30": -64.045, "2014-08-31": 2.636, "2014-05-31": -21.155, "2014-02-28": "90.49200", "2013-11-30": -78.366, "2013-08-31": -35.824, "2013-05-31": 16.328, "2013-02-28": "131.51100", "2012-11-30": -50.569, "2012-08-31": -38.923, "2012-05-31": -18.063, "2012-02-29": "152.72100", "2011-11-30": -72.743, "2011-08-31": 7.71, "2011-05-31": -36.637, "2011-02-28": "20.60500", "2010-11-30": -59.554, "2010-08-31": -46.723, "2010-05-31": -87.6, "2010-02-28": "59.60100", "2009-11-30": 172.287, "2009-08-31": -201.354, "2009-05-31": 36.87, "2009-02-28": "164.48400", "2008-11-30": -139.691, "2008-08-31": -11.08, "2008-05-31": -27.718, "2008-02-29": "25.10300", "2007-11-30": 84.3, "2007-08-31": 3.071, "2007-05-31": -67.39, "2007-02-28": "26.35100", "2006-11-30": -57.095, "2006-08-31": 2.43, "2006-05-31": 2.494, "2006-02-28": "-40.32700", "2005-11-30": -100.749, "2005-08-31": 11.963, "2005-05-31": -41.733, "2005-02-28": "1.67400"}, "Change In Inventories": {"2020-11-30": 0, "2020-08-31": 0, "2020-05-31": 0, "2020-02-29": "", "2019-11-30": 0, "2019-08-31": 0, "2019-05-31": 0, "2019-02-28": "", "2018-11-30": 0, "2018-08-31": 0, "2018-05-31": 0, "2018-02-28": "", "2017-11-30": 0, "2017-08-31": 0, "2017-05-31": 0, "2017-02-28": "", "2016-11-30": 0, "2016-08-31": 0, "2016-05-31": 0, "2016-02-29": "", "2015-11-30": 0, "2015-08-31": 0, "2015-05-31": 0, "2015-02-28": "", "2014-11-30": 0, "2014-08-31": 0, "2014-05-31": 0, "2014-02-28": "", "2013-11-30": 0, "2013-08-31": 0, "2013-05-31": 0, "2013-02-28": "", "2012-11-30": 0, "2012-08-31": 0, "2012-05-31": 0, "2012-02-29": "", "2011-11-30": 0, "2011-08-31": 0, "2011-05-31": 0, "2011-02-28": "", "2010-11-30": 0, "2010-08-31": 0, "2010-05-31": 0, "2010-02-28": "", "2009-11-30": 0, "2009-08-31": 0, "2009-05-31": 0, "2009-02-28": "", "2008-11-30": 0, "2008-08-31": 0, "2008-05-31": 0, "2008-02-29": "", "2007-11-30": 0, "2007-08-31": 0, "2007-05-31": 0, "2007-02-28": "", "2006-11-30": 0, "2006-08-31": 0, "2006-05-31": 0, "2006-02-28": "", "2005-11-30": 0, "2005-08-31": 0, "2005-05-31": 0, "2005-02-28": ""}, "Change In Accounts Payable": {"2020-11-30": 77, "2020-08-31": -61, "2020-05-31": 25, "2020-02-29": "55.00000", "2019-11-30": 22, "2019-08-31": 18, "2019-05-31": 24, "2019-02-28": "-41.00000", "2018-11-30": 29.638, "2018-08-31": 21.706, "2018-05-31": -13.896, "2018-02-28": "17.55200", "2017-11-30": 23.211, "2017-08-31": 12.422, "2017-05-31": -113.635, "2017-02-28": "32.81600", "2016-11-30": 4.58, "2016-08-31": 7.862, "2016-05-31": 2.878, "2016-02-29": "-21.60100", "2015-11-30": 23.484, "2015-08-31": 13.149, "2015-05-31": -15.131, "2015-02-28": "1.36800", "2014-11-30": 14.516, "2014-08-31": -1.067, "2014-05-31": -9.65, "2014-02-28": "2.41200", "2013-11-30": -8.974, "2013-08-31": 12.669, "2013-05-31": -19.04, "2013-02-28": "22.47700", "2012-11-30": -8.687, "2012-08-31": -10.984, "2012-05-31": -0.661, "2012-02-29": "-42.54200", "2011-11-30": 19.856, "2011-08-31": 4.246, "2011-05-31": 5.791, "2011-02-28": "2.31000", "2010-11-30": -7.653, "2010-08-31": 6.192, "2010-05-31": 6.085, "2010-02-28": "-14.71600", "2009-11-30": -6.177, "2009-08-31": 6.158, "2009-05-31": 0.842, "2009-02-28": "-14.42400", "2008-11-30": 17.652, "2008-08-31": 0.697, "2008-05-31": -1.365, "2008-02-29": "-2.90600", "2007-11-30": -5.534, "2007-08-31": 9.342, "2007-05-31": 8.165, "2007-02-28": "-8.45500", "2006-11-30": 12.769, "2006-08-31": -10.858, "2006-05-31": -1.854, "2006-02-28": "8.19600", "2005-11-30": 3.614, "2005-08-31": -1.289, "2005-05-31": 0.142, "2005-02-28": "-4.92300"}, "Change In Assets/Liabilities": {"2020-11-30": 303, "2020-08-31": 10, "2020-05-31": -260, "2020-02-29": "-83.00000", "2019-11-30": 111, "2019-08-31": -70, "2019-05-31": -113, "2019-02-28": "18.00000", "2018-11-30": 283.573, "2018-08-31": 50.314, "2018-05-31": 20.404, "2018-02-28": "12.70900", "2017-11-30": 286.168, "2017-08-31": 146.931, "2017-05-31": 40.269, "2017-02-28": "30.07400", "2016-11-30": 232.094, "2016-08-31": 133.047, "2016-05-31": 50.144, "2016-02-29": "38.53400", "2015-11-30": 196.017, "2015-08-31": 80.574, "2015-05-31": 41.377, "2015-02-28": "-4.86800", "2014-11-30": 143.442, "2014-08-31": 105.263, "2014-05-31": 67.099, "2014-02-28": "8.71600", "2013-11-30": 52.897, "2013-08-31": 40.867, "2013-05-31": 8.026, "2013-02-28": "44.06700", "2012-11-30": 81.414, "2012-08-31": -17.119, "2012-05-31": 25.938, "2012-02-29": "1.65900", "2011-11-30": 46.399, "2011-08-31": 12.84, "2011-05-31": 25.765, "2011-02-28": "11.00500", "2010-11-30": -22.42, "2010-08-31": 13.427, "2010-05-31": 31.612, "2010-02-28": "46.76600", "2009-11-30": 18.135, "2009-08-31": 7.332, "2009-05-31": -6.62, "2009-02-28": "-42.17500", "2008-11-30": 35.088, "2008-08-31": 23.735, "2008-05-31": -8.443, "2008-02-29": "9.91500", "2007-11-30": 39.719, "2007-08-31": -18.329, "2007-05-31": 22.646, "2007-02-28": "5.51900", "2006-11-30": 18.11, "2006-08-31": 25.436, "2006-05-31": 1.569, "2006-02-28": "26.65800", "2005-11-30": 13.081, "2005-08-31": 1.938, "2005-05-31": -5.768, "2005-02-28": "-11.80700"}, "Total Change In Assets/Liabilities": {"2020-11-30": 308, "2020-08-31": 42, "2020-05-31": -193, "2020-02-29": "29.00000", "2019-11-30": 121, "2019-08-31": -267, "2019-05-31": 75, "2019-02-28": "28.00000", "2018-11-30": 197.551, "2018-08-31": 61.521, "2018-05-31": 58.485, "2018-02-28": "625.44300", "2017-11-30": 127.179, "2017-08-31": 86.113, "2017-05-31": 81.006, "2017-02-28": "93.39600", "2016-11-30": 151.616, "2016-08-31": 89.969, "2016-05-31": 127.209, "2016-02-29": "27.03600", "2015-11-30": 175.571, "2015-08-31": 32.459, "2015-05-31": 183.46, "2015-02-28": "-59.65200", "2014-11-30": 165.758, "2014-08-31": 72.528, "2014-05-31": 110.506, "2014-02-28": "47.28800", "2013-11-30": 91.915, "2013-08-31": -50.819, "2013-05-31": 35.691, "2013-02-28": "85.85500", "2012-11-30": 83.172, "2012-08-31": -104.486, "2012-05-31": 94.9, "2012-02-29": "-63.17800", "2011-11-30": 158.352, "2011-08-31": -29.126, "2011-05-31": 18.269, "2011-02-28": "-69.78500", "2010-11-30": -66.541, "2010-08-31": -57.593, "2010-05-31": -23.885, "2010-02-28": "125.38300", "2009-11-30": 292.499, "2009-08-31": -185.988, "2009-05-31": 35.246, "2009-02-28": "42.59600", "2008-11-30": -10.81, "2008-08-31": -122.148, "2008-05-31": -33.028, "2008-02-29": "39.74300", "2007-11-30": 160.3, "2007-08-31": 79.794, "2007-05-31": -0.04, "2007-02-28": "-9.71600", "2006-11-30": 49.809, "2006-08-31": -5.814, "2006-05-31": 0.336, "2006-02-28": "-98.16200", "2005-11-30": -82.039, "2005-08-31": -23.949, "2005-05-31": -17.743, "2005-02-28": "24.76800"}, "Cash Flow From Operating Activities": {"2020-11-30": 1782, "2020-08-31": 1436, "2020-05-31": 1184, "2020-02-29": "1325.00000", "2019-11-30": 1377, "2019-08-31": 922, "2019-05-31": 1110, "2019-02-28": "1013.00000", "2018-11-30": 1107.689, "2018-08-31": 955.304, "2018-05-31": 976.406, "2018-02-28": "989.60100", "2017-11-30": 833.22, "2017-08-31": 704.436, "2017-05-31": 644.827, "2017-02-28": "730.37000", "2016-11-30": 695.601, "2016-08-31": 517.885, "2016-05-31": 488.715, "2016-02-29": "497.52700", "2015-11-30": 454.515, "2015-08-31": 360.488, "2015-05-31": 471.484, "2015-02-28": "183.01500", "2014-11-30": 399.753, "2014-08-31": 268.52, "2014-05-31": 367.536, "2014-02-28": "251.67300", "2013-11-30": 314.982, "2013-08-31": 215.525, "2013-05-31": 299.148, "2013-02-28": "322.03100", "2012-11-30": 473.659, "2012-08-31": 263.34, "2012-05-31": 448.218, "2012-02-29": "314.36300", "2011-11-30": 496.753, "2011-08-31": 325.128, "2011-05-31": 389.331, "2011-02-28": "332.10200", "2010-11-30": 310.621, "2010-08-31": 291.423, "2010-05-31": 251.09, "2010-02-28": "259.86100", "2009-11-30": 253.841, "2009-08-31": 236.681, "2009-05-31": 261.529, "2009-02-28": "365.74300", "2008-11-30": 338.249, "2008-08-31": 211.342, "2008-05-31": 331.791, "2008-02-29": "399.30000", "2007-11-30": 399.86, "2007-08-31": 424.674, "2007-05-31": 345.399, "2007-02-28": "271.12000", "2006-11-30": 291.036, "2006-08-31": 191.416, "2006-05-31": 240.124, "2006-02-28": "177.36900", "2005-11-30": 250.289, "2005-08-31": 173.021, "2005-05-31": 170.982, "2005-02-28": "164.09700"}, "Net Change In Property, Plant, And Equipment": {"2020-11-30": -103, "2020-08-31": -126, "2020-05-31": -96, "2020-02-29": "-94.00000", "2019-11-30": -95, "2019-08-31": -89, "2019-05-31": -146, "2019-02-28": "-65.00000", "2018-11-30": -62.984, "2018-08-31": -63.558, "2018-05-31": -45.316, "2018-02-28": "-95.14200", "2017-11-30": -37.684, "2017-08-31": -54.238, "2017-05-31": -55.297, "2017-02-28": "-30.90300", "2016-11-30": -48.633, "2016-08-31": -55.213, "2016-05-31": -53.759, "2016-02-29": "-46.20000", "2015-11-30": -6.897, "2015-08-31": -48.984, "2015-05-31": -35.73, "2015-02-28": "-35.54600", "2014-11-30": -36.775, "2014-08-31": -54.966, "2014-05-31": -27.198, "2014-02-28": "-29.39300", "2013-11-30": -10.861, "2013-08-31": -46.798, "2013-05-31": -46.249, "2013-02-28": "-60.19000", "2012-11-30": -81.789, "2012-08-31": -77.432, "2012-05-31": -60.767, "2012-02-29": "-51.08800", "2011-11-30": -74.897, "2011-08-31": -65.475, "2011-05-31": -37.501, "2011-02-28": "-32.42100", "2010-11-30": -55.427, "2010-08-31": -6.889, "2010-05-31": -49.628, "2010-02-28": "-25.54700", "2009-11-30": -34.933, "2009-08-31": -58.431, "2009-05-31": -10.312, "2009-02-28": "-15.91600", "2008-11-30": -23.311, "2008-08-31": -39.81, "2008-05-31": -22.403, "2008-02-29": "-26.26800", "2007-11-30": -28.131, "2007-08-31": -32.16, "2007-05-31": -23.484, "2007-02-28": "-48.30000", "2006-11-30": -33.081, "2006-08-31": -18.852, "2006-05-31": -19.683, "2006-02-28": "-11.63400", "2005-11-30": -10.769, "2005-08-31": -17.47, "2005-05-31": -9.124, "2005-02-28": "-11.51200"}, "Net Change In Intangible Assets": {"2020-11-30": 0, "2020-08-31": 0, "2020-05-31": 0, "2020-02-29": "", "2019-11-30": 0, "2019-08-31": 0, "2019-05-31": 0, "2019-02-28": "", "2018-11-30": 0, "2018-08-31": 0, "2018-05-31": 0, "2018-02-28": "", "2017-11-30": 0, "2017-08-31": 0, "2017-05-31": 0, "2017-02-28": "", "2016-11-30": 0, "2016-08-31": 0, "2016-05-31": 0, "2016-02-29": "", "2015-11-30": 0, "2015-08-31": 0, "2015-05-31": 0, "2015-02-28": "", "2014-11-30": 0, "2014-08-31": 0, "2014-05-31": 0, "2014-02-28": "", "2013-11-30": 0, "2013-08-31": 0, "2013-05-31": 0, "2013-02-28": "", "2012-11-30": 0, "2012-08-31": 0, "2012-05-31": 0, "2012-02-29": "", "2011-11-30": 0, "2011-08-31": 0, "2011-05-31": 0, "2011-02-28": "", "2010-11-30": 0, "2010-08-31": 0, "2010-05-31": 0, "2010-02-28": "", "2009-11-30": 0, "2009-08-31": 0, "2009-05-31": 0, "2009-02-28": "", "2008-11-30": 0, "2008-08-31": 0, "2008-05-31": 0, "2008-02-29": "", "2007-11-30": 0, "2007-08-31": 0, "2007-05-31": 0, "2007-02-28": "", "2006-11-30": 0, "2006-08-31": 0, "2006-05-31": 0, "2006-02-28": "", "2005-11-30": 0, "2005-08-31": 0, "2005-05-31": 0, "2005-02-28": ""}, "Net Acquisitions/Divestitures": {"2020-11-30": 0, "2020-08-31": 0, "2020-05-31": 0, "2020-02-29": "", "2019-11-30": -1, "2019-08-31": 0, "2019-05-31": 0, "2019-02-28": "-100.00000", "2018-11-30": -4680.959, "2018-08-31": -1618.427, "2018-05-31": -14.614, "2018-02-28": "", "2017-11-30": 0, "2017-08-31": 0, "2017-05-31": 0, "2017-02-28": "-459.62600", "2016-11-30": 0, "2016-08-31": 0, "2016-05-31": -48.427, "2016-02-29": "", "2015-11-30": 0, "2015-08-31": -20.025, "2015-05-31": -5.637, "2015-02-28": "-800.34200", "2014-11-30": -29.802, "2014-08-31": 0, "2014-05-31": 0, "2014-02-28": "", "2013-11-30": -0.214, "2013-08-31": -608.019, "2013-05-31": 0, "2013-02-28": "-96.35600", "2012-11-30": 0, "2012-08-31": 0.05, "2012-05-31": -0.061, "2012-02-29": "-353.18400", "2011-11-30": -151.925, "2011-08-31": -70.549, "2011-05-31": 0, "2011-02-28": "-36.57200", "2010-11-30": -193.281, "2010-08-31": 0, "2010-05-31": 0, "2010-02-28": "", "2009-11-30": -1582.669, "2009-08-31": 0, "2009-05-31": 0, "2009-02-28": "", "2008-11-30": -4.069, "2008-08-31": 0.485, "2008-05-31": 0, "2008-02-29": "", "2007-11-30": -8.798, "2007-08-31": 0.639, "2007-05-31": -64.275, "2007-02-28": "-3.09400", "2006-11-30": -27.095, "2006-08-31": 0, "2006-05-31": -26.477, "2006-02-28": "497.97900", "2005-11-30": 0, "2005-08-31": 0, "2005-05-31": 0, "2005-02-28": "-9.54100"}, "Net Change In Short-term Investments": {"2020-11-30": -22, "2020-08-31": -191, "2020-05-31": 176, "2020-02-29": "48.00000", "2019-11-30": -85, "2019-08-31": -40, "2019-05-31": 100, "2019-02-28": "111.00000", "2018-11-30": 1605.981, "2018-08-31": 163.229, "2018-05-31": 131.896, "2018-02-28": "7.89400", "2017-11-30": 62.1991, "2017-08-31": 21.215, "2017-05-31": -30.079, "2017-02-28": "169.32000", "2016-11-30": -97.8909, "2016-08-31": -247.601, "2016-05-31": -148.797, "2016-02-29": "-160.85600", "2015-11-30": -277.5661, "2015-08-31": -394.9439, "2015-05-31": 3.541, "2015-02-28": "152.40200", "2014-11-30": -8.4741, "2014-08-31": -110.3459, "2014-05-31": -117.967, "2014-02-28": "-61.74600", "2013-11-30": 11.1399, "2013-08-31": 262.478, "2013-05-31": -275.455, "2013-02-28": "-245.77500", "2012-11-30": -33.2499, "2012-08-31": -37.426, "2012-05-31": -106.627, "2012-02-29": "-32.41800", "2011-11-30": 18.826, "2011-08-31": -161.1629, "2011-05-31": -61.166, "2011-02-28": "-23.37400", "2010-11-30": 34.3258, "2010-08-31": -258.7888, "2010-05-31": -417.8601, "2010-02-28": "-180.48500", "2009-11-30": 517.679, "2009-08-31": 7.572, "2009-05-31": -204.965, "2009-02-28": "-106.44500", "2008-11-30": -262.4889, "2008-08-31": -168.586, "2008-05-31": -27.1, "2008-02-29": "362.59200", "2007-11-30": 358.572, "2007-08-31": 29.356, "2007-05-31": 332.651, "2007-02-28": "-249.54000", "2006-11-30": -155.814, "2006-08-31": 57.619, "2006-05-31": 63.924, "2006-02-28": "-194.11200", "2005-11-30": 137.972, "2005-08-31": -2.586, "2005-05-31": -188.3991, "2005-02-28": "-196.51590"}, "Net Change In Long-Term Investments": {"2020-11-30": -6, "2020-08-31": 2, "2020-05-31": 0, "2020-02-29": "-2.00000", "2019-11-30": 12, "2019-08-31": -36, "2019-05-31": 56, "2019-02-28": "-78.00000", "2018-11-30": -0.621, "2018-08-31": -1.578, "2018-05-31": -4.287, "2018-02-28": "-6.51400", "2017-11-30": -4.149, "2017-08-31": -3.791, "2017-05-31": -2.171, "2017-02-28": "-17.67300", "2016-11-30": 3.426, "2016-08-31": -3.774, "2016-05-31": -0.522, "2016-02-29": "-51.78600", "2015-11-30": -1.524, "2015-08-31": -1.138, "2015-05-31": -1.083, "2015-02-28": "-14.88500", "2014-11-30": -2.908, "2014-08-31": -5.082, "2014-05-31": -2.767, "2014-02-28": "-3.28300", "2013-11-30": -0.08, "2013-08-31": -4.896, "2013-05-31": -12.735, "2013-02-28": "-43.79300", "2012-11-30": -14.436, "2012-08-31": -4.412, "2012-05-31": 19.195, "2012-02-29": "-1.01700", "2011-11-30": -51.684, "2011-08-31": -3.059, "2011-05-31": -3.808, "2011-02-28": "-2.63400", "2010-11-30": 13.576, "2010-08-31": -1.011, "2010-05-31": -13.251, "2010-02-28": "-5.02800", "2009-11-30": 8.535, "2009-08-31": -5.306, "2009-05-31": -5.475, "2009-02-28": "-9.20100", "2008-11-30": -9.722, "2008-08-31": -56.848, "2008-05-31": -19.599, "2008-02-29": "-7.55300", "2007-11-30": -26.734, "2007-08-31": -52.502, "2007-05-31": -12.446, "2007-02-28": "-8.91500", "2006-11-30": 72.517, "2006-08-31": -3.866, "2006-05-31": -1.017, "2006-02-28": "-5.22200", "2005-11-30": -17.357, "2005-08-31": -6.37, "2005-05-31": -6.796, "2005-02-28": "-9.93100"}, "Net Change In Investments - Total": {"2020-11-30": -28, "2020-08-31": -189, "2020-05-31": 176, "2020-02-29": "46.00000", "2019-11-30": -73, "2019-08-31": -76, "2019-05-31": 156, "2019-02-28": "33.00000", "2018-11-30": 1605.36, "2018-08-31": 161.651, "2018-05-31": 127.609, "2018-02-28": "1.38000", "2017-11-30": 58.0501, "2017-08-31": 17.424, "2017-05-31": -32.25, "2017-02-28": "151.64700", "2016-11-30": -94.465, "2016-08-31": -251.375, "2016-05-31": -149.3189, "2016-02-29": "-212.64200", "2015-11-30": -279.0901, "2015-08-31": -396.0819, "2015-05-31": 2.458, "2015-02-28": "137.51700", "2014-11-30": -11.3821, "2014-08-31": -115.4279, "2014-05-31": -120.734, "2014-02-28": "-65.02900", "2013-11-30": 11.0599, "2013-08-31": 257.582, "2013-05-31": -288.19, "2013-02-28": "-289.56800", "2012-11-30": -47.6859, "2012-08-31": -41.838, "2012-05-31": -87.432, "2012-02-29": "-33.43500", "2011-11-30": -32.858, "2011-08-31": -164.2219, "2011-05-31": -64.974, "2011-02-28": "-26.00800", "2010-11-30": 47.9018, "2010-08-31": -259.7998, "2010-05-31": -431.1111, "2010-02-28": "-185.51300", "2009-11-30": 526.214, "2009-08-31": 2.266, "2009-05-31": -210.44, "2009-02-28": "-115.64600", "2008-11-30": -272.2109, "2008-08-31": -225.434, "2008-05-31": -46.699, "2008-02-29": "355.03900", "2007-11-30": 331.838, "2007-08-31": -23.146, "2007-05-31": 320.205, "2007-02-28": "-258.45500", "2006-11-30": -83.297, "2006-08-31": 53.753, "2006-05-31": 62.907, "2006-02-28": "-199.33400", "2005-11-30": 120.615, "2005-08-31": -8.956, "2005-05-31": -195.1951, "2005-02-28": "-206.44690"}, "Investing Activities - Other": {"2020-11-30": 0, "2020-08-31": 0, "2020-05-31": 0, "2020-02-29": "", "2019-11-30": 0, "2019-08-31": 0, "2019-05-31": 0, "2019-02-28": "", "2018-11-30": 0, "2018-08-31": 0, "2018-05-31": 0, "2018-02-28": "", "2017-11-30": 0, "2017-08-31": 0, "2017-05-31": 0, "2017-02-28": "", "2016-11-30": 0, "2016-08-31": 0, "2016-05-31": 0, "2016-02-29": "", "2015-11-30": 0, "2015-08-31": 0, "2015-05-31": 0, "2015-02-28": "", "2014-11-30": 0, "2014-08-31": 0, "2014-05-31": 0, "2014-02-28": "", "2013-11-30": 0, "2013-08-31": 0, "2013-05-31": 0, "2013-02-28": "", "2012-11-30": 0, "2012-08-31": 0, "2012-05-31": 0, "2012-02-29": "", "2011-11-30": 0, "2011-08-31": 0.124, "2011-05-31": 0, "2011-02-28": "-0.12400", "2010-11-30": -2.198, "2010-08-31": 0.021, "2010-05-31": -0.164, "2010-02-28": "2.34100", "2009-11-30": -0.5, "2009-08-31": 0.271, "2009-05-31": 3, "2009-02-28": "", "2008-11-30": 0, "2008-08-31": 0, "2008-05-31": 0, "2008-02-29": "", "2007-11-30": -0.018, "2007-08-31": -0.236, "2007-05-31": -80.439, "2007-02-28": "-0.60200", "2006-11-30": 0, "2006-08-31": 0, "2006-05-31": 0, "2006-02-28": "", "2005-11-30": 0, "2005-08-31": 0, "2005-05-31": 0, "2005-02-28": ""}, "Cash Flow From Investing Activities": {"2020-11-30": -131, "2020-08-31": -315, "2020-05-31": 80, "2020-02-29": "-48.00000", "2019-11-30": -169, "2019-08-31": -165, "2019-05-31": 10, "2019-02-28": "-132.00000", "2018-11-30": -3138.583, "2018-08-31": -1520.334, "2018-05-31": 67.679, "2018-02-28": "-93.76200", "2017-11-30": 20.366, "2017-08-31": -36.814, "2017-05-31": -87.547, "2017-02-28": "-338.88200", "2016-11-30": -143.098, "2016-08-31": -306.588, "2016-05-31": -251.505, "2016-02-29": "-258.84200", "2015-11-30": -285.987, "2015-08-31": -465.091, "2015-05-31": -38.909, "2015-02-28": "-698.37100", "2014-11-30": -77.959, "2014-08-31": -170.394, "2014-05-31": -147.932, "2014-02-28": "-94.42200", "2013-11-30": -0.015, "2013-08-31": -397.235, "2013-05-31": -334.439, "2013-02-28": "-446.11400", "2012-11-30": -129.475, "2012-08-31": -119.22, "2012-05-31": -148.26, "2012-02-29": "-437.70700", "2011-11-30": -259.68, "2011-08-31": -300.122, "2011-05-31": -102.475, "2011-02-28": "-95.12500", "2010-11-30": -203.004, "2010-08-31": -266.668, "2010-05-31": -480.903, "2010-02-28": "-208.71900", "2009-11-30": -1091.888, "2009-08-31": -55.894, "2009-05-31": -217.752, "2009-02-28": "-131.56200", "2008-11-30": -299.591, "2008-08-31": -264.759, "2008-05-31": -69.102, "2008-02-29": "328.77100", "2007-11-30": 294.891, "2007-08-31": -54.903, "2007-05-31": 152.007, "2007-02-28": "-310.45100", "2006-11-30": -143.473, "2006-08-31": 34.901, "2006-05-31": 16.747, "2006-02-28": "287.01100", "2005-11-30": 109.846, "2005-08-31": -26.426, "2005-05-31": -204.319, "2005-02-28": "-227.50000"}, "Net Long-Term Debt": {"2020-11-30": 0, "2020-08-31": 0, "2020-05-31": 0, "2020-02-29": "-6.00000", "2019-11-30": 0, "2019-08-31": 0, "2019-05-31": 0, "2019-02-28": "", "2018-11-30": 2248, "2018-08-31": 0.815, "2018-05-31": -0.511, "2018-02-28": "-0.30400", "2017-11-30": 1.328, "2017-08-31": -0.416, "2017-05-31": -0.644, "2017-02-28": "-0.26800", "2016-11-30": -0.022, "2016-08-31": -0.065, "2016-05-31": -0.021, "2016-02-29": "", "2015-11-30": 0, "2015-08-31": 0, "2015-05-31": 0, "2015-02-28": "989.28000", "2014-11-30": 0, "2014-08-31": 0, "2014-05-31": 0, "2014-02-28": "", "2013-11-30": 0, "2013-08-31": 9.804, "2013-05-31": -9.804, "2013-02-28": "25.70300", "2012-11-30": 0, "2012-08-31": 3.152, "2012-05-31": 0, "2012-02-29": "", "2011-11-30": 0, "2011-08-31": 0, "2011-05-31": 0, "2011-02-28": "", "2010-11-30": 0, "2010-08-31": 0, "2010-05-31": 1493.439, "2010-02-28": "", "2009-11-30": 636.103, "2009-08-31": 0, "2009-05-31": 0, "2009-02-28": "", "2008-11-30": -350, "2008-08-31": 0, "2008-05-31": -100, "2008-02-29": "450.00000", "2007-11-30": 0, "2007-08-31": 0, "2007-05-31": 0, "2007-02-28": "", "2006-11-30": 0, "2006-08-31": 0, "2006-05-31": 0, "2006-02-28": "", "2005-11-30": 0, "2005-08-31": 0, "2005-05-31": 0, "2005-02-28": ""}, "Net Current Debt": {"2020-11-30": 0, "2020-08-31": 0, "2020-05-31": 0, "2020-02-29": "", "2019-11-30": 0, "2019-08-31": 0, "2019-05-31": 0, "2019-02-28": "", "2018-11-30": 0, "2018-08-31": 0, "2018-05-31": 0, "2018-02-28": "", "2017-11-30": 0, "2017-08-31": 0, "2017-05-31": 0, "2017-02-28": "", "2016-11-30": 0, "2016-08-31": 0, "2016-05-31": 0, "2016-02-29": "", "2015-11-30": 0, "2015-08-31": 0, "2015-05-31": 0, "2015-02-28": "-602.18900", "2014-11-30": -3.253, "2014-08-31": -3.372, "2014-05-31": -3.626, "2014-02-28": "-4.43300", "2013-11-30": -6.041, "2013-08-31": -19.838, "2013-05-31": 2.507, "2013-02-28": "-2.50700", "2012-11-30": -2.985, "2012-08-31": -2.316, "2012-05-31": -2.29, "2012-02-29": "-2.26400", "2011-11-30": -2.243, "2011-08-31": -4.179, "2011-05-31": -1.455, "2011-02-28": "-2.16900", "2010-11-30": -2.15, "2010-08-31": -1.511, "2010-05-31": -1493.439, "2010-02-28": "493.38100", "2009-11-30": 0, "2009-08-31": 0, "2009-05-31": 0, "2009-02-28": "", "2008-11-30": 350, "2008-08-31": 0, "2008-05-31": 0, "2008-02-29": "", "2007-11-30": 0, "2007-08-31": 0, "2007-05-31": 0, "2007-02-28": "", "2006-11-30": 0, "2006-08-31": 0, "2006-05-31": 0, "2006-02-28": "", "2005-11-30": 0, "2005-08-31": 0, "2005-05-31": 0, "2005-02-28": ""}, "Debt Issuance/Retirement Net - Total": {"2020-11-30": 0, "2020-08-31": 0, "2020-05-31": 0, "2020-02-29": "-6.00000", "2019-11-30": 0, "2019-08-31": 0, "2019-05-31": 0, "2019-02-28": "", "2018-11-30": 2248, "2018-08-31": 0.815, "2018-05-31": -0.511, "2018-02-28": "-0.30400", "2017-11-30": 1.328, "2017-08-31": -0.416, "2017-05-31": -0.644, "2017-02-28": "-0.26800", "2016-11-30": -0.022, "2016-08-31": -0.065, "2016-05-31": -0.021, "2016-02-29": "", "2015-11-30": 0, "2015-08-31": 0, "2015-05-31": 0, "2015-02-28": "387.09100", "2014-11-30": -3.253, "2014-08-31": -3.372, "2014-05-31": -3.626, "2014-02-28": "-4.43300", "2013-11-30": -6.041, "2013-08-31": -10.034, "2013-05-31": -7.297, "2013-02-28": "23.19600", "2012-11-30": -2.985, "2012-08-31": 0.836, "2012-05-31": -2.29, "2012-02-29": "-2.26400", "2011-11-30": -2.243, "2011-08-31": -4.179, "2011-05-31": -1.455, "2011-02-28": "-2.16900", "2010-11-30": -2.15, "2010-08-31": -1.511, "2010-05-31": 0, "2010-02-28": "493.38100", "2009-11-30": 636.103, "2009-08-31": 0, "2009-05-31": 0, "2009-02-28": "", "2008-11-30": 0, "2008-08-31": 0, "2008-05-31": -100, "2008-02-29": "450.00000", "2007-11-30": 0, "2007-08-31": 0, "2007-05-31": 0, "2007-02-28": "", "2006-11-30": 0, "2006-08-31": 0, "2006-05-31": 0, "2006-02-28": "", "2005-11-30": 0, "2005-08-31": 0, "2005-05-31": 0, "2005-02-28": ""}, "Net Common Equity Issued/Repurchased": {"2020-11-30": -850, "2020-08-31": -319, "2020-05-31": -849, "2020-02-29": "-762.00000", "2019-11-30": -749, "2019-08-31": -592, "2019-05-31": -748, "2019-02-28": "-428.00000", "2018-11-30": -298.743, "2018-08-31": -624.939, "2018-05-31": -699.702, "2018-02-28": "-235.61600", "2017-11-30": -299.331, "2017-08-31": -195.148, "2017-05-31": -298.957, "2017-02-28": "-148.21300", "2016-11-30": -294.126, "2016-08-31": -312.462, "2016-05-31": -218.259, "2016-02-29": "-104.45600", "2015-11-30": -115.489, "2015-08-31": -16.41, "2015-05-31": -185.151, "2015-02-28": "-143.68000", "2014-11-30": -111, "2014-08-31": -20.302, "2014-05-31": -230.661, "2014-02-28": "-10.19600", "2013-11-30": -328.046, "2013-08-31": -230.531, "2013-05-31": 68.205, "2013-02-28": "-11.43400", "2012-11-30": -14.934, "2012-08-31": 60.948, "2012-05-31": -149.129, "2012-02-29": "-66.63400", "2011-11-30": 1.191, "2011-08-31": -93.82, "2011-05-31": -373.283, "2011-02-28": "-84.34900", "2010-11-30": -190.37, "2010-08-31": -354.42, "2010-05-31": -215.764, "2010-02-28": "49.80400", "2009-11-30": 57.347, "2009-08-31": -276.6, "2009-05-31": 20.215, "2009-02-28": "28.59100", "2008-11-30": -282.269, "2008-08-31": 16.435, "2008-05-31": -41.204, "2008-02-29": "-1096.51200", "2007-11-30": -338.461, "2007-08-31": -727.331, "2007-05-31": -162.213, "2007-02-28": "-207.43500", "2006-11-30": -51.957, "2006-08-31": -35.2909, "2006-05-31": -497.8601, "2006-02-28": "-269.79800", "2005-11-30": -393.125, "2005-08-31": 52.298, "2005-05-31": 71.376, "2005-02-28": "25.89900"}, "Net Total Equity Issued/Repurchased": {"2020-11-30": -850, "2020-08-31": -319, "2020-05-31": -849, "2020-02-29": "-762.00000", "2019-11-30": -749, "2019-08-31": -592, "2019-05-31": -748, "2019-02-28": "-428.00000", "2018-11-30": -298.743, "2018-08-31": -624.939, "2018-05-31": -699.702, "2018-02-28": "-235.61600", "2017-11-30": -299.331, "2017-08-31": -195.148, "2017-05-31": -298.957, "2017-02-28": "-148.21300", "2016-11-30": -294.126, "2016-08-31": -312.462, "2016-05-31": -218.259, "2016-02-29": "-104.45600", "2015-11-30": -115.489, "2015-08-31": -16.41, "2015-05-31": -185.151, "2015-02-28": "-143.68000", "2014-11-30": -111, "2014-08-31": -20.302, "2014-05-31": -230.661, "2014-02-28": "-10.19600", "2013-11-30": -328.046, "2013-08-31": -230.531, "2013-05-31": 68.205, "2013-02-28": "-11.43400", "2012-11-30": -14.934, "2012-08-31": 60.948, "2012-05-31": -149.129, "2012-02-29": "-66.63400", "2011-11-30": 1.191, "2011-08-31": -93.82, "2011-05-31": -373.283, "2011-02-28": "-84.34900", "2010-11-30": -190.37, "2010-08-31": -354.42, "2010-05-31": -215.764, "2010-02-28": "49.80400", "2009-11-30": 57.347, "2009-08-31": -276.6, "2009-05-31": 20.215, "2009-02-28": "28.59100", "2008-11-30": -282.269, "2008-08-31": 16.435, "2008-05-31": -41.204, "2008-02-29": "-1096.51200", "2007-11-30": -338.461, "2007-08-31": -727.331, "2007-05-31": -162.213, "2007-02-28": "-207.43500", "2006-11-30": -51.957, "2006-08-31": -35.2909, "2006-05-31": -497.8601, "2006-02-28": "-269.79800", "2005-11-30": -393.125, "2005-08-31": 52.298, "2005-05-31": 71.376, "2005-02-28": "25.89900"}, "Total Common And Preferred Stock Dividends Paid": {"2020-11-30": 0, "2020-08-31": 0, "2020-05-31": 0, "2020-02-29": "", "2019-11-30": 0, "2019-08-31": 0, "2019-05-31": 0, "2019-02-28": "", "2018-11-30": 0, "2018-08-31": 0, "2018-05-31": 0, "2018-02-28": "", "2017-11-30": 0, "2017-08-31": 0, "2017-05-31": 0, "2017-02-28": "", "2016-11-30": 0, "2016-08-31": 0, "2016-05-31": 0, "2016-02-29": "", "2015-11-30": 0, "2015-08-31": 0, "2015-05-31": 0, "2015-02-28": "", "2014-11-30": 0, "2014-08-31": 0, "2014-05-31": 0, "2014-02-28": "", "2013-11-30": 0, "2013-08-31": 0, "2013-05-31": 0, "2013-02-28": "", "2012-11-30": 0, "2012-08-31": 0, "2012-05-31": 0, "2012-02-29": "", "2011-11-30": 0, "2011-08-31": 0, "2011-05-31": 0, "2011-02-28": "", "2010-11-30": 0, "2010-08-31": 0, "2010-05-31": 0, "2010-02-28": "", "2009-11-30": 0, "2009-08-31": 0, "2009-05-31": 0, "2009-02-28": "", "2008-11-30": 0, "2008-08-31": 0, "2008-05-31": 0, "2008-02-29": "", "2007-11-30": 0, "2007-08-31": 0, "2007-05-31": 0, "2007-02-28": "", "2006-11-30": 0, "2006-08-31": 0, "2006-05-31": 0, "2006-02-28": "", "2005-11-30": 0, "2005-08-31": 0, "2005-05-31": -0.012, "2005-02-28": "-3.03200"}, "Financial Activities - Other": {"2020-11-30": -90, "2020-08-31": -95, "2020-05-31": -52, "2020-02-29": "-465.00000", "2019-11-30": -17, "2019-08-31": -32, "2019-05-31": -24, "2019-02-28": "-356.00000", "2018-11-30": -23.958, "2018-08-31": -47.537, "2018-05-31": -17.152, "2018-02-28": "-305.35300", "2017-11-30": -21.506, "2017-08-31": -22.735, "2017-05-31": -14.831, "2017-02-28": "-183.01400", "2016-11-30": -6.321, "2016-08-31": -12.43, "2016-05-31": 37.392, "2016-02-29": "-179.93600", "2015-11-30": 0.339, "2015-08-31": -2.3, "2015-05-31": -0.951, "2015-02-28": "-124.13600", "2014-11-30": 10.9, "2014-08-31": 13.88, "2014-05-31": 98.36, "2014-02-28": "-243.58000", "2013-11-30": 33.557, "2013-08-31": -6.806, "2013-05-31": -83.55, "2013-02-28": "-0.35700", "2012-11-30": -62.5, "2012-08-31": 1.172, "2012-05-31": 2.684, "2012-02-29": "0.37300", "2011-11-30": 0.853, "2011-08-31": 0.318, "2011-05-31": 8.778, "2011-02-28": "", "2010-11-30": 6.258, "2010-08-31": 1.687, "2010-05-31": 0.907, "2010-02-28": "-3.08400", "2009-11-30": 11.896, "2009-08-31": 0, "2009-05-31": 0, "2009-02-28": "0.08400", "2008-11-30": 8.348, "2008-08-31": 14.306, "2008-05-31": 9.329, "2008-02-29": "", "2007-11-30": 30.654, "2007-08-31": 16.974, "2007-05-31": 35.866, "2007-02-28": "1.55600", "2006-11-30": 31.702, "2006-08-31": 28.315, "2006-05-31": 28.684, "2006-02-28": "18.82300", "2005-11-30": 0, "2005-08-31": 0, "2005-05-31": 0, "2005-02-28": ""}, "Cash Flow From Financial Activities": {"2020-11-30": -940, "2020-08-31": -414, "2020-05-31": -901, "2020-02-29": "-1233.00000", "2019-11-30": -766, "2019-08-31": -624, "2019-05-31": -772, "2019-02-28": "-784.00000", "2018-11-30": 1925.299, "2018-08-31": -671.661, "2018-05-31": -717.365, "2018-02-28": "-541.27300", "2017-11-30": -319.509, "2017-08-31": -218.299, "2017-05-31": -314.432, "2017-02-28": "-331.49500", "2016-11-30": -300.469, "2016-08-31": -324.957, "2016-05-31": -180.888, "2016-02-29": "-284.39200", "2015-11-30": -115.15, "2015-08-31": -18.71, "2015-05-31": -186.102, "2015-02-28": "119.27500", "2014-11-30": -103.353, "2014-08-31": -9.794, "2014-05-31": -135.927, "2014-02-28": "-258.20900", "2013-11-30": -300.53, "2013-08-31": -247.371, "2013-05-31": -22.642, "2013-02-28": "11.40500", "2012-11-30": -80.419, "2012-08-31": 62.956, "2012-05-31": -148.735, "2012-02-29": "-68.52500", "2011-11-30": -0.199, "2011-08-31": -97.681, "2011-05-31": -365.96, "2011-02-28": "-86.51800", "2010-11-30": -186.262, "2010-08-31": -354.244, "2010-05-31": -214.857, "2010-02-28": "540.10100", "2009-11-30": 705.346, "2009-08-31": -276.6, "2009-05-31": 20.215, "2009-02-28": "28.67500", "2008-11-30": -273.921, "2008-08-31": 30.741, "2008-05-31": -131.875, "2008-02-29": "-646.51200", "2007-11-30": -307.807, "2007-08-31": -710.357, "2007-05-31": -126.347, "2007-02-28": "-205.87900", "2006-11-30": -20.255, "2006-08-31": -6.976, "2006-05-31": -469.176, "2006-02-28": "-250.97500", "2005-11-30": -393.125, "2005-08-31": 52.298, "2005-05-31": 71.364, "2005-02-28": "22.86700"}, "Net Cash Flow": {"2020-11-30": 711, "2020-08-31": 723, "2020-05-31": 356, "2020-02-29": "38.00000", "2019-11-30": 441, "2019-08-31": 126, "2019-05-31": 344, "2019-02-28": "96.00000", "2018-11-30": -104.072, "2018-08-31": -1240.842, "2018-05-31": 321.005, "2018-02-28": "360.90900", "2017-11-30": 531.522, "2017-08-31": 457.6, "2017-05-31": 248.054, "2017-02-28": "57.58100", "2016-11-30": 243.643, "2016-08-31": -118.707, "2016-05-31": 55.683, "2016-02-29": "-45.86400", "2015-11-30": 47.268, "2015-08-31": -126.855, "2015-05-31": 243.263, "2015-02-28": "-404.51600", "2014-11-30": 214.071, "2014-08-31": 86.309, "2014-05-31": 83.104, "2014-02-28": "-100.64000", "2013-11-30": 15.471, "2013-08-31": -427.325, "2013-05-31": -59.972, "2013-02-28": "-118.67000", "2012-11-30": 262.672, "2012-08-31": 211.142, "2012-05-31": 149.975, "2012-02-29": "-188.23700", "2011-11-30": 220.288, "2011-08-31": -58.263, "2011-05-31": -72.681, "2011-02-28": "150.26500", "2010-11-30": -64.258, "2010-08-31": -323.457, "2010-05-31": -451.836, "2010-02-28": "589.95500", "2009-11-30": -132.657, "2009-08-31": -94.636, "2009-05-31": 77.855, "2009-02-28": "262.47500", "2008-11-30": -247.813, "2008-08-31": -28.19, "2008-05-31": 129.72, "2008-02-29": "86.31100", "2007-11-30": 387.139, "2007-08-31": -342.334, "2007-05-31": 375.587, "2007-02-28": "-246.47000", "2006-11-30": 127.746, "2006-08-31": 219.361, "2006-05-31": -209.793, "2006-02-28": "214.36800", "2005-11-30": -33.35, "2005-08-31": 200.866, "2005-05-31": 35.942, "2005-02-28": "-41.70100"}, "Stock-Based Compensation": {"2020-11-30": 233, "2020-08-31": 232, "2020-05-31": 227, "2020-02-29": "217.00000", "2019-11-30": 203, "2019-08-31": 196, "2019-05-31": 204, "2019-02-28": "185.00000", "2018-11-30": 170.059, "2018-08-31": 159.039, "2018-05-31": 145.376, "2018-02-28": "135.52600", "2017-11-30": 119.744, "2017-08-31": 120.369, "2017-05-31": 116.049, "2017-02-28": "98.31000", "2016-11-30": 86.915, "2016-08-31": 84.503, "2016-05-31": 85.569, "2016-02-29": "92.31000", "2015-11-30": 81.023, "2015-08-31": 85.976, "2015-05-31": 84.652, "2015-02-28": "84.20800", "2014-11-30": 84.89, "2014-08-31": 83.013, "2014-05-31": 83.01, "2014-02-28": "82.78800", "2013-11-30": 84.897, "2013-08-31": 81.024, "2013-05-31": 78.87, "2013-02-28": "84.19600", "2012-11-30": 75.853, "2012-08-31": 79.669, "2012-05-31": 71.398, "2012-02-29": "71.58200", "2011-11-30": 75.134, "2011-08-31": 65.118, "2011-05-31": 74.859, "2011-02-28": "70.99200", "2010-11-30": 56.841, "2010-08-31": 49.668, "2010-05-31": 60.097, "2010-02-28": "64.48000", "2009-11-30": 41.35, "2009-08-31": 39.654, "2009-05-31": 40.959, "2009-02-28": "45.61800", "2008-11-30": 34.861, "2008-08-31": 46.192, "2008-05-31": 48.387, "2008-02-29": "43.03400", "2007-11-30": 39.791, "2007-08-31": 38.707, "2007-05-31": 39.637, "2007-02-28": "31.85200", "2006-11-30": 39.511, "2006-08-31": 42.658, "2006-05-31": 41.883, "2006-02-28": "46.48200", "2005-11-30": 0.099, "2005-08-31": 0.111, "2005-05-31": 0.105, "2005-02-28": "0.07600"}, "Common Stock Dividends Paid": {"2020-11-30": 0, "2020-08-31": 0, "2020-05-31": 0, "2020-02-29": "", "2019-11-30": 0, "2019-08-31": 0, "2019-05-31": 0, "2019-02-28": "", "2018-11-30": 0, "2018-08-31": 0, "2018-05-31": 0, "2018-02-28": "", "2017-11-30": 0, "2017-08-31": 0, "2017-05-31": 0, "2017-02-28": "", "2016-11-30": 0, "2016-08-31": 0, "2016-05-31": 0, "2016-02-29": "", "2015-11-30": 0, "2015-08-31": 0, "2015-05-31": 0, "2015-02-28": "", "2014-11-30": 0, "2014-08-31": 0, "2014-05-31": 0, "2014-02-28": "", "2013-11-30": 0, "2013-08-31": 0, "2013-05-31": 0, "2013-02-28": "", "2012-11-30": 0, "2012-08-31": 0, "2012-05-31": 0, "2012-02-29": "", "2011-11-30": 0, "2011-08-31": 0, "2011-05-31": 0, "2011-02-28": "", "2010-11-30": 0, "2010-08-31": 0, "2010-05-31": 0, "2010-02-28": "", "2009-11-30": 0, "2009-08-31": 0, "2009-05-31": 0, "2009-02-28": "", "2008-11-30": 0, "2008-08-31": 0, "2008-05-31": 0, "2008-02-29": "", "2007-11-30": 0, "2007-08-31": 0, "2007-05-31": 0, "2007-02-28": "", "2006-11-30": 0, "2006-08-31": 0, "2006-05-31": 0, "2006-02-28": "", "2005-11-30": 0, "2005-08-31": 0, "2005-05-31": -0.012, "2005-02-28": "-3.03200"}}, "financial ratios": {"Current Ratio": {"2020-11-30": "1.47790", "2019-11-30": "0.79290", "2018-11-30": "1.12920", "2017-11-30": "2.05470", "2016-11-30": "2.07700", "2015-11-30": "2.17830", "2014-11-30": "1.84500", "2013-11-30": "2.65190", "2012-11-30": "3.45750", "2011-11-30": "3.01530", "2010-11-30": "3.01100", "2009-11-30": "2.92890", "2008-11-30": "3.58660", "2007-11-30": "3.01830", "2006-11-30": "4.25850", "2005-11-30": "4.18110"}, "Long-term Debt / Capital": {"2020-11-30": "0.23690", "2019-11-30": "0.08590", "2018-11-30": "0.30580", "2017-11-30": "0.18190", "2016-11-30": "0.20310", "2015-11-30": "0.21410", "2014-11-30": "0.11850", "2013-11-30": "0.18230", "2012-11-30": "0.18340", "2011-11-30": "0.20650", "2010-11-30": "0.22570", "2009-11-30": "0.16980", "2008-11-30": "0.07350", "2007-11-30": "", "2006-11-30": "", "2005-11-30": ""}, "Debt/Equity Ratio": {"2020-11-30": "0.31040", "2019-11-30": "0.39300", "2018-11-30": "0.44060", "2017-11-30": "0.22240", "2016-11-30": "0.25480", "2015-11-30": "0.27240", "2014-11-30": "0.22350", "2013-11-30": "0.22510", "2012-11-30": "0.22630", "2011-11-30": "0.26190", "2010-11-30": "0.29320", "2009-11-30": "0.20450", "2008-11-30": "0.07940", "2007-11-30": "", "2006-11-30": "", "2005-11-30": ""}, "Gross Margin": {"2020-11-30": "86.61800", "2019-11-30": "85.02370", "2018-11-30": "86.76630", "2017-11-30": "86.16050", "2016-11-30": "85.99510", "2015-11-30": "84.47890", "2014-11-30": "84.99950", "2013-11-30": "85.53580", "2012-11-30": "89.01410", "2011-11-30": "89.61470", "2010-11-30": "89.38150", "2009-11-30": "89.92710", "2008-11-30": "89.87040", "2007-11-30": "88.76800", "2006-11-30": "88.64380", "2005-11-30": "94.27470"}, "Operating Margin": {"2020-11-30": "32.92660", "2019-11-30": "29.25430", "2018-11-30": "31.45070", "2017-11-30": "29.69380", "2016-11-30": "25.51230", "2015-11-30": "18.83210", "2014-11-30": "9.95130", "2013-11-30": "10.42410", "2012-11-30": "26.80010", "2011-11-30": "26.07290", "2010-11-30": "26.13350", "2009-11-30": "23.44020", "2008-11-30": "28.72350", "2007-11-30": "27.15700", "2006-11-30": "21.40690", "2005-11-30": "37.04550"}, "EBIT Margin": {"2020-11-30": "32.92660", "2019-11-30": "29.25430", "2018-11-30": "31.45070", "2017-11-30": "29.69380", "2016-11-30": "25.51230", "2015-11-30": "18.83210", "2014-11-30": "9.95130", "2013-11-30": "10.42410", "2012-11-30": "26.80010", "2011-11-30": "26.07290", "2010-11-30": "26.13350", "2009-11-30": "23.44020", "2008-11-30": "28.72350", "2007-11-30": "27.15700", "2006-11-30": "21.40690", "2005-11-30": "37.04550"}, "EBITDA Margin": {"2020-11-30": "38.80950", "2019-11-30": "36.03080", "2018-11-30": "35.28240", "2017-11-30": "34.15860", "2016-11-30": "31.17530", "2015-11-30": "25.91110", "2014-11-30": "17.51300", "2013-11-30": "18.34540", "2012-11-30": "33.60730", "2011-11-30": "32.48150", "2010-11-30": "33.83720", "2009-11-30": "33.02730", "2008-11-30": "36.27320", "2007-11-30": "37.14670", "2006-11-30": "33.35980", "2005-11-30": "41.25520"}, "Pre-Tax Profit Margin": {"2020-11-30": "32.45260", "2019-11-30": "28.69040", "2018-11-30": "30.94130", "2017-11-30": "29.27670", "2016-11-30": "24.51370", "2015-11-30": "18.22080", "2014-11-30": "8.71400", "2013-11-30": "8.78220", "2012-11-30": "25.40590", "2011-11-30": "24.55330", "2010-11-30": "24.81980", "2009-11-30": "23.81380", "2008-11-30": "30.12690", "2007-11-30": "29.99450", "2006-11-30": "26.39410", "2005-11-30": "38.94460"}, "Net Profit Margin": {"2020-11-30": "40.87660", "2019-11-30": "26.41660", "2018-11-30": "28.69320", "2017-11-30": "23.20010", "2016-11-30": "19.96410", "2015-11-30": "13.12790", "2014-11-30": "6.47190", "2013-11-30": "7.15090", "2012-11-30": "18.91090", "2011-11-30": "19.75320", "2010-11-30": "20.38630", "2009-11-30": "13.12040", "2008-11-30": "24.35310", "2007-11-30": "22.92070", "2006-11-30": "19.64080", "2005-11-30": "30.65820"}, "Asset Turnover": {"2020-11-30": "0.52990", "2019-11-30": "0.53810", "2018-11-30": "0.48110", "2017-11-30": "0.50230", "2016-11-30": "0.46110", "2015-11-30": "0.40890", "2014-11-30": "0.38450", "2013-11-30": "0.39070", "2012-11-30": "0.43860", "2011-11-30": "0.46890", "2010-11-30": "0.46680", "2009-11-30": "0.40450", "2008-11-30": "0.61490", "2007-11-30": "0.55270", "2006-11-30": "0.43190", "2005-11-30": "0.80580"}, "Inventory Turnover Ratio": {"2020-11-30": "", "2019-11-30": "", "2018-11-30": "", "2017-11-30": "", "2016-11-30": "", "2015-11-30": "", "2014-11-30": "", "2013-11-30": "", "2012-11-30": "", "2011-11-30": "", "2010-11-30": "", "2009-11-30": "", "2008-11-30": "", "2007-11-30": "", "2006-11-30": "", "2005-11-30": ""}, "Receiveable Turnover": {"2020-11-30": "9.20460", "2019-11-30": "7.27750", "2018-11-30": "6.86390", "2017-11-30": "5.99480", "2016-11-30": "7.02780", "2015-11-30": "7.13610", "2014-11-30": "7.00750", "2013-11-30": "6.76080", "2012-11-30": "7.13450", "2011-11-30": "6.64630", "2010-11-30": "6.85510", "2009-11-30": "7.16960", "2008-11-30": "7.66190", "2007-11-30": "9.92590", "2006-11-30": "6.30170", "2005-11-30": "9.60360"}, "Days Sales In Receivables": {"2020-11-30": "39.65420", "2019-11-30": "50.15440", "2018-11-30": "53.17670", "2017-11-30": "60.88590", "2016-11-30": "51.93620", "2015-11-30": "51.14830", "2014-11-30": "52.08670", "2013-11-30": "53.98800", "2012-11-30": "51.15950", "2011-11-30": "54.91750", "2010-11-30": "53.24470", "2009-11-30": "50.90910", "2008-11-30": "47.63850", "2007-11-30": "36.77240", "2006-11-30": "57.92070", "2005-11-30": "38.00670"}, "ROE - Return On Equity": {"2020-11-30": "39.65620", "2019-11-30": "28.02470", "2018-11-30": "27.67540", "2017-11-30": "20.02340", "2016-11-30": "15.74150", "2015-11-30": "8.99160", "2014-11-30": "3.96100", "2013-11-30": "4.31230", "2012-11-30": "12.49440", "2011-11-30": "14.40140", "2010-11-30": "14.91950", "2009-11-30": "7.90310", "2008-11-30": "19.76740", "2007-11-30": "15.56580", "2006-11-30": "9.81800", "2005-11-30": "32.33550"}, "Return On Tangible Equity": {"2020-11-30": "452.27860", "2019-11-30": "-156.80130", "2018-11-30": "-78.80330", "2017-11-30": "75.19830", "2016-11-30": "72.86870", "2015-11-30": "55.97540", "2014-11-30": "16.94110", "2013-11-30": "21.52180", "2012-11-30": "41.91360", "2011-11-30": "59.98740", "2010-11-30": "75.81830", "2009-11-30": "44.49830", "2008-11-30": "42.30740", "2007-11-30": "33.91410", "2006-11-30": "20.26500", "2005-11-30": "34.86300"}, "ROA - Return On Assets": {"2020-11-30": "21.66040", "2019-11-30": "14.21350", "2018-11-30": "13.80490", "2017-11-30": "11.65390", "2016-11-30": "9.20500", "2015-11-30": "5.36860", "2014-11-30": "2.48840", "2013-11-30": "2.79360", "2012-11-30": "8.29440", "2011-11-30": "9.26290", "2010-11-30": "9.51560", "2009-11-30": "5.30750", "2008-11-30": "14.97550", "2007-11-30": "12.66800", "2006-11-30": "8.48310", "2005-11-30": "24.70330"}, "ROI - Return On Investment": {"2020-11-30": "30.26290", "2019-11-30": "25.61850", "2018-11-30": "19.21120", "2017-11-30": "16.38050", "2016-11-30": "12.54460", "2015-11-30": "7.06660", "2014-11-30": "3.49150", "2013-11-30": "3.52610", "2012-11-30": "10.20290", "2011-11-30": "11.42730", "2010-11-30": "11.55200", "2009-11-30": "6.56150", "2008-11-30": "18.31410", "2007-11-30": "15.56580", "2006-11-30": "9.81800", "2005-11-30": "32.33550"}, "Book Value Per Share": {"2020-11-30": "27.69100", "2019-11-30": "21.80120", "2018-11-30": "19.19790", "2017-11-30": "17.22070", "2016-11-30": "15.02230", "2015-11-30": "14.06480", "2014-11-30": "13.62040", "2013-11-30": "13.55060", "2012-11-30": "13.48870", "2011-11-30": "11.76530", "2010-11-30": "10.34550", "2009-11-30": "9.35710", "2008-11-30": "8.38290", "2007-11-30": "8.13770", "2006-11-30": "8.77320", "2005-11-30": "3.81460"}, "Operating Cash Flow Per Share": {"2020-11-30": 2.8205, "2019-11-30": 0.8974, "2018-11-30": 2.2777, "2017-11-30": 1.4507, "2016-11-30": 1.4645, "2015-11-30": 0.3655, "2014-11-30": 0.2891, "2013-11-30": -0.74, "2012-11-30": -0.0797, "2011-11-30": 0.9459, "2010-11-30": 0.0101, "2009-11-30": -0.2281, "2008-11-30": -0.072, "2007-11-30": 0.9367, "2006-11-30": -0.0227, "2005-11-30": 1.4927}, "Free Cash Flow Per Share": {"2020-11-30": 2.7593, "2019-11-30": 0.6308, "2018-11-30": 2.097, "2017-11-30": 1.4994, "2016-11-30": 1.311, "2015-11-30": 0.4065, "2014-11-30": 0.317, "2013-11-30": -0.5204, "2012-11-30": -0.2016, "2011-11-30": 0.7901, "2010-11-30": -0.026, "2009-11-30": -0.2497, "2008-11-30": -0.0552, "2007-11-30": 0.8521, "2006-11-30": -0.0625, "2005-11-30": 1.3965}}, "financial ratios, quarterly": {"Current Ratio": {"2020-11-30": "1.47790", "2020-08-31": "1.44000", "2020-05-31": "1.28760", "2020-02-29": "1.23470", "2019-11-30": "0.79290", "2019-08-31": "0.73690", "2019-05-31": "0.69500", "2019-02-28": "0.96610", "2018-11-30": "1.12920", "2018-08-31": "1.66160", "2018-05-31": "2.07600", "2018-02-28": "2.11530", "2017-11-30": "2.05470", "2017-08-31": "2.04630", "2017-05-31": "1.98570", "2017-02-28": "1.94840", "2016-11-30": "2.07700", "2016-08-31": "2.16260", "2016-05-31": "2.19590", "2016-02-29": "2.21140", "2015-11-30": "2.17830", "2015-08-31": "2.19620", "2015-05-31": "2.15710", "2015-02-28": "2.22140", "2014-11-30": "1.84500", "2014-08-31": "1.90600", "2014-05-31": "1.85500", "2014-02-28": "1.86640", "2013-11-30": "2.65190", "2013-08-31": "2.92380", "2013-05-31": "3.60330", "2013-02-28": "3.45880", "2012-11-30": "3.45750", "2012-08-31": "3.42830", "2012-05-31": "3.02720", "2012-02-29": "3.14400", "2011-11-30": "3.01530", "2011-08-31": "3.36080", "2011-05-31": "3.22680", "2011-02-28": "3.40000", "2010-11-30": "3.01100", "2010-08-31": "3.34620", "2010-05-31": "3.37770", "2010-02-28": "3.52720", "2009-11-30": "2.92890", "2009-08-31": "4.86820", "2009-05-31": "5.03200", "2009-02-28": "4.50490", "2008-11-30": "3.58660", "2008-08-31": "3.80420", "2008-05-31": "3.53980", "2008-02-29": "3.32500", "2007-11-30": "3.01830", "2007-08-31": "3.10150", "2007-05-31": "3.78970", "2007-02-28": "4.35830", "2006-11-30": "4.25850", "2006-08-31": "4.47650", "2006-05-31": "4.05460", "2006-02-28": "4.54320", "2005-11-30": "4.18110", "2005-08-31": "4.55180", "2005-05-31": "3.86070", "2005-02-28": "3.51090"}, "Long-term Debt / Capital": {"2020-11-30": "0.23690", "2020-08-31": "0.26000", "2020-05-31": "0.27440", "2020-02-29": "0.28210", "2019-11-30": "0.08590", "2019-08-31": "0.08800", "2019-05-31": "0.09050", "2019-02-28": "0.24690", "2018-11-30": "0.30580", "2018-08-31": "0.17460", "2018-05-31": "0.17710", "2018-02-28": "0.17840", "2017-11-30": "0.18190", "2017-08-31": "0.18780", "2017-05-31": "0.19480", "2017-02-28": "0.19890", "2016-11-30": "0.20310", "2016-08-31": "0.20840", "2016-05-31": "0.20930", "2016-02-29": "0.21300", "2015-11-30": "0.21410", "2015-08-31": "0.21790", "2015-05-31": "0.22370", "2015-02-28": "0.22400", "2014-11-30": "0.11850", "2014-08-31": "0.11810", "2014-05-31": "0.11900", "2014-02-28": "0.11940", "2013-11-30": "0.18230", "2013-08-31": "0.18020", "2013-05-31": "0.17850", "2013-02-28": "0.18150", "2012-11-30": "0.18340", "2012-08-31": "0.18890", "2012-05-31": "0.19740", "2012-02-29": "0.20070", "2011-11-30": "0.20650", "2011-08-31": "0.21320", "2011-05-31": "0.21880", "2011-02-28": "0.21790", "2010-11-30": "0.22570", "2010-08-31": "0.22960", "2010-05-31": "0.22390", "2010-02-28": "0.22410", "2009-11-30": "0.16980", "2009-08-31": "0.06940", "2009-05-31": "0.06790", "2009-02-28": "0.07050", "2008-11-30": "0.07350", "2008-08-31": "0.07410", "2008-05-31": "0.07970", "2008-02-29": "0.10550", "2007-11-30": "", "2007-08-31": "", "2007-05-31": "", "2007-02-28": "", "2006-11-30": "", "2006-08-31": "", "2006-05-31": "", "2006-02-28": "", "2005-11-30": "", "2005-08-31": "", "2005-05-31": "", "2005-02-28": ""}, "Debt/Equity Ratio": {"2020-11-30": "0.31040", "2020-08-31": "0.35140", "2020-05-31": "0.37810", "2020-02-29": "0.39300", "2019-11-30": "0.39300", "2019-08-31": "0.40390", "2019-05-31": "0.41620", "2019-02-28": "0.41830", "2018-11-30": "0.44060", "2018-08-31": "0.21150", "2018-05-31": "0.21530", "2018-02-28": "0.21710", "2017-11-30": "0.22240", "2017-08-31": "0.23120", "2017-05-31": "0.24200", "2017-02-28": "0.24830", "2016-11-30": "0.25480", "2016-08-31": "0.26330", "2016-05-31": "0.26470", "2016-02-29": "0.27070", "2015-11-30": "0.27240", "2015-08-31": "0.27860", "2015-05-31": "0.28810", "2015-02-28": "0.28860", "2014-11-30": "0.22350", "2014-08-31": "0.22410", "2014-05-31": "0.22700", "2014-02-28": "0.22840", "2013-11-30": "0.22510", "2013-08-31": "0.22240", "2013-05-31": "0.22020", "2013-02-28": "0.22500", "2012-11-30": "0.22630", "2012-08-31": "0.23470", "2012-05-31": "0.24760", "2012-02-29": "0.25260", "2011-11-30": "0.26190", "2011-08-31": "0.27250", "2011-05-31": "0.28170", "2011-02-28": "0.28020", "2010-11-30": "0.29320", "2010-08-31": "0.29980", "2010-05-31": "0.28840", "2010-02-28": "0.28880", "2009-11-30": "0.20450", "2009-08-31": "0.07460", "2009-05-31": "0.07290", "2009-02-28": "0.07590", "2008-11-30": "0.07940", "2008-08-31": "0.08010", "2008-05-31": "0.08660", "2008-02-29": "0.11800", "2007-11-30": "", "2007-08-31": "", "2007-05-31": "", "2007-02-28": "", "2006-11-30": "", "2006-08-31": "", "2006-05-31": "", "2006-02-28": "", "2005-11-30": "", "2005-08-31": "", "2005-05-31": "", "2005-02-28": ""}, "Gross Margin": {"2020-11-30": "87.50000", "2020-08-31": "86.75970", "2020-05-31": "86.73270", "2020-02-29": "85.37690", "2019-11-30": "84.85960", "2019-08-31": "85.32110", "2019-05-31": "85.16760", "2019-02-28": "84.73660", "2018-11-30": "85.42320", "2018-08-31": "87.10250", "2018-05-31": "87.18460", "2018-02-28": "87.54650", "2017-11-30": "86.50090", "2017-08-31": "85.71910", "2017-05-31": "86.49360", "2017-02-28": "85.88660", "2016-11-30": "86.53610", "2016-08-31": "86.15400", "2016-05-31": "85.55250", "2016-02-29": "85.64540", "2015-11-30": "84.58660", "2015-08-31": "84.31680", "2015-05-31": "84.06650", "2015-02-28": "84.96210", "2014-11-30": "85.00520", "2014-08-31": "84.31250", "2014-05-31": "85.49870", "2014-02-28": "85.15090", "2013-11-30": "85.83890", "2013-08-31": "85.22030", "2013-05-31": "86.61310", "2013-02-28": "84.45400", "2012-11-30": "89.16470", "2012-08-31": "88.92990", "2012-05-31": "88.35720", "2012-02-29": "89.64190", "2011-11-30": "89.89910", "2011-08-31": "89.67110", "2011-05-31": "89.32730", "2011-02-28": "89.52630", "2010-11-30": "89.36280", "2010-08-31": "89.99470", "2010-05-31": "88.56530", "2010-02-28": "89.59260", "2009-11-30": "89.12910", "2009-08-31": "90.67440", "2009-05-31": "89.78140", "2009-02-28": "90.16350", "2008-11-30": "90.55640", "2008-08-31": "87.50630", "2008-05-31": "90.65650", "2008-02-29": "90.73780", "2007-11-30": "89.17970", "2007-08-31": "89.12500", "2007-05-31": "87.76600", "2007-02-28": "88.87250", "2006-11-30": "88.32780", "2006-08-31": "88.46230", "2006-05-31": "89.67560", "2006-02-28": "88.13900", "2005-11-30": "93.98580", "2005-08-31": "94.35770", "2005-05-31": "94.46930", "2005-02-28": "94.29690"}, "Operating Margin": {"2020-11-30": "35.48480", "2020-08-31": "33.14730", "2020-05-31": "32.48080", "2020-02-29": "30.31380", "2019-11-30": "32.38640", "2019-08-31": "30.13410", "2019-05-31": "27.33240", "2019-02-28": "26.72050", "2018-11-30": "29.22060", "2018-08-31": "31.36540", "2018-05-31": "31.81640", "2018-02-28": "33.80240", "2017-11-30": "32.36030", "2017-08-31": "29.63890", "2017-05-31": "28.44400", "2017-02-28": "27.88930", "2016-11-30": "29.36300", "2016-08-31": "25.22770", "2016-05-31": "24.61120", "2016-02-29": "22.24750", "2015-11-30": "22.23160", "2015-08-31": "20.20250", "2015-05-31": "16.66010", "2015-02-28": "15.59940", "2014-11-30": "11.59990", "2014-08-31": "7.37770", "2014-05-31": "12.66220", "2014-02-28": "7.87370", "2013-11-30": "9.87200", "2013-08-31": "11.08950", "2013-05-31": "11.01470", "2013-02-28": "9.74570", "2012-11-30": "26.68260", "2012-08-31": "25.75510", "2012-05-31": "27.13710", "2012-02-29": "27.64770", "2011-11-30": "21.36260", "2011-08-31": "27.05360", "2011-05-31": "27.04550", "2011-02-28": "29.41830", "2010-11-30": "28.46810", "2010-08-31": "30.49650", "2010-05-31": "24.10140", "2010-02-28": "20.59310", "2009-11-30": "20.28860", "2009-08-31": "24.02870", "2009-05-31": "22.89760", "2009-02-28": "26.43930", "2008-11-30": "29.84730", "2008-08-31": "24.73570", "2008-05-31": "29.33610", "2008-02-29": "30.93180", "2007-11-30": "30.27090", "2007-08-31": "29.94360", "2007-05-31": "24.19480", "2007-02-28": "22.53390", "2006-11-30": "23.94870", "2006-08-31": "18.27210", "2006-05-31": "23.27590", "2006-02-28": "19.82980", "2005-11-30": "37.60600", "2005-08-31": "37.69470", "2005-05-31": "36.73250", "2005-02-28": "36.10030"}, "EBIT Margin": {"2020-11-30": "35.48480", "2020-08-31": "33.14730", "2020-05-31": "32.48080", "2020-02-29": "30.31380", "2019-11-30": "32.38640", "2019-08-31": "30.13410", "2019-05-31": "27.33240", "2019-02-28": "26.72050", "2018-11-30": "29.22070", "2018-08-31": "31.36540", "2018-05-31": "31.81640", "2018-02-28": "33.80240", "2017-11-30": "32.36030", "2017-08-31": "29.63890", "2017-05-31": "28.44400", "2017-02-28": "27.88930", "2016-11-30": "29.36300", "2016-08-31": "25.22770", "2016-05-31": "24.61120", "2016-02-29": "22.24750", "2015-11-30": "22.23160", "2015-08-31": "20.20250", "2015-05-31": "16.66010", "2015-02-28": "15.59940", "2014-11-30": "11.59990", "2014-08-31": "7.37770", "2014-05-31": "12.66220", "2014-02-28": "7.87370", "2013-11-30": "9.87190", "2013-08-31": "11.08950", "2013-05-31": "11.01470", "2013-02-28": "9.74570", "2012-11-30": "26.68260", "2012-08-31": "25.75510", "2012-05-31": "27.13710", "2012-02-29": "27.64770", "2011-11-30": "21.36250", "2011-08-31": "27.05360", "2011-05-31": "27.04550", "2011-02-28": "29.41830", "2010-11-30": "28.46810", "2010-08-31": "30.49650", "2010-05-31": "24.10140", "2010-02-28": "20.59310", "2009-11-30": "20.28860", "2009-08-31": "24.02870", "2009-05-31": "22.89760", "2009-02-28": "26.43930", "2008-11-30": "29.84740", "2008-08-31": "24.73570", "2008-05-31": "29.33610", "2008-02-29": "30.93180", "2007-11-30": "30.27100", "2007-08-31": "29.94360", "2007-05-31": "24.19480", "2007-02-28": "22.53390", "2006-11-30": "23.94870", "2006-08-31": "18.27210", "2006-05-31": "23.27590", "2006-02-28": "19.82980", "2005-11-30": "37.60600", "2005-08-31": "37.69470", "2005-05-31": "36.73250", "2005-02-28": "36.10030"}, "EBITDA Margin": {"2020-11-30": "", "2020-08-31": "", "2020-05-31": "", "2020-02-29": "", "2019-11-30": "", "2019-08-31": "", "2019-05-31": "", "2019-02-28": "", "2018-11-30": "", "2018-08-31": "", "2018-05-31": "", "2018-02-28": "", "2017-11-30": "", "2017-08-31": "", "2017-05-31": "", "2017-02-28": "", "2016-11-30": "", "2016-08-31": "", "2016-05-31": "", "2016-02-29": "", "2015-11-30": "", "2015-08-31": "", "2015-05-31": "", "2015-02-28": "", "2014-11-30": "", "2014-08-31": "", "2014-05-31": "", "2014-02-28": "", "2013-11-30": "", "2013-08-31": "", "2013-05-31": "", "2013-02-28": "", "2012-11-30": "", "2012-08-31": "", "2012-05-31": "", "2012-02-29": "", "2011-11-30": "", "2011-08-31": "", "2011-05-31": "", "2011-02-28": "", "2010-11-30": "", "2010-08-31": "", "2010-05-31": "", "2010-02-28": "", "2009-11-30": "", "2009-08-31": "", "2009-05-31": "", "2009-02-28": "", "2008-11-30": "", "2008-08-31": "", "2008-05-31": "", "2008-02-29": "", "2007-11-30": "", "2007-08-31": "", "2007-05-31": "", "2007-02-28": "", "2006-11-30": "", "2006-08-31": "", "2006-05-31": "", "2006-02-28": "", "2005-11-30": "", "2005-08-31": "", "2005-05-31": "", "2005-02-28": ""}, "Pre-Tax Profit Margin": {"2020-11-30": "34.95910", "2020-08-31": "32.86820", "2020-05-31": "31.96930", "2020-02-29": "29.73150", "2019-11-30": "31.98530", "2019-08-31": "29.46370", "2019-05-31": "25.91110", "2019-02-28": "26.98960", "2018-11-30": "28.37530", "2018-08-31": "30.61260", "2018-05-31": "31.46630", "2018-02-28": "33.79120", "2017-11-30": "32.04490", "2017-08-31": "29.40560", "2017-05-31": "27.79710", "2017-02-28": "27.39170", "2016-11-30": "28.39430", "2016-08-31": "24.33810", "2016-05-31": "23.58100", "2016-02-29": "21.13060", "2015-11-30": "22.72960", "2015-08-31": "19.10210", "2015-05-31": "15.57220", "2015-02-28": "14.71790", "2014-11-30": "10.46050", "2014-08-31": "6.25990", "2014-05-31": "11.35280", "2014-02-28": "6.48840", "2013-11-30": "8.47370", "2013-08-31": "9.37170", "2013-05-31": "9.01760", "2013-02-28": "8.28320", "2012-11-30": "25.19720", "2012-08-31": "24.35840", "2012-05-31": "26.19720", "2012-02-29": "25.86800", "2011-11-30": "20.23850", "2011-08-31": "25.33710", "2011-05-31": "25.33710", "2011-02-28": "27.83740", "2010-11-30": "28.37560", "2010-08-31": "29.96530", "2010-05-31": "20.59020", "2010-02-28": "19.35660", "2009-11-30": "21.15620", "2009-08-31": "25.00560", "2009-05-31": "23.23490", "2009-02-28": "25.83480", "2008-11-30": "30.19160", "2008-08-31": "25.75510", "2008-05-31": "31.34630", "2008-02-29": "33.20180", "2007-11-30": "31.90010", "2007-08-31": "32.52310", "2007-05-31": "27.51100", "2007-02-28": "26.85560", "2006-11-30": "36.34860", "2006-08-31": "20.42740", "2006-05-31": "25.88650", "2006-02-28": "22.00790", "2005-11-30": "40.60170", "2005-08-31": "39.82520", "2005-05-31": "37.86230", "2005-02-28": "37.38460"}, "Net Profit Margin": {"2020-11-30": "65.71260", "2020-08-31": "29.61240", "2020-05-31": "35.16620", "2020-02-29": "30.89620", "2019-11-30": "28.44250", "2019-08-31": "27.98170", "2019-05-31": "23.06850", "2019-02-28": "25.91310", "2018-11-30": "27.52830", "2018-08-31": "29.08200", "2018-05-31": "30.20770", "2018-02-28": "28.04670", "2017-11-30": "24.99500", "2017-08-31": "22.78940", "2017-05-31": "21.12580", "2017-02-28": "23.69380", "2016-11-30": "24.84510", "2016-08-31": "18.49690", "2016-05-31": "17.45000", "2016-02-29": "18.38360", "2015-11-30": "17.04720", "2015-08-31": "14.32660", "2015-05-31": "12.69130", "2015-02-28": "7.65320", "2014-11-30": "8.21150", "2014-08-31": "4.44460", "2014-05-31": "8.28740", "2014-02-28": "4.70400", "2013-11-30": "6.27050", "2013-08-31": "8.34090", "2013-05-31": "7.57470", "2013-02-28": "6.46080", "2012-11-30": "19.27590", "2012-08-31": "18.63420", "2012-05-31": "19.90980", "2012-02-29": "17.71960", "2011-11-30": "15.07770", "2011-08-31": "19.25570", "2011-05-31": "22.42380", "2011-02-28": "22.82670", "2010-11-30": "26.67310", "2010-08-31": "23.23140", "2010-05-31": "15.75880", "2010-02-28": "14.80770", "2009-11-30": "-4.23130", "2009-08-31": "19.50450", "2009-05-31": "17.89070", "2009-02-28": "19.89280", "2008-11-30": "26.86740", "2008-08-31": "21.59560", "2008-05-31": "24.23200", "2008-02-29": "24.63700", "2007-11-30": "24.38600", "2007-08-31": "24.09840", "2007-05-31": "20.45460", "2007-02-28": "22.15110", "2006-11-30": "26.86170", "2006-08-31": "15.67540", "2006-05-31": "19.37140", "2006-02-28": "16.02980", "2005-11-30": "30.61520", "2005-08-31": "29.75450", "2005-05-31": "30.19540", "2005-02-28": "32.12090"}, "Asset Turnover": {"2020-11-30": "0.14100", "2020-08-31": "0.14390", "2020-05-31": "0.14480", "2020-02-29": "0.14570", "2019-11-30": "0.14410", "2019-08-31": "0.14130", "2019-05-31": "0.13950", "2019-02-28": "0.13330", "2018-11-30": "0.13130", "2018-08-31": "0.14880", "2018-05-31": "0.14480", "2018-02-28": "0.13880", "2017-11-30": "0.13800", "2017-08-31": "0.13240", "2017-05-31": "0.13260", "2017-02-28": "0.12890", "2016-11-30": "0.12670", "2016-08-31": "0.11840", "2016-05-31": "0.11450", "2016-02-29": "0.11630", "2015-11-30": "0.11140", "2015-08-31": "0.10580", "2015-05-31": "0.10410", "2015-02-28": "0.10080", "2014-11-30": "0.09950", "2014-08-31": "0.09580", "2014-05-31": "0.10300", "2014-02-28": "0.09760", "2013-11-30": "0.10040", "2013-08-31": "0.09720", "2013-05-31": "0.09830", "2013-02-28": "0.09910", "2012-11-30": "0.11490", "2012-08-31": "0.11220", "2012-05-31": "0.12010", "2012-02-29": "0.11440", "2011-11-30": "0.12810", "2011-08-31": "0.11930", "2011-05-31": "0.12270", "2011-02-28": "0.12370", "2010-11-30": "0.12380", "2010-08-31": "0.12460", "2010-05-31": "0.11780", "2010-02-28": "0.10810", "2009-11-30": "0.10400", "2009-08-31": "0.11700", "2009-05-31": "0.11620", "2009-02-28": "0.13360", "2008-11-30": "0.15720", "2008-08-31": "0.15730", "2008-05-31": "0.16240", "2008-02-29": "0.16670", "2007-11-30": "0.15950", "2007-08-31": "0.15030", "2007-05-31": "0.12150", "2007-02-28": "0.11000", "2006-11-30": "0.11440", "2006-08-31": "0.10710", "2006-05-31": "0.11550", "2006-02-28": "0.11300", "2005-11-30": "0.20910", "2005-08-31": "0.18690", "2005-05-31": "0.20490", "2005-02-28": "0.22280"}, "Inventory Turnover Ratio": {"2020-11-30": "", "2020-08-31": "", "2020-05-31": "", "2020-02-29": "", "2019-11-30": "", "2019-08-31": "", "2019-05-31": "", "2019-02-28": "", "2018-11-30": "", "2018-08-31": "", "2018-05-31": "", "2018-02-28": "", "2017-11-30": "", "2017-08-31": "", "2017-05-31": "", "2017-02-28": "", "2016-11-30": "", "2016-08-31": "", "2016-05-31": "", "2016-02-29": "", "2015-11-30": "", "2015-08-31": "", "2015-05-31": "", "2015-02-28": "", "2014-11-30": "", "2014-08-31": "", "2014-05-31": "", "2014-02-28": "", "2013-11-30": "", "2013-08-31": "", "2013-05-31": "", "2013-02-28": "", "2012-11-30": "", "2012-08-31": "", "2012-05-31": "", "2012-02-29": "", "2011-11-30": "", "2011-08-31": "", "2011-05-31": "", "2011-02-28": "", "2010-11-30": "", "2010-08-31": "", "2010-05-31": "", "2010-02-28": "", "2009-11-30": "", "2009-08-31": "", "2009-05-31": "", "2009-02-28": "", "2008-11-30": "", "2008-08-31": "", "2008-05-31": "", "2008-02-29": "", "2007-11-30": "", "2007-08-31": "", "2007-05-31": "", "2007-02-28": "", "2006-11-30": "", "2006-08-31": "", "2006-05-31": "", "2006-02-28": "", "2005-11-30": "", "2005-08-31": "", "2005-05-31": "", "2005-02-28": ""}, "Receiveable Turnover": {"2020-11-30": "2.44920", "2020-08-31": "2.44690", "2020-05-31": "2.28990", "2020-02-29": "2.22530", "2019-11-30": "1.94920", "2019-08-31": "2.06610", "2019-05-31": "2.15610", "2019-02-28": "1.93770", "2018-11-30": "1.87340", "2018-08-31": "2.19350", "2018-05-31": "2.04240", "2018-02-28": "1.95630", "2017-11-30": "1.64750", "2017-08-31": "1.82980", "2017-05-31": "1.96590", "2017-02-28": "1.97650", "2016-11-30": "1.93080", "2016-08-31": "2.00220", "2016-05-31": "2.09780", "2016-02-29": "2.30860", "2015-11-30": "1.94400", "2015-08-31": "2.05170", "2015-05-31": "2.31220", "2015-02-28": "2.08330", "2014-11-30": "1.81370", "2014-08-31": "1.90300", "2014-05-31": "2.00960", "2014-02-28": "1.95910", "2013-11-30": "1.73670", "2013-08-31": "1.90490", "2013-05-31": "2.14990", "2013-02-28": "2.07470", "2012-11-30": "1.86870", "2012-08-31": "1.90690", "2012-05-31": "2.12400", "2012-02-29": "2.04060", "2011-11-30": "1.81620", "2011-08-31": "1.81150", "2011-05-31": "1.79960", "2011-02-28": "1.92690", "2010-11-30": "1.81830", "2010-08-31": "2.04380", "2010-05-31": "2.14740", "2010-02-28": "2.44940", "2009-11-30": "1.84310", "2009-08-31": "2.47510", "2009-05-31": "2.68350", "2009-02-28": "2.62090", "2008-11-30": "1.95900", "2008-08-31": "2.45330", "2008-05-31": "2.40920", "2008-02-29": "2.68120", "2007-11-30": "2.86410", "2007-08-31": "2.64770", "2007-05-31": "2.00720", "2007-02-28": "1.76350", "2006-11-30": "1.66930", "2006-08-31": "1.82100", "2006-05-31": "1.91290", "2006-02-28": "1.97520", "2005-11-30": "2.49270", "2005-08-31": "2.47070", "2005-05-31": "2.37750", "2005-02-28": "2.83950"}, "Days Sales In Receivables": {"2020-11-30": "36.74650", "2020-08-31": "36.78140", "2020-05-31": "39.30310", "2020-02-29": "40.44320", "2019-11-30": "46.17310", "2019-08-31": "43.56130", "2019-05-31": "41.74200", "2019-02-28": "46.44790", "2018-11-30": "48.04080", "2018-08-31": "41.03120", "2018-05-31": "44.06520", "2018-02-28": "46.00510", "2017-11-30": "54.62840", "2017-08-31": "49.18700", "2017-05-31": "45.77990", "2017-02-28": "45.53610", "2016-11-30": "46.61280", "2016-08-31": "44.94980", "2016-05-31": "42.90120", "2016-02-29": "38.98450", "2015-11-30": "46.29540", "2015-08-31": "43.86700", "2015-05-31": "38.92370", "2015-02-28": "43.20160", "2014-11-30": "49.62320", "2014-08-31": "47.29400", "2014-05-31": "44.78540", "2014-02-28": "45.94010", "2013-11-30": "51.82280", "2013-08-31": "47.24740", "2013-05-31": "41.86310", "2013-02-28": "43.38060", "2012-11-30": "48.16160", "2012-08-31": "47.19720", "2012-05-31": "42.37200", "2012-02-29": "44.10460", "2011-11-30": "49.55350", "2011-08-31": "49.68240", "2011-05-31": "50.01210", "2011-02-28": "46.70770", "2010-11-30": "49.49620", "2010-08-31": "44.03580", "2010-05-31": "41.91110", "2010-02-28": "36.74380", "2009-11-30": "48.83130", "2009-08-31": "36.36180", "2009-05-31": "33.53870", "2009-02-28": "34.33960", "2008-11-30": "45.94230", "2008-08-31": "36.68510", "2008-05-31": "37.35730", "2008-02-29": "33.56690", "2007-11-30": "31.42310", "2007-08-31": "33.99220", "2007-05-31": "44.83930", "2007-02-28": "51.03630", "2006-11-30": "53.91570", "2006-08-31": "49.42320", "2006-05-31": "47.04780", "2006-02-28": "45.56490", "2005-11-30": "36.10590", "2005-08-31": "36.42680", "2005-05-31": "37.85570", "2005-02-28": "31.69630"}, "ROE - Return On Equity": {"2020-11-30": "16.96320", "2020-08-31": "8.15330", "2020-05-31": "10.10940", "2020-02-29": "9.12570", "2019-11-30": "8.08170", "2019-08-31": "7.74200", "2019-05-31": "6.37350", "2019-02-28": "6.82770", "2018-11-30": "7.24690", "2018-08-31": "7.51860", "2018-05-31": "7.61770", "2018-02-28": "6.75320", "2017-11-30": "5.92860", "2017-08-31": "5.13520", "2017-05-31": "4.79740", "2017-02-28": "5.25050", "2016-11-30": "5.38210", "2016-08-31": "3.72070", "2016-05-31": "3.36720", "2016-02-29": "3.59130", "2015-11-30": "3.18080", "2015-08-31": "2.55020", "2015-05-31": "2.23130", "2015-02-28": "1.28830", "2014-11-30": "1.30070", "2014-08-31": "0.66390", "2014-05-31": "1.33390", "2014-02-28": "0.71160", "2013-11-30": "0.97140", "2013-08-31": "1.21440", "2013-05-31": "1.10500", "2013-02-28": "0.95690", "2012-11-30": "3.33570", "2012-08-31": "3.12730", "2012-05-31": "3.67030", "2012-02-29": "3.09390", "2011-11-30": "3.00390", "2011-08-31": "3.50650", "2011-05-31": "4.25720", "2011-02-28": "4.32390", "2010-11-30": "5.17780", "2010-08-31": "4.52450", "2010-05-31": "2.86960", "2010-02-28": "2.45880", "2009-11-30": "-0.65520", "2009-08-31": "2.89790", "2009-05-31": "2.62590", "2009-02-28": "3.39250", "2008-11-30": "5.57590", "2008-08-31": "4.38320", "2008-05-31": "5.31870", "2008-02-29": "5.75170", "2007-11-30": "4.77870", "2007-08-31": "4.33640", "2007-05-31": "2.93520", "2007-02-28": "2.81610", "2006-11-30": "3.55680", "2006-08-31": "1.92100", "2006-05-31": "2.58140", "2006-02-28": "2.06970", "2005-11-30": "8.38110", "2005-08-31": "6.96660", "2005-05-31": "8.00990", "2005-02-28": "9.34980"}, "Return On Tangible Equity": {"2020-11-30": "193.46520", "2020-08-31": "-202.76010", "2020-05-31": "-81.54190", "2020-02-29": "-51.56590", "2019-11-30": "-45.21790", "2019-08-31": "-35.07420", "2019-05-31": "-23.59010", "2019-02-28": "-23.62150", "2018-11-30": "-20.63500", "2018-08-31": "63.11980", "2018-05-31": "25.89170", "2018-02-28": "23.93200", "2017-11-30": "22.26480", "2017-08-31": "21.74930", "2017-05-31": "23.97690", "2017-02-28": "29.60410", "2016-11-30": "24.91420", "2016-08-31": "19.47360", "2016-05-31": "18.63360", "2016-02-29": "21.67050", "2015-11-30": "19.80140", "2015-08-31": "19.77250", "2015-05-31": "23.12040", "2015-02-28": "15.06360", "2014-11-30": "5.56320", "2014-08-31": "2.99180", "2014-05-31": "6.65230", "2014-02-28": "3.73900", "2013-11-30": "4.84790", "2013-08-31": "5.74610", "2013-05-31": "3.55880", "2013-02-28": "3.25050", "2012-11-30": "11.19000", "2012-08-31": "11.60430", "2012-05-31": "16.26410", "2012-02-29": "15.30150", "2011-11-30": "12.51250", "2011-08-31": "13.89670", "2011-05-31": "18.04150", "2011-02-28": "18.16120", "2010-11-30": "26.31250", "2010-08-31": "19.46690", "2010-05-31": "11.95460", "2010-02-28": "10.68750", "2009-11-30": "-3.68910", "2009-08-31": "5.55010", "2009-05-31": "5.00770", "2009-02-28": "6.80950", "2008-11-30": "11.93390", "2008-08-31": "9.62370", "2008-05-31": "13.49730", "2008-02-29": "16.71380", "2007-11-30": "10.41160", "2007-08-31": "9.58340", "2007-05-31": "5.93010", "2007-02-28": "5.73180", "2006-11-30": "7.34160", "2006-08-31": "4.24310", "2006-05-31": "6.05970", "2006-02-28": "4.55140", "2005-11-30": "9.03620", "2005-08-31": "7.45200", "2005-05-31": "8.63910", "2005-02-28": "10.21020"}, "ROA - Return On Assets": {"2020-11-30": "9.26540", "2020-08-31": "4.26070", "2020-05-31": "5.09190", "2020-02-29": "4.50170", "2019-11-30": "4.09880", "2019-08-31": "3.95420", "2019-05-31": "3.21880", "2019-02-28": "3.45540", "2018-11-30": "3.61490", "2018-08-31": "4.32780", "2018-05-31": "4.37350", "2018-02-28": "3.89410", "2017-11-30": "3.45050", "2017-08-31": "3.01700", "2017-05-31": "2.80130", "2017-02-28": "3.05440", "2016-11-30": "3.14720", "2016-08-31": "2.18950", "2016-05-31": "1.99790", "2016-02-29": "2.13760", "2015-11-30": "1.89920", "2015-08-31": "1.51600", "2015-05-31": "1.32100", "2015-02-28": "0.77110", "2014-11-30": "0.81710", "2014-08-31": "0.42580", "2014-05-31": "0.85350", "2014-02-28": "0.45920", "2013-11-30": "0.62930", "2013-08-31": "0.81100", "2013-05-31": "0.74460", "2013-02-28": "0.64060", "2012-11-30": "2.21440", "2012-08-31": "2.09090", "2012-05-31": "2.39030", "2012-02-29": "2.02800", "2011-11-30": "1.93210", "2011-08-31": "2.29730", "2011-05-31": "2.75110", "2011-02-28": "2.82300", "2010-11-30": "3.30240", "2010-08-31": "2.89500", "2010-05-31": "1.85600", "2010-02-28": "1.60040", "2009-11-30": "-0.44000", "2009-08-31": "2.28190", "2009-05-31": "2.07910", "2009-02-28": "2.65700", "2008-11-30": "4.22420", "2008-08-31": "3.39810", "2008-05-31": "3.93580", "2008-02-29": "4.10750", "2007-11-30": "3.88910", "2007-08-31": "3.62210", "2007-05-31": "2.48540", "2007-02-28": "2.43640", "2006-11-30": "3.07330", "2006-08-31": "1.67940", "2006-05-31": "2.23750", "2006-02-28": "1.81100", "2005-11-30": "6.40290", "2005-08-31": "5.56170", "2005-05-31": "6.18610", "2005-02-28": "7.15530"}, "ROI - Return On Investment": {"2020-11-30": "12.94520", "2020-08-31": "6.03320", "2020-05-31": "7.33580", "2020-02-29": "6.55100", "2019-11-30": "7.38780", "2019-08-31": "7.06070", "2019-05-31": "5.79690", "2019-02-28": "5.14180", "2018-11-30": "5.03060", "2018-08-31": "6.20580", "2018-05-31": "6.26830", "2018-02-28": "5.54840", "2017-11-30": "4.85000", "2017-08-31": "4.17080", "2017-05-31": "3.86270", "2017-02-28": "4.20620", "2016-11-30": "4.28910", "2016-08-31": "2.94510", "2016-05-31": "2.66250", "2016-02-29": "2.82630", "2015-11-30": "2.49980", "2015-08-31": "1.99450", "2015-05-31": "1.73230", "2015-02-28": "0.99980", "2014-11-30": "1.14660", "2014-08-31": "0.58540", "2014-05-31": "1.17510", "2014-02-28": "0.62670", "2013-11-30": "0.79430", "2013-08-31": "0.99560", "2013-05-31": "0.90770", "2013-02-28": "0.78320", "2012-11-30": "2.72400", "2012-08-31": "2.53640", "2012-05-31": "2.94560", "2012-02-29": "2.47300", "2011-11-30": "2.38360", "2011-08-31": "2.75910", "2011-05-31": "3.32570", "2011-02-28": "3.38180", "2010-11-30": "4.00910", "2010-08-31": "3.48550", "2010-05-31": "2.22720", "2010-02-28": "1.90780", "2009-11-30": "-0.54400", "2009-08-31": "2.69690", "2009-05-31": "2.44750", "2009-02-28": "3.15320", "2008-11-30": "5.16590", "2008-08-31": "4.05830", "2008-05-31": "4.89470", "2008-02-29": "5.14470", "2007-11-30": "4.77870", "2007-08-31": "4.33640", "2007-05-31": "2.93520", "2007-02-28": "2.81610", "2006-11-30": "3.55680", "2006-08-31": "1.92100", "2006-05-31": "2.58140", "2006-02-28": "2.06970", "2005-11-30": "8.38110", "2005-08-31": "6.96660", "2005-05-31": "8.00990", "2005-02-28": "9.34980"}, "Book Value Per Share": {"2020-11-30": "27.69100", "2020-08-31": "24.40210", "2020-05-31": "22.66880", "2020-02-29": "21.66670", "2019-11-30": "21.80120", "2019-08-31": "21.12330", "2019-05-31": "20.42410", "2019-02-28": "20.20760", "2018-11-30": "19.19790", "2018-08-31": "18.12230", "2018-05-31": "17.75070", "2018-02-28": "17.51750", "2017-11-30": "17.22070", "2017-08-31": "16.57710", "2017-05-31": "15.81920", "2017-02-28": "15.32670", "2016-11-30": "15.02230", "2016-08-31": "14.64300", "2016-05-31": "14.52710", "2016-02-29": "14.14280", "2015-11-30": "14.06480", "2015-08-31": "13.71820", "2015-05-31": "13.26600", "2015-02-28": "13.17680", "2014-11-30": "13.62040", "2014-08-31": "13.50040", "2014-05-31": "13.34730", "2014-02-28": "13.26150", "2013-11-30": "13.55060", "2013-08-31": "13.62030", "2013-05-31": "13.77060", "2013-02-28": "13.58230", "2012-11-30": "13.48870", "2012-08-31": "13.01450", "2012-05-31": "12.34780", "2012-02-29": "12.07090", "2011-11-30": "11.76530", "2011-08-31": "11.29040", "2011-05-31": "10.91500", "2011-02-28": "10.74370", "2010-11-30": "10.34550", "2010-08-31": "9.91090", "2010-05-31": "9.86300", "2010-02-28": "9.83570", "2009-11-30": "9.35710", "2009-08-31": "8.94770", "2009-05-31": "9.15300", "2009-02-28": "8.79830", "2008-11-30": "8.38290", "2008-08-31": "8.22510", "2008-05-31": "7.62110", "2008-02-29": "7.05190", "2007-11-30": "8.13770", "2007-08-31": "8.22160", "2007-05-31": "8.82970", "2007-02-28": "8.68710", "2006-11-30": "8.77320", "2006-08-31": "8.42350", "2006-05-31": "8.23340", "2006-02-28": "8.47910", "2005-11-30": "3.81460", "2005-08-31": "4.20970", "2005-05-31": "3.80380", "2005-02-28": "3.32220"}, "Operating Cash Flow Per Share": {"2020-11-30": 3.6743, "2020-08-31": 2.9608, "2020-05-31": 2.458, "2020-02-29": "2.71520", "2019-11-30": 2.7862, "2019-08-31": 1.8866, "2019-05-31": 2.2644, "2019-02-28": "2.05060", "2018-11-30": 2.2109, "2018-08-31": 1.9337, "2018-05-31": 1.9644, "2018-02-28": "1.98140", "2017-11-30": 1.6567, "2017-08-31": 1.4075, "2017-05-31": 1.2903, "2017-02-28": "1.45820", "2016-11-30": 1.3757, "2016-08-31": 1.0323, "2016-05-31": 0.9701, "2016-02-29": "0.98390", "2015-11-30": 0.8908, "2015-08-31": 0.7122, "2015-05-31": 0.9339, "2015-02-28": "0.36060", "2014-11-30": 0.7839, "2014-08-31": 0.526, "2014-05-31": 0.727, "2014-02-28": "0.49510", "2013-11-30": 0.6153, "2013-08-31": 0.4154, "2013-05-31": 0.5781, "2013-02-28": "0.63410", "2012-11-30": 0.9301, "2012-08-31": 0.5318, "2012-05-31": 0.8927, "2012-02-29": "0.62830", "2011-11-30": 0.9642, "2011-08-31": 0.6734, "2011-05-31": 0.7755, "2011-02-28": "0.64950", "2010-11-30": 0.583, "2010-08-31": 0.5755, "2010-05-31": 0.4703, "2010-02-28": "0.48790", "2009-11-30": 0.482, "2009-08-31": 0.4366, "2009-05-31": 0.4951, "2009-02-28": "0.69290", "2008-11-30": 0.5937, "2008-08-31": 0.3931, "2008-05-31": 0.6489, "2008-02-29": "0.69900", "2007-11-30": 0.6636, "2007-08-31": 0.7214, "2007-05-31": 0.573, "2007-02-28": "0.44870", "2006-11-30": 0.4566, "2006-08-31": 0.3332, "2006-05-31": 0.395, "2006-02-28": "0.28520", "2005-11-30": 0.4922, "2005-08-31": 0.3411, "2005-05-31": 0.3352, "2005-02-28": "0.32420"}, "Free Cash Flow Per Share": {"2020-11-30": 3.4618, "2020-08-31": 2.7011, "2020-05-31": 2.2589, "2020-02-29": "2.52250", "2019-11-30": 2.5944, "2019-08-31": 1.7044, "2019-05-31": 1.9672, "2019-02-28": "1.91900", "2018-11-30": 2.0853, "2018-08-31": 1.805, "2018-05-31": 1.873, "2018-02-28": "1.79090", "2017-11-30": 1.5819, "2017-08-31": 1.2991, "2017-05-31": 1.1797, "2017-02-28": "1.39650", "2016-11-30": 1.2795, "2016-08-31": 0.9223, "2016-05-31": 0.8635, "2016-02-29": "0.89250", "2015-11-30": 0.8779, "2015-08-31": 0.6153, "2015-05-31": 0.863, "2015-02-28": "0.29060", "2014-11-30": 0.7118, "2014-08-31": 0.4181, "2014-05-31": 0.6731, "2014-02-28": "0.43730", "2013-11-30": 0.5937, "2013-08-31": 0.3251, "2013-05-31": 0.4889, "2013-02-28": "0.51560", "2012-11-30": 0.7696, "2012-08-31": 0.3762, "2012-05-31": 0.7717, "2012-02-29": "0.52620", "2011-11-30": 0.8184, "2011-08-31": 0.54, "2011-05-31": 0.7008, "2011-02-28": "0.58610", "2010-11-30": 0.4784, "2010-08-31": 0.5596, "2010-05-31": 0.3773, "2010-02-28": "0.43990", "2009-11-30": 0.4158, "2009-08-31": 0.3271, "2009-05-31": 0.4755, "2009-02-28": "0.66280", "2008-11-30": 0.5533, "2008-08-31": 0.3194, "2008-05-31": 0.6052, "2008-02-29": "0.65300", "2007-11-30": 0.617, "2007-08-31": 0.6663, "2007-05-31": 0.534, "2007-02-28": "0.36880", "2006-11-30": 0.4041, "2006-08-31": 0.3007, "2006-05-31": 0.3627, "2006-02-28": "0.26650", "2005-11-30": 0.471, "2005-08-31": 0.3067, "2005-05-31": 0.3174, "2005-02-28": "0.30140"}}, "revenue": {"Adobe Annual Revenue (Millions of US $)": {"2020": "$12,868", "2019": "$11,171", "2018": "$9,030", "2017": "$7,302", "2016": "$5,854", "2015": "$4,796", "2014": "$4,147", "2013": "$4,055", "2012": "$4,404", "2011": "$4,216", "2010": "$3,800", "2009": "$2,946", "2008": "$3,580", "2007": "$3,158", "2006": "$2,575", "2005": "$1,966"}, "Adobe Quarterly Revenue (Millions of US $)": {"2020-11-30": "$3,424", "2020-08-31": "$3,225", "2020-05-31": "$3,128", "2020-02-29": "$3,091", "2019-11-30": "$2,992", "2019-08-31": "$2,834", "2019-05-31": "$2,744", "2019-02-28": "$2,601", "2018-11-30": "$2,465", "2018-08-31": "$2,291", "2018-05-31": "$2,195", "2018-02-28": "$2,079", "2017-11-30": "$2,007", "2017-08-31": "$1,841", "2017-05-31": "$1,772", "2017-02-28": "$1,682", "2016-11-30": "$1,608", "2016-08-31": "$1,464", "2016-05-31": "$1,399", "2016-02-29": "$1,383", "2015-11-30": "$1,306", "2015-08-31": "$1,218", "2015-05-31": "$1,162", "2015-02-28": "$1,109", "2014-11-30": "$1,073", "2014-08-31": "$1,005", "2014-05-31": "$1,068", "2014-02-28": "$1,000", "2013-11-30": "$1,042", "2013-08-31": "$995", "2013-05-31": "$1,011", "2013-02-28": "$1,008", "2012-11-30": "$1,153", "2012-08-31": "$1,081", "2012-05-31": "$1,124", "2012-02-29": "$1,045", "2011-11-30": "$1,152", "2011-08-31": "$1,013", "2011-05-31": "$1,023", "2011-02-28": "$1,028", "2010-11-30": "$1,008", "2010-08-31": "$990", "2010-05-31": "$943", "2010-02-28": "$859", "2009-11-30": "$757", "2009-08-31": "$698", "2009-05-31": "$705", "2009-02-28": "$786", "2008-11-30": "$915", "2008-08-31": "$887", "2008-05-31": "$887", "2008-02-29": "$890", "2007-11-30": "$911", "2007-08-31": "$852", "2007-05-31": "$746", "2007-02-28": "$649", "2006-11-30": "$682", "2006-08-31": "$602", "2006-05-31": "$635", "2006-02-28": "$655", "2005-11-30": "$510", "2005-08-31": "$487", "2005-05-31": "$496", "2005-02-28": "$473"}}, "gross-profit": {"Adobe Annual Gross Profit (Millions of US $)": {"2020": "$11,146", "2019": "$9,498", "2018": "$7,835", "2017": "$6,291", "2016": "$5,035", "2015": "$4,051", "2014": "$3,525", "2013": "$3,469", "2012": "$3,920", "2011": "$3,778", "2010": "$3,396", "2009": "$2,649", "2008": "$3,217", "2007": "$2,803", "2006": "$2,283", "2005": "$1,854"}, "Adobe Quarterly Gross Profit (Millions of US $)": {"2020-11-30": "$2,996", "2020-08-31": "$2,798", "2020-05-31": "$2,713", "2020-02-29": "$2,639", "2019-11-30": "$2,539", "2019-08-31": "$2,418", "2019-05-31": "$2,337", "2019-02-28": "$2,204", "2018-11-30": "$2,105", "2018-08-31": "$1,996", "2018-05-31": "$1,914", "2018-02-28": "$1,820", "2017-11-30": "$1,736", "2017-08-31": "$1,578", "2017-05-31": "$1,533", "2017-02-28": "$1,444", "2016-11-30": "$1,392", "2016-08-31": "$1,261", "2016-05-31": "$1,197", "2016-02-29": "$1,185", "2015-11-30": "$1,105", "2015-08-31": "$1,027", "2015-05-31": "$977", "2015-02-28": "$942", "2014-11-30": "$912", "2014-08-31": "$848", "2014-05-31": "$913", "2014-02-28": "$852", "2013-11-30": "$894", "2013-08-31": "$848", "2013-05-31": "$875", "2013-02-28": "$851", "2012-11-30": "$1,028", "2012-08-31": "$961", "2012-05-31": "$994", "2012-02-29": "$937", "2011-11-30": "$1,036", "2011-08-31": "$909", "2011-05-31": "$914", "2011-02-28": "$920", "2010-11-30": "$901", "2010-08-31": "$891", "2010-05-31": "$835", "2010-02-28": "$769", "2009-11-30": "$675", "2009-08-31": "$632", "2009-05-31": "$633", "2009-02-28": "$709", "2008-11-30": "$829", "2008-08-31": "$776", "2008-05-31": "$804", "2008-02-29": "$808", "2007-11-30": "$813", "2007-08-31": "$759", "2007-05-31": "$654", "2007-02-28": "$577", "2006-11-30": "$603", "2006-08-31": "$533", "2006-05-31": "$570", "2006-02-28": "$578", "2005-11-30": "$480", "2005-08-31": "$460", "2005-05-31": "$469", "2005-02-28": "$446"}}, "operating-income": {"Adobe Annual Operating Income (Millions of US $)": {"2020": "$4,237", "2019": "$3,268", "2018": "$2,840", "2017": "$2,168", "2016": "$1,494", "2015": "$903", "2014": "$413", "2013": "$423", "2012": "$1,180", "2011": "$1,099", "2010": "$993", "2009": "$691", "2008": "$1,028", "2007": "$858", "2006": "$551", "2005": "$728"}, "Adobe Quarterly Operating Income (Millions of US $)": {"2020-11-30": "$1,215", "2020-08-31": "$1,069", "2020-05-31": "$1,016", "2020-02-29": "$937", "2019-11-30": "$969", "2019-08-31": "$854", "2019-05-31": "$750", "2019-02-28": "$695", "2018-11-30": "$720", "2018-08-31": "$719", "2018-05-31": "$698", "2018-02-28": "$703", "2017-11-30": "$649", "2017-08-31": "$546", "2017-05-31": "$504", "2017-02-28": "$469", "2016-11-30": "$472", "2016-08-31": "$369", "2016-05-31": "$344", "2016-02-29": "$308", "2015-11-30": "$290", "2015-08-31": "$246", "2015-05-31": "$194", "2015-02-28": "$173", "2014-11-30": "$125", "2014-08-31": "$74", "2014-05-31": "$135", "2014-02-28": "$79", "2013-11-30": "$103", "2013-08-31": "$110", "2013-05-31": "$111", "2013-02-28": "$98", "2012-11-30": "$308", "2012-08-31": "$278", "2012-05-31": "$305", "2012-02-29": "$289", "2011-11-30": "$246", "2011-08-31": "$274", "2011-05-31": "$277", "2011-02-28": "$302", "2010-11-30": "$287", "2010-08-31": "$302", "2010-05-31": "$227", "2010-02-28": "$177", "2009-11-30": "$154", "2009-08-31": "$168", "2009-05-31": "$161", "2009-02-28": "$208", "2008-11-30": "$273", "2008-08-31": "$219", "2008-05-31": "$260", "2008-02-29": "$275", "2007-11-30": "$276", "2007-08-31": "$255", "2007-05-31": "$180", "2007-02-28": "$146", "2006-11-30": "$163", "2006-08-31": "$110", "2006-05-31": "$148", "2006-02-28": "$130", "2005-11-30": "$192", "2005-08-31": "$184", "2005-05-31": "$182", "2005-02-28": "$171"}}, "ebitda": {"Adobe Annual EBITDA (Millions of US $)": {"2020": "$4,994", "2019": "$4,025", "2018": "$3,186", "2017": "$2,494", "2016": "$1,825", "2015": "$1,243", "2014": "$726", "2013": "$744", "2012": "$1,480", "2011": "$1,370", "2010": "$1,286", "2009": "$973", "2008": "$1,299", "2007": "$1,173", "2006": "$859", "2005": "$811"}, "Adobe Quarterly EBITDA (Millions of US $)": {"2020-11-30": "$1,405", "2020-08-31": "$1,260", "2020-05-31": "$1,204", "2020-02-29": "$1,125", "2019-11-30": "$1,160", "2019-08-31": "$1,047", "2019-05-31": "$937", "2019-02-28": "$881", "2018-11-30": "$826", "2018-08-31": "$805", "2018-05-31": "$775", "2018-02-28": "$779", "2017-11-30": "$731", "2017-08-31": "$628", "2017-05-31": "$586", "2017-02-28": "$550", "2016-11-30": "$554", "2016-08-31": "$453", "2016-05-31": "$429", "2016-02-29": "$389", "2015-11-30": "$377", "2015-08-31": "$334", "2015-05-31": "$280", "2015-02-28": "$253", "2014-11-30": "$203", "2014-08-31": "$154", "2014-05-31": "$213", "2014-02-28": "$156", "2013-11-30": "$184", "2013-08-31": "$193", "2013-05-31": "$192", "2013-02-28": "$175", "2012-11-30": "$386", "2012-08-31": "$352", "2012-05-31": "$382", "2012-02-29": "$359", "2011-11-30": "$319", "2011-08-31": "$338", "2011-05-31": "$343", "2011-02-28": "$369", "2010-11-30": "$363", "2010-08-31": "$375", "2010-05-31": "$302", "2010-02-28": "$245", "2009-11-30": "$239", "2009-08-31": "$232", "2009-05-31": "$226", "2009-02-28": "$277", "2008-11-30": "$341", "2008-08-31": "$284", "2008-05-31": "$329", "2008-02-29": "$345", "2007-11-30": "$354", "2007-08-31": "$337", "2007-05-31": "$267", "2007-02-28": "$215", "2006-11-30": "$239", "2006-08-31": "$185", "2006-05-31": "$228", "2006-02-28": "$208", "2005-11-30": "$227", "2005-08-31": "$201", "2005-05-31": "$197", "2005-02-28": "$186"}}, "net-income": {"Adobe Annual Net Income (Millions of US $)": {"2020": "$5,260", "2019": "$2,951", "2018": "$2,591", "2017": "$1,694", "2016": "$1,169", "2015": "$630", "2014": "$268", "2013": "$290", "2012": "$833", "2011": "$833", "2010": "$775", "2009": "$387", "2008": "$872", "2007": "$724", "2006": "$506", "2005": "$603"}, "Adobe Quarterly Net Income (Millions of US $)": {"2020-11-30": "$2,250", "2020-08-31": "$955", "2020-05-31": "$1,100", "2020-02-29": "$955", "2019-11-30": "$851", "2019-08-31": "$793", "2019-05-31": "$633", "2019-02-28": "$674", "2018-11-30": "$678", "2018-08-31": "$666", "2018-05-31": "$663", "2018-02-28": "$583", "2017-11-30": "$502", "2017-08-31": "$420", "2017-05-31": "$374", "2017-02-28": "$398", "2016-11-30": "$400", "2016-08-31": "$271", "2016-05-31": "$244", "2016-02-29": "$254", "2015-11-30": "$223", "2015-08-31": "$174", "2015-05-31": "$147", "2015-02-28": "$85", "2014-11-30": "$88", "2014-08-31": "$45", "2014-05-31": "$89", "2014-02-28": "$47", "2013-11-30": "$65", "2013-08-31": "$83", "2013-05-31": "$77", "2013-02-28": "$65", "2012-11-30": "$222", "2012-08-31": "$201", "2012-05-31": "$224", "2012-02-29": "$185", "2011-11-30": "$174", "2011-08-31": "$195", "2011-05-31": "$229", "2011-02-28": "$235", "2010-11-30": "$269", "2010-08-31": "$230", "2010-05-31": "$149", "2010-02-28": "$127", "2009-11-30": "$-32", "2009-08-31": "$136", "2009-05-31": "$126", "2009-02-28": "$156", "2008-11-30": "$246", "2008-08-31": "$192", "2008-05-31": "$215", "2008-02-29": "$219", "2007-11-30": "$222", "2007-08-31": "$205", "2007-05-31": "$153", "2007-02-28": "$144", "2006-11-30": "$183", "2006-08-31": "$94", "2006-05-31": "$123", "2006-02-28": "$105", "2005-11-30": "$156", "2005-08-31": "$145", "2005-05-31": "$150", "2005-02-28": "$152"}}, "eps-earnings-per-share-diluted": {"Adobe Annual EPS": {"2020": "$10.83", "2019": "$6.00", "2018": "$5.20", "2017": "$3.38", "2016": "$2.32", "2015": "$1.24", "2014": "$0.53", "2013": "$0.56", "2012": "$1.66", "2011": "$1.65", "2010": "$1.47", "2009": "$0.73", "2008": "$1.59", "2007": "$1.21", "2006": "$0.83", "2005": "$1.19"}, "Adobe Quarterly EPS": {"2020-11-30": "$4.63", "2020-08-31": "$1.97", "2020-05-31": "$2.27", "2020-02-29": "$1.96", "2019-11-30": "$1.74", "2019-08-31": "$1.61", "2019-05-31": "$1.29", "2019-02-28": "$1.36", "2018-11-30": "$1.36", "2018-08-31": "$1.34", "2018-05-31": "$1.33", "2018-02-28": "$1.17", "2017-11-30": "$0.99", "2017-08-31": "$0.84", "2017-05-31": "$0.75", "2017-02-28": "$0.80", "2016-11-30": "$0.80", "2016-08-31": "$0.54", "2016-05-31": "$0.48", "2016-02-29": "$0.50", "2015-11-30": "$0.44", "2015-08-31": "$0.34", "2015-05-31": "$0.29", "2015-02-28": "$0.17", "2014-11-30": "$0.18", "2014-08-31": "$0.09", "2014-05-31": "$0.17", "2014-02-28": "$0.09", "2013-11-30": "$0.12", "2013-08-31": "$0.16", "2013-05-31": "$0.15", "2013-02-28": "$0.13", "2012-11-30": "$0.44", "2012-08-31": "$0.40", "2012-05-31": "$0.45", "2012-02-29": "$0.37", "2011-11-30": "$0.35", "2011-08-31": "$0.39", "2011-05-31": "$0.45", "2011-02-28": "$0.46", "2010-11-30": "$0.51", "2010-08-31": "$0.44", "2010-05-31": "$0.28", "2010-02-28": "$0.24", "2009-11-30": "$-0.07", "2009-08-31": "$0.26", "2009-05-31": "$0.24", "2009-02-28": "$0.30", "2008-11-30": "$0.46", "2008-08-31": "$0.35", "2008-05-31": "$0.40", "2008-02-29": "$0.38", "2007-11-30": "$0.38", "2007-08-31": "$0.34", "2007-05-31": "$0.25", "2007-02-28": "$0.24", "2006-11-30": "$0.30", "2006-08-31": "$0.16", "2006-05-31": "$0.20", "2006-02-28": "$0.17", "2005-11-30": "$0.31", "2005-08-31": "$0.29", "2005-05-31": "$0.29", "2005-02-28": "$0.30"}}, "shares-outstanding": {"Adobe Annual Shares Outstanding (Millions of Shares)": {"2020": "485", "2019": "492", "2018": "498", "2017": "501", "2016": "504", "2015": "507", "2014": "508", "2013": "513", "2012": "503", "2011": "504", "2010": "526", "2009": "531", "2008": "549", "2007": "599", "2006": "612", "2005": "508"}, "Adobe Quarterly Shares Outstanding (Millions of Shares)": {"2020-11-30": "485", "2020-08-31": "485", "2020-05-31": "485", "2020-02-29": "488", "2019-11-30": "492", "2019-08-31": "491", "2019-05-31": "492", "2019-02-28": "494", "2018-11-30": "498", "2018-08-31": "497", "2018-05-31": "498", "2018-02-28": "499", "2017-11-30": "501", "2017-08-31": "500", "2017-05-31": "500", "2017-02-28": "501", "2016-11-30": "504", "2016-08-31": "504", "2016-05-31": "505", "2016-02-29": "506", "2015-11-30": "507", "2015-08-31": "506", "2015-05-31": "506", "2015-02-28": "508", "2014-11-30": "508", "2014-08-31": "508", "2014-05-31": "507", "2014-02-28": "508", "2013-11-30": "513", "2013-08-31": "514", "2013-05-31": "512", "2013-02-28": "508", "2012-11-30": "503", "2012-08-31": "500", "2012-05-31": "501", "2012-02-29": "500", "2011-11-30": "504", "2011-08-31": "499", "2011-05-31": "506", "2011-02-28": "511", "2010-11-30": "526", "2010-08-31": "523", "2010-05-31": "533", "2010-02-28": "533", "2009-11-30": "531", "2009-08-31": "532", "2009-05-31": "528", "2009-02-28": "528", "2008-11-30": "549", "2008-08-31": "541", "2008-05-31": "542", "2008-02-29": "571", "2007-11-30": "599", "2007-08-31": "597", "2007-05-31": "603", "2007-02-28": "604", "2006-11-30": "612", "2006-08-31": "601", "2006-05-31": "614", "2006-02-28": "622", "2005-11-30": "508", "2005-08-31": "508", "2005-05-31": "508", "2005-02-28": "506"}}, "total-assets": {"Adobe Annual Total Assets (Millions of US $)": {"2020": "$24,284", "2019": "$20,762", "2018": "$18,769", "2017": "$14,536", "2016": "$12,697", "2015": "$11,726", "2014": "$10,786", "2013": "$10,380", "2012": "$10,040", "2011": "$8,991", "2010": "$8,141", "2009": "$7,282", "2008": "$5,822", "2007": "$5,714", "2006": "$5,963", "2005": "$2,440"}, "Adobe Quarterly Total Assets (Millions of US $)": {"2020-11-30": "$24,284", "2020-08-31": "$22,414", "2020-05-31": "$21,603", "2020-02-29": "$21,214", "2019-11-30": "$20,762", "2019-08-31": "$20,055", "2019-05-31": "$19,666", "2019-02-28": "$19,506", "2018-11-30": "$18,769", "2018-08-31": "$15,396", "2018-05-31": "$15,163", "2018-02-28": "$14,973", "2017-11-30": "$14,536", "2017-08-31": "$13,907", "2017-05-31": "$13,365", "2017-02-28": "$13,045", "2016-11-30": "$12,697", "2016-08-31": "$12,367", "2016-05-31": "$12,217", "2016-02-29": "$11,897", "2015-11-30": "$11,726", "2015-08-31": "$11,508", "2015-05-31": "$11,165", "2015-02-28": "$11,008", "2014-11-30": "$10,786", "2014-08-31": "$10,494", "2014-05-31": "$10,372", "2014-02-28": "$10,246", "2013-11-30": "$10,380", "2013-08-31": "$10,234", "2013-05-31": "$10,280", "2013-02-28": "$10,166", "2012-11-30": "$10,040", "2012-08-31": "$9,630", "2012-05-31": "$9,366", "2012-02-29": "$9,133", "2011-11-30": "$8,991", "2011-08-31": "$8,493", "2011-05-31": "$8,340", "2011-02-28": "$8,310", "2010-11-30": "$8,141", "2010-08-31": "$7,947", "2010-05-31": "$8,007", "2010-02-28": "$7,945", "2009-11-30": "$7,282", "2009-08-31": "$5,962", "2009-05-31": "$6,064", "2009-02-28": "$5,888", "2008-11-30": "$5,822", "2008-08-31": "$5,639", "2008-05-31": "$5,460", "2008-02-29": "$5,341", "2007-11-30": "$5,714", "2007-08-31": "$5,666", "2007-05-31": "$6,136", "2007-02-28": "$5,904", "2006-11-30": "$5,963", "2006-08-31": "$5,621", "2006-05-31": "$5,501", "2006-02-28": "$5,802", "2005-11-30": "$2,440", "2005-08-31": "$2,606", "2005-05-31": "$2,421", "2005-02-28": "$2,123"}}, "cash-on-hand": {"Adobe Annual Cash on Hand (Millions of US $)": {"2020": "$5,992", "2019": "$4,177", "2018": "$3,229", "2017": "$5,820", "2016": "$4,761", "2015": "$3,988", "2014": "$3,739", "2013": "$3,174", "2012": "$3,538", "2011": "$2,912", "2010": "$2,468", "2009": "$1,904", "2008": "$2,019", "2007": "$1,994", "2006": "$2,281", "2005": "$1,701"}, "Adobe Quarterly Cash on Hand (Millions of US $)": {"2020-11-30": "$5,992", "2020-08-31": "$5,264", "2020-05-31": "$4,351", "2020-02-29": "$4,171", "2019-11-30": "$4,177", "2019-08-31": "$3,651", "2019-05-31": "$3,479", "2019-02-28": "$3,226", "2018-11-30": "$3,229", "2018-08-31": "$4,944", "2018-05-31": "$6,334", "2018-02-28": "$6,148", "2017-11-30": "$5,820", "2017-08-31": "$5,368", "2017-05-31": "$4,932", "2017-02-28": "$4,648", "2016-11-30": "$4,761", "2016-08-31": "$4,446", "2016-05-31": "$4,318", "2016-02-29": "$4,098", "2015-11-30": "$3,988", "2015-08-31": "$3,669", "2015-05-31": "$3,413", "2015-02-28": "$3,177", "2014-11-30": "$3,739", "2014-08-31": "$3,520", "2014-05-31": "$3,330", "2014-02-28": "$3,132", "2013-11-30": "$3,174", "2013-08-31": "$3,164", "2013-05-31": "$3,866", "2013-02-28": "$3,661", "2012-11-30": "$3,538", "2012-08-31": "$3,247", "2012-05-31": "$2,998", "2012-02-29": "$2,766", "2011-11-30": "$2,912", "2011-08-31": "$2,719", "2011-05-31": "$2,626", "2011-02-28": "$2,637", "2010-11-30": "$2,468", "2010-08-31": "$2,578", "2010-05-31": "$2,645", "2010-02-28": "$2,672", "2009-11-30": "$1,904", "2009-08-31": "$2,556", "2009-05-31": "$2,664", "2009-02-28": "$2,384", "2008-11-30": "$2,019", "2008-08-31": "$2,001", "2008-05-31": "$1,865", "2008-02-29": "$1,715", "2007-11-30": "$1,994", "2007-08-31": "$1,956", "2007-05-31": "$2,324", "2007-02-28": "$2,282", "2006-11-30": "$2,281", "2006-08-31": "$1,986", "2006-05-31": "$1,826", "2006-02-28": "$2,105", "2005-11-30": "$1,701", "2005-08-31": "$1,893", "2005-05-31": "$1,691", "2005-02-28": "$1,467"}}, "long-term-debt": {"Adobe Annual Long Term Debt (Millions of US $)": {"2020": "$4,117", "2019": "$989", "2018": "$4,125", "2017": "$1,881", "2016": "$1,892", "2015": "$1,907", "2014": "$911", "2013": "$1,499", "2012": "$1,497", "2011": "$1,505", "2010": "$1,514", "2009": "$1,000", "2008": "$350", "2007": "$", "2006": "$", "2005": "$"}, "Adobe Quarterly Long Term Debt (Millions of US $)": {"2020-11-30": "$4,117", "2020-08-31": "$4,116", "2020-05-31": "$4,114", "2020-02-29": "$4,113", "2019-11-30": "$989", "2019-08-31": "$988", "2019-05-31": "$988", "2019-02-28": "$3,237", "2018-11-30": "$4,125", "2018-08-31": "$1,875", "2018-05-31": "$1,874", "2018-02-28": "$1,875", "2017-11-30": "$1,881", "2017-08-31": "$1,889", "2017-05-31": "$1,888", "2017-02-28": "$1,884", "2016-11-30": "$1,892", "2016-08-31": "$1,917", "2016-05-31": "$1,918", "2016-02-29": "$1,917", "2015-11-30": "$1,907", "2015-08-31": "$1,906", "2015-05-31": "$1,904", "2015-02-28": "$1,902", "2014-11-30": "$911", "2014-08-31": "$902", "2014-05-31": "$897", "2014-02-28": "$896", "2013-11-30": "$1,499", "2013-08-31": "$1,502", "2013-05-31": "$1,506", "2013-02-28": "$1,509", "2012-11-30": "$1,497", "2012-08-31": "$1,500", "2012-05-31": "$1,501", "2012-02-29": "$1,503", "2011-11-30": "$1,505", "2011-08-31": "$1,507", "2011-05-31": "$1,509", "2011-02-28": "$1,512", "2010-11-30": "$1,514", "2010-08-31": "$1,516", "2010-05-31": "$1,494", "2010-02-28": "$1,494", "2009-11-30": "$1,000", "2009-08-31": "$350", "2009-05-31": "$350", "2009-02-28": "$350", "2008-11-30": "$350", "2008-08-31": "$350", "2008-05-31": "$350", "2008-02-29": "$450", "2007-11-30": "", "2007-08-31": "", "2007-05-31": "", "2007-02-28": "", "2006-11-30": "", "2006-08-31": "", "2006-05-31": "", "2006-02-28": "", "2005-11-30": "", "2005-08-31": "", "2005-05-31": "", "2005-02-28": ""}}, "total-liabilities": {"Adobe Annual Total Liabilities (Millions of US $)": {"2020": "$11,020", "2019": "$10,232", "2018": "$9,407", "2017": "$6,076", "2016": "$5,272", "2015": "$4,725", "2014": "$4,010", "2013": "$3,656", "2012": "$3,375", "2011": "$3,208", "2010": "$2,949", "2009": "$2,392", "2008": "$1,411", "2007": "$1,064", "2006": "$811", "2005": "$576"}, "Adobe Quarterly Total Liabilities (Millions of US $)": {"2020-11-30": "$11,020", "2020-08-31": "$10,701", "2020-05-31": "$10,722", "2020-02-29": "$10,749", "2019-11-30": "$10,232", "2019-08-31": "$9,812", "2019-05-31": "$9,734", "2019-02-28": "$9,634", "2018-11-30": "$9,407", "2018-08-31": "$6,534", "2018-05-31": "$6,458", "2018-02-28": "$6,339", "2017-11-30": "$6,076", "2017-08-31": "$5,736", "2017-05-31": "$5,561", "2017-02-28": "$5,456", "2016-11-30": "$5,272", "2016-08-31": "$5,089", "2016-05-31": "$4,968", "2016-02-29": "$4,815", "2015-11-30": "$4,725", "2015-08-31": "$4,667", "2015-05-31": "$4,555", "2015-02-28": "$4,419", "2014-11-30": "$4,010", "2014-08-31": "$3,762", "2014-05-31": "$3,735", "2014-02-28": "$3,635", "2013-11-30": "$3,656", "2013-08-31": "$3,399", "2013-05-31": "$3,353", "2013-02-28": "$3,360", "2012-11-30": "$3,375", "2012-08-31": "$3,191", "2012-05-31": "$3,266", "2012-02-29": "$3,146", "2011-11-30": "$3,208", "2011-08-31": "$2,929", "2011-05-31": "$2,950", "2011-02-28": "$2,885", "2010-11-30": "$2,949", "2010-08-31": "$2,862", "2010-05-31": "$2,828", "2010-02-28": "$2,774", "2009-11-30": "$2,392", "2009-08-31": "$1,267", "2009-05-31": "$1,263", "2009-02-28": "$1,276", "2008-11-30": "$1,411", "2008-08-31": "$1,267", "2008-05-31": "$1,420", "2008-02-29": "$1,527", "2007-11-30": "$1,064", "2007-08-31": "$933", "2007-05-31": "$940", "2007-02-28": "$796", "2006-11-30": "$811", "2006-08-31": "$707", "2006-05-31": "$733", "2006-02-28": "$725", "2005-11-30": "$576", "2005-08-31": "$525", "2005-05-31": "$551", "2005-02-28": "$498"}}, "total-share-holder-equity": {"Adobe Annual Share Holder Equity (Millions of US $)": {"2020": "$13,264", "2019": "$10,530", "2018": "$9,362", "2017": "$8,460", "2016": "$7,425", "2015": "$7,002", "2014": "$6,776", "2013": "$6,725", "2012": "$6,665", "2011": "$5,783", "2010": "$5,192", "2009": "$4,891", "2008": "$4,410", "2007": "$4,650", "2006": "$5,152", "2005": "$1,864"}, "Adobe Quarterly Share Holder Equity (Millions of US $)": {"2020-11-30": "$13,264", "2020-08-31": "$11,713", "2020-05-31": "$10,881", "2020-02-29": "$10,465", "2019-11-30": "$10,530", "2019-08-31": "$10,243", "2019-05-31": "$9,932", "2019-02-28": "$9,871", "2018-11-30": "$9,362", "2018-08-31": "$8,862", "2018-05-31": "$8,706", "2018-02-28": "$8,634", "2017-11-30": "$8,460", "2017-08-31": "$8,170", "2017-05-31": "$7,804", "2017-02-28": "$7,589", "2016-11-30": "$7,425", "2016-08-31": "$7,278", "2016-05-31": "$7,249", "2016-02-29": "$7,081", "2015-11-30": "$7,002", "2015-08-31": "$6,841", "2015-05-31": "$6,610", "2015-02-28": "$6,589", "2014-11-30": "$6,776", "2014-08-31": "$6,731", "2014-05-31": "$6,637", "2014-02-28": "$6,611", "2013-11-30": "$6,725", "2013-08-31": "$6,835", "2013-05-31": "$6,927", "2013-02-28": "$6,805", "2012-11-30": "$6,665", "2012-08-31": "$6,439", "2012-05-31": "$6,100", "2012-02-29": "$5,986", "2011-11-30": "$5,783", "2011-08-31": "$5,564", "2011-05-31": "$5,389", "2011-02-28": "$5,425", "2010-11-30": "$5,192", "2010-08-31": "$5,085", "2010-05-31": "$5,179", "2010-02-28": "$5,171", "2009-11-30": "$4,891", "2009-08-31": "$4,695", "2009-05-31": "$4,801", "2009-02-28": "$4,611", "2008-11-30": "$4,410", "2008-08-31": "$4,371", "2008-05-31": "$4,041", "2008-02-29": "$3,814", "2007-11-30": "$4,650", "2007-08-31": "$4,733", "2007-05-31": "$5,196", "2007-02-28": "$5,108", "2006-11-30": "$5,152", "2006-08-31": "$4,914", "2006-05-31": "$4,769", "2006-02-28": "$5,077", "2005-11-30": "$1,864", "2005-08-31": "$2,080", "2005-05-31": "$1,870", "2005-02-28": "$1,625"}}, "profit-margins": {"current": "40.88%"}, "gross margin": {"2020-11-30": "86.62%", "2020-08-31": "85.95%", "2020-05-31": "85.59%", "2020-02-29": "85.18%", "2019-11-30": "85.02%", "2019-08-31": "85.16%", "2019-05-31": "85.56%", "2019-02-28": "86.04%", "2018-11-30": "86.77%", "2018-08-31": "87.10%", "2018-05-31": "86.78%", "2018-02-28": "86.60%", "2017-11-30": "86.15%", "2017-08-31": "86.15%", "2017-05-31": "86.27%", "2017-02-28": "86.04%", "2016-11-30": "86.01%", "2016-08-31": "85.52%", "2016-05-31": "85.07%", "2016-02-29": "84.71%", "2015-11-30": "84.48%", "2015-08-31": "84.57%", "2015-05-31": "84.59%", "2015-02-28": "84.96%", "2014-11-30": "85.02%", "2014-08-31": "85.22%", "2014-05-31": "85.43%", "2014-02-28": "85.70%", "2013-11-30": "85.50%", "2013-08-31": "86.44%", "2013-05-31": "87.35%", "2013-02-28": "87.81%", "2012-11-30": "89.03%", "2012-08-31": "89.23%", "2012-05-31": "89.43%", "2012-02-29": "89.68%", "2011-11-30": "89.63%", "2011-08-31": "89.49%", "2011-05-31": "89.55%", "2011-02-28": "89.37%", "2010-11-30": "89.37%", "2010-08-31": "89.32%", "2010-05-31": "89.38%", "2010-02-28": "89.73%", "2009-11-30": "89.92%", "2009-08-31": "90.30%", "2009-05-31": "89.49%", "2009-02-28": "89.73%", "2008-11-30": "89.89%", "2008-08-31": "89.54%", "2008-05-31": "89.94%", "2008-02-29": "89.26%", "2007-11-30": "88.76%", "2007-08-31": "88.53%", "2007-05-31": "88.35%", "2007-02-28": "88.90%", "2006-11-30": "88.73%", "2006-08-31": "89.97%", "2006-05-31": "91.30%", "2006-02-28": "92.50%", "2005-11-30": "94.35%"}, "operating margin": {"2020-11-30": "32.93%", "2020-08-31": "32.09%", "2020-05-31": "31.35%", "2020-02-29": "30.10%", "2019-11-30": "29.25%", "2019-08-31": "28.36%", "2019-05-31": "28.55%", "2019-02-28": "29.65%", "2018-11-30": "31.45%", "2018-08-31": "32.30%", "2018-05-31": "31.96%", "2018-02-28": "31.20%", "2017-11-30": "29.69%", "2017-08-31": "28.84%", "2017-05-31": "27.80%", "2017-02-28": "26.88%", "2016-11-30": "25.50%", "2016-08-31": "23.61%", "2016-05-31": "22.39%", "2016-02-29": "20.48%", "2015-11-30": "18.83%", "2015-08-31": "16.18%", "2015-05-31": "13.01%", "2015-02-28": "11.92%", "2014-11-30": "9.96%", "2014-08-31": "9.50%", "2014-05-31": "10.40%", "2014-02-28": "9.96%", "2013-11-30": "10.40%", "2013-08-31": "15.05%", "2013-05-31": "18.69%", "2013-02-28": "22.65%", "2012-11-30": "26.80%", "2012-08-31": "25.40%", "2012-05-31": "25.70%", "2012-02-29": "25.66%", "2011-11-30": "26.07%", "2011-08-31": "28.00%", "2011-05-31": "28.85%", "2011-02-28": "28.17%", "2010-11-30": "26.13%", "2010-08-31": "24.23%", "2010-05-31": "22.29%", "2010-02-28": "21.86%", "2009-11-30": "23.46%", "2009-08-31": "26.10%", "2009-05-31": "26.15%", "2009-02-28": "27.63%", "2008-11-30": "28.70%", "2008-08-31": "28.81%", "2008-05-31": "30.11%", "2008-02-29": "29.01%", "2007-11-30": "27.14%", "2007-08-31": "25.40%", "2007-05-31": "22.36%", "2007-02-28": "22.08%", "2006-11-30": "21.41%", "2006-08-31": "24.15%", "2006-05-31": "28.60%", "2006-02-28": "32.03%", "2005-11-30": "37.08%"}, "ebitda margin": {"2020-11-30": "38.81%", "2020-08-31": "38.19%", "2020-05-31": "37.66%", "2020-02-29": "36.61%", "2019-11-30": "36.03%", "2019-08-31": "34.68%", "2019-05-31": "34.15%", "2019-02-28": "34.41%", "2018-11-30": "35.27%", "2018-08-31": "36.05%", "2018-05-31": "35.87%", "2018-02-28": "35.38%", "2017-11-30": "34.17%", "2017-08-31": "33.58%", "2017-05-31": "32.84%", "2017-02-28": "32.28%", "2016-11-30": "31.18%", "2016-08-31": "29.68%", "2016-05-31": "28.82%", "2016-02-29": "27.22%", "2015-11-30": "25.94%", "2015-08-31": "23.45%", "2015-05-31": "20.46%", "2015-02-28": "19.34%", "2014-11-30": "17.51%", "2014-08-31": "17.18%", "2014-05-31": "18.17%", "2014-02-28": "17.91%", "2013-11-30": "18.34%", "2013-08-31": "22.70%", "2013-05-31": "25.98%", "2013-02-28": "29.66%", "2012-11-30": "33.59%", "2012-08-31": "32.08%", "2012-05-31": "32.26%", "2012-02-29": "32.10%", "2011-11-30": "32.47%", "2011-08-31": "34.70%", "2011-05-31": "35.81%", "2011-02-28": "35.50%", "2010-11-30": "33.82%", "2010-08-31": "32.71%", "2010-05-31": "31.26%", "2010-02-28": "31.20%", "2009-11-30": "33.06%", "2009-08-31": "34.66%", "2009-05-31": "34.25%", "2009-02-28": "35.42%", "2008-11-30": "36.30%", "2008-08-31": "36.70%", "2008-05-31": "38.56%", "2008-02-29": "38.33%", "2007-11-30": "37.14%", "2007-08-31": "36.12%", "2007-05-31": "33.82%", "2007-02-28": "33.76%", "2006-11-30": "33.41%", "2006-08-31": "35.30%", "2006-05-31": "37.78%", "2006-02-28": "38.78%", "2005-11-30": "41.25%"}, "pre tax profit margin": {"2020-11-30": "32.45%", "2020-08-31": "31.65%", "2020-05-31": "30.81%", "2020-02-29": "29.35%", "2019-11-30": "28.69%", "2019-08-31": "27.69%", "2019-05-31": "27.85%", "2019-02-28": "29.24%", "2018-11-30": "30.94%", "2018-08-31": "31.94%", "2018-05-31": "31.74%", "2018-02-28": "30.91%", "2017-11-30": "29.28%", "2017-08-31": "28.28%", "2017-05-31": "27.08%", "2017-02-28": "26.07%", "2016-11-30": "24.51%", "2016-08-31": "22.96%", "2016-05-31": "21.71%", "2016-02-29": "19.79%", "2015-11-30": "18.23%", "2015-08-31": "15.10%", "2015-05-31": "11.93%", "2015-02-28": "10.79%", "2014-11-30": "8.71%", "2014-08-31": "8.19%", "2014-05-31": "8.94%", "2014-02-28": "8.33%", "2013-11-30": "8.75%", "2013-08-31": "13.39%", "2013-05-31": "17.12%", "2013-02-28": "21.35%", "2012-11-30": "25.41%", "2012-08-31": "24.10%", "2012-05-31": "24.34%", "2012-02-29": "24.07%", "2011-11-30": "24.55%", "2011-08-31": "26.72%", "2011-05-31": "27.86%", "2011-02-28": "26.78%", "2010-11-30": "24.82%", "2010-08-31": "23.02%", "2010-05-31": "21.31%", "2010-02-28": "21.99%", "2009-11-30": "23.79%", "2009-08-31": "26.32%", "2009-05-31": "26.48%", "2009-02-28": "28.37%", "2008-11-30": "30.15%", "2008-08-31": "30.60%", "2008-05-31": "32.26%", "2008-02-29": "31.45%", "2007-11-30": "29.99%", "2007-08-31": "30.86%", "2007-05-31": "28.00%", "2007-02-28": "27.61%", "2006-11-30": "26.38%", "2006-08-31": "26.56%", "2006-05-31": "31.00%", "2006-02-28": "34.12%", "2005-11-30": "38.96%"}, "net profit margin": {"2020-11-30": "40.88%", "2020-08-31": "31.05%", "2020-05-31": "30.71%", "2020-02-29": "27.72%", "2019-11-30": "26.42%", "2019-08-31": "26.10%", "2019-05-31": "26.24%", "2019-02-28": "28.07%", "2018-11-30": "28.68%", "2018-08-31": "28.16%", "2018-05-31": "26.69%", "2018-02-28": "24.41%", "2017-11-30": "23.20%", "2017-08-31": "23.06%", "2017-05-31": "22.11%", "2017-02-28": "21.34%", "2016-11-30": "19.97%", "2016-08-31": "17.87%", "2016-05-31": "16.87%", "2016-02-29": "15.74%", "2015-11-30": "13.12%", "2015-08-31": "10.83%", "2015-05-31": "8.39%", "2015-02-28": "7.22%", "2014-11-30": "6.49%", "2014-08-31": "5.98%", "2014-05-31": "6.92%", "2014-02-28": "6.72%", "2013-11-30": "7.15%", "2013-08-31": "10.73%", "2013-05-31": "13.28%", "2013-02-28": "16.31%", "2012-11-30": "18.90%", "2012-08-31": "17.81%", "2012-05-31": "17.95%", "2012-02-29": "18.50%", "2011-11-30": "19.76%", "2011-08-31": "22.79%", "2011-05-31": "23.78%", "2011-02-28": "22.25%", "2010-11-30": "20.39%", "2010-08-31": "13.36%", "2010-05-31": "11.67%", "2010-02-28": "11.83%", "2009-11-30": "13.10%", "2009-08-31": "21.39%", "2009-05-31": "21.86%", "2009-02-28": "23.28%", "2008-11-30": "24.36%", "2008-08-31": "23.72%", "2008-05-31": "24.32%", "2008-02-29": "23.51%", "2007-11-30": "22.93%", "2007-08-31": "23.39%", "2007-05-31": "21.43%", "2007-02-28": "21.18%", "2006-11-30": "19.62%", "2006-08-31": "19.90%", "2006-05-31": "23.13%", "2006-02-28": "25.88%", "2005-11-30": "30.67%"}, "pe ratio": {"current": "57.56", "2021-02-05": "45.40", "2020-11-30": "44.14", "2020-08-31": "64.66", "2020-05-31": "51.00", "2020-02-29": "52.29", "2019-11-30": "51.59", "2019-08-31": "50.53", "2019-05-31": "50.54", "2019-02-28": "48.61", "2018-11-30": "48.16", "2018-08-31": "54.44", "2018-05-31": "57.44", "2018-02-28": "55.62", "2017-11-30": "53.53", "2017-08-31": "48.64", "2017-05-31": "49.09", "2017-02-28": "45.17", "2016-11-30": "44.31", "2016-08-31": "52.20", "2016-05-31": "56.52", "2016-02-29": "54.24", "2015-11-30": "73.76", "2015-08-31": "83.59", "2015-05-31": "114.62", "2015-02-28": "138.77", "2014-11-30": "150.37", "2014-08-31": "149.79", "2014-05-31": "117.35", "2014-02-28": "129.49", "2013-11-30": "99.61", "2013-08-31": "51.99", "2013-05-31": "38.31", "2013-02-28": "27.68", "2012-11-30": "20.85", "2012-08-31": "19.92", "2012-05-31": "19.90", "2012-02-29": "21.08", "2011-11-30": "16.62", "2011-08-31": "13.79", "2011-05-31": "18.42", "2011-02-28": "20.18", "2010-11-30": "18.66", "2010-08-31": "30.78", "2010-05-31": "44.56", "2010-02-28": "50.96", "2009-11-30": "47.41", "2009-08-31": "24.94", "2009-05-31": "20.87", "2009-02-28": "11.06", "2008-11-30": "14.57", "2008-08-31": "28.36", "2008-05-31": "29.18", "2008-02-29": "24.74", "2007-11-30": "34.54", "2007-08-31": "37.50", "2007-05-31": "46.38", "2007-02-28": "43.61", "2006-11-30": "48.39"}, "price sales": {"2021-02-05": "18.58", "2020-11-30": "18.06", "2020-08-31": "20.12", "2020-05-31": "15.69", "2020-02-29": "14.52", "2019-11-30": "13.64", "2019-08-31": "13.19", "2019-05-31": "13.28", "2019-02-28": "13.65", "2018-11-30": "13.84", "2018-08-31": "15.33", "2018-05-31": "15.34", "2018-02-28": "13.59", "2017-11-30": "12.44", "2017-08-31": "11.27", "2017-05-31": "10.92", "2017-02-28": "9.68", "2016-11-30": "8.86", "2016-08-31": "9.31", "2016-05-31": "9.48", "2016-02-29": "8.50", "2015-11-30": "9.66", "2015-08-31": "8.73", "2015-05-31": "9.22", "2015-02-28": "9.43", "2014-11-30": "9.02", "2014-08-31": "8.89", "2014-05-31": "8.03", "2014-02-28": "8.68", "2013-11-30": "7.17", "2013-08-31": "5.59", "2013-05-31": "5.10", "2013-02-28": "4.53", "2012-11-30": "3.94", "2012-08-31": "3.56", "2012-05-31": "3.59", "2012-02-29": "3.90", "2011-11-30": "3.28", "2011-08-31": "3.16", "2011-05-31": "4.42", "2011-02-28": "4.55", "2010-11-30": "3.87", "2010-08-31": "4.13", "2010-05-31": "5.24", "2010-02-28": "6.09", "2009-11-30": "6.31", "2009-08-31": "5.41", "2009-05-31": "4.60", "2009-02-28": "2.60", "2008-11-30": "3.56", "2008-08-31": "6.74", "2008-05-31": "7.17", "2008-02-29": "5.86", "2007-11-30": "8.01", "2007-08-31": "8.81", "2007-05-31": "9.95", "2007-02-28": "9.29", "2006-11-30": "9.55"}, "price book": {"current": "17.80", "2021-02-05": "17.77", "2020-11-30": "17.28", "2020-08-31": "21.04", "2020-05-31": "17.05", "2020-02-29": "15.93", "2019-11-30": "14.20", "2019-08-31": "13.47", "2019-05-31": "13.26", "2019-02-28": "12.99", "2018-11-30": "13.07", "2018-08-31": "14.54", "2018-05-31": "14.04", "2018-02-28": "11.94", "2017-11-30": "10.54", "2017-08-31": "9.36", "2017-05-31": "8.97", "2017-02-28": "7.72", "2016-11-30": "6.84", "2016-08-31": "6.99", "2016-05-31": "6.85", "2016-02-29": "6.02", "2015-11-30": "6.50", "2015-08-31": "5.73", "2015-05-31": "5.96", "2015-02-28": "6.00", "2014-11-30": "5.41", "2014-08-31": "5.33", "2014-05-31": "4.84", "2014-02-28": "5.18", "2013-11-30": "4.19", "2013-08-31": "3.36", "2013-05-31": "3.12", "2013-02-28": "2.89", "2012-11-30": "2.57", "2012-08-31": "2.40", "2012-05-31": "2.51", "2012-02-29": "2.72", "2011-11-30": "2.33", "2011-08-31": "2.24", "2011-05-31": "3.17", "2011-02-28": "3.21", "2010-11-30": "2.69", "2010-08-31": "2.79", "2010-05-31": "3.25", "2010-02-28": "3.52", "2009-11-30": "3.75", "2009-08-31": "3.51", "2009-05-31": "3.08", "2009-02-28": "1.90", "2008-11-30": "2.76", "2008-08-31": "5.21", "2008-05-31": "5.78", "2008-02-29": "4.77", "2007-11-30": "5.18", "2007-08-31": "5.20", "2007-05-31": "4.99", "2007-02-28": "4.52", "2006-11-30": "4.58", "2006-08-31": "3.85", "2006-05-31": "3.48", "2006-02-28": "4.55"}, "price fcf": {"2021-02-05": "", "2020-11-30": "$10.94", "2020-08-31": "$10.08", "2020-05-31": "$9.08", "2020-02-29": "$8.79", "2019-11-30": "$8.19", "2019-08-31": "$7.68", "2019-05-31": "$7.78", "2019-02-28": "$7.68", "2018-11-30": "$7.55", "2018-08-31": "$7.05", "2018-05-31": "$6.54", "2018-02-28": "$5.85", "2017-11-30": "$5.46", "2017-08-31": "$5.15", "2017-05-31": "$4.78", "2017-02-28": "$4.46", "2016-11-30": "$3.96", "2016-08-31": "$3.56", "2016-05-31": "$3.25", "2016-02-29": "$3.25", "2015-11-30": "$2.65", "2015-08-31": "$2.48", "2015-05-31": "$2.28", "2015-02-28": "$2.09", "2014-11-30": "$2.24", "2014-08-31": "$2.12", "2014-05-31": "$2.03", "2014-02-28": "$1.85", "2013-11-30": "$1.92", "2013-08-31": "$2.10", "2013-05-31": "$2.15", "2013-02-28": "$2.43", "2012-11-30": "$2.44", "2012-08-31": "$2.49", "2012-05-31": "$2.66", "2012-02-29": "$2.59", "2011-11-30": "$2.65", "2011-08-31": "$2.31", "2011-05-31": "$2.32", "2011-02-28": "$2.00", "2010-11-30": "$1.86", "2010-08-31": "$1.79", "2010-05-31": "$1.56", "2010-02-28": "$1.66", "2009-11-30": "$1.88", "2009-08-31": "$2.02", "2009-05-31": "$2.01", "2009-02-28": "$2.14", "2008-11-30": "$2.13", "2008-08-31": "$2.19", "2008-05-31": "$2.54", "2008-02-29": "$2.47", "2007-11-30": "$2.19", "2007-08-31": "$1.97", "2007-05-31": "$1.61", "2007-02-28": "$1.44", "2006-11-30": "$1.33"}, "net worth": {"value": "$236.08B"}, "current ratio": {"current": "1.48", "2020-11-30": "1.48", "2020-08-31": "1.44", "2020-05-31": "1.29", "2020-02-29": "1.24", "2019-11-30": "0.79", "2019-08-31": "0.74", "2019-05-31": "0.70", "2019-02-28": "0.97", "2018-11-30": "1.13", "2018-08-31": "1.66", "2018-05-31": "2.08", "2018-02-28": "2.12", "2017-11-30": "2.06", "2017-08-31": "2.05", "2017-05-31": "1.99", "2017-02-28": "1.95", "2016-11-30": "2.08", "2016-08-31": "2.16", "2016-05-31": "2.20", "2016-02-29": "2.21", "2015-11-30": "2.18", "2015-08-31": "2.20", "2015-05-31": "2.16", "2015-02-28": "2.22", "2014-11-30": "1.85", "2014-08-31": "1.91", "2014-05-31": "1.86", "2014-02-28": "1.87", "2013-11-30": "2.65", "2013-08-31": "2.92", "2013-05-31": "3.60", "2013-02-28": "3.46", "2012-11-30": "3.46", "2012-08-31": "3.43", "2012-05-31": "3.03", "2012-02-29": "3.14", "2011-11-30": "3.02", "2011-08-31": "3.36", "2011-05-31": "3.23", "2011-02-28": "3.40", "2010-11-30": "3.01", "2010-08-31": "3.35", "2010-05-31": "3.38", "2010-02-28": "3.53", "2009-11-30": "2.93", "2009-08-31": "4.87", "2009-05-31": "5.03", "2009-02-28": "4.51", "2008-11-30": "3.59", "2008-08-31": "3.80", "2008-05-31": "3.54", "2008-02-29": "3.33", "2007-11-30": "3.02", "2007-08-31": "3.10", "2007-05-31": "3.79", "2007-02-28": "4.36", "2006-11-30": "4.26", "2006-08-31": "4.48", "2006-05-31": "4.06", "2006-02-28": "4.54", "2005-11-30": "4.18", "2005-08-31": "4.55", "2005-05-31": "3.86", "2005-02-28": "3.51"}, "quick ratio": {"2020-11-30": "0.00", "2020-08-31": "0.00", "2020-05-31": "0.00", "2020-02-29": "0.00", "2019-11-30": "0.00", "2019-08-31": "0.00", "2019-05-31": "0.00", "2019-02-28": "0.00", "2018-11-30": "0.00", "2018-08-31": "0.00", "2018-05-31": "0.00", "2018-02-28": "0.00", "2017-11-30": "0.00", "2017-08-31": "0.00", "2017-05-31": "0.00", "2017-02-28": "0.00", "2016-11-30": "0.00", "2016-08-31": "0.00", "2016-05-31": "0.00", "2016-02-29": "0.00", "2015-11-30": "0.00", "2015-08-31": "0.00", "2015-05-31": "0.00", "2015-02-28": "0.00", "2014-11-30": "0.00", "2014-08-31": "0.00", "2014-05-31": "0.00", "2014-02-28": "0.00", "2013-11-30": "0.00", "2013-08-31": "0.00", "2013-05-31": "0.00", "2013-02-28": "0.00", "2012-11-30": "0.00", "2012-08-31": "0.00", "2012-05-31": "0.00", "2012-02-29": "0.00", "2011-11-30": "0.00", "2011-08-31": "0.00", "2011-05-31": "0.00", "2011-02-28": "0.00", "2010-11-30": "0.00", "2010-08-31": "0.00", "2010-05-31": "0.00", "2010-02-28": "0.00", "2009-11-30": "0.00", "2009-08-31": "0.00", "2009-05-31": "0.00", "2009-02-28": "0.00", "2008-11-30": "0.00", "2008-08-31": "0.00", "2008-05-31": "0.00", "2008-02-29": "0.00", "2007-11-30": "0.00", "2007-08-31": "0.00", "2007-05-31": "0.00", "2007-02-28": "0.00", "2006-11-30": "0.00", "2006-08-31": "0.00", "2006-05-31": "0.00", "2006-02-28": "0.00", "2005-11-30": "0.00", "2005-08-31": "0.00", "2005-05-31": "0.00", "2005-02-28": "0.00"}, "debt equity ratio": {"current": "0.31", "2020-11-30": "0.83", "2020-08-31": "0.91", "2020-05-31": "0.99", "2020-02-29": "1.03", "2019-11-30": "0.97", "2019-08-31": "0.96", "2019-05-31": "0.98", "2019-02-28": "0.98", "2018-11-30": "1.01", "2018-08-31": "0.74", "2018-05-31": "0.74", "2018-02-28": "0.73", "2017-11-30": "0.72", "2017-08-31": "0.70", "2017-05-31": "0.71", "2017-02-28": "0.72", "2016-11-30": "0.71", "2016-08-31": "0.70", "2016-05-31": "0.69", "2016-02-29": "0.68", "2015-11-30": "0.68", "2015-08-31": "0.68", "2015-05-31": "0.69", "2015-02-28": "0.67", "2014-11-30": "0.59", "2014-08-31": "0.56", "2014-05-31": "0.56", "2014-02-28": "0.55", "2013-11-30": "0.54", "2013-08-31": "0.50", "2013-05-31": "0.48", "2013-02-28": "0.49", "2012-11-30": "0.51", "2012-08-31": "0.50", "2012-05-31": "0.54", "2012-02-29": "0.53", "2011-11-30": "0.56", "2011-08-31": "0.53", "2011-05-31": "0.55", "2011-02-28": "0.53", "2010-11-30": "0.57", "2010-08-31": "0.56", "2010-05-31": "0.55", "2010-02-28": "0.54", "2009-11-30": "0.49", "2009-08-31": "0.27", "2009-05-31": "0.26", "2009-02-28": "0.28", "2008-11-30": "0.32", "2008-08-31": "0.29", "2008-05-31": "0.35", "2008-02-29": "0.40", "2007-11-30": "0.23", "2007-08-31": "0.20", "2007-05-31": "0.18", "2007-02-28": "0.16", "2006-11-30": "0.16", "2006-08-31": "0.14", "2006-05-31": "0.15", "2006-02-28": "0.14", "2005-11-30": "0.31", "2005-08-31": "0.25", "2005-05-31": "0.30", "2005-02-28": "0.31"}, "return on equity": {"2020-11-30": "45.42%", "2020-08-31": "35.43%", "2020-05-31": "35.13%", "2020-02-29": "31.40%", "2019-11-30": "29.09%", "2019-08-31": "28.20%", "2019-05-31": "27.89%", "2019-02-28": "29.14%", "2018-11-30": "29.13%", "2018-08-31": "27.86%", "2018-05-31": "25.53%", "2018-02-28": "22.73%", "2017-11-30": "21.16%", "2017-08-31": "20.55%", "2017-05-31": "19.18%", "2017-02-28": "17.78%", "2016-11-30": "16.11%", "2016-08-31": "13.87%", "2016-05-31": "12.71%", "2016-02-29": "11.59%", "2015-11-30": "9.30%", "2015-08-31": "7.37%", "2015-05-31": "5.47%", "2015-02-28": "4.59%", "2014-11-30": "4.02%", "2014-08-31": "3.68%", "2014-05-31": "4.24%", "2014-02-28": "4.02%", "2013-11-30": "4.25%", "2013-08-31": "6.57%", "2013-05-31": "8.42%", "2013-02-28": "10.95%", "2012-11-30": "13.21%", "2012-08-31": "12.90%", "2012-05-31": "13.28%", "2012-02-29": "13.78%", "2011-11-30": "15.04%", "2011-08-31": "17.21%", "2011-05-31": "18.26%", "2011-02-28": "16.91%", "2010-11-30": "15.03%", "2010-08-31": "9.33%", "2010-05-31": "7.62%", "2010-02-28": "7.30%", "2009-11-30": "8.13%", "2009-08-31": "14.34%", "2009-05-31": "15.83%", "2009-02-28": "18.56%", "2008-11-30": "20.97%", "2008-08-31": "20.10%", "2008-05-31": "19.98%", "2008-02-29": "17.38%", "2007-11-30": "14.71%", "2007-08-31": "13.57%", "2007-05-31": "11.27%", "2007-02-28": "10.91%", "2006-11-30": "10.14%", "2006-08-31": "11.50%", "2006-05-31": "15.34%", "2006-02-28": "20.42%", "2005-11-30": "32.42%"}, "return on assets": {"2020-11-30": "23.50%", "2020-08-31": "17.96%", "2020-05-31": "17.69%", "2020-02-29": "15.82%", "2019-11-30": "14.76%", "2019-08-31": "14.25%", "2019-05-31": "14.46%", "2019-02-28": "15.58%", "2018-11-30": "16.11%", "2018-08-31": "16.08%", "2018-05-31": "14.80%", "2018-02-28": "13.24%", "2017-11-30": "12.35%", "2017-08-31": "12.01%", "2017-05-31": "11.21%", "2017-02-28": "10.44%", "2016-11-30": "9.51%", "2016-08-31": "8.23%", "2016-05-31": "7.56%", "2016-02-29": "6.89%", "2015-11-30": "5.54%", "2015-08-31": "4.44%", "2015-05-31": "3.36%", "2015-02-28": "2.88%", "2014-11-30": "2.57%", "2014-08-31": "2.37%", "2014-05-31": "2.76%", "2014-02-28": "2.64%", "2013-11-30": "2.83%", "2013-08-31": "4.39%", "2013-05-31": "5.63%", "2013-02-28": "7.26%", "2012-11-30": "8.72%", "2012-08-31": "8.45%", "2012-05-31": "8.65%", "2012-02-29": "8.96%", "2011-11-30": "9.76%", "2011-08-31": "11.15%", "2011-05-31": "11.77%", "2011-02-28": "10.90%", "2010-11-30": "9.68%", "2010-08-31": "6.08%", "2010-05-31": "5.21%", "2010-02-28": "5.24%", "2009-11-30": "6.13%", "2009-08-31": "11.19%", "2009-05-31": "12.30%", "2009-02-28": "14.19%", "2008-11-30": "15.67%", "2008-08-31": "15.31%", "2008-05-31": "15.53%", "2008-02-29": "13.98%", "2007-11-30": "12.37%", "2007-08-31": "11.58%", "2007-05-31": "9.72%", "2007-02-28": "9.47%", "2006-11-30": "8.83%", "2006-08-31": "9.87%", "2006-05-31": "12.94%", "2006-02-28": "16.76%", "2005-11-30": "25.15%"}, "return on investments": {"2020-11-30": "26.99%", "2020-08-31": "28.05%", "2020-05-31": "28.87%", "2020-02-29": "29.10%", "2019-11-30": "27.94%", "2019-08-31": "24.77%", "2019-05-31": "23.91%", "2019-02-28": "23.64%", "2018-11-30": "25.07%", "2018-08-31": "26.27%", "2018-05-31": "25.03%", "2018-02-28": "23.66%", "2017-11-30": "21.92%", "2017-08-31": "20.66%", "2017-05-31": "19.26%", "2017-02-28": "17.81%", "2016-11-30": "16.28%", "2016-08-31": "14.46%", "2016-05-31": "13.27%", "2016-02-29": "11.81%", "2015-11-30": "10.42%", "2015-08-31": "8.83%", "2015-05-31": "7.00%", "2015-02-28": "6.47%", "2014-11-30": "5.44%", "2014-08-31": "5.06%", "2014-05-31": "5.40%", "2014-02-28": "4.96%", "2013-11-30": "5.07%", "2013-08-31": "7.54%", "2013-05-31": "9.68%", "2013-02-28": "12.36%", "2012-11-30": "15.13%", "2012-08-31": "14.75%", "2012-05-31": "15.13%", "2012-02-29": "15.11%", "2011-11-30": "15.59%", "2011-08-31": "16.51%", "2011-05-31": "17.21%", "2011-02-28": "16.61%", "2010-11-30": "14.91%", "2010-08-31": "13.32%", "2010-05-31": "11.96%", "2010-02-28": "11.60%", "2009-11-30": "13.13%", "2009-08-31": "16.27%", "2009-05-31": "17.58%", "2009-02-28": "20.39%", "2008-11-30": "22.65%", "2008-08-31": "30.80%", "2008-05-31": "49.27%", "2008-02-29": "92.50%", "2007-11-30": "inf%", "2007-08-31": "inf%", "2007-05-31": "inf%", "2007-02-28": "inf%", "2006-11-30": "inf%", "2006-08-31": "inf%", "2006-05-31": "inf%", "2006-02-28": "inf%", "2005-11-30": "inf%"}, "return on tangible equity": {"2020-11-30": "-838.58%", "2020-08-31": "-278.07%", "2020-05-31": "-201.47%", "2020-02-29": "-148.97%", "2019-11-30": "-121.95%", "2019-08-31": "-100.24%", "2019-05-31": "-136.51%", "2019-02-28": "-424.88%", "2018-11-30": "374.68%", "2018-08-31": "116.25%", "2018-05-31": "94.48%", "2018-02-28": "91.89%", "2017-11-30": "95.58%", "2017-08-31": "98.88%", "2017-05-31": "97.80%", "2017-02-28": "92.94%", "2016-11-30": "85.34%", "2016-08-31": "79.36%", "2016-05-31": "79.71%", "2016-02-29": "83.58%", "2015-11-30": "78.40%", "2015-08-31": "53.87%", "2015-05-31": "34.11%", "2015-02-28": "24.69%", "2014-11-30": "18.99%", "2014-08-31": "18.12%", "2014-05-31": "21.12%", "2014-02-28": "17.55%", "2013-11-30": "16.70%", "2013-08-31": "23.57%", "2013-05-31": "28.69%", "2013-02-28": "40.10%", "2012-11-30": "52.75%", "2012-08-31": "54.92%", "2012-05-31": "57.85%", "2012-02-29": "59.39%", "2011-11-30": "62.21%", "2011-08-31": "74.39%", "2011-05-31": "80.79%", "2011-02-28": "74.53%", "2010-11-30": "66.85%", "2010-08-31": "42.28%", "2010-05-31": "26.42%", "2010-02-28": "20.32%", "2009-11-30": "18.98%", "2009-08-31": "28.48%", "2009-05-31": "32.48%", "2009-02-28": "40.75%", "2008-11-30": "50.14%", "2008-08-31": "48.25%", "2008-05-31": "47.96%", "2008-02-29": "39.16%", "2007-11-30": "30.95%", "2007-08-31": "28.19%", "2007-05-31": "23.42%", "2007-02-28": "23.49%", "2006-11-30": "22.29%", "2006-08-31": "23.05%", "2006-05-31": "26.40%", "2006-02-28": "28.82%", "2005-11-30": "34.98%"}, "dividend yield history": {"last payout": "$0.00", "last yield": "0.00%"}}