{"ticker": "ADP", "price": {"title": "ADP Historical Annual Stock Price Data", "value": 166.8, "historical": {"2021": {"Average Stock Price": "166.1443", "Year Open": "168.9600", "Year High": "171.0500", "Year Low": "161.0300", "Year Close": "166.8000", "Annual % Change": "-5.33%"}, "2020": {"Average Stock Price": "152.1456", "Year Open": "170.3200", "Year High": "181.2500", "Year Low": "109.0700", "Year Close": "176.2000", "Annual % Change": "3.34%"}, "2019": {"Average Stock Price": "159.7742", "Year Open": "130.1400", "Year High": "173.2700", "Year Low": "126.2100", "Year Close": "170.5000", "Annual % Change": "30.03%"}, "2018": {"Average Stock Price": "131.5921", "Year Open": "115.9900", "Year High": "151.7700", "Year Low": "108.2500", "Year Close": "131.1200", "Annual % Change": "11.89%"}, "2017": {"Average Stock Price": "106.1805", "Year Open": "103.5000", "Year High": "118.9100", "Year Low": "95.2500", "Year Close": "117.1900", "Annual % Change": "14.02%"}, "2016": {"Average Stock Price": "89.0487", "Year Open": "82.0700", "Year High": "103.4500", "Year Low": "77.3400", "Year Close": "102.7800", "Annual % Change": "21.32%"}, "2015": {"Average Stock Price": "84.3729", "Year Open": "83.2900", "Year High": "90.5300", "Year Low": "73.5200", "Year Close": "84.7200", "Annual % Change": "1.62%"}, "2014": {"Average Stock Price": "79.6871", "Year Open": "79.8600", "Year High": "86.0700", "Year Low": "71.4200", "Year Close": "83.3700", "Annual % Change": "3.18%"}, "2013": {"Average Stock Price": "69.6900", "Year Open": "58.3900", "Year High": "81.0800", "Year Low": "58.3900", "Year Close": "80.7990", "Annual % Change": "41.93%"}, "2012": {"Average Stock Price": "55.9124", "Year Open": "54.4600", "Year High": "59.5300", "Year Low": "50.9200", "Year Close": "56.9300", "Annual % Change": "5.41%"}, "2011": {"Average Stock Price": "50.8874", "Year Open": "47.0500", "Year High": "55.1100", "Year Low": "44.8100", "Year Close": "54.0100", "Annual % Change": "16.70%"}, "2010": {"Average Stock Price": "42.6484", "Year Open": "42.8300", "Year High": "46.9100", "Year Low": "38.6100", "Year Close": "46.2800", "Annual % Change": "8.08%"}, "2009": {"Average Stock Price": "38.1302", "Year Open": "40.4100", "Year High": "44.2400", "Year Low": "32.8000", "Year Close": "42.8200", "Annual % Change": "8.85%"}, "2008": {"Average Stock Price": "40.7955", "Year Open": "43.2200", "Year High": "45.8400", "Year Low": "31.0300", "Year Close": "39.3400", "Annual % Change": "-11.66%"}, "2007": {"Average Stock Price": "47.4395", "Year Open": "48.4100", "Year High": "51.2600", "Year Low": "43.9800", "Year Close": "44.5300", "Annual % Change": "-9.58%"}, "2006": {"Average Stock Price": "46.2821", "Year Open": "46.3300", "Year High": "49.7800", "Year Low": "42.6300", "Year Close": "49.2500", "Annual % Change": "7.30%"}, "2005": {"Average Stock Price": "43.9954", "Year Open": "43.8500", "Year High": "47.9500", "Year Low": "40.6900", "Year Close": "45.9000", "Annual % Change": "3.49%"}, "2004": {"Average Stock Price": "42.8188", "Year Open": "39.9600", "Year High": "46.8400", "Year Low": "38.8800", "Year Close": "44.3500", "Annual % Change": "11.97%"}, "2003": {"Average Stock Price": "35.8212", "Year Open": "40.6200", "Year High": "40.6200", "Year Low": "27.2500", "Year Close": "39.6100", "Annual % Change": "0.92%"}, "2002": {"Average Stock Price": "46.1821", "Year Open": "58.6300", "Year High": "58.6300", "Year Low": "31.6000", "Year Close": "39.2500", "Annual % Change": "-33.36%"}, "2001": {"Average Stock Price": "53.9565", "Year Open": "62.0600", "Year High": "62.0600", "Year Low": "43.9900", "Year Close": "58.9000", "Annual % Change": "-6.97%"}, "2000": {"Average Stock Price": "55.6489", "Year Open": "52.0000", "Year High": "68.8800", "Year Low": "41.8800", "Year Close": "63.3100", "Annual % Change": "17.50%"}, "1999": {"Average Stock Price": "43.2719", "Year Open": "40.5600", "Year High": "54.6900", "Year Low": "37.0000", "Year Close": "53.8800", "Annual % Change": "34.38%"}, "1998": {"Average Stock Price": "34.6982", "Year Open": "30.0000", "Year High": "41.3150", "Year Low": "29.3450", "Year Close": "40.0950", "Annual % Change": "30.65%"}, "1997": {"Average Stock Price": "23.9436", "Year Open": "21.3150", "Year High": "31.3150", "Year Low": "19.9400", "Year Close": "30.6900", "Annual % Change": "43.18%"}, "1996": {"Average Stock Price": "20.1129", "Year Open": "18.3100", "Year High": "22.8100", "Year Low": "18.1850", "Year Close": "21.4350", "Annual % Change": "15.47%"}, "1995": {"Average Stock Price": "16.4969", "Year Open": "14.6250", "Year High": "20.4700", "Year Low": "14.5625", "Year Close": "18.5625", "Annual % Change": "26.92%"}, "1994": {"Average Stock Price": "13.4647", "Year Open": "13.6575", "Year High": "14.8450", "Year Low": "12.2500", "Year Close": "14.6250", "Annual % Change": "5.88%"}, "1993": {"Average Stock Price": "12.8605", "Year Open": "12.9075", "Year High": "14.1550", "Year Low": "11.7500", "Year Close": "13.8125", "Annual % Change": "4.01%"}, "1992": {"Average Stock Price": "11.5234", "Year Open": "11.1250", "Year High": "13.7500", "Year Low": "9.8750", "Year Close": "13.2800", "Annual % Change": "16.75%"}, "1991": {"Average Stock Price": "8.4139", "Year Open": "6.8125", "Year High": "11.5000", "Year Low": "6.2500", "Year Close": "11.3750", "Annual % Change": "69.68%"}, "1990": {"Average Stock Price": "6.5162", "Year Open": "6.2350", "Year High": "7.5313", "Year Low": "5.7188", "Year Close": "6.7038", "Annual % Change": "9.45%"}, "1989": {"Average Stock Price": "5.2269", "Year Open": "4.8588", "Year High": "6.3125", "Year Low": "4.5000", "Year Close": "6.1250", "Annual % Change": "26.45%"}, "1988": {"Average Stock Price": "4.9744", "Year Open": "5.6413", "Year High": "5.8750", "Year Low": "4.3588", "Year Close": "4.8438", "Annual % Change": "-13.66%"}, "1987": {"Average Stock Price": "5.7397", "Year Open": "4.4538", "Year High": "6.7500", "Year Low": "4.0313", "Year Close": "5.6100", "Annual % Change": "27.32%"}, "1986": {"Average Stock Price": "4.2535", "Year Open": "3.6481", "Year High": "4.7888", "Year Low": "3.5075", "Year Close": "4.4063", "Annual % Change": "19.49%"}, "1985": {"Average Stock Price": "3.0475", "Year Open": "2.4219", "Year High": "3.7106", "Year Low": "2.4219", "Year Close": "3.6875", "Annual % Change": "51.28%"}, "1984": {"Average Stock Price": "2.2071", "Year Open": "2.2188", "Year High": "2.4763", "Year Low": "1.8519", "Year Close": "2.4375", "Annual % Change": "9.86%"}}}, "market cap": {"value": "$71.63B"}, "income statement": {"Revenue": {"2020-06-30": "14589.80000", "2019-06-30": "14110.20000", "2018-06-30": "13274.20000", "2017-06-30": "12372.00000", "2016-06-30": "11667.80000", "2015-06-30": "10938.50000", "2014-06-30": "10226.40000", "2013-06-30": "9442.00000", "2012-06-30": "10595.40000", "2011-06-30": "9833.00000", "2010-06-30": "8927.70000", "2009-06-30": "8838.40000", "2008-06-30": "8733.70000", "2007-06-30": "7800.00000", "2006-06-30": "6835.60000", "2005-06-30": "6131.30000"}, "Cost Of Goods Sold": {"2020-06-30": "8445.10000", "2019-06-30": "8021.60000", "2018-06-30": "7757.40000", "2017-06-30": "7244.50000", "2016-06-30": "6840.30000", "2015-06-30": "6427.60000", "2014-06-30": "6041.00000", "2013-06-30": "5574.10000", "2012-06-30": "6203.90000", "2011-06-30": "5708.40000", "2010-06-30": "5029.70000", "2009-06-30": "4822.70000", "2008-06-30": "4657.20000", "2007-06-30": "4087.30000", "2006-06-30": "3603.70000", "2005-06-30": "3165.30000"}, "Gross Profit": {"2020-06-30": "6144.70000", "2019-06-30": "6088.60100", "2018-06-30": "5516.80000", "2017-06-30": "5127.50000", "2016-06-30": "4827.50000", "2015-06-30": "4510.90000", "2014-06-30": "4185.40000", "2013-06-30": "3867.90000", "2012-06-30": "4391.50000", "2011-06-30": "4124.60000", "2010-06-30": "3898.00000", "2009-06-30": "4015.70000", "2008-06-30": "4076.50000", "2007-06-30": "3712.70000", "2006-06-30": "3231.90000", "2005-06-30": "2966.00000"}, "Research And Development Expenses": {"2020-06-30": "", "2019-06-30": "", "2018-06-30": "", "2017-06-30": "", "2016-06-30": "", "2015-06-30": "", "2014-06-30": "", "2013-06-30": "", "2012-06-30": "", "2011-06-30": "", "2010-06-30": "", "2009-06-30": "", "2008-06-30": "", "2007-06-30": "", "2006-06-30": "", "2005-06-30": ""}, "SG&A Expenses": {"2020-06-30": "3003.00000", "2019-06-30": "3064.20000", "2018-06-30": "2959.40000", "2017-06-30": "2773.80000", "2016-06-30": "2637.00000", "2015-06-30": "2496.90000", "2014-06-30": "2370.30000", "2013-06-30": "2200.40000", "2012-06-30": "2452.90000", "2011-06-30": "2314.60000", "2010-06-30": "2127.40000", "2009-06-30": "2190.30000", "2008-06-30": "2359.10000", "2007-06-30": "2206.20000", "2006-06-30": "1933.70000", "2005-06-30": "1758.60000"}, "Other Operating Income Or Expenses": {"2020-06-30": "", "2019-06-30": "", "2018-06-30": "", "2017-06-30": "", "2016-06-30": "", "2015-06-30": "", "2014-06-30": "", "2013-06-30": "", "2012-06-30": "", "2011-06-30": "", "2010-06-30": "", "2009-06-30": "", "2008-06-30": "", "2007-06-30": "", "2006-06-30": "", "2005-06-30": ""}, "Operating Expenses": {"2020-06-30": "11448.10000", "2019-06-30": "11085.80000", "2018-06-30": "10716.80000", "2017-06-30": "10018.30000", "2016-06-30": "9477.30100", "2015-06-30": "8924.50000", "2014-06-30": "8411.30000", "2013-06-30": "7817.20000", "2012-06-30": "8656.80100", "2011-06-30": "8023.00000", "2010-06-30": "7157.10000", "2009-06-30": "7013.00000", "2008-06-30": "7016.30000", "2007-06-30": "6293.50000", "2006-06-30": "5537.40000", "2005-06-30": "4923.90000"}, "Operating Income": {"2020-06-30": "3141.70000", "2019-06-30": "3024.40000", "2018-06-30": "2557.40000", "2017-06-30": "2353.69900", "2016-06-30": "2190.49900", "2015-06-30": "2014.00000", "2014-06-30": "1815.10100", "2013-06-30": "1624.80000", "2012-06-30": "1938.60000", "2011-06-30": "1810.00000", "2010-06-30": "1770.60000", "2009-06-30": "1825.40000", "2008-06-30": "1717.40000", "2007-06-30": "1506.50000", "2006-06-30": "1298.20000", "2005-06-30": "1207.40000"}, "Total Non-Operating Income/Expense": {"2020-06-30": "40.90000", "2019-06-30": "-18.80000", "2018-06-30": "-274.80000", "2017-06-30": "263.20000", "2016-06-30": "44.20000", "2015-06-30": "56.70000", "2014-06-30": "64.10000", "2013-06-30": "85.30000", "2012-06-30": "163.10000", "2011-06-30": "108.00000", "2010-06-30": "92.60000", "2009-06-30": "74.70000", "2008-06-30": "86.00000", "2007-06-30": "117.00000", "2006-06-30": "63.00000", "2005-06-30": "30.40000"}, "Pre-Tax Income": {"2020-06-30": "3182.60000", "2019-06-30": "3005.60000", "2018-06-30": "2282.60000", "2017-06-30": "2616.90000", "2016-06-30": "2234.70000", "2015-06-30": "2070.70000", "2014-06-30": "1879.20000", "2013-06-30": "1710.10000", "2012-06-30": "2101.70000", "2011-06-30": "1918.00000", "2010-06-30": "1863.20000", "2009-06-30": "1900.10000", "2008-06-30": "1803.40000", "2007-06-30": "1623.50000", "2006-06-30": "1361.20000", "2005-06-30": "1237.80000"}, "Income Taxes": {"2020-06-30": "716.10000", "2019-06-30": "712.80000", "2018-06-30": "397.70000", "2017-06-30": "829.10000", "2016-06-30": "741.30000", "2015-06-30": "694.20000", "2014-06-30": "636.60000", "2013-06-30": "587.90000", "2012-06-30": "726.50000", "2011-06-30": "673.00000", "2010-06-30": "655.90000", "2009-06-30": "575.00000", "2008-06-30": "647.70000", "2007-06-30": "602.30000", "2006-06-30": "519.30000", "2005-06-30": "457.20000"}, "Income After Taxes": {"2020-06-30": "2466.50000", "2019-06-30": "2292.80000", "2018-06-30": "1884.90000", "2017-06-30": "1787.80000", "2016-06-30": "1493.40000", "2015-06-30": "1376.50000", "2014-06-30": "1242.60000", "2013-06-30": "1122.20000", "2012-06-30": "1375.20000", "2011-06-30": "1245.00000", "2010-06-30": "1207.30000", "2009-06-30": "1325.10000", "2008-06-30": "1155.70000", "2007-06-30": "1021.20000", "2006-06-30": "841.90000", "2005-06-30": "780.60000"}, "Other Income": {"2020-06-30": "", "2019-06-30": "", "2018-06-30": "", "2017-06-30": "", "2016-06-30": "", "2015-06-30": "", "2014-06-30": "", "2013-06-30": "", "2012-06-30": "", "2011-06-30": "", "2010-06-30": "", "2009-06-30": "", "2008-06-30": "", "2007-06-30": "", "2006-06-30": "", "2005-06-30": ""}, "Income From Continuous Operations": {"2020-06-30": "2466.50000", "2019-06-30": "2292.80000", "2018-06-30": "1884.90000", "2017-06-30": "1787.80000", "2016-06-30": "1493.40000", "2015-06-30": "1376.50000", "2014-06-30": "1242.60000", "2013-06-30": "1122.20000", "2012-06-30": "1375.20000", "2011-06-30": "1245.00000", "2010-06-30": "1207.30000", "2009-06-30": "1325.10000", "2008-06-30": "1155.70000", "2007-06-30": "1021.20000", "2006-06-30": "841.90000", "2005-06-30": "780.60000"}, "Income From Discontinued Operations": {"2020-06-30": "", "2019-06-30": "", "2018-06-30": "", "2017-06-30": "", "2016-06-30": "-0.90000", "2015-06-30": "76.00000", "2014-06-30": "273.30000", "2013-06-30": "283.60000", "2012-06-30": "13.30000", "2011-06-30": "9.20000", "2010-06-30": "4.10000", "2009-06-30": "7.50000", "2008-06-30": "80.00000", "2007-06-30": "117.50000", "2006-06-30": "712.10000", "2005-06-30": "274.80000"}, "Net Income": {"2020-06-30": "2466.50000", "2019-06-30": "2292.80000", "2018-06-30": "1884.90000", "2017-06-30": "1787.80000", "2016-06-30": "1492.50000", "2015-06-30": "1452.50000", "2014-06-30": "1515.90000", "2013-06-30": "1405.80000", "2012-06-30": "1388.50000", "2011-06-30": "1254.20000", "2010-06-30": "1211.40000", "2009-06-30": "1332.60000", "2008-06-30": "1235.70000", "2007-06-30": "1138.70000", "2006-06-30": "1554.00000", "2005-06-30": "1055.40000"}, "EBITDA": {"2020-06-30": "4586.90000", "2019-06-30": "4357.50000", "2018-06-30": "3843.90000", "2017-06-30": "3543.59900", "2016-06-30": "2573.19900", "2015-06-30": "2392.20000", "2014-06-30": "2176.10100", "2013-06-30": "1955.30000", "2012-06-30": "2317.90000", "2011-06-30": "2178.20000", "2010-06-30": "2137.10000", "2009-06-30": "2191.40000", "2008-06-30": "2078.40000", "2007-06-30": "1835.80000", "2006-06-30": "1619.60000", "2005-06-30": "1553.00000"}, "EBIT": {"2020-06-30": "3141.70000", "2019-06-30": "3024.40000", "2018-06-30": "2557.40000", "2017-06-30": "2353.69900", "2016-06-30": "2190.49900", "2015-06-30": "2014.00000", "2014-06-30": "1815.10100", "2013-06-30": "1624.80000", "2012-06-30": "1938.60000", "2011-06-30": "1810.00000", "2010-06-30": "1770.60000", "2009-06-30": "1825.40000", "2008-06-30": "1717.40000", "2007-06-30": "1506.50000", "2006-06-30": "1298.20000", "2005-06-30": "1207.40000"}, "Basic Shares Outstanding": {"2020-06-30": "430.80000", "2019-06-30": "435.00000", "2018-06-30": "440.60000", "2017-06-30": "447.80000", "2016-06-30": "457.00000", "2015-06-30": "472.60000", "2014-06-30": "478.90000", "2013-06-30": "482.70000", "2012-06-30": "487.30000", "2011-06-30": "493.50000", "2010-06-30": "500.50000", "2009-06-30": "503.20000", "2008-06-30": "521.50000", "2007-06-30": "549.70000", "2006-06-30": "574.80000", "2005-06-30": "583.20000"}, "Shares Outstanding": {"2020-06-30": "432.70000", "2019-06-30": "437.60000", "2018-06-30": "443.30000", "2017-06-30": "450.30000", "2016-06-30": "459.10000", "2015-06-30": "475.80000", "2014-06-30": "483.10000", "2013-06-30": "487.10000", "2012-06-30": "492.20000", "2011-06-30": "498.30000", "2010-06-30": "503.70000", "2009-06-30": "505.80000", "2008-06-30": "527.20000", "2007-06-30": "557.90000", "2006-06-30": "580.30000", "2005-06-30": "590.00000"}, "Basic EPS": {"2020-06-30": "5.73000", "2019-06-30": "5.27000", "2018-06-30": "4.28000", "2017-06-30": "3.99000", "2016-06-30": "3.27000", "2015-06-30": "3.07000", "2014-06-30": "3.17000", "2013-06-30": "2.91000", "2012-06-30": "2.85000", "2011-06-30": "2.54000", "2010-06-30": "2.42000", "2009-06-30": "2.65000", "2008-06-30": "2.37000", "2007-06-30": "2.07000", "2006-06-30": "2.70000", "2005-06-30": "1.81000"}, "EPS - Earnings Per Share": {"2020-06-30": "5.70000", "2019-06-30": "5.24000", "2018-06-30": "4.25000", "2017-06-30": "3.97000", "2016-06-30": "3.25000", "2015-06-30": "3.05000", "2014-06-30": "3.14000", "2013-06-30": "2.89000", "2012-06-30": "2.82000", "2011-06-30": "2.52000", "2010-06-30": "2.40000", "2009-06-30": "2.63000", "2008-06-30": "2.34000", "2007-06-30": "2.04000", "2006-06-30": "2.68000", "2005-06-30": "1.79000"}}, "income statement, quarterly": {"Revenue": {"2020-12-31": "3695.70000", "2020-09-30": "3470.70000", "2020-06-30": "3376.80000", "2020-03-31": "4047.80000", "2019-12-31": "3669.50000", "2019-09-30": "3495.70000", "2019-06-30": "3479.30000", "2019-03-31": "3828.20000", "2018-12-31": "3492.40000", "2018-09-30": "3310.30000", "2018-06-30": "3262.70000", "2018-03-31": "3696.00000", "2017-12-31": "3238.30000", "2017-09-30": "3077.20000", "2017-06-30": "3057.00000", "2017-03-31": "3410.80000", "2016-12-31": "2987.30000", "2016-09-30": "2916.90000", "2016-06-30": "2898.19900", "2016-03-31": "3248.60000", "2015-12-31": "2807.00000", "2015-09-30": "2714.00000", "2015-06-30": "2694.50000", "2015-03-31": "3024.30000", "2014-12-31": "2653.60000", "2014-09-30": "2566.10000", "2014-06-30": "2545.60100", "2014-03-31": "2825.10000", "2013-12-31": "2493.70000", "2013-09-30": "2362.00000", "2013-06-30": "947.40010", "2013-03-31": "3109.30000", "2012-12-31": "2747.80000", "2012-09-30": "2637.50000", "2012-06-30": "2602.90100", "2012-03-31": "2910.90000", "2011-12-31": "2570.70000", "2011-09-30": "2510.90000", "2011-06-30": "2460.60000", "2011-03-31": "2737.30000", "2010-12-31": "2405.70000", "2010-09-30": "2229.40000", "2010-06-30": "2190.40000", "2010-03-31": "2443.20000", "2009-12-31": "2198.00000", "2009-09-30": "2096.10000", "2009-06-30": "2084.90000", "2009-03-31": "2368.70000", "2008-12-31": "2203.30000", "2008-09-30": "2181.50000", "2008-06-30": "2164.40000", "2008-03-31": "2427.20000", "2007-12-31": "2150.10000", "2007-09-30": "1992.00000", "2007-06-30": "1999.90000", "2007-03-31": "2171.00000", "2006-12-31": "1874.30000", "2006-09-30": "1754.80000", "2006-06-30": "956.50020", "2006-03-31": "1927.00000", "2005-12-31": "2030.40000", "2005-09-30": "1921.70000", "2005-06-30": "2301.84700", "2005-03-31": "2215.00000"}, "Cost Of Goods Sold": {"2020-12-31": "2122.40000", "2020-09-30": "2034.30000", "2020-06-30": "2067.10000", "2020-03-31": "2239.10000", "2019-12-31": "2094.10000", "2019-09-30": "2044.80000", "2019-06-30": "2001.20000", "2019-03-31": "2092.60000", "2018-12-31": "2000.20000", "2018-09-30": "1927.60000", "2018-06-30": "1888.70000", "2018-03-31": "2079.30000", "2017-12-31": "1937.90000", "2017-09-30": "1851.50000", "2017-06-30": "1822.10000", "2017-03-31": "1911.00000", "2016-12-31": "1767.80000", "2016-09-30": "1743.60000", "2016-06-30": "1698.60000", "2016-03-31": "1812.70000", "2015-12-31": "1682.50000", "2015-09-30": "1646.50000", "2015-06-30": "1601.70000", "2015-03-31": "1684.30000", "2014-12-31": "1583.30000", "2014-09-30": "1558.30000", "2014-06-30": "1535.90000", "2014-03-31": "1585.70000", "2013-12-31": "1478.60000", "2013-09-30": "1440.80000", "2013-06-30": "620.10010", "2013-03-31": "1743.20000", "2012-12-31": "1624.30000", "2012-09-30": "1586.50000", "2012-06-30": "1571.60000", "2012-03-31": "1618.20000", "2011-12-31": "1513.70000", "2011-09-30": "1500.40000", "2011-06-30": "1495.60000", "2011-03-31": "1520.60000", "2010-12-31": "1380.30000", "2010-09-30": "1311.90000", "2010-06-30": "1282.30000", "2010-03-31": "1330.70000", "2009-12-31": "1227.20000", "2009-09-30": "1189.50000", "2009-06-30": "1183.80000", "2009-03-31": "1214.70000", "2008-12-31": "1187.50000", "2008-09-30": "1236.70000", "2008-06-30": "1172.50000", "2008-03-31": "1224.40000", "2007-12-31": "1168.20000", "2007-09-30": "1092.10000", "2007-06-30": "1060.80000", "2007-03-31": "1067.10000", "2006-12-31": "991.80000", "2006-09-30": "967.60000", "2006-06-30": "377.00010", "2006-03-31": "944.60000", "2005-12-31": "1144.60000", "2005-09-30": "1137.50000", "2005-06-30": "1365.69500", "2005-03-31": "1221.60000"}, "Gross Profit": {"2020-12-31": "1573.30000", "2020-09-30": "1436.40000", "2020-06-30": "1309.70000", "2020-03-31": "1808.70000", "2019-12-31": "1575.40000", "2019-09-30": "1450.90000", "2019-06-30": "1478.10000", "2019-03-31": "1735.60000", "2018-12-31": "1492.20000", "2018-09-30": "1382.70000", "2018-06-30": "1374.00000", "2018-03-31": "1616.70000", "2017-12-31": "1300.40000", "2017-09-30": "1225.70000", "2017-06-30": "1234.90000", "2017-03-31": "1499.80000", "2016-12-31": "1219.50000", "2016-09-30": "1173.30000", "2016-06-30": "1199.59900", "2016-03-31": "1435.90000", "2015-12-31": "1124.50000", "2015-09-30": "1067.50000", "2015-06-30": "1092.80000", "2015-03-31": "1340.00000", "2014-12-31": "1070.30000", "2014-09-30": "1007.80000", "2014-06-30": "1009.70100", "2014-03-31": "1239.40000", "2013-12-31": "1015.10000", "2013-09-30": "921.20000", "2013-06-30": "327.30000", "2013-03-31": "1366.10000", "2012-12-31": "1123.50000", "2012-09-30": "1051.00000", "2012-06-30": "1031.30100", "2012-03-31": "1292.70000", "2011-12-31": "1057.00000", "2011-09-30": "1010.50000", "2011-06-30": "965.00020", "2011-03-31": "1216.70000", "2010-12-31": "1025.40000", "2010-09-30": "917.50000", "2010-06-30": "908.10010", "2010-03-31": "1112.50000", "2009-12-31": "970.79990", "2009-09-30": "906.60010", "2009-06-30": "901.10010", "2009-03-31": "1154.00000", "2008-12-31": "1015.80000", "2008-09-30": "944.80000", "2008-06-30": "991.90000", "2008-03-31": "1202.80000", "2007-12-31": "981.90010", "2007-09-30": "899.90000", "2007-06-30": "939.09970", "2007-03-31": "1103.90000", "2006-12-31": "882.50010", "2006-09-30": "787.20010", "2006-06-30": "579.50010", "2006-03-31": "982.40000", "2005-12-31": "885.80000", "2005-09-30": "784.20000", "2005-06-30": "936.15190", "2005-03-31": "993.40000"}, "Research And Development Expenses": {"2020-12-31": "", "2020-09-30": "", "2020-06-30": "", "2020-03-31": "", "2019-12-31": "", "2019-09-30": "", "2019-06-30": "", "2019-03-31": "", "2018-12-31": "", "2018-09-30": "", "2018-06-30": "", "2018-03-31": "", "2017-12-31": "", "2017-09-30": "", "2017-06-30": "", "2017-03-31": "", "2016-12-31": "", "2016-09-30": "", "2016-06-30": "", "2016-03-31": "", "2015-12-31": "", "2015-09-30": "", "2015-06-30": "", "2015-03-31": "", "2014-12-31": "", "2014-09-30": "", "2014-06-30": "", "2014-03-31": "", "2013-12-31": "", "2013-09-30": "", "2013-06-30": "", "2013-03-31": "", "2012-12-31": "", "2012-09-30": "", "2012-06-30": "", "2012-03-31": "", "2011-12-31": "", "2011-09-30": "", "2011-06-30": "", "2011-03-31": "", "2010-12-31": "", "2010-09-30": "", "2010-06-30": "", "2010-03-31": "", "2009-12-31": "", "2009-09-30": "", "2009-06-30": "", "2009-03-31": "", "2008-12-31": "", "2008-09-30": "", "2008-06-30": "", "2008-03-31": "", "2007-12-31": "", "2007-09-30": "", "2007-06-30": "", "2007-03-31": "", "2006-12-31": "", "2006-09-30": "", "2006-06-30": "", "2006-03-31": "", "2005-12-31": "", "2005-09-30": "", "2005-06-30": "", "2005-03-31": ""}, "SG&A Expenses": {"2020-12-31": "755.80000", "2020-09-30": "681.00000", "2020-06-30": "765.59990", "2020-03-31": "756.60000", "2019-12-31": "754.30000", "2019-09-30": "726.50000", "2019-06-30": "854.69980", "2019-03-31": "750.40000", "2018-12-31": "745.20000", "2018-09-30": "713.90000", "2018-06-30": "810.29980", "2018-03-31": "750.10000", "2017-12-31": "723.60000", "2017-09-30": "675.40000", "2017-06-30": "820.30000", "2017-03-31": "665.00000", "2016-12-31": "640.80000", "2016-09-30": "647.70000", "2016-06-30": "770.09990", "2016-03-31": "634.40000", "2015-12-31": "627.20000", "2015-09-30": "605.30000", "2015-06-30": "725.20000", "2015-03-31": "607.20000", "2014-12-31": "588.50000", "2014-09-30": "576.00000", "2014-06-30": "668.49990", "2014-03-31": "585.30000", "2013-12-31": "578.80000", "2013-09-30": "537.70000", "2013-06-30": "310.69990", "2013-03-31": "653.60000", "2012-12-31": "624.70000", "2012-09-30": "611.40000", "2012-06-30": "671.19980", "2012-03-31": "619.90000", "2011-12-31": "574.90000", "2011-09-30": "586.90000", "2011-06-30": "651.60010", "2011-03-31": "577.30000", "2010-12-31": "570.10000", "2010-09-30": "515.60000", "2010-06-30": "612.09990", "2010-03-31": "504.90000", "2009-12-31": "518.90000", "2009-09-30": "491.50000", "2009-06-30": "571.60000", "2009-03-31": "518.90000", "2008-12-31": "573.10000", "2008-09-30": "526.70000", "2008-06-30": "685.70010", "2008-03-31": "585.30000", "2007-12-31": "554.50000", "2007-09-30": "533.60000", "2007-06-30": "649.20000", "2007-03-31": "549.80000", "2006-12-31": "514.60000", "2006-09-30": "492.60000", "2006-06-30": "502.89990", "2006-03-31": "495.30000", "2005-12-31": "481.00000", "2005-09-30": "454.50000", "2005-06-30": "532.69900", "2005-03-31": "485.50000"}, "Other Operating Income Or Expenses": {"2020-12-31": "", "2020-09-30": "", "2020-06-30": "", "2020-03-31": "", "2019-12-31": "", "2019-09-30": "", "2019-06-30": "", "2019-03-31": "", "2018-12-31": "", "2018-09-30": "", "2018-06-30": "", "2018-03-31": "", "2017-12-31": "", "2017-09-30": "", "2017-06-30": "", "2017-03-31": "", "2016-12-31": "", "2016-09-30": "", "2016-06-30": "", "2016-03-31": "", "2015-12-31": "", "2015-09-30": "", "2015-06-30": "", "2015-03-31": "", "2014-12-31": "", "2014-09-30": "", "2014-06-30": "", "2014-03-31": "", "2013-12-31": "", "2013-09-30": "", "2013-06-30": "", "2013-03-31": "", "2012-12-31": "", "2012-09-30": "", "2012-06-30": "", "2012-03-31": "", "2011-12-31": "", "2011-09-30": "", "2011-06-30": "", "2011-03-31": "", "2010-12-31": "", "2010-09-30": "", "2010-06-30": "", "2010-03-31": "", "2009-12-31": "", "2009-09-30": "", "2009-06-30": "", "2009-03-31": "", "2008-12-31": "", "2008-09-30": "", "2008-06-30": "", "2008-03-31": "", "2007-12-31": "", "2007-09-30": "", "2007-06-30": "", "2007-03-31": "", "2006-12-31": "", "2006-09-30": "", "2006-06-30": "", "2006-03-31": "", "2005-12-31": "", "2005-09-30": "", "2005-06-30": "", "2005-03-31": ""}, "Operating Expenses": {"2020-12-31": "2878.20000", "2020-09-30": "2715.30000", "2020-06-30": "2832.69900", "2020-03-31": "2995.70000", "2019-12-31": "2848.40000", "2019-09-30": "2771.30000", "2019-06-30": "2855.90000", "2019-03-31": "2843.00000", "2018-12-31": "2745.40000", "2018-09-30": "2641.50000", "2018-06-30": "2699.00000", "2018-03-31": "2829.40000", "2017-12-31": "2661.50000", "2017-09-30": "2526.90000", "2017-06-30": "2642.40100", "2017-03-31": "2576.00000", "2016-12-31": "2408.60000", "2016-09-30": "2391.30000", "2016-06-30": "2468.70100", "2016-03-31": "2447.10000", "2015-12-31": "2309.70000", "2015-09-30": "2251.80000", "2015-06-30": "2326.90000", "2015-03-31": "2291.50000", "2014-12-31": "2171.80000", "2014-09-30": "2134.30000", "2014-06-30": "2204.39900", "2014-03-31": "2171.00000", "2013-12-31": "2057.40000", "2013-09-30": "1978.50000", "2013-06-30": "973.50050", "2013-03-31": "2396.80000", "2012-12-31": "2249.00000", "2012-09-30": "2197.90000", "2012-06-30": "2242.80100", "2012-03-31": "2238.10000", "2011-12-31": "2088.60000", "2011-09-30": "2087.30000", "2011-06-30": "2147.20000", "2011-03-31": "2097.90000", "2010-12-31": "1950.40000", "2010-09-30": "1827.50000", "2010-06-30": "1894.40000", "2010-03-31": "1835.60000", "2009-12-31": "1746.10000", "2009-09-30": "1681.00000", "2009-06-30": "1755.40000", "2009-03-31": "1733.60000", "2008-12-31": "1760.60000", "2008-09-30": "1763.40000", "2008-06-30": "1858.20000", "2008-03-31": "1809.70000", "2007-12-31": "1722.70000", "2007-09-30": "1625.70000", "2007-06-30": "1710.00000", "2007-03-31": "1616.90000", "2006-12-31": "1506.40000", "2006-09-30": "1460.20000", "2006-06-30": "879.89990", "2006-03-31": "1439.90000", "2005-12-31": "1625.60000", "2005-09-30": "1592.00000", "2005-06-30": "1898.39400", "2005-03-31": "1707.10000"}, "Operating Income": {"2020-12-31": "817.50000", "2020-09-30": "755.40010", "2020-06-30": "544.10080", "2020-03-31": "1052.10000", "2019-12-31": "821.09990", "2019-09-30": "724.40010", "2019-06-30": "623.40010", "2019-03-31": "985.20000", "2018-12-31": "747.00000", "2018-09-30": "668.80000", "2018-06-30": "563.70040", "2018-03-31": "866.60010", "2017-12-31": "576.80000", "2017-09-30": "550.30000", "2017-06-30": "414.59990", "2017-03-31": "834.80000", "2016-12-31": "578.70000", "2016-09-30": "525.59990", "2016-06-30": "429.49830", "2016-03-31": "801.50000", "2015-12-31": "497.30000", "2015-09-30": "462.20000", "2015-06-30": "367.59960", "2015-03-31": "732.80000", "2014-12-31": "481.80000", "2014-09-30": "431.80030", "2014-06-30": "341.20120", "2014-03-31": "654.10010", "2013-12-31": "436.29980", "2013-09-30": "383.50000", "2013-06-30": "-26.10030", "2013-03-31": "712.50020", "2012-12-31": "498.80000", "2012-09-30": "439.60010", "2012-06-30": "360.10010", "2012-03-31": "672.79980", "2011-12-31": "482.09990", "2011-09-30": "423.60010", "2011-06-30": "313.40040", "2011-03-31": "639.39990", "2010-12-31": "455.29990", "2010-09-30": "401.90000", "2010-06-30": "296.00000", "2010-03-31": "607.59990", "2009-12-31": "451.89990", "2009-09-30": "415.10010", "2009-06-30": "329.50050", "2009-03-31": "635.10000", "2008-12-31": "442.70010", "2008-09-30": "418.10010", "2008-06-30": "306.20020", "2008-03-31": "617.50000", "2007-12-31": "427.40010", "2007-09-30": "366.30000", "2007-06-30": "289.89970", "2007-03-31": "554.10010", "2006-12-31": "367.90010", "2006-09-30": "294.60010", "2006-06-30": "76.60030", "2006-03-31": "487.10010", "2005-12-31": "404.80000", "2005-09-30": "329.70000", "2005-06-30": "403.45290", "2005-03-31": "507.90000"}, "Total Non-Operating Income/Expense": {"2020-12-31": "15.10000", "2020-09-30": "9.80000", "2020-06-30": "-12.80000", "2020-03-31": "24.60000", "2019-12-31": "14.40000", "2019-09-30": "14.70000", "2019-06-30": "9.90000", "2019-03-31": "-0.70000", "2018-12-31": "-6.00000", "2018-09-30": "-22.00000", "2018-06-30": "-308.70000", "2018-03-31": "8.60000", "2017-12-31": "10.70000", "2017-09-30": "14.60000", "2017-06-30": "59.50000", "2017-03-31": "-6.90000", "2016-12-31": "207.50000", "2016-09-30": "3.10000", "2016-06-30": "-2.50000", "2016-03-31": "-6.70000", "2015-12-31": "10.60000", "2015-09-30": "42.80000", "2015-06-30": "14.00000", "2015-03-31": "7.10000", "2014-12-31": "17.00000", "2014-09-30": "18.60000", "2014-06-30": "11.60000", "2014-03-31": "6.70000", "2013-12-31": "25.70000", "2013-09-30": "20.10000", "2013-06-30": "18.50000", "2013-03-31": "10.80000", "2012-12-31": "30.00000", "2012-09-30": "26.00000", "2012-06-30": "27.60000", "2012-03-31": "9.30000", "2011-12-31": "94.10000", "2011-09-30": "32.10000", "2011-06-30": "30.60000", "2011-03-31": "13.60000", "2010-12-31": "29.30000", "2010-09-30": "34.50000", "2010-06-30": "9.60000", "2010-03-31": "25.40000", "2009-12-31": "27.10000", "2009-09-30": "30.50000", "2009-06-30": "27.60000", "2009-03-31": "-6.60000", "2008-12-31": "30.50000", "2008-09-30": "23.20000", "2008-06-30": "39.60000", "2008-03-31": "18.00000", "2007-12-31": "13.20000", "2007-09-30": "15.20000", "2007-06-30": "17.50000", "2007-03-31": "17.30000", "2006-12-31": "27.60000", "2006-09-30": "54.60000", "2006-06-30": "35.60000", "2006-03-31": "16.00000", "2005-12-31": "9.00000", "2005-09-30": "2.40000", "2005-06-30": "7.92700", "2005-03-31": "1.30000"}, "Pre-Tax Income": {"2020-12-31": "832.60000", "2020-09-30": "765.20000", "2020-06-30": "531.30020", "2020-03-31": "1076.70000", "2019-12-31": "835.50000", "2019-09-30": "739.10000", "2019-06-30": "633.30010", "2019-03-31": "984.50000", "2018-12-31": "741.00000", "2018-09-30": "646.80000", "2018-06-30": "255.00010", "2018-03-31": "875.20000", "2017-12-31": "587.50000", "2017-09-30": "564.90000", "2017-06-30": "474.09990", "2017-03-31": "827.90000", "2016-12-31": "786.20000", "2016-09-30": "528.70000", "2016-06-30": "426.99990", "2016-03-31": "794.80000", "2015-12-31": "507.90000", "2015-09-30": "505.00000", "2015-06-30": "381.59990", "2015-03-31": "739.90000", "2014-12-31": "498.80000", "2014-09-30": "450.40000", "2014-06-30": "352.79990", "2014-03-31": "660.80000", "2013-12-31": "462.00000", "2013-09-30": "403.60000", "2013-06-30": "-7.60000", "2013-03-31": "723.30000", "2012-12-31": "528.80000", "2012-09-30": "465.60000", "2012-06-30": "387.70000", "2012-03-31": "682.10000", "2011-12-31": "576.20000", "2011-09-30": "455.70000", "2011-06-30": "344.00000", "2011-03-31": "653.00000", "2010-12-31": "484.60000", "2010-09-30": "436.40000", "2010-06-30": "305.59990", "2010-03-31": "633.00000", "2009-12-31": "479.00000", "2009-09-30": "445.60000", "2009-06-30": "357.10000", "2009-03-31": "628.50000", "2008-12-31": "473.20000", "2008-09-30": "441.30000", "2008-06-30": "345.80000", "2008-03-31": "635.50000", "2007-12-31": "440.60000", "2007-09-30": "381.50000", "2007-06-30": "307.40000", "2007-03-31": "571.40000", "2006-12-31": "395.50000", "2006-09-30": "349.20000", "2006-06-30": "112.20000", "2006-03-31": "503.10000", "2005-12-31": "413.80000", "2005-09-30": "332.10000", "2005-06-30": "411.38000", "2005-03-31": "509.20000"}, "Income Taxes": {"2020-12-31": "185.10000", "2020-09-30": "163.10000", "2020-06-30": "119.70000", "2020-03-31": "255.80000", "2019-12-31": "183.90000", "2019-09-30": "156.70000", "2019-06-30": "157.80000", "2019-03-31": "230.80000", "2018-12-31": "182.80000", "2018-09-30": "141.40000", "2018-06-30": "114.10000", "2018-03-31": "214.20000", "2017-12-31": "-82.90000", "2017-09-30": "152.30000", "2017-06-30": "153.80000", "2017-03-31": "240.00000", "2016-12-31": "275.30000", "2016-09-30": "160.00000", "2016-06-30": "145.00000", "2016-03-31": "262.30000", "2015-12-31": "166.50000", "2015-09-30": "167.50000", "2015-06-30": "124.50000", "2015-03-31": "249.60000", "2014-12-31": "166.30000", "2014-09-30": "153.80000", "2014-06-30": "122.50000", "2014-03-31": "227.60000", "2013-12-31": "147.80000", "2013-09-30": "138.70000", "2013-06-30": "6.30000", "2013-03-31": "241.70000", "2012-12-31": "176.80000", "2012-09-30": "163.10000", "2012-06-30": "135.90000", "2012-03-31": "231.90000", "2011-12-31": "203.40000", "2011-09-30": "155.30000", "2011-06-30": "111.40000", "2011-03-31": "229.20000", "2010-12-31": "174.50000", "2010-09-30": "157.90000", "2010-06-30": "97.80000", "2010-03-31": "231.40000", "2009-12-31": "164.00000", "2009-09-30": "162.70000", "2009-06-30": "12.50000", "2009-03-31": "226.40000", "2008-12-31": "172.80000", "2008-09-30": "163.30000", "2008-06-30": "125.70000", "2008-03-31": "231.90000", "2007-12-31": "149.00000", "2007-09-30": "141.10000", "2007-06-30": "113.50000", "2007-03-31": "211.30000", "2006-12-31": "147.50000", "2006-09-30": "130.00000", "2006-06-30": "48.00000", "2006-03-31": "188.50000", "2005-12-31": "156.80000", "2005-09-30": "126.00000", "2005-06-30": "152.62200", "2005-03-31": "190.20000"}, "Income After Taxes": {"2020-12-31": "647.50000", "2020-09-30": "602.10000", "2020-06-30": "411.60020", "2020-03-31": "820.90000", "2019-12-31": "651.60000", "2019-09-30": "582.40000", "2019-06-30": "475.50010", "2019-03-31": "753.70000", "2018-12-31": "558.20000", "2018-09-30": "505.40000", "2018-06-30": "140.90010", "2018-03-31": "661.00000", "2017-12-31": "670.40000", "2017-09-30": "412.60000", "2017-06-30": "320.29990", "2017-03-31": "587.90000", "2016-12-31": "510.90000", "2016-09-30": "368.70000", "2016-06-30": "281.99990", "2016-03-31": "532.50000", "2015-12-31": "341.40000", "2015-09-30": "337.50000", "2015-06-30": "257.10000", "2015-03-31": "490.30000", "2014-12-31": "332.50000", "2014-09-30": "296.60000", "2014-06-30": "230.30000", "2014-03-31": "433.20000", "2013-12-31": "314.20000", "2013-09-30": "264.90000", "2013-06-30": "-13.90000", "2013-03-31": "481.60000", "2012-12-31": "352.00000", "2012-09-30": "302.50000", "2012-06-30": "251.79990", "2012-03-31": "450.20000", "2011-12-31": "372.80000", "2011-09-30": "300.40000", "2011-06-30": "232.60000", "2011-03-31": "423.80000", "2010-12-31": "310.10000", "2010-09-30": "278.50000", "2010-06-30": "207.79990", "2010-03-31": "401.60000", "2009-12-31": "315.00000", "2009-09-30": "282.90000", "2009-06-30": "344.60000", "2009-03-31": "402.10000", "2008-12-31": "300.40000", "2008-09-30": "278.00000", "2008-06-30": "220.10000", "2008-03-31": "403.60000", "2007-12-31": "291.60000", "2007-09-30": "240.40000", "2007-06-30": "193.90000", "2007-03-31": "360.10000", "2006-12-31": "248.00000", "2006-09-30": "219.20000", "2006-06-30": "64.19990", "2006-03-31": "314.60000", "2005-12-31": "257.00000", "2005-09-30": "206.10000", "2005-06-30": "258.75800", "2005-03-31": "319.00000"}, "Other Income": {"2020-12-31": "", "2020-09-30": "", "2020-06-30": "", "2020-03-31": "", "2019-12-31": "", "2019-09-30": "", "2019-06-30": "", "2019-03-31": "", "2018-12-31": "", "2018-09-30": "", "2018-06-30": "", "2018-03-31": "", "2017-12-31": "", "2017-09-30": "", "2017-06-30": "", "2017-03-31": "", "2016-12-31": "", "2016-09-30": "", "2016-06-30": "", "2016-03-31": "", "2015-12-31": "", "2015-09-30": "", "2015-06-30": "", "2015-03-31": "", "2014-12-31": "", "2014-09-30": "", "2014-06-30": "", "2014-03-31": "", "2013-12-31": "", "2013-09-30": "", "2013-06-30": "", "2013-03-31": "", "2012-12-31": "", "2012-09-30": "", "2012-06-30": "", "2012-03-31": "", "2011-12-31": "", "2011-09-30": "", "2011-06-30": "", "2011-03-31": "", "2010-12-31": "", "2010-09-30": "", "2010-06-30": "", "2010-03-31": "", "2009-12-31": "", "2009-09-30": "", "2009-06-30": "", "2009-03-31": "", "2008-12-31": "", "2008-09-30": "", "2008-06-30": "", "2008-03-31": "", "2007-12-31": "", "2007-09-30": "", "2007-06-30": "", "2007-03-31": "", "2006-12-31": "", "2006-09-30": "", "2006-06-30": "", "2006-03-31": "", "2005-12-31": "", "2005-09-30": "", "2005-06-30": "", "2005-03-31": ""}, "Income From Continuous Operations": {"2020-12-31": "647.50000", "2020-09-30": "602.10000", "2020-06-30": "411.60020", "2020-03-31": "820.90000", "2019-12-31": "651.60000", "2019-09-30": "582.40000", "2019-06-30": "475.50010", "2019-03-31": "753.70000", "2018-12-31": "558.20000", "2018-09-30": "505.40000", "2018-06-30": "140.90010", "2018-03-31": "661.00000", "2017-12-31": "670.40000", "2017-09-30": "412.60000", "2017-06-30": "320.29990", "2017-03-31": "587.90000", "2016-12-31": "510.90000", "2016-09-30": "368.70000", "2016-06-30": "282.00000", "2016-03-31": "532.50000", "2015-12-31": "341.40000", "2015-09-30": "337.50000", "2015-06-30": "257.10000", "2015-03-31": "490.30000", "2014-12-31": "332.50000", "2014-09-30": "296.60000", "2014-06-30": "230.30000", "2014-03-31": "433.20000", "2013-12-31": "314.20000", "2013-09-30": "264.90000", "2013-06-30": "-13.90000", "2013-03-31": "481.60000", "2012-12-31": "352.00000", "2012-09-30": "302.50000", "2012-06-30": "251.80000", "2012-03-31": "450.20000", "2011-12-31": "372.80000", "2011-09-30": "300.40000", "2011-06-30": "232.60000", "2011-03-31": "423.80000", "2010-12-31": "310.10000", "2010-09-30": "278.50000", "2010-06-30": "207.80010", "2010-03-31": "401.60000", "2009-12-31": "315.00000", "2009-09-30": "282.90000", "2009-06-30": "344.60000", "2009-03-31": "402.10000", "2008-12-31": "300.40000", "2008-09-30": "278.00000", "2008-06-30": "220.10000", "2008-03-31": "403.60000", "2007-12-31": "291.60000", "2007-09-30": "240.40000", "2007-06-30": "193.90000", "2007-03-31": "360.10000", "2006-12-31": "248.00000", "2006-09-30": "219.20000", "2006-06-30": "64.20000", "2006-03-31": "314.60000", "2005-12-31": "257.00000", "2005-09-30": "206.10000", "2005-06-30": "258.75800", "2005-03-31": "319.00000"}, "Income From Discontinued Operations": {"2020-12-31": "", "2020-09-30": "", "2020-06-30": "", "2020-03-31": "", "2019-12-31": "", "2019-09-30": "", "2019-06-30": "", "2019-03-31": "", "2018-12-31": "", "2018-09-30": "", "2018-06-30": "", "2018-03-31": "", "2017-12-31": "", "2017-09-30": "", "2017-06-30": "", "2017-03-31": "", "2016-12-31": "", "2016-09-30": "", "2016-06-30": "", "2016-03-31": "", "2015-12-31": "", "2015-09-30": "-0.90000", "2015-06-30": "79.10000", "2015-03-31": "-0.70000", "2014-12-31": "-1.00000", "2014-09-30": "-1.40000", "2014-06-30": "58.40000", "2014-03-31": "88.40000", "2013-12-31": "62.80000", "2013-09-30": "63.70000", "2013-06-30": "240.80000", "2013-03-31": "1.10000", "2012-12-31": "38.90000", "2012-09-30": "2.80000", "2012-06-30": "6.60000", "2012-03-31": "2.20000", "2011-12-31": "2.20000", "2011-09-30": "2.30000", "2011-06-30": "", "2011-03-31": "", "2010-12-31": "", "2010-09-30": "", "2010-06-30": "0.10000", "2010-03-31": "2.00000", "2009-12-31": "0.80000", "2009-09-30": "1.20000", "2009-06-30": "8.10000", "2009-03-31": "0.40000", "2008-12-31": "0.10000", "2008-09-30": "-1.10000", "2008-06-30": "13.40000", "2008-03-31": "10.00000", "2007-12-31": "-0.40000", "2007-09-30": "57.00000", "2007-06-30": "0.70000", "2007-03-31": "28.80000", "2006-12-31": "49.70000", "2006-09-30": "38.30000", "2006-06-30": "639.49990", "2006-03-31": "56.00000", "2005-12-31": "2.70000", "2005-09-30": "13.90000", "2005-06-30": "255.40000", "2005-03-31": "19.40000"}, "Net Income": {"2020-12-31": "647.50000", "2020-09-30": "602.10000", "2020-06-30": "411.60000", "2020-03-31": "820.90000", "2019-12-31": "651.60000", "2019-09-30": "582.40000", "2019-06-30": "475.50010", "2019-03-31": "753.70000", "2018-12-31": "558.20000", "2018-09-30": "505.40000", "2018-06-30": "140.90000", "2018-03-31": "661.00000", "2017-12-31": "670.40000", "2017-09-30": "412.60000", "2017-06-30": "320.30000", "2017-03-31": "587.90000", "2016-12-31": "510.90000", "2016-09-30": "368.70000", "2016-06-30": "282.00000", "2016-03-31": "532.50000", "2015-12-31": "341.40000", "2015-09-30": "336.60000", "2015-06-30": "336.20000", "2015-03-31": "489.60000", "2014-12-31": "331.50000", "2014-09-30": "295.20000", "2014-06-30": "288.70000", "2014-03-31": "521.60000", "2013-12-31": "377.00000", "2013-09-30": "328.60000", "2013-06-30": "226.90010", "2013-03-31": "482.70000", "2012-12-31": "390.90000", "2012-09-30": "305.30000", "2012-06-30": "258.40000", "2012-03-31": "452.40000", "2011-12-31": "375.00000", "2011-09-30": "302.70000", "2011-06-30": "241.79990", "2011-03-31": "423.80000", "2010-12-31": "310.10000", "2010-09-30": "278.50000", "2010-06-30": "207.90010", "2010-03-31": "403.60000", "2009-12-31": "315.80000", "2009-09-30": "284.10000", "2009-06-30": "352.70000", "2009-03-31": "402.50000", "2008-12-31": "300.50000", "2008-09-30": "276.90000", "2008-06-30": "233.50000", "2008-03-31": "413.60000", "2007-12-31": "291.20000", "2007-09-30": "297.40000", "2007-06-30": "194.59990", "2007-03-31": "388.90000", "2006-12-31": "297.70000", "2006-09-30": "257.50000", "2006-06-30": "703.70000", "2006-03-31": "370.60000", "2005-12-31": "259.70000", "2005-09-30": "220.00000", "2005-06-30": "258.75800", "2005-03-31": "338.40000"}, "EBITDA": {"2020-12-31": "1193.10000", "2020-09-30": "1131.20000", "2020-06-30": "905.70070", "2020-03-31": "1418.50000", "2019-12-31": "1181.50000", "2019-09-30": "1081.20000", "2019-06-30": "962.80000", "2019-03-31": "1320.40000", "2018-12-31": "1075.30000", "2018-09-30": "999.00010", "2018-06-30": "892.80050", "2018-03-31": "1191.80000", "2017-12-31": "917.10000", "2017-09-30": "842.20010", "2017-06-30": "1304.80000", "2017-03-31": "933.00010", "2016-12-31": "679.40000", "2016-09-30": "626.39980", "2016-06-30": "526.49830", "2016-03-31": "897.80000", "2015-12-31": "593.80000", "2015-09-30": "555.10000", "2015-06-30": "463.29960", "2015-03-31": "827.90000", "2014-12-31": "576.20010", "2014-09-30": "524.80030", "2014-06-30": "436.50120", "2014-03-31": "742.60010", "2013-12-31": "526.69980", "2013-09-30": "470.30000", "2013-06-30": "10.19970", "2013-03-31": "813.20020", "2012-12-31": "595.30000", "2012-09-30": "536.60010", "2012-06-30": "459.00010", "2012-03-31": "768.89980", "2011-12-31": "574.69980", "2011-09-30": "515.30010", "2011-06-30": "401.60040", "2011-03-31": "734.09990", "2010-12-31": "552.09990", "2010-09-30": "490.40000", "2010-06-30": "386.10000", "2010-03-31": "699.99990", "2009-12-31": "543.89990", "2009-09-30": "507.10010", "2009-06-30": "423.60050", "2009-03-31": "726.90000", "2008-12-31": "531.20010", "2008-09-30": "509.70010", "2008-06-30": "391.50020", "2008-03-31": "707.60000", "2007-12-31": "529.60020", "2007-09-30": "449.70000", "2007-06-30": "374.89970", "2007-03-31": "629.90010", "2006-12-31": "457.10020", "2006-09-30": "373.90010", "2006-06-30": "155.30030", "2006-03-31": "543.00010", "2005-12-31": "497.20010", "2005-09-30": "424.09990", "2005-06-30": "451.45290", "2005-03-31": "589.80000"}, "EBIT": {"2020-12-31": "817.50000", "2020-09-30": "755.40010", "2020-06-30": "544.10030", "2020-03-31": "1052.10000", "2019-12-31": "821.09990", "2019-09-30": "724.40010", "2019-06-30": "623.40040", "2019-03-31": "985.20000", "2018-12-31": "747.00000", "2018-09-30": "668.80000", "2018-06-30": "563.70020", "2018-03-31": "866.60010", "2017-12-31": "576.80000", "2017-09-30": "550.30000", "2017-06-30": "414.59940", "2017-03-31": "834.80000", "2016-12-31": "578.70000", "2016-09-30": "525.59990", "2016-06-30": "429.49900", "2016-03-31": "801.50000", "2015-12-31": "497.30000", "2015-09-30": "462.20000", "2015-06-30": "367.59960", "2015-03-31": "732.80000", "2014-12-31": "481.80000", "2014-09-30": "431.80030", "2014-06-30": "341.20070", "2014-03-31": "654.10010", "2013-12-31": "436.29980", "2013-09-30": "383.50000", "2013-06-30": "-26.10060", "2013-03-31": "712.50020", "2012-12-31": "498.80000", "2012-09-30": "439.60010", "2012-06-30": "360.09990", "2012-03-31": "672.79980", "2011-12-31": "482.09990", "2011-09-30": "423.60010", "2011-06-30": "313.40010", "2011-03-31": "639.39990", "2010-12-31": "455.29990", "2010-09-30": "401.90000", "2010-06-30": "296.00020", "2010-03-31": "607.59990", "2009-12-31": "451.89990", "2009-09-30": "415.10010", "2009-06-30": "329.50020", "2009-03-31": "635.10000", "2008-12-31": "442.70010", "2008-09-30": "418.10010", "2008-06-30": "306.20020", "2008-03-31": "617.50000", "2007-12-31": "427.40010", "2007-09-30": "366.30000", "2007-06-30": "289.89970", "2007-03-31": "554.10010", "2006-12-31": "367.90010", "2006-09-30": "294.60010", "2006-06-30": "76.60010", "2006-03-31": "487.10010", "2005-12-31": "404.80000", "2005-09-30": "329.70000", "2005-06-30": "403.45290", "2005-03-31": "507.90000"}, "Basic Shares Outstanding": {"2020-12-31": "427.40000", "2020-09-30": "428.60000", "2020-06-30": "430.80000", "2020-03-31": "430.00000", "2019-12-31": "431.50000", "2019-09-30": "432.70000", "2019-06-30": "435.00000", "2019-03-31": "434.10000", "2018-12-31": "435.70000", "2018-09-30": "436.80000", "2018-06-30": "440.60000", "2018-03-31": "441.00000", "2017-12-31": "441.30000", "2017-09-30": "442.20000", "2017-06-30": "447.80000", "2017-03-31": "446.50000", "2016-12-31": "447.90000", "2016-09-30": "452.30000", "2016-06-30": "457.00000", "2016-03-31": "454.40000", "2015-12-31": "457.60000", "2015-09-30": "462.40000", "2015-06-30": "472.60000", "2015-03-31": "470.30000", "2014-12-31": "476.60000", "2014-09-30": "478.40000", "2014-06-30": "478.90000", "2014-03-31": "478.90000", "2013-12-31": "478.40000", "2013-09-30": "480.10000", "2013-06-30": "482.70000", "2013-03-31": "482.70000", "2012-12-31": "482.10000", "2012-09-30": "483.50000", "2012-06-30": "487.30000", "2012-03-31": "488.50000", "2011-12-31": "486.70000", "2011-09-30": "487.90000", "2011-06-30": "493.50000", "2011-03-31": "496.20000", "2010-12-31": "492.00000", "2010-09-30": "491.40000", "2010-06-30": "500.50000", "2010-03-31": "502.40000", "2009-12-31": "502.00000", "2009-09-30": "501.40000", "2009-06-30": "503.20000", "2009-03-31": "501.20000", "2008-12-31": "503.40000", "2008-09-30": "507.50000", "2008-06-30": "521.50000", "2008-03-31": "519.80000", "2007-12-31": "523.10000", "2007-09-30": "529.30000", "2007-06-30": "549.70000", "2007-03-31": "552.10000", "2006-12-31": "548.50000", "2006-09-30": "554.20000", "2006-06-30": "574.80000", "2006-03-31": "577.50000", "2005-12-31": "576.20000", "2005-09-30": "577.30000", "2005-06-30": "582.03200", "2005-03-31": "584.00000"}, "Shares Outstanding": {"2020-12-31": "429.00000", "2020-09-30": "430.00000", "2020-06-30": "432.70000", "2020-03-31": "431.80000", "2019-12-31": "433.30000", "2019-09-30": "435.40000", "2019-06-30": "437.60000", "2019-03-31": "436.60000", "2018-12-31": "438.00000", "2018-09-30": "439.90000", "2018-06-30": "443.30000", "2018-03-31": "443.40000", "2017-12-31": "443.70000", "2017-09-30": "445.00000", "2017-06-30": "450.30000", "2017-03-31": "449.20000", "2016-12-31": "450.30000", "2016-09-30": "455.30000", "2016-06-30": "459.10000", "2016-03-31": "456.90000", "2015-12-31": "460.30000", "2015-09-30": "465.70000", "2015-06-30": "475.80000", "2015-03-31": "474.00000", "2014-12-31": "480.30000", "2014-09-30": "481.70000", "2014-06-30": "483.10000", "2014-03-31": "483.00000", "2013-12-31": "482.80000", "2013-09-30": "484.30000", "2013-06-30": "487.10000", "2013-03-31": "486.50000", "2012-12-31": "486.80000", "2012-09-30": "488.40000", "2012-06-30": "492.20000", "2012-03-31": "493.20000", "2011-12-31": "492.40000", "2011-09-30": "493.30000", "2011-06-30": "498.30000", "2011-03-31": "501.30000", "2010-12-31": "496.90000", "2010-09-30": "494.90000", "2010-06-30": "503.70000", "2010-03-31": "505.50000", "2009-12-31": "506.20000", "2009-09-30": "503.70000", "2009-06-30": "505.80000", "2009-03-31": "502.40000", "2008-12-31": "506.10000", "2008-09-30": "513.50000", "2008-06-30": "527.20000", "2008-03-31": "523.20000", "2007-12-31": "530.40000", "2007-09-30": "536.20000", "2007-06-30": "557.90000", "2007-03-31": "558.70000", "2006-12-31": "555.30000", "2006-09-30": "559.50000", "2006-06-30": "580.30000", "2006-03-31": "582.80000", "2005-12-31": "582.30000", "2005-09-30": "582.80000", "2005-06-30": "582.03200", "2005-03-31": "590.50000"}, "Basic EPS": {"2020-12-31": "1.51000", "2020-09-30": "1.40000", "2020-06-30": "0.96000", "2020-03-31": "1.91000", "2019-12-31": "1.51000", "2019-09-30": "1.35000", "2019-06-30": "1.09000", "2019-03-31": "1.74000", "2018-12-31": "1.28000", "2018-09-30": "1.16000", "2018-06-30": "0.33000", "2018-03-31": "1.50000", "2017-12-31": "1.52000", "2017-09-30": "0.93000", "2017-06-30": "0.71000", "2017-03-31": "1.32000", "2016-12-31": "1.14000", "2016-09-30": "0.82000", "2016-06-30": "0.62000", "2016-03-31": "1.17000", "2015-12-31": "0.75000", "2015-09-30": "0.73000", "2015-06-30": "0.71000", "2015-03-31": "1.04000", "2014-12-31": "0.70000", "2014-09-30": "0.62000", "2014-06-30": "0.61000", "2014-03-31": "1.09000", "2013-12-31": "0.79000", "2013-09-30": "0.68000", "2013-06-30": "0.47000", "2013-03-31": "1.00000", "2012-12-31": "0.81000", "2012-09-30": "0.63000", "2012-06-30": "0.53000", "2012-03-31": "0.93000", "2011-12-31": "0.77000", "2011-09-30": "0.62000", "2011-06-30": "0.49000", "2011-03-31": "0.85000", "2010-12-31": "0.63000", "2010-09-30": "0.57000", "2010-06-30": "0.42000", "2010-03-31": "0.80000", "2009-12-31": "0.63000", "2009-09-30": "0.57000", "2009-06-30": "0.70000", "2009-03-31": "0.80000", "2008-12-31": "0.60000", "2008-09-30": "0.55000", "2008-06-30": "0.45000", "2008-03-31": "0.80000", "2007-12-31": "0.56000", "2007-09-30": "0.56000", "2007-06-30": "0.37000", "2007-03-31": "0.70000", "2006-12-31": "0.54000", "2006-09-30": "0.46000", "2006-06-30": "1.23000", "2006-03-31": "0.64000", "2005-12-31": "0.45000", "2005-09-30": "0.38000", "2005-06-30": "0.44000", "2005-03-31": "0.58000"}, "EPS - Earnings Per Share": {"2020-12-31": "1.51000", "2020-09-30": "1.40000", "2020-06-30": "0.96000", "2020-03-31": "1.90000", "2019-12-31": "1.50000", "2019-09-30": "1.34000", "2019-06-30": "1.09000", "2019-03-31": "1.73000", "2018-12-31": "1.27000", "2018-09-30": "1.15000", "2018-06-30": "0.32000", "2018-03-31": "1.49000", "2017-12-31": "1.51000", "2017-09-30": "0.93000", "2017-06-30": "0.72000", "2017-03-31": "1.31000", "2016-12-31": "1.13000", "2016-09-30": "0.81000", "2016-06-30": "0.62000", "2016-03-31": "1.17000", "2015-12-31": "0.74000", "2015-09-30": "0.72000", "2015-06-30": "0.72000", "2015-03-31": "1.03000", "2014-12-31": "0.69000", "2014-09-30": "0.61000", "2014-06-30": "0.60000", "2014-03-31": "1.08000", "2013-12-31": "0.78000", "2013-09-30": "0.68000", "2013-06-30": "0.47000", "2013-03-31": "0.99000", "2012-12-31": "0.80000", "2012-09-30": "0.63000", "2012-06-30": "0.53000", "2012-03-31": "0.92000", "2011-12-31": "0.76000", "2011-09-30": "0.61000", "2011-06-30": "0.49000", "2011-03-31": "0.85000", "2010-12-31": "0.62000", "2010-09-30": "0.56000", "2010-06-30": "0.42000", "2010-03-31": "0.80000", "2009-12-31": "0.62000", "2009-09-30": "0.56000", "2009-06-30": "0.70000", "2009-03-31": "0.80000", "2008-12-31": "0.59000", "2008-09-30": "0.54000", "2008-06-30": "0.45000", "2008-03-31": "0.79000", "2007-12-31": "0.55000", "2007-09-30": "0.55000", "2007-06-30": "0.34000", "2007-03-31": "0.70000", "2006-12-31": "0.54000", "2006-09-30": "0.46000", "2006-06-30": "1.21000", "2006-03-31": "0.64000", "2005-12-31": "0.45000", "2005-09-30": "0.38000", "2005-06-30": "0.44000", "2005-03-31": "0.57000"}}, "balance sheet": {"Cash On Hand": {"2020-06-30": "1908.50000", "2019-06-30": "1959.70000", "2018-06-30": "2170.00000", "2017-06-30": "2780.40000", "2016-06-30": "3191.10000", "2015-06-30": "1665.90000", "2014-06-30": "3616.20000", "2013-06-30": "1727.10000", "2012-06-30": "1578.50000", "2011-06-30": "1425.70000", "2010-06-30": "1671.20000", "2009-06-30": "2296.10000", "2008-06-30": "1583.80000", "2007-06-30": "1816.50000", "2006-06-30": "2127.60000", "2005-06-30": "1549.40000"}, "Receivables": {"2020-06-30": "2441.30000", "2019-06-30": "2439.30000", "2018-06-30": "1984.20000", "2017-06-30": "1703.60000", "2016-06-30": "1742.80000", "2015-06-30": "1546.90000", "2014-06-30": "1498.80000", "2013-06-30": "1595.30000", "2012-06-30": "1391.70000", "2011-06-30": "1364.80000", "2010-06-30": "1127.70000", "2009-06-30": "1050.70000", "2008-06-30": "1034.60000", "2007-06-30": "1041.90000", "2006-06-30": "752.20000", "2005-06-30": "2086.90000"}, "Inventory": {"2020-06-30": "", "2019-06-30": "", "2018-06-30": "", "2017-06-30": "", "2016-06-30": "", "2015-06-30": "", "2014-06-30": "", "2013-06-30": "", "2012-06-30": "", "2011-06-30": "", "2010-06-30": "", "2009-06-30": "", "2008-06-30": "", "2007-06-30": "", "2006-06-30": "", "2005-06-30": ""}, "Pre-Paid Expenses": {"2020-06-30": "", "2019-06-30": "", "2018-06-30": "", "2017-06-30": "", "2016-06-30": "", "2015-06-30": "", "2014-06-30": "", "2013-06-30": "", "2012-06-30": "", "2011-06-30": "", "2010-06-30": "", "2009-06-30": "", "2008-06-30": "", "2007-06-30": "", "2006-06-30": "", "2005-06-30": ""}, "Other Current Assets": {"2020-06-30": "27214.30000", "2019-06-30": "29943.30000", "2018-06-30": "27669.10000", "2017-06-30": "28174.70000", "2016-06-30": "34566.50000", "2015-06-30": "25596.40000", "2014-06-30": "19947.80000", "2013-06-30": "22875.40000", "2012-06-30": "22177.40000", "2011-06-30": "25793.00000", "2010-06-30": "19517.80000", "2009-06-30": "17350.20000", "2008-06-30": "16190.50000", "2007-06-30": "18937.30000", "2006-06-30": "394.30000", "2005-06-30": "571.40000"}, "Total Current Assets": {"2020-06-30": "31564.10000", "2019-06-30": "34342.30000", "2018-06-30": "31823.30000", "2017-06-30": "32658.70000", "2016-06-30": "39500.40000", "2015-06-30": "28809.20000", "2014-06-30": "27493.00000", "2013-06-30": "26214.50000", "2012-06-30": "25272.60000", "2011-06-30": "28583.50000", "2010-06-30": "22316.70000", "2009-06-30": "20705.50000", "2008-06-30": "18808.90000", "2007-06-30": "21853.40000", "2006-06-30": "5482.80000", "2005-06-30": "4869.90000"}, "Property, Plant, And Equipment": {"2020-06-30": "703.90000", "2019-06-30": "764.20000", "2018-06-30": "793.70000", "2017-06-30": "779.90000", "2016-06-30": "685.00000", "2015-06-30": "672.70000", "2014-06-30": "667.10000", "2013-06-30": "728.60000", "2012-06-30": "706.30000", "2011-06-30": "716.20000", "2010-06-30": "673.80000", "2009-06-30": "734.30000", "2008-06-30": "742.90000", "2007-06-30": "723.80000", "2006-06-30": "700.00000", "2005-06-30": "637.90000"}, "Long-Term Investments": {"2020-06-30": "", "2019-06-30": "", "2018-06-30": "", "2017-06-30": "", "2016-06-30": "", "2015-06-30": "28.90000", "2014-06-30": "54.10000", "2013-06-30": "314.00000", "2012-06-30": "86.90000", "2011-06-30": "98.00000", "2010-06-30": "104.30000", "2009-06-30": "92.40000", "2008-06-30": "76.50000", "2007-06-30": "68.10000", "2006-06-30": "333.70000", "2005-06-30": "447.90000"}, "Goodwill And Intangible Assets": {"2020-06-30": "3525.20000", "2019-06-30": "3394.50000", "2018-06-30": "3129.90000", "2017-06-30": "2361.20000", "2016-06-30": "2216.20000", "2015-06-30": "2296.70000", "2014-06-30": "2374.50000", "2013-06-30": "3682.40000", "2012-06-30": "3750.30000", "2011-06-30": "3789.30000", "2010-06-30": "2925.70000", "2009-06-30": "2954.20000", "2008-06-30": "3063.80000", "2007-06-30": "3041.60000", "2006-06-30": "2502.40000", "2005-06-30": "2761.50000"}, "Other Long-Term Assets": {"2020-06-30": "458.40000", "2019-06-30": "934.40000", "2018-06-30": "699.30000", "2017-06-30": "1352.20000", "2016-06-30": "1241.30000", "2015-06-30": "1270.80000", "2014-06-30": "1315.70000", "2013-06-30": "1189.90000", "2012-06-30": "871.50000", "2011-06-30": "922.60000", "2010-06-30": "712.30000", "2009-06-30": "702.70000", "2008-06-30": "808.30000", "2007-06-30": "735.50000", "2006-06-30": "18255.80000", "2005-06-30": "18711.30000"}, "Total Long-Term Assets": {"2020-06-30": "7601.40000", "2019-06-30": "7545.40000", "2018-06-30": "7025.80000", "2017-06-30": "4521.30000", "2016-06-30": "4169.60000", "2015-06-30": "4301.30000", "2014-06-30": "4566.80000", "2013-06-30": "6053.60000", "2012-06-30": "5544.80000", "2011-06-30": "5654.80000", "2010-06-30": "4545.50000", "2009-06-30": "4646.20000", "2008-06-30": "4925.50000", "2007-06-30": "4795.50000", "2006-06-30": "22007.30000", "2005-06-30": "22745.50000"}, "Total Assets": {"2020-06-30": "39165.50000", "2019-06-30": "41887.70000", "2018-06-30": "38849.10000", "2017-06-30": "37180.00000", "2016-06-30": "43670.00000", "2015-06-30": "33110.50000", "2014-06-30": "32059.80000", "2013-06-30": "32268.10000", "2012-06-30": "30817.40000", "2011-06-30": "34238.30000", "2010-06-30": "26862.20000", "2009-06-30": "25351.70000", "2008-06-30": "23734.40000", "2007-06-30": "26648.90000", "2006-06-30": "27490.10000", "2005-06-30": "27615.40000"}, "Total Current Liabilities": {"2020-06-30": "30126.60000", "2019-06-30": "32627.70000", "2018-06-30": "30412.70000", "2017-06-30": "29815.90000", "2016-06-30": "35847.40000", "2015-06-30": "27113.70000", "2014-06-30": "24167.60000", "2013-06-30": "24732.80000", "2012-06-30": "23252.70000", "2011-06-30": "26786.80000", "2010-06-30": "20052.20000", "2009-06-30": "18763.40000", "2008-06-30": "17341.60000", "2007-06-30": "20463.80000", "2006-06-30": "2674.20000", "2005-06-30": "2861.80000"}, "Long Term Debt": {"2020-06-30": "1002.80000", "2019-06-30": "2002.20000", "2018-06-30": "2002.40000", "2017-06-30": "2002.40000", "2016-06-30": "2007.70000", "2015-06-30": "9.20000", "2014-06-30": "11.50000", "2013-06-30": "14.70000", "2012-06-30": "16.80000", "2011-06-30": "34.20000", "2010-06-30": "39.80000", "2009-06-30": "42.70000", "2008-06-30": "52.10000", "2007-06-30": "43.50000", "2006-06-30": "74.30080", "2005-06-30": "75.69920"}, "Other Non-Current Liabilities": {"2020-06-30": "837.00000", "2019-06-30": "798.70000", "2018-06-30": "728.00000", "2017-06-30": "830.20000", "2016-06-30": "701.10000", "2015-06-30": "644.30000", "2014-06-30": "619.40000", "2013-06-30": "603.10000", "2012-06-30": "585.90000", "2011-06-30": "556.20000", "2010-06-30": "528.00000", "2009-06-30": "477.10000", "2008-06-30": "587.90000", "2007-06-30": "390.50000", "2006-06-30": "18148.20000", "2005-06-30": "18192.60000"}, "Total Long Term Liabilities": {"2020-06-30": "3286.70000", "2019-06-30": "3860.10000", "2018-06-30": "3700.50000", "2017-06-30": "3387.10000", "2016-06-30": "3341.00000", "2015-06-30": "1188.30000", "2014-06-30": "1222.00000", "2013-06-30": "1345.40000", "2012-06-30": "1450.70000", "2011-06-30": "1441.10000", "2010-06-30": "1331.10000", "2009-06-30": "1265.70000", "2008-06-30": "1305.60000", "2007-06-30": "1037.20000", "2006-06-30": "18804.30000", "2005-06-30": "18969.70000"}, "Total Liabilities": {"2020-06-30": "33413.30000", "2019-06-30": "36487.80000", "2018-06-30": "34113.20000", "2017-06-30": "33203.00000", "2016-06-30": "39188.40000", "2015-06-30": "28302.00000", "2014-06-30": "25389.60000", "2013-06-30": "26078.20000", "2012-06-30": "24703.40000", "2011-06-30": "28227.90000", "2010-06-30": "21383.30000", "2009-06-30": "20029.10000", "2008-06-30": "18647.20000", "2007-06-30": "21501.00000", "2006-06-30": "21478.50000", "2005-06-30": "21831.50000"}, "Common Stock Net": {"2020-06-30": "63.90000", "2019-06-30": "63.90000", "2018-06-30": "63.90000", "2017-06-30": "63.90000", "2016-06-30": "63.90000", "2015-06-30": "63.90000", "2014-06-30": "63.90000", "2013-06-30": "63.90000", "2012-06-30": "63.90000", "2011-06-30": "63.90000", "2010-06-30": "63.90000", "2009-06-30": "63.90000", "2008-06-30": "63.90000", "2007-06-30": "63.90000", "2006-06-30": "63.90000", "2005-06-30": "63.90000"}, "Retained Earnings (Accumulated Deficit)": {"2020-06-30": "18436.30000", "2019-06-30": "17500.60000", "2018-06-30": "16546.60000", "2017-06-30": "14728.20000", "2016-06-30": "14003.30000", "2015-06-30": "13460.30000", "2014-06-30": "13632.90000", "2013-06-30": "13020.30000", "2012-06-30": "12438.30000", "2011-06-30": "11803.90000", "2010-06-30": "11252.00000", "2009-06-30": "10716.60000", "2008-06-30": "10029.80000", "2007-06-30": "9378.50000", "2006-06-30": "9111.40000", "2005-06-30": "7966.00000"}, "Comprehensive Income": {"2020-06-30": "-14.80000", "2019-06-30": "-257.30000", "2018-06-30": "-679.80000", "2017-06-30": "-379.20000", "2016-06-30": "-215.10000", "2015-06-30": "-260.60000", "2014-06-30": "178.20000", "2013-06-30": "15.40000", "2012-06-30": "230.20000", "2011-06-30": "367.10000", "2010-06-30": "209.50000", "2009-06-30": "156.00000", "2008-06-30": "276.20000", "2007-06-30": "-33.40000", "2006-06-30": "-126.30000", "2005-06-30": "14.10000"}, "Other Share Holders Equity": {"2020-06-30": "", "2019-06-30": "", "2018-06-30": "", "2017-06-30": "", "2016-06-30": "", "2015-06-30": "", "2014-06-30": "", "2013-06-30": "", "2012-06-30": "", "2011-06-30": "", "2010-06-30": "", "2009-06-30": "", "2008-06-30": "", "2007-06-30": "", "2006-06-30": "", "2005-06-30": ""}, "Share Holder Equity": {"2020-06-30": "5752.20000", "2019-06-30": "5399.90000", "2018-06-30": "4735.90000", "2017-06-30": "3977.00000", "2016-06-30": "4481.60000", "2015-06-30": "4808.50000", "2014-06-30": "6670.20000", "2013-06-30": "6189.90000", "2012-06-30": "6114.00000", "2011-06-30": "6010.40000", "2010-06-30": "5478.90000", "2009-06-30": "5322.60000", "2008-06-30": "5087.20000", "2007-06-30": "5147.90000", "2006-06-30": "6011.60000", "2005-06-30": "5783.90000"}, "Total Liabilities And Share Holders Equity": {"2020-06-30": "39165.50000", "2019-06-30": "41887.70000", "2018-06-30": "38849.10000", "2017-06-30": "37180.00000", "2016-06-30": "43670.00000", "2015-06-30": "33110.50000", "2014-06-30": "32059.80000", "2013-06-30": "32268.10000", "2012-06-30": "30817.40000", "2011-06-30": "34238.30000", "2010-06-30": "26862.20000", "2009-06-30": "25351.70000", "2008-06-30": "23734.40000", "2007-06-30": "26648.90000", "2006-06-30": "27490.10000", "2005-06-30": "27615.40000"}}, "balance sheet, quarterly": {"Cash On Hand": {"2020-12-31": "1602.20000", "2020-09-30": "1613.10000", "2020-06-30": "1908.50000", "2020-03-31": "1708.20000", "2019-12-31": "1507.60000", "2019-09-30": "4949.00000", "2019-06-30": "1959.70000", "2019-03-31": "1826.20000", "2018-12-31": "2785.60000", "2018-09-30": "1490.30000", "2018-06-30": "2170.00000", "2018-03-31": "2293.60000", "2017-12-31": "1773.40000", "2017-09-30": "2363.60000", "2017-06-30": "2780.40000", "2017-03-31": "2995.50000", "2016-12-31": "2705.20000", "2016-09-30": "2817.60000", "2016-06-30": "3191.10000", "2016-03-31": "2965.10000", "2015-12-31": "2821.80000", "2015-09-30": "3211.90000", "2015-06-30": "1665.90000", "2015-03-31": "1835.50000", "2014-12-31": "1952.70000", "2014-09-30": "4437.30000", "2014-06-30": "3616.20000", "2014-03-31": "1693.90000", "2013-12-31": "1289.60000", "2013-09-30": "1690.90000", "2013-06-30": "1727.10000", "2013-03-31": "1680.30000", "2012-12-31": "1434.80000", "2012-09-30": "1153.10000", "2012-06-30": "1578.50000", "2012-03-31": "1693.10000", "2011-12-31": "1355.20000", "2011-09-30": "1268.00000", "2011-06-30": "1425.70000", "2011-03-31": "1644.50000", "2010-12-31": "1342.00000", "2010-09-30": "1217.10000", "2010-06-30": "1671.20000", "2010-03-31": "2003.50000", "2009-12-31": "1781.70000", "2009-09-30": "1619.40000", "2009-06-30": "2296.10000", "2009-03-31": "1395.90000", "2008-12-31": "1371.60100", "2008-09-30": "2919.10000", "2008-06-30": "1583.80000", "2008-03-31": "1676.30000", "2007-12-31": "1341.30000", "2007-09-30": "1575.00000", "2007-06-30": "1816.50000", "2007-03-31": "2681.30000", "2006-12-31": "1544.10000", "2006-09-30": "1869.90000", "2006-06-30": "2127.60000", "2006-03-31": "1620.80000", "2005-12-31": "1571.10000", "2005-09-30": "1538.40000", "2005-06-30": "1549.40000", "2005-03-31": "1562.01600"}, "Receivables": {"2020-12-31": "2509.80000", "2020-09-30": "2489.10000", "2020-06-30": "2441.30000", "2020-03-31": "2620.60000", "2019-12-31": "2587.90000", "2019-09-30": "2490.40000", "2019-06-30": "2439.30000", "2019-03-31": "2485.20000", "2018-12-31": "2638.10000", "2018-09-30": "2216.40000", "2018-06-30": "1984.20000", "2018-03-31": "2043.40000", "2017-12-31": "2045.50000", "2017-09-30": "1788.70000", "2017-06-30": "1703.60000", "2017-03-31": "1811.50000", "2016-12-31": "1839.50000", "2016-09-30": "1620.60000", "2016-06-30": "1742.80000", "2016-03-31": "2074.40000", "2015-12-31": "1634.20000", "2015-09-30": "1565.20000", "2015-06-30": "1546.90000", "2015-03-31": "1580.70000", "2014-12-31": "1595.60000", "2014-09-30": "1390.30000", "2014-06-30": "1498.80000", "2014-03-31": "1835.20000", "2013-12-31": "1730.40000", "2013-09-30": "1585.80000", "2013-06-30": "1595.30000", "2013-03-31": "1723.60000", "2012-12-31": "1604.10000", "2012-09-30": "1463.40000", "2012-06-30": "1391.70000", "2012-03-31": "1372.70000", "2011-12-31": "1353.90000", "2011-09-30": "1236.90000", "2011-06-30": "1364.80000", "2011-03-31": "1293.80000", "2010-12-31": "1136.60000", "2010-09-30": "1161.50000", "2010-06-30": "1127.70000", "2010-03-31": "1131.00000", "2009-12-31": "1089.40000", "2009-09-30": "994.30000", "2009-06-30": "1050.70000", "2009-03-31": "1043.80000", "2008-12-31": "1166.30000", "2008-09-30": "993.60000", "2008-06-30": "1034.60000", "2008-03-31": "1179.10000", "2007-12-31": "1069.80000", "2007-09-30": "957.80000", "2007-06-30": "1041.90000", "2007-03-31": "915.00000", "2006-12-31": "2204.70000", "2006-09-30": "2209.60000", "2006-06-30": "752.20000", "2006-03-31": "2203.70000", "2005-12-31": "2270.60000", "2005-09-30": "2070.20000", "2005-06-30": "2086.90000", "2005-03-31": "2367.55600"}, "Inventory": {"2020-12-31": "", "2020-09-30": "", "2020-06-30": "", "2020-03-31": "", "2019-12-31": "", "2019-09-30": "", "2019-06-30": "", "2019-03-31": "", "2018-12-31": "", "2018-09-30": "", "2018-06-30": "", "2018-03-31": "", "2017-12-31": "", "2017-09-30": "", "2017-06-30": "", "2017-03-31": "", "2016-12-31": "", "2016-09-30": "", "2016-06-30": "", "2016-03-31": "", "2015-12-31": "", "2015-09-30": "", "2015-06-30": "", "2015-03-31": "", "2014-12-31": "", "2014-09-30": "", "2014-06-30": "", "2014-03-31": "", "2013-12-31": "", "2013-09-30": "", "2013-06-30": "", "2013-03-31": "", "2012-12-31": "", "2012-09-30": "", "2012-06-30": "", "2012-03-31": "", "2011-12-31": "", "2011-09-30": "", "2011-06-30": "", "2011-03-31": "", "2010-12-31": "", "2010-09-30": "", "2010-06-30": "", "2010-03-31": "", "2009-12-31": "", "2009-09-30": "", "2009-06-30": "", "2009-03-31": "", "2008-12-31": "", "2008-09-30": "", "2008-06-30": "", "2008-03-31": "", "2007-12-31": "", "2007-09-30": "", "2007-06-30": "", "2007-03-31": "", "2006-12-31": "", "2006-09-30": "", "2006-06-30": "", "2006-03-31": "", "2005-12-31": "", "2005-09-30": "", "2005-06-30": "", "2005-03-31": ""}, "Pre-Paid Expenses": {"2020-12-31": "", "2020-09-30": "", "2020-06-30": "", "2020-03-31": "", "2019-12-31": "", "2019-09-30": "", "2019-06-30": "", "2019-03-31": "", "2018-12-31": "", "2018-09-30": "", "2018-06-30": "", "2018-03-31": "", "2017-12-31": "", "2017-09-30": "", "2017-06-30": "", "2017-03-31": "", "2016-12-31": "", "2016-09-30": "", "2016-06-30": "", "2016-03-31": "", "2015-12-31": "", "2015-09-30": "", "2015-06-30": "", "2015-03-31": "", "2014-12-31": "", "2014-09-30": "", "2014-06-30": "", "2014-03-31": "", "2013-12-31": "", "2013-09-30": "", "2013-06-30": "", "2013-03-31": "", "2012-12-31": "", "2012-09-30": "", "2012-06-30": "", "2012-03-31": "", "2011-12-31": "", "2011-09-30": "", "2011-06-30": "", "2011-03-31": "", "2010-12-31": "", "2010-09-30": "", "2010-06-30": "", "2010-03-31": "", "2009-12-31": "", "2009-09-30": "", "2009-06-30": "", "2009-03-31": "", "2008-12-31": "", "2008-09-30": "", "2008-06-30": "", "2008-03-31": "", "2007-12-31": "", "2007-09-30": "", "2007-06-30": "", "2007-03-31": "", "2006-12-31": "", "2006-09-30": "", "2006-06-30": "", "2006-03-31": "", "2005-12-31": "", "2005-09-30": "", "2005-06-30": "", "2005-03-31": ""}, "Other Current Assets": {"2020-12-31": "37550.30000", "2020-09-30": "30713.20000", "2020-06-30": "27214.30000", "2020-03-31": "31379.90000", "2019-12-31": "37269.50000", "2019-09-30": "22069.10000", "2019-06-30": "29943.30000", "2019-03-31": "36612.60000", "2018-12-31": "26258.90000", "2018-09-30": "26249.20000", "2018-06-30": "27669.10000", "2018-03-31": "34377.00000", "2017-12-31": "35531.10000", "2017-09-30": "26850.30000", "2017-06-30": "28174.70000", "2017-03-31": "34707.40000", "2016-12-31": "31263.40000", "2016-09-30": "25686.00000", "2016-06-30": "34566.50000", "2016-03-31": "41779.50000", "2015-12-31": "31203.20000", "2015-09-30": "25399.00000", "2015-06-30": "25596.40000", "2015-03-31": "29376.60000", "2014-12-31": "35567.70000", "2014-09-30": "19965.80000", "2014-06-30": "19947.80000", "2014-03-31": "27003.50000", "2013-12-31": "29281.10000", "2013-09-30": "17759.10000", "2013-06-30": "22875.40000", "2013-03-31": "31029.30000", "2012-12-31": "24513.50000", "2012-09-30": "21230.40000", "2012-06-30": "22177.40000", "2012-03-31": "30487.70000", "2011-12-31": "24018.00000", "2011-09-30": "19949.10000", "2011-06-30": "25793.00000", "2011-03-31": "33145.00000", "2010-12-31": "24892.90000", "2010-09-30": "23300.60000", "2010-06-30": "19517.80000", "2010-03-31": "27180.50000", "2009-12-31": "22055.30000", "2009-09-30": "17104.70000", "2009-06-30": "17350.20000", "2009-03-31": "22042.50000", "2008-12-31": "26119.50000", "2008-09-30": "15436.50000", "2008-06-30": "16190.50000", "2008-03-31": "24964.60000", "2007-12-31": "680.10000", "2007-09-30": "545.50000", "2007-06-30": "18937.30000", "2007-03-31": "455.50000", "2006-12-31": "522.80000", "2006-09-30": "511.80000", "2006-06-30": "394.30000", "2006-03-31": "588.60000", "2005-12-31": "573.60000", "2005-09-30": "624.50000", "2005-06-30": "571.40000", "2005-03-31": "559.76800"}, "Total Current Assets": {"2020-12-31": "41662.30000", "2020-09-30": "34815.40000", "2020-06-30": "31564.10000", "2020-03-31": "35708.70000", "2019-12-31": "41365.00000", "2019-09-30": "29508.50000", "2019-06-30": "34342.30000", "2019-03-31": "40924.00000", "2018-12-31": "31682.60000", "2018-09-30": "29955.90000", "2018-06-30": "31823.30000", "2018-03-31": "38714.00000", "2017-12-31": "39350.00000", "2017-09-30": "31002.60000", "2017-06-30": "32658.70000", "2017-03-31": "39514.40000", "2016-12-31": "35808.10000", "2016-09-30": "30124.20000", "2016-06-30": "39500.40000", "2016-03-31": "46819.00000", "2015-12-31": "35659.20000", "2015-09-30": "30176.10000", "2015-06-30": "28809.20000", "2015-03-31": "32792.80000", "2014-12-31": "39116.00000", "2014-09-30": "25793.40000", "2014-06-30": "27493.00000", "2014-03-31": "30532.60000", "2013-12-31": "32301.10000", "2013-09-30": "21035.80000", "2013-06-30": "26214.50000", "2013-03-31": "34433.20000", "2012-12-31": "27552.40000", "2012-09-30": "23972.60000", "2012-06-30": "25272.60000", "2012-03-31": "33553.50000", "2011-12-31": "26727.10000", "2011-09-30": "22454.00000", "2011-06-30": "28583.50000", "2011-03-31": "36083.30000", "2010-12-31": "27371.50000", "2010-09-30": "25679.20000", "2010-06-30": "22316.70000", "2010-03-31": "30315.00000", "2009-12-31": "24926.40000", "2009-09-30": "19718.40000", "2009-06-30": "20705.50000", "2009-03-31": "24482.20000", "2008-12-31": "28657.40000", "2008-09-30": "19349.20000", "2008-06-30": "18808.90000", "2008-03-31": "27820.00000", "2007-12-31": "3091.20000", "2007-09-30": "3078.30000", "2007-06-30": "21853.40000", "2007-03-31": "4056.40000", "2006-12-31": "4292.10000", "2006-09-30": "4591.30000", "2006-06-30": "5482.80000", "2006-03-31": "5024.60000", "2005-12-31": "4431.20000", "2005-09-30": "4233.10000", "2005-06-30": "4869.90000", "2005-03-31": "4489.34000"}, "Property, Plant, And Equipment": {"2020-12-31": "692.70000", "2020-09-30": "701.50000", "2020-06-30": "703.90000", "2020-03-31": "743.10000", "2019-12-31": "761.30000", "2019-09-30": "767.10000", "2019-06-30": "764.20000", "2019-03-31": "765.80000", "2018-12-31": "772.70000", "2018-09-30": "787.70000", "2018-06-30": "793.70000", "2018-03-31": "794.60000", "2017-12-31": "799.90000", "2017-09-30": "800.40000", "2017-06-30": "779.90000", "2017-03-31": "750.60000", "2016-12-31": "733.20000", "2016-09-30": "701.00000", "2016-06-30": "685.00000", "2016-03-31": "668.80000", "2015-12-31": "679.60000", "2015-09-30": "680.30000", "2015-06-30": "672.70000", "2015-03-31": "646.00000", "2014-12-31": "650.30000", "2014-09-30": "650.70000", "2014-06-30": "667.10000", "2014-03-31": "767.50000", "2013-12-31": "739.30000", "2013-09-30": "735.20000", "2013-06-30": "728.60000", "2013-03-31": "716.70000", "2012-12-31": "712.90000", "2012-09-30": "703.90000", "2012-06-30": "706.30000", "2012-03-31": "710.20000", "2011-12-31": "707.90000", "2011-09-30": "708.30000", "2011-06-30": "716.20000", "2011-03-31": "685.40000", "2010-12-31": "676.90000", "2010-09-30": "664.90000", "2010-06-30": "673.80000", "2010-03-31": "690.00000", "2009-12-31": "707.40000", "2009-09-30": "723.50000", "2009-06-30": "734.30000", "2009-03-31": "715.50000", "2008-12-31": "721.00000", "2008-09-30": "730.80000", "2008-06-30": "742.90000", "2008-03-31": "732.60000", "2007-12-31": "731.00000", "2007-09-30": "722.20000", "2007-06-30": "723.80000", "2007-03-31": "710.10000", "2006-12-31": "780.60000", "2006-09-30": "773.50000", "2006-06-30": "700.00000", "2006-03-31": "742.80000", "2005-12-31": "761.90000", "2005-09-30": "728.80000", "2005-06-30": "637.90000", "2005-03-31": "658.20300"}, "Long-Term Investments": {"2020-12-31": "", "2020-09-30": "", "2020-06-30": "", "2020-03-31": "", "2019-12-31": "", "2019-09-30": "", "2019-06-30": "", "2019-03-31": "", "2018-12-31": "", "2018-09-30": "", "2018-06-30": "", "2018-03-31": "", "2017-12-31": "", "2017-09-30": "", "2017-06-30": "", "2017-03-31": "", "2016-12-31": "", "2016-09-30": "7.80000", "2016-06-30": "", "2016-03-31": "7.80000", "2015-12-31": "21.00000", "2015-09-30": "21.30000", "2015-06-30": "28.90000", "2015-03-31": "29.20000", "2014-12-31": "46.30000", "2014-09-30": "46.60000", "2014-06-30": "54.10000", "2014-03-31": "54.30000", "2013-12-31": "59.90000", "2013-09-30": "2549.00000", "2013-06-30": "314.00000", "2013-03-31": "77.00000", "2012-12-31": "82.40000", "2012-09-30": "522.40000", "2012-06-30": "86.90000", "2012-03-31": "96.80000", "2011-12-31": "98.70000", "2011-09-30": "99.70000", "2011-06-30": "98.00000", "2011-03-31": "96.60000", "2010-12-31": "99.30000", "2010-09-30": "99.10000", "2010-06-30": "104.30000", "2010-03-31": "104.10000", "2009-12-31": "90.60000", "2009-09-30": "99.20000", "2009-06-30": "92.40000", "2009-03-31": "77.70000", "2008-12-31": "81.00000", "2008-09-30": "66.10000", "2008-06-30": "76.50000", "2008-03-31": "59.10000", "2007-12-31": "68.20000", "2007-09-30": "301.60000", "2007-06-30": "68.10000", "2007-03-31": "105.90000", "2006-12-31": "155.60000", "2006-09-30": "210.70000", "2006-06-30": "333.70000", "2006-03-31": "353.40000", "2005-12-31": "326.40000", "2005-09-30": "397.20000", "2005-06-30": "447.90000", "2005-03-31": "422.95000"}, "Goodwill And Intangible Assets": {"2020-12-31": "3553.80000", "2020-09-30": "3542.20000", "2020-06-30": "3525.20000", "2020-03-31": "3406.00000", "2019-12-31": "3417.40000", "2019-09-30": "3382.20000", "2019-06-30": "3394.50000", "2019-03-31": "3379.00000", "2018-12-31": "3248.10000", "2018-09-30": "3242.20000", "2018-06-30": "3129.90000", "2018-03-31": "3138.60000", "2017-12-31": "2997.00000", "2017-09-30": "2444.60000", "2017-06-30": "2361.20000", "2017-03-31": "2321.50000", "2016-12-31": "2205.30000", "2016-09-30": "2252.30000", "2016-06-30": "2216.20000", "2016-03-31": "2203.20000", "2015-12-31": "2166.50000", "2015-09-30": "2160.80000", "2015-06-30": "2296.70000", "2015-03-31": "2283.80000", "2014-12-31": "2332.70000", "2014-09-30": "2358.00000", "2014-06-30": "2374.50000", "2014-03-31": "3738.20000", "2013-12-31": "3753.10000", "2013-09-30": "3734.80000", "2013-06-30": "3682.40000", "2013-03-31": "3712.90000", "2012-12-31": "3771.30000", "2012-09-30": "3772.60000", "2012-06-30": "3750.30000", "2012-03-31": "3886.80000", "2011-12-31": "3861.50000", "2011-09-30": "3684.20000", "2011-06-30": "3789.30000", "2011-03-31": "3790.70000", "2010-12-31": "3561.60000", "2010-09-30": "3473.20000", "2010-06-30": "2925.70000", "2010-03-31": "2985.40000", "2009-12-31": "2971.50000", "2009-09-30": "2967.20000", "2009-06-30": "2954.20000", "2009-03-31": "2848.60000", "2008-12-31": "2855.00000", "2008-09-30": "2973.90000", "2008-06-30": "3063.80000", "2008-03-31": "3079.90000", "2007-12-31": "3094.60000", "2007-09-30": "3063.20000", "2007-06-30": "3041.60000", "2007-03-31": "3034.50000", "2006-12-31": "3491.70000", "2006-09-30": "3092.30000", "2006-06-30": "2502.40000", "2006-03-31": "3092.80000", "2005-12-31": "3382.70000", "2005-09-30": "3122.60000", "2005-06-30": "2761.50000", "2005-03-31": "3163.78300"}, "Other Long-Term Assets": {"2020-12-31": "483.50000", "2020-09-30": "438.00000", "2020-06-30": "458.40000", "2020-03-31": "579.90000", "2019-12-31": "596.59990", "2019-09-30": "1129.40000", "2019-06-30": "934.40000", "2019-03-31": "740.30000", "2018-12-31": "739.70000", "2018-09-30": "1053.40000", "2018-06-30": "699.30000", "2018-03-31": "1391.00000", "2017-12-31": "1371.20000", "2017-09-30": "1386.20000", "2017-06-30": "1352.20000", "2017-03-31": "1242.40000", "2016-12-31": "1228.20000", "2016-09-30": "1225.50000", "2016-06-30": "1241.30000", "2016-03-31": "1399.30000", "2015-12-31": "1341.90000", "2015-09-30": "1309.20000", "2015-06-30": "1270.80000", "2015-03-31": "1324.20000", "2014-12-31": "1325.80000", "2014-09-30": "1326.70000", "2014-06-30": "1315.70000", "2014-03-31": "1355.00000", "2013-12-31": "1320.90000", "2013-09-30": "1286.50000", "2013-06-30": "1189.90000", "2013-03-31": "1089.80000", "2012-12-31": "1075.40000", "2012-09-30": "1041.90000", "2012-06-30": "871.50000", "2012-03-31": "1001.70000", "2011-12-31": "964.00000", "2011-09-30": "949.20000", "2011-06-30": "922.60000", "2011-03-31": "815.10000", "2010-12-31": "823.30000", "2010-09-30": "835.60000", "2010-06-30": "712.30000", "2010-03-31": "757.90000", "2009-12-31": "761.00000", "2009-09-30": "780.10000", "2009-06-30": "702.70000", "2009-03-31": "865.80000", "2008-12-31": "798.00000", "2008-09-30": "799.70000", "2008-06-30": "808.30000", "2008-03-31": "843.90000", "2007-12-31": "20329.20000", "2007-09-30": "18303.60000", "2007-06-30": "735.50000", "2007-03-31": "24810.90000", "2006-12-31": "22695.80000", "2006-09-30": "17337.60000", "2006-06-30": "18255.80000", "2006-03-31": "23235.50000", "2005-12-31": "20554.20000", "2005-09-30": "16158.20000", "2005-06-30": "18711.30000", "2005-03-31": "23845.26000"}, "Total Long-Term Assets": {"2020-12-31": "7663.60000", "2020-09-30": "7574.70000", "2020-06-30": "7601.40000", "2020-03-31": "7674.70000", "2019-12-31": "7694.40000", "2019-09-30": "8206.20000", "2019-06-30": "7545.40000", "2019-03-31": "7272.30000", "2018-12-31": "7123.70000", "2018-09-30": "7460.80000", "2018-06-30": "7025.80000", "2018-03-31": "5351.50000", "2017-12-31": "5195.50000", "2017-09-30": "4658.50000", "2017-06-30": "4521.30000", "2017-03-31": "4341.50000", "2016-12-31": "4191.30000", "2016-09-30": "4213.20000", "2016-06-30": "4169.60000", "2016-03-31": "4306.60100", "2015-12-31": "4240.30000", "2015-09-30": "4204.20000", "2015-06-30": "4301.30000", "2015-03-31": "4314.50000", "2014-12-31": "4387.10000", "2014-09-30": "4414.70000", "2014-06-30": "4566.80000", "2014-03-31": "6063.90000", "2013-12-31": "6020.70000", "2013-09-30": "8445.50000", "2013-06-30": "6053.60000", "2013-03-31": "5733.10000", "2012-12-31": "5777.60000", "2012-09-30": "6171.50000", "2012-06-30": "5544.80000", "2012-03-31": "5822.60000", "2011-12-31": "5757.30000", "2011-09-30": "5566.20000", "2011-06-30": "5654.80000", "2011-03-31": "5513.10000", "2010-12-31": "5288.80000", "2010-09-30": "5199.70000", "2010-06-30": "4545.50000", "2010-03-31": "4671.20000", "2009-12-31": "4672.50000", "2009-09-30": "4717.70000", "2009-06-30": "4646.20000", "2009-03-31": "4692.20000", "2008-12-31": "4703.60000", "2008-09-30": "4827.70000", "2008-06-30": "4925.50000", "2008-03-31": "4955.50000", "2007-12-31": "24454.50000", "2007-09-30": "22625.00000", "2007-06-30": "4795.50000", "2007-03-31": "28866.50000", "2006-12-31": "27320.10000", "2006-09-30": "21618.00000", "2006-06-30": "22007.30000", "2006-03-31": "27618.60000", "2005-12-31": "25212.00000", "2005-09-30": "20593.30000", "2005-06-30": "22745.50000", "2005-03-31": "28283.39000"}, "Total Assets": {"2020-12-31": "49325.90000", "2020-09-30": "42390.10000", "2020-06-30": "39165.50000", "2020-03-31": "43383.40000", "2019-12-31": "49059.40000", "2019-09-30": "37714.70000", "2019-06-30": "41887.70000", "2019-03-31": "48196.30000", "2018-12-31": "38806.30000", "2018-09-30": "37416.70000", "2018-06-30": "38849.10000", "2018-03-31": "44065.50000", "2017-12-31": "44545.50000", "2017-09-30": "35661.10000", "2017-06-30": "37180.00000", "2017-03-31": "43855.90000", "2016-12-31": "39999.40000", "2016-09-30": "34337.40000", "2016-06-30": "43670.00000", "2016-03-31": "51125.60000", "2015-12-31": "39899.50000", "2015-09-30": "34380.30000", "2015-06-30": "33110.50000", "2015-03-31": "37107.30000", "2014-12-31": "43503.10000", "2014-09-30": "30208.10000", "2014-06-30": "32059.80000", "2014-03-31": "36596.50000", "2013-12-31": "38321.80000", "2013-09-30": "29481.30000", "2013-06-30": "32268.10000", "2013-03-31": "40166.30000", "2012-12-31": "33330.00000", "2012-09-30": "30144.10000", "2012-06-30": "30817.40000", "2012-03-31": "39376.10000", "2011-12-31": "32484.40000", "2011-09-30": "28020.20000", "2011-06-30": "34238.30000", "2011-03-31": "41596.40000", "2010-12-31": "32660.30000", "2010-09-30": "30878.90000", "2010-06-30": "26862.20000", "2010-03-31": "34986.20000", "2009-12-31": "29598.90000", "2009-09-30": "24436.10000", "2009-06-30": "25351.70000", "2009-03-31": "29174.40000", "2008-12-31": "33361.00000", "2008-09-30": "24176.90000", "2008-06-30": "23734.40000", "2008-03-31": "32775.50000", "2007-12-31": "27545.70000", "2007-09-30": "25703.30000", "2007-06-30": "26648.90000", "2007-03-31": "32922.90000", "2006-12-31": "31612.20000", "2006-09-30": "26209.30000", "2006-06-30": "27490.10000", "2006-03-31": "32643.20000", "2005-12-31": "29643.20000", "2005-09-30": "24826.40000", "2005-06-30": "27615.40000", "2005-03-31": "32772.73000"}, "Total Current Liabilities": {"2020-12-31": "39176.50000", "2020-09-30": "32329.60000", "2020-06-30": "30126.60000", "2020-03-31": "34672.80000", "2019-12-31": "40522.40000", "2019-09-30": "29200.90000", "2019-06-30": "32627.70000", "2019-03-31": "39166.00000", "2018-12-31": "30296.90000", "2018-09-30": "29037.30000", "2018-06-30": "30412.70000", "2018-03-31": "36741.20000", "2017-12-31": "37250.90000", "2017-09-30": "28286.60000", "2017-06-30": "29815.90000", "2017-03-31": "36418.50000", "2016-12-31": "32956.30000", "2016-09-30": "26719.30000", "2016-06-30": "35847.40000", "2016-03-31": "43250.40000", "2015-12-31": "32468.10000", "2015-09-30": "26587.30000", "2015-06-30": "27113.70000", "2015-03-31": "30714.70000", "2014-12-31": "36770.20000", "2014-09-30": "23159.30000", "2014-06-30": "24167.60000", "2014-03-31": "28578.20000", "2013-12-31": "30645.00000", "2013-09-30": "21899.40000", "2013-06-30": "24732.80000", "2013-03-31": "32118.50000", "2012-12-31": "25438.50000", "2012-09-30": "22351.10000", "2012-06-30": "23252.70000", "2012-03-31": "31423.90000", "2011-12-31": "24797.50000", "2011-09-30": "20511.80000", "2011-06-30": "26786.80000", "2011-03-31": "33974.10000", "2010-12-31": "25492.90000", "2010-09-30": "23677.30000", "2010-06-30": "20052.20000", "2010-03-31": "27742.00000", "2009-12-31": "22560.50000", "2009-09-30": "17444.00000", "2009-06-30": "18763.40000", "2009-03-31": "22864.70000", "2008-12-31": "27227.60000", "2008-09-30": "18080.40000", "2008-06-30": "17341.60000", "2008-03-31": "25862.80000", "2007-12-31": "1752.90000", "2007-09-30": "1958.10000", "2007-06-30": "20463.80000", "2007-03-31": "1765.30000", "2006-12-31": "2551.50000", "2006-09-30": "2587.10000", "2006-06-30": "2674.20000", "2006-03-31": "2879.40000", "2005-12-31": "2796.50000", "2005-09-30": "2532.20000", "2005-06-30": "2861.80000", "2005-03-31": "2754.27700"}, "Long Term Debt": {"2020-12-31": "1994.10000", "2020-09-30": "1993.90000", "2020-06-30": "1002.80000", "2020-03-31": "1002.80000", "2019-12-31": "1003.00000", "2019-09-30": "1003.40000", "2019-06-30": "2002.20000", "2019-03-31": "2002.30000", "2018-12-31": "2002.30000", "2018-09-30": "2002.40000", "2018-06-30": "2002.40000", "2018-03-31": "2002.40000", "2017-12-31": "2002.40000", "2017-09-30": "2002.10000", "2017-06-30": "2002.40000", "2017-03-31": "2002.50000", "2016-12-31": "2002.50000", "2016-09-30": "2007.70000", "2016-06-30": "2007.70000", "2016-03-31": "2007.70000", "2015-12-31": "1994.80000", "2015-09-30": "1995.20000", "2015-06-30": "9.20000", "2015-03-31": "9.70000", "2014-12-31": "10.30000", "2014-09-30": "10.90000", "2014-06-30": "11.50000", "2014-03-31": "12.10000", "2013-12-31": "12.60000", "2013-09-30": "14.20000", "2013-06-30": "14.70000", "2013-03-31": "15.30000", "2012-12-31": "15.80000", "2012-09-30": "16.30000", "2012-06-30": "16.80000", "2012-03-31": "17.30000", "2011-12-31": "25.50000", "2011-09-30": "26.00000", "2011-06-30": "34.20000", "2011-03-31": "34.60000", "2010-12-31": "35.10000", "2010-09-30": "35.60000", "2010-06-30": "39.80000", "2010-03-31": "41.30000", "2009-12-31": "41.80000", "2009-09-30": "42.20000", "2009-06-30": "42.70000", "2009-03-31": "43.10000", "2008-12-31": "51.20000", "2008-09-30": "39.20000", "2008-06-30": "52.10000", "2008-03-31": "52.50000", "2007-12-31": "36.69920", "2007-09-30": "43.50000", "2007-06-30": "43.50000", "2007-03-31": "43.59960", "2006-12-31": "73.80080", "2006-09-30": "74.40040", "2006-06-30": "74.30080", "2006-03-31": "74.30080", "2005-12-31": "74.40040", "2005-09-30": "76.09960", "2005-06-30": "75.69920", "2005-03-31": "75.93750"}, "Other Non-Current Liabilities": {"2020-12-31": "812.50000", "2020-09-30": "813.90000", "2020-06-30": "837.00000", "2020-03-31": "745.60000", "2019-12-31": "726.00000", "2019-09-30": "707.90000", "2019-06-30": "798.70000", "2019-03-31": "759.80000", "2018-12-31": "752.50000", "2018-09-30": "736.40000", "2018-06-30": "728.00000", "2018-03-31": "795.80000", "2017-12-31": "824.80000", "2017-09-30": "835.50000", "2017-06-30": "830.20000", "2017-03-31": "836.10000", "2016-12-31": "770.60000", "2016-09-30": "734.00000", "2016-06-30": "701.10000", "2016-03-31": "707.50000", "2015-12-31": "675.50000", "2015-09-30": "648.00000", "2015-06-30": "644.30000", "2015-03-31": "621.50000", "2014-12-31": "629.60000", "2014-09-30": "616.70000", "2014-06-30": "619.40000", "2014-03-31": "627.60000", "2013-12-31": "623.60000", "2013-09-30": "612.70000", "2013-06-30": "603.10000", "2013-03-31": "599.00000", "2012-12-31": "610.10000", "2012-09-30": "606.80000", "2012-06-30": "585.90000", "2012-03-31": "585.10000", "2011-12-31": "605.30000", "2011-09-30": "582.10000", "2011-06-30": "556.20000", "2011-03-31": "551.60000", "2010-12-31": "530.30000", "2010-09-30": "512.50000", "2010-06-30": "528.00000", "2010-03-31": "474.50000", "2009-12-31": "444.90000", "2009-09-30": "461.90000", "2009-06-30": "477.10000", "2009-03-31": "588.00000", "2008-12-31": "606.20000", "2008-09-30": "605.50000", "2008-06-30": "587.90000", "2008-03-31": "576.90000", "2007-12-31": "19906.60000", "2007-09-30": "18108.70000", "2007-06-30": "390.50000", "2007-03-31": "24454.90000", "2006-12-31": "22363.00000", "2006-09-30": "16993.70000", "2006-06-30": "18148.20000", "2006-03-31": "22960.20000", "2005-12-31": "20243.10000", "2005-09-30": "15783.90000", "2005-06-30": "18192.60000", "2005-03-31": "23456.46000"}, "Total Long Term Liabilities": {"2020-12-31": "4249.40000", "2020-09-30": "4251.60000", "2020-06-30": "3286.70000", "2020-03-31": "3219.90000", "2019-12-31": "3172.60000", "2019-09-30": "3153.10000", "2019-06-30": "3860.10000", "2019-03-31": "3784.10000", "2018-12-31": "3745.50000", "2018-09-30": "3700.60000", "2018-06-30": "3700.50000", "2018-03-31": "3295.10000", "2017-12-31": "3363.40000", "2017-09-30": "3421.10000", "2017-06-30": "3387.10000", "2017-03-31": "3334.30000", "2016-12-31": "3228.00000", "2016-09-30": "3368.00000", "2016-06-30": "3341.00000", "2016-03-31": "3372.00000", "2015-12-31": "3225.20000", "2015-09-30": "3162.80000", "2015-06-30": "1188.30000", "2015-03-31": "1214.50000", "2014-12-31": "1240.70000", "2014-09-30": "1221.50000", "2014-06-30": "1222.00000", "2014-03-31": "1402.20000", "2013-12-31": "1418.30000", "2013-09-30": "1389.10000", "2013-06-30": "1345.40000", "2013-03-31": "1486.70000", "2012-12-31": "1496.20000", "2012-09-30": "1500.30000", "2012-06-30": "1450.70000", "2012-03-31": "1495.60000", "2011-12-31": "1504.50000", "2011-09-30": "1489.20000", "2011-06-30": "1441.10000", "2011-03-31": "1427.80000", "2010-12-31": "1391.80000", "2010-09-30": "1444.90000", "2010-06-30": "1331.10000", "2010-03-31": "1305.90000", "2009-12-31": "1290.50000", "2009-09-30": "1338.10000", "2009-06-30": "1265.70000", "2009-03-31": "1317.20000", "2008-12-31": "1295.70000", "2008-09-30": "1235.20000", "2008-06-30": "1305.60000", "2008-03-31": "1413.90000", "2007-12-31": "20615.20000", "2007-09-30": "18747.30000", "2007-06-30": "1037.20000", "2007-03-31": "25168.90000", "2006-12-31": "23154.20000", "2006-09-30": "17774.30000", "2006-06-30": "18804.30000", "2006-03-31": "23720.00000", "2005-12-31": "20990.80000", "2005-09-30": "16565.50000", "2005-06-30": "18969.70000", "2005-03-31": "24248.81000"}, "Total Liabilities": {"2020-12-31": "43425.90000", "2020-09-30": "36581.20000", "2020-06-30": "33413.30000", "2020-03-31": "37892.70000", "2019-12-31": "43695.00000", "2019-09-30": "32354.00000", "2019-06-30": "36487.80000", "2019-03-31": "42950.10000", "2018-12-31": "34042.40000", "2018-09-30": "32737.90000", "2018-06-30": "34113.20000", "2018-03-31": "40036.30000", "2017-12-31": "40614.30000", "2017-09-30": "31707.70000", "2017-06-30": "33203.00000", "2017-03-31": "39752.80000", "2016-12-31": "36184.30000", "2016-09-30": "30087.30000", "2016-06-30": "39188.40000", "2016-03-31": "46622.40000", "2015-12-31": "35693.30000", "2015-09-30": "29750.10000", "2015-06-30": "28302.00000", "2015-03-31": "31929.20000", "2014-12-31": "38010.90000", "2014-09-30": "24380.80000", "2014-06-30": "25389.60000", "2014-03-31": "29980.40000", "2013-12-31": "32063.30000", "2013-09-30": "23288.50000", "2013-06-30": "26078.20000", "2013-03-31": "33605.20000", "2012-12-31": "26934.70000", "2012-09-30": "23851.40000", "2012-06-30": "24703.40000", "2012-03-31": "32919.50000", "2011-12-31": "26302.00000", "2011-09-30": "22001.00000", "2011-06-30": "28227.90000", "2011-03-31": "35401.90000", "2010-12-31": "26884.70000", "2010-09-30": "25122.20000", "2010-06-30": "21383.30000", "2010-03-31": "29047.90000", "2009-12-31": "23851.00000", "2009-09-30": "18782.10000", "2009-06-30": "20029.10000", "2009-03-31": "24181.90000", "2008-12-31": "28523.30000", "2008-09-30": "19315.60000", "2008-06-30": "18647.20000", "2008-03-31": "27276.70000", "2007-12-31": "22368.10000", "2007-09-30": "20705.40000", "2007-06-30": "21501.00000", "2007-03-31": "26934.20000", "2006-12-31": "25705.70000", "2006-09-30": "20361.40000", "2006-06-30": "21478.50000", "2006-03-31": "26599.40000", "2005-12-31": "23787.30000", "2005-09-30": "19097.70000", "2005-06-30": "21831.50000", "2005-03-31": "27003.09000"}, "Common Stock Net": {"2020-12-31": "63.90000", "2020-09-30": "63.90000", "2020-06-30": "63.90000", "2020-03-31": "63.90000", "2019-12-31": "63.90000", "2019-09-30": "63.90000", "2019-06-30": "63.90000", "2019-03-31": "63.90000", "2018-12-31": "63.90000", "2018-09-30": "63.90000", "2018-06-30": "63.90000", "2018-03-31": "63.90000", "2017-12-31": "63.90000", "2017-09-30": "63.90000", "2017-06-30": "63.90000", "2017-03-31": "63.90000", "2016-12-31": "63.90000", "2016-09-30": "63.90000", "2016-06-30": "63.90000", "2016-03-31": "63.90000", "2015-12-31": "63.90000", "2015-09-30": "63.90000", "2015-06-30": "63.90000", "2015-03-31": "63.90000", "2014-12-31": "63.90000", "2014-09-30": "63.90000", "2014-06-30": "63.90000", "2014-03-31": "63.90000", "2013-12-31": "63.90000", "2013-09-30": "63.90000", "2013-06-30": "63.90000", "2013-03-31": "63.90000", "2012-12-31": "63.90000", "2012-09-30": "63.90000", "2012-06-30": "63.90000", "2012-03-31": "63.90000", "2011-12-31": "63.90000", "2011-09-30": "63.90000", "2011-06-30": "63.90000", "2011-03-31": "63.90000", "2010-12-31": "63.90000", "2010-09-30": "63.90000", "2010-06-30": "63.90000", "2010-03-31": "63.90000", "2009-12-31": "63.90000", "2009-09-30": "63.90000", "2009-06-30": "63.90000", "2009-03-31": "63.90000", "2008-12-31": "63.90000", "2008-09-30": "63.90000", "2008-06-30": "63.90000", "2008-03-31": "63.90000", "2007-12-31": "63.90000", "2007-09-30": "63.90000", "2007-06-30": "63.90000", "2007-03-31": "63.90000", "2006-12-31": "63.90000", "2006-09-30": "63.90000", "2006-06-30": "63.90000", "2006-03-31": "63.90000", "2005-12-31": "63.90000", "2005-09-30": "63.90000", "2005-06-30": "63.90000", "2005-03-31": "63.87000"}, "Retained Earnings (Accumulated Deficit)": {"2020-12-31": "18893.60000", "2020-09-30": "18644.70000", "2020-06-30": "18436.30000", "2020-03-31": "18416.50000", "2019-12-31": "17987.60000", "2019-09-30": "17729.60000", "2019-06-30": "17500.60000", "2019-03-31": "17368.60000", "2018-12-31": "16959.10000", "2018-09-30": "16741.10000", "2018-06-30": "16546.60000", "2018-03-31": "15466.10000", "2017-12-31": "15060.10000", "2017-09-30": "14872.40000", "2017-06-30": "14728.20000", "2017-03-31": "14717.70000", "2016-12-31": "14384.70000", "2016-09-30": "14130.20000", "2016-06-30": "14003.30000", "2016-03-31": "13957.20000", "2015-12-31": "13666.30000", "2015-09-30": "13568.60000", "2015-06-30": "13460.30000", "2015-03-31": "13348.30000", "2014-12-31": "13090.20000", "2014-09-30": "12990.00000", "2014-06-30": "13632.90000", "2014-03-31": "13575.10000", "2013-12-31": "13285.00000", "2013-09-30": "13139.30000", "2013-06-30": "13020.30000", "2013-03-31": "13003.60000", "2012-12-31": "12732.00000", "2012-09-30": "12552.00000", "2012-06-30": "12438.30000", "2012-03-31": "12371.50000", "2011-12-31": "12112.60000", "2011-09-30": "11930.70000", "2011-06-30": "11803.90000", "2011-03-31": "11739.50000", "2010-12-31": "11495.00000", "2010-09-30": "11362.90000", "2010-06-30": "11252.00000", "2010-03-31": "11211.60000", "2009-12-31": "10979.20000", "2009-09-30": "10835.00000", "2009-06-30": "10716.60000", "2009-03-31": "10529.40000", "2008-12-31": "10292.40000", "2008-09-30": "10158.80000", "2008-06-30": "10029.80000", "2008-03-31": "9952.90000", "2007-12-31": "9684.50000", "2007-09-30": "9556.10000", "2007-06-30": "9378.50000", "2007-03-31": "9220.20000", "2006-12-31": "9438.00000", "2006-09-30": "9266.60000", "2006-06-30": "9111.40000", "2006-03-31": "8512.90000", "2005-12-31": "8249.30000", "2005-09-30": "8096.50000", "2005-06-30": "7966.00000", "2005-03-31": "7821.01000"}, "Comprehensive Income": {"2020-12-31": "40.30000", "2020-09-30": "15.90000", "2020-06-30": "-14.80000", "2020-03-31": "-234.40000", "2019-12-31": "-231.20000", "2019-09-30": "-233.90000", "2019-06-30": "-257.30000", "2019-03-31": "-411.90000", "2018-12-31": "-615.00000", "2018-09-30": "-740.10000", "2018-06-30": "-679.80000", "2018-03-31": "-638.80000", "2017-12-31": "-432.60000", "2017-09-30": "-344.60000", "2017-06-30": "-379.20000", "2017-03-31": "-513.20000", "2016-12-31": "-566.70000", "2016-09-30": "-246.40000", "2016-06-30": "-215.10000", "2016-03-31": "-160.00000", "2015-12-31": "-379.10000", "2015-09-30": "-247.40000", "2015-06-30": "-260.60000", "2015-03-31": "-137.00000", "2014-12-31": "-114.70000", "2014-09-30": "-74.10000", "2014-06-30": "178.20000", "2014-03-31": "41.00000", "2013-12-31": "10.70000", "2013-09-30": "70.50000", "2013-06-30": "15.40000", "2013-03-31": "209.30000", "2012-12-31": "314.20000", "2012-09-30": "349.40000", "2012-06-30": "230.20000", "2012-03-31": "359.70000", "2011-12-31": "339.50000", "2011-09-30": "406.50000", "2011-06-30": "367.10000", "2011-03-31": "198.90000", "2010-12-31": "197.50000", "2010-09-30": "382.50000", "2010-06-30": "209.50000", "2010-03-31": "266.70000", "2009-12-31": "311.10000", "2009-09-30": "339.90000", "2009-06-30": "156.00000", "2009-03-31": "25.00000", "2008-12-31": "43.90000", "2008-09-30": "50.00000", "2008-06-30": "276.20000", "2008-03-31": "478.10000", "2007-12-31": "317.10000", "2007-09-30": "80.80000", "2007-06-30": "-33.40000", "2007-03-31": "25.40000", "2006-12-31": "16.70000", "2006-09-30": "16.40000", "2006-06-30": "-126.30000", "2006-03-31": "-151.30000", "2005-12-31": "-111.90000", "2005-09-30": "-42.90000", "2005-06-30": "14.10000", "2005-03-31": "14.02800"}, "Other Share Holders Equity": {"2020-12-31": "", "2020-09-30": "", "2020-06-30": "", "2020-03-31": "", "2019-12-31": "", "2019-09-30": "", "2019-06-30": "", "2019-03-31": "", "2018-12-31": "", "2018-09-30": "", "2018-06-30": "", "2018-03-31": "", "2017-12-31": "", "2017-09-30": "", "2017-06-30": "", "2017-03-31": "", "2016-12-31": "", "2016-09-30": "", "2016-06-30": "", "2016-03-31": "", "2015-12-31": "", "2015-09-30": "", "2015-06-30": "", "2015-03-31": "", "2014-12-31": "", "2014-09-30": "", "2014-06-30": "", "2014-03-31": "", "2013-12-31": "", "2013-09-30": "", "2013-06-30": "", "2013-03-31": "", "2012-12-31": "", "2012-09-30": "", "2012-06-30": "", "2012-03-31": "", "2011-12-31": "", "2011-09-30": "", "2011-06-30": "", "2011-03-31": "", "2010-12-31": "", "2010-09-30": "", "2010-06-30": "", "2010-03-31": "", "2009-12-31": "", "2009-09-30": "", "2009-06-30": "", "2009-03-31": "", "2008-12-31": "", "2008-09-30": "", "2008-06-30": "", "2008-03-31": "", "2007-12-31": "", "2007-09-30": "", "2007-06-30": "", "2007-03-31": "", "2006-12-31": "", "2006-09-30": "", "2006-06-30": "", "2006-03-31": "", "2005-12-31": "", "2005-09-30": "", "2005-06-30": "", "2005-03-31": ""}, "Share Holder Equity": {"2020-12-31": "5900.00000", "2020-09-30": "5808.90000", "2020-06-30": "5752.20000", "2020-03-31": "5490.70000", "2019-12-31": "5364.40000", "2019-09-30": "5360.70000", "2019-06-30": "5399.90000", "2019-03-31": "5246.20000", "2018-12-31": "4763.90000", "2018-09-30": "4678.80000", "2018-06-30": "4735.90000", "2018-03-31": "4029.20000", "2017-12-31": "3931.20000", "2017-09-30": "3953.40000", "2017-06-30": "3977.00000", "2017-03-31": "4103.10000", "2016-12-31": "3815.10000", "2016-09-30": "4250.10000", "2016-06-30": "4481.60000", "2016-03-31": "4503.20000", "2015-12-31": "4206.20000", "2015-09-30": "4630.20000", "2015-06-30": "4808.50000", "2015-03-31": "5178.10000", "2014-12-31": "5492.20000", "2014-09-30": "5827.30000", "2014-06-30": "6670.20000", "2014-03-31": "6616.10000", "2013-12-31": "6258.50000", "2013-09-30": "6192.80000", "2013-06-30": "6189.90000", "2013-03-31": "6561.10000", "2012-12-31": "6395.30000", "2012-09-30": "6292.70000", "2012-06-30": "6114.00000", "2012-03-31": "6456.60000", "2011-12-31": "6182.40000", "2011-09-30": "6019.20000", "2011-06-30": "6010.40000", "2011-03-31": "6194.50000", "2010-12-31": "5775.60000", "2010-09-30": "5756.70000", "2010-06-30": "5478.90000", "2010-03-31": "5938.30000", "2009-12-31": "5747.90000", "2009-09-30": "5654.00000", "2009-06-30": "5322.60000", "2009-03-31": "4992.50000", "2008-12-31": "4837.70000", "2008-09-30": "4861.30000", "2008-06-30": "5087.20000", "2008-03-31": "5498.80000", "2007-12-31": "5177.60000", "2007-09-30": "4997.90000", "2007-06-30": "5147.90000", "2007-03-31": "5988.70000", "2006-12-31": "5906.50000", "2006-09-30": "5847.90000", "2006-06-30": "6011.60000", "2006-03-31": "6043.80000", "2005-12-31": "5855.90000", "2005-09-30": "5728.70000", "2005-06-30": "5783.90000", "2005-03-31": "5769.64200"}, "Total Liabilities And Share Holders Equity": {"2020-12-31": "49325.90000", "2020-09-30": "42390.10000", "2020-06-30": "39165.50000", "2020-03-31": "43383.40000", "2019-12-31": "49059.40000", "2019-09-30": "37714.70000", "2019-06-30": "41887.70000", "2019-03-31": "48196.30000", "2018-12-31": "38806.30000", "2018-09-30": "37416.70000", "2018-06-30": "38849.10000", "2018-03-31": "44065.50000", "2017-12-31": "44545.50000", "2017-09-30": "35661.10000", "2017-06-30": "37180.00000", "2017-03-31": "43855.90000", "2016-12-31": "39999.40000", "2016-09-30": "34337.40000", "2016-06-30": "43670.00000", "2016-03-31": "51125.60000", "2015-12-31": "39899.50000", "2015-09-30": "34380.30000", "2015-06-30": "33110.50000", "2015-03-31": "37107.30000", "2014-12-31": "43503.10000", "2014-09-30": "30208.10000", "2014-06-30": "32059.80000", "2014-03-31": "36596.50000", "2013-12-31": "38321.80000", "2013-09-30": "29481.30000", "2013-06-30": "32268.10000", "2013-03-31": "40166.30000", "2012-12-31": "33330.00000", "2012-09-30": "30144.10000", "2012-06-30": "30817.40000", "2012-03-31": "39376.10000", "2011-12-31": "32484.40000", "2011-09-30": "28020.20000", "2011-06-30": "34238.30000", "2011-03-31": "41596.40000", "2010-12-31": "32660.30000", "2010-09-30": "30878.90000", "2010-06-30": "26862.20000", "2010-03-31": "34986.20000", "2009-12-31": "29598.90000", "2009-09-30": "24436.10000", "2009-06-30": "25351.70000", "2009-03-31": "29174.40000", "2008-12-31": "33361.00000", "2008-09-30": "24176.90000", "2008-06-30": "23734.40000", "2008-03-31": "32775.50000", "2007-12-31": "27545.70000", "2007-09-30": "25703.30000", "2007-06-30": "26648.90000", "2007-03-31": "32922.90000", "2006-12-31": "31612.20000", "2006-09-30": "26209.30000", "2006-06-30": "27490.10000", "2006-03-31": "32643.20000", "2005-12-31": "29643.20000", "2005-09-30": "24826.40000", "2005-06-30": "27615.40000", "2005-03-31": "32772.73000"}}, "cash flow statement": {"Net Income/Loss": {"2020-06-30": "2466.50000", "2019-06-30": "2292.80000", "2018-06-30": "1884.90000", "2017-06-30": "1787.80000", "2016-06-30": "1492.50000", "2015-06-30": "1452.50000", "2014-06-30": "1515.90000", "2013-06-30": "1405.80000", "2012-06-30": "1388.50000", "2011-06-30": "1254.20000", "2010-06-30": "1211.40000", "2009-06-30": "1332.60000", "2008-06-30": "1235.70000", "2007-06-30": "1138.70000", "2006-06-30": "1554.00000", "2005-06-30": "1055.40000"}, "Total Depreciation And Amortization - Cash Flow": {"2020-06-30": "1445.20000", "2019-06-30": "1333.10000", "2018-06-30": "1286.50000", "2017-06-30": "1189.90000", "2016-06-30": "382.70000", "2015-06-30": "378.20000", "2014-06-30": "361.00000", "2013-06-30": "330.50000", "2012-06-30": "379.30000", "2011-06-30": "368.20000", "2010-06-30": "366.50000", "2009-06-30": "366.00000", "2008-06-30": "361.00000", "2007-06-30": "329.30000", "2006-06-30": "321.40000", "2005-06-30": "345.60000"}, "Other Non-Cash Items": {"2020-06-30": "234.50000", "2019-06-30": "268.20000", "2018-06-30": "385.30000", "2017-06-30": "120.10000", "2016-06-30": "151.00000", "2015-06-30": "292.30000", "2014-06-30": "88.00000", "2013-06-30": "193.80000", "2012-06-30": "111.00000", "2011-06-30": "250.00000", "2010-06-30": "221.60000", "2009-06-30": "124.50000", "2008-06-30": "81.40000", "2007-06-30": "218.40000", "2006-06-30": "8.00000", "2005-06-30": "-58.80000"}, "Total Non-Cash Items": {"2020-06-30": "1679.70000", "2019-06-30": "1601.30000", "2018-06-30": "1671.80000", "2017-06-30": "1310.00000", "2016-06-30": "533.70010", "2015-06-30": "670.50000", "2014-06-30": "449.00000", "2013-06-30": "524.30000", "2012-06-30": "490.30000", "2011-06-30": "618.20000", "2010-06-30": "588.10000", "2009-06-30": "490.50000", "2008-06-30": "442.40000", "2007-06-30": "547.70000", "2006-06-30": "329.40000", "2005-06-30": "286.80000"}, "Change In Accounts Receivable": {"2020-06-30": "-113.80000", "2019-06-30": "-473.90000", "2018-06-30": "-291.80000", "2017-06-30": "23.40000", "2016-06-30": "-224.60000", "2015-06-30": "-175.10000", "2014-06-30": "-170.70000", "2013-06-30": "-183.70000", "2012-06-30": "-41.70000", "2011-06-30": "-137.30000", "2010-06-30": "-108.80000", "2009-06-30": "-152.60000", "2008-06-30": "36.60000", "2007-06-30": "-255.60000", "2006-06-30": "-8.40000", "2005-06-30": "10.50000"}, "Change In Inventories": {"2020-06-30": "", "2019-06-30": "", "2018-06-30": "", "2017-06-30": "", "2016-06-30": "", "2015-06-30": "", "2014-06-30": "", "2013-06-30": "", "2012-06-30": "", "2011-06-30": "", "2010-06-30": "", "2009-06-30": "", "2008-06-30": "", "2007-06-30": "", "2006-06-30": "", "2005-06-30": ""}, "Change In Accounts Payable": {"2020-06-30": "-18.30000", "2019-06-30": "-10.70000", "2018-06-30": "-1.90000", "2017-06-30": "-11.60000", "2016-06-30": "-15.90000", "2015-06-30": "13.10000", "2014-06-30": "9.60000", "2013-06-30": "-10.60000", "2012-06-30": "10.30000", "2011-06-30": "-24.60000", "2010-06-30": "34.70000", "2009-06-30": "-9.70000", "2008-06-30": "9.70000", "2007-06-30": "-1.50000", "2006-06-30": "3.20000", "2005-06-30": ""}, "Change In Assets/Liabilities": {"2020-06-30": "-910.40000", "2019-06-30": "-987.20000", "2018-06-30": "-858.30000", "2017-06-30": "-1139.40000", "2016-06-30": "-108.90000", "2015-06-30": "-109.10000", "2014-06-30": "-246.20000", "2013-06-30": "-273.80000", "2012-06-30": "-71.70000", "2011-06-30": "-82.10000", "2010-06-30": "30.00000", "2009-06-30": "-85.60000", "2008-06-30": "-40.60000", "2007-06-30": "-88.00000", "2006-06-30": "28.20000", "2005-06-30": "-134.90000"}, "Total Change In Assets/Liabilities": {"2020-06-30": "-1120.00000", "2019-06-30": "-1205.80000", "2018-06-30": "-1041.50000", "2017-06-30": "-971.90000", "2016-06-30": "-128.90000", "2015-06-30": "-149.00000", "2014-06-30": "-143.50000", "2013-06-30": "-352.90000", "2012-06-30": "31.40000", "2011-06-30": "-166.60000", "2010-06-30": "-117.40000", "2009-06-30": "-260.50000", "2008-06-30": "94.10000", "2007-06-30": "-388.40000", "2006-06-30": "-70.90000", "2005-06-30": "91.30000"}, "Cash Flow From Operating Activities": {"2020-06-30": "3026.20000", "2019-06-30": "2688.30000", "2018-06-30": "2515.20000", "2017-06-30": "2125.90000", "2016-06-30": "1897.30000", "2015-06-30": "1974.00000", "2014-06-30": "1821.40000", "2013-06-30": "1577.20000", "2012-06-30": "1910.20000", "2011-06-30": "1705.80000", "2010-06-30": "1682.10000", "2009-06-30": "1562.60000", "2008-06-30": "1772.20000", "2007-06-30": "1298.00000", "2006-06-30": "1812.50000", "2005-06-30": "1433.50000"}, "Net Change In Property, Plant, And Equipment": {"2020-06-30": "-143.30000", "2019-06-30": "-154.10000", "2018-06-30": "-205.70000", "2017-06-30": "-240.20000", "2016-06-30": "-152.80000", "2015-06-30": "-135.20000", "2014-06-30": "-159.40000", "2013-06-30": "-120.30000", "2012-06-30": "-68.50000", "2011-06-30": "-168.80000", "2010-06-30": "-99.80000", "2009-06-30": "-132.10000", "2008-06-30": "-180.30000", "2007-06-30": "-172.80000", "2006-06-30": "-258.80000", "2005-06-30": "-153.50000"}, "Net Change In Intangible Assets": {"2020-06-30": "-443.70000", "2019-06-30": "-404.50000", "2018-06-30": "-264.70000", "2017-06-30": "-230.40000", "2016-06-30": "-217.50000", "2015-06-30": "-176.70000", "2014-06-30": "-143.60000", "2013-06-30": "-104.90000", "2012-06-30": "-109.50000", "2011-06-30": "-95.80000", "2010-06-30": "-123.80000", "2009-06-30": "-96.00000", "2008-06-30": "-96.60000", "2007-06-30": "-150.00000", "2006-06-30": "-115.20000", "2005-06-30": "-90.60000"}, "Net Acquisitions/Divestitures": {"2020-06-30": "", "2019-06-30": "-125.50000", "2018-06-30": "-612.40000", "2017-06-30": "146.60000", "2016-06-30": "162.20000", "2015-06-30": "-89.50000", "2014-06-30": "24.40000", "2013-06-30": "119.40000", "2012-06-30": "-265.70000", "2011-06-30": "-776.00000", "2010-06-30": "-78.40000", "2009-06-30": "-67.10000", "2008-06-30": "15.10000", "2007-06-30": "-429.70000", "2006-06-30": "563.30000", "2005-06-30": "-417.20000"}, "Net Change In Short-term Investments": {"2020-06-30": "", "2019-06-30": "", "2018-06-30": "", "2017-06-30": "", "2016-06-30": "", "2015-06-30": "", "2014-06-30": "", "2013-06-30": "", "2012-06-30": "", "2011-06-30": "", "2010-06-30": "", "2009-06-30": "-211.10010", "2008-06-30": "0.00000", "2007-06-30": "0.00000", "2006-06-30": "", "2005-06-30": ""}, "Net Change In Long-Term Investments": {"2020-06-30": "3743.30000", "2019-06-30": "-1513.60000", "2018-06-30": "-1421.80000", "2017-06-30": "-789.19970", "2016-06-30": "-660.89990", "2015-06-30": "-1206.60000", "2014-06-30": "-1355.40000", "2013-06-30": "-1264.00000", "2012-06-30": "-1151.30000", "2011-06-30": "-1465.80000", "2010-06-30": "-439.80000", "2009-06-30": "583.89990", "2008-06-30": "-1266.60000", "2007-06-30": "429.50000", "2006-06-30": "-891.50000", "2005-06-30": "-4735.90000"}, "Net Change In Investments - Total": {"2020-06-30": "3743.30000", "2019-06-30": "-1513.60000", "2018-06-30": "-1421.80000", "2017-06-30": "-789.19970", "2016-06-30": "-660.89990", "2015-06-30": "-1206.60000", "2014-06-30": "-1355.40000", "2013-06-30": "-1264.00000", "2012-06-30": "-1151.30000", "2011-06-30": "-1465.80000", "2010-06-30": "-439.80000", "2009-06-30": "372.79980", "2008-06-30": "-1266.60000", "2007-06-30": "429.50000", "2006-06-30": "-891.50000", "2005-06-30": "-4735.90000"}, "Investing Activities - Other": {"2020-06-30": "", "2019-06-30": "", "2018-06-30": "", "2017-06-30": "", "2016-06-30": "", "2015-06-30": "-2152.30000", "2014-06-30": "2447.30000", "2013-06-30": "-208.60000", "2012-06-30": "4838.60000", "2011-06-30": "-4834.20000", "2010-06-30": "-1637.70000", "2009-06-30": "-721.70000", "2008-06-30": "4142.30100", "2007-06-30": "46.10010", "2006-06-30": "1328.70000", "2005-06-30": "4959.30000"}, "Cash Flow From Investing Activities": {"2020-06-30": "3156.30000", "2019-06-30": "-2197.70000", "2018-06-30": "-2504.60000", "2017-06-30": "-1113.20000", "2016-06-30": "-869.00000", "2015-06-30": "-3760.30000", "2014-06-30": "813.30000", "2013-06-30": "-1578.40000", "2012-06-30": "3243.60000", "2011-06-30": "-7340.60000", "2010-06-30": "-2379.50000", "2009-06-30": "-644.10000", "2008-06-30": "2613.90000", "2007-06-30": "-276.90000", "2006-06-30": "626.50000", "2005-06-30": "-437.90000"}, "Net Long-Term Debt": {"2020-06-30": "-3215.40000", "2019-06-30": "1693.90000", "2018-06-30": "333.10000", "2017-06-30": "-6122.60000", "2016-06-30": "10800.10000", "2015-06-30": "6072.10000", "2014-06-30": "-2992.80000", "2013-06-30": "1121.00000", "2012-06-30": "-3728.60000", "2011-06-30": "6285.20000", "2010-06-30": "2017.50000", "2009-06-30": "863.30000", "2008-06-30": "-3490.40000", "2007-06-30": "705.90000", "2006-06-30": "-175.00000", "2005-06-30": "-1.10000"}, "Net Current Debt": {"2020-06-30": "", "2019-06-30": "", "2018-06-30": "", "2017-06-30": "", "2016-06-30": "", "2015-06-30": "-2173.00000", "2014-06-30": "2173.00000", "2013-06-30": "", "2012-06-30": "", "2011-06-30": "", "2010-06-30": "-730.00000", "2009-06-30": "742.49990", "2008-06-30": "21.20000", "2007-06-30": "0.60000", "2006-06-30": "0.50000", "2005-06-30": "0.40000"}, "Debt Issuance/Retirement Net - Total": {"2020-06-30": "-3215.40000", "2019-06-30": "1693.90000", "2018-06-30": "333.10000", "2017-06-30": "-6122.60000", "2016-06-30": "10800.10000", "2015-06-30": "3899.10000", "2014-06-30": "-819.80000", "2013-06-30": "1121.00000", "2012-06-30": "-3728.60000", "2011-06-30": "6285.20000", "2010-06-30": "1287.50000", "2009-06-30": "1605.80000", "2008-06-30": "-3469.20000", "2007-06-30": "706.50000", "2006-06-30": "-174.50000", "2005-06-30": "-0.70000"}, "Net Common Equity Issued/Repurchased": {"2020-06-30": "-956.30000", "2019-06-30": "-864.80000", "2018-06-30": "-920.00000", "2017-06-30": "-1163.90000", "2016-06-30": "-1080.40000", "2015-06-30": "-1448.10000", "2014-06-30": "-473.10000", "2013-06-30": "-441.60000", "2012-06-30": "-491.30000", "2011-06-30": "-254.60000", "2010-06-30": "-525.30000", "2009-06-30": "-497.70000", "2008-06-30": "-1265.10000", "2007-06-30": "-1556.20000", "2006-06-30": "-1081.90000", "2005-06-30": "-438.10000"}, "Net Total Equity Issued/Repurchased": {"2020-06-30": "-956.30000", "2019-06-30": "-864.80000", "2018-06-30": "-920.00000", "2017-06-30": "-1163.90000", "2016-06-30": "-1080.40000", "2015-06-30": "-1448.10000", "2014-06-30": "-473.10000", "2013-06-30": "-441.60000", "2012-06-30": "-491.30000", "2011-06-30": "-254.60000", "2010-06-30": "-525.30000", "2009-06-30": "-497.70000", "2008-06-30": "-1265.10000", "2007-06-30": "-1556.20000", "2006-06-30": "-1081.90000", "2005-06-30": "-438.10000"}, "Total Common And Preferred Stock Dividends Paid": {"2020-06-30": "-1470.50000", "2019-06-30": "-1293.00000", "2018-06-30": "-1063.70000", "2017-06-30": "-995.20000", "2016-06-30": "-943.60000", "2015-06-30": "-927.60000", "2014-06-30": "-883.10000", "2013-06-30": "-805.50000", "2012-06-30": "-739.70000", "2011-06-30": "-692.40000", "2010-06-30": "-673.40000", "2009-06-30": "-629.40000", "2008-06-30": "-548.90000", "2007-06-30": "-461.30000", "2006-06-30": "-393.90000", "2005-06-30": "-344.90000"}, "Financial Activities - Other": {"2020-06-30": "-248.40000", "2019-06-30": "256.20000", "2018-06-30": "-5.30000", "2017-06-30": "", "2016-06-30": "-23.40000", "2015-06-30": "24.90000", "2014-06-30": "-182.20000", "2013-06-30": "277.10000", "2012-06-30": "5.70000", "2011-06-30": "1.00000", "2010-06-30": "0.20000", "2009-06-30": "-10.30000", "2008-06-30": "12.50000", "2007-06-30": "134.30000", "2006-06-30": "127.20000", "2005-06-30": "37.20000"}, "Cash Flow From Financial Activities": {"2020-06-30": "-5890.60000", "2019-06-30": "-207.70000", "2018-06-30": "-1655.90000", "2017-06-30": "-8281.70000", "2016-06-30": "8752.70000", "2015-06-30": "1548.30000", "2014-06-30": "-2358.20000", "2013-06-30": "151.00000", "2012-06-30": "-4953.90000", "2011-06-30": "5339.20000", "2010-06-30": "89.00000", "2009-06-30": "468.40000", "2008-06-30": "-5270.70000", "2007-06-30": "-1176.70000", "2006-06-30": "-1523.10000", "2005-06-30": "-746.50000"}, "Net Cash Flow": {"2020-06-30": "257.40000", "2019-06-30": "254.10000", "2018-06-30": "-1639.50000", "2017-06-30": "-7277.00000", "2016-06-30": "9772.30000", "2015-06-30": "-344.30000", "2014-06-30": "284.50000", "2013-06-30": "151.00000", "2012-06-30": "158.70000", "2011-06-30": "-253.90000", "2010-06-30": "-622.00000", "2009-06-30": "1347.80000", "2008-06-30": "-843.30000", "2007-06-30": "-139.90000", "2006-06-30": "925.30000", "2005-06-30": "262.40000"}, "Stock-Based Compensation": {"2020-06-30": "130.80000", "2019-06-30": "167.30000", "2018-06-30": "175.40000", "2017-06-30": "138.90000", "2016-06-30": "137.60000", "2015-06-30": "143.20000", "2014-06-30": "117.10000", "2013-06-30": "82.00000", "2012-06-30": "94.10000", "2011-06-30": "90.30000", "2010-06-30": "67.60000", "2009-06-30": "96.00000", "2008-06-30": "123.60000", "2007-06-30": "130.50000", "2006-06-30": "142.70000", "2005-06-30": "11.80000"}, "Common Stock Dividends Paid": {"2020-06-30": "-1470.50000", "2019-06-30": "-1293.00000", "2018-06-30": "-1063.70000", "2017-06-30": "-995.20000", "2016-06-30": "-943.60000", "2015-06-30": "-927.60000", "2014-06-30": "-883.10000", "2013-06-30": "-805.50000", "2012-06-30": "-739.70000", "2011-06-30": "-692.40000", "2010-06-30": "-673.40000", "2009-06-30": "-629.40000", "2008-06-30": "-548.90000", "2007-06-30": "-461.30000", "2006-06-30": "-393.90000", "2005-06-30": "-344.90000"}}, "cash flow statement, quarterly": {"Net Income/Loss": {"2020-12-31": 647.5, "2020-09-30": "602.10000", "2020-06-30": 411.6, "2020-03-31": 820.9, "2019-12-31": 651.6, "2019-09-30": "582.40000", "2019-06-30": 475.4, "2019-03-31": 753.8, "2018-12-31": 558.2, "2018-09-30": "505.40000", "2018-06-30": 140.9, "2018-03-31": 661, "2017-12-31": 670.4, "2017-09-30": "412.60000", "2017-06-30": 320.2, "2017-03-31": 588, "2016-12-31": 510.9, "2016-09-30": "368.70000", "2016-06-30": 282, "2016-03-31": 532.5, "2015-12-31": 341.4, "2015-09-30": "336.60000", "2015-06-30": 336.2, "2015-03-31": 489.6, "2014-12-31": 331.5, "2014-09-30": "295.20000", "2014-06-30": 288.8, "2014-03-31": 521.5, "2013-12-31": 377, "2013-09-30": "328.60000", "2013-06-30": 227, "2013-03-31": 482.7, "2012-12-31": 390.8, "2012-09-30": "305.30000", "2012-06-30": 258.4, "2012-03-31": 452.4, "2011-12-31": 375, "2011-09-30": "302.70000", "2011-06-30": 241.8, "2011-03-31": 423.8, "2010-12-31": 310.1, "2010-09-30": "278.50000", "2010-06-30": 207.9, "2010-03-31": 403.6, "2009-12-31": 315.8, "2009-09-30": "284.10000", "2009-06-30": 352.6, "2009-03-31": 402.7, "2008-12-31": 300.4, "2008-09-30": "276.90000", "2008-06-30": 233.5, "2008-03-31": 413.7, "2007-12-31": 291.1, "2007-09-30": "297.40000", "2007-06-30": 194.7, "2007-03-31": 388.9, "2006-12-31": 297.6, "2006-09-30": "257.50000", "2006-06-30": 703.7, "2006-03-31": 370.6, "2005-12-31": 259.7, "2005-09-30": "220.00000", "2005-06-30": 258.7, "2005-03-31": 796.7}, "Total Depreciation And Amortization - Cash Flow": {"2020-12-31": 375.6, "2020-09-30": "375.80000", "2020-06-30": 361.6, "2020-03-31": 366.4, "2019-12-31": 360.4, "2019-09-30": "356.80000", "2019-06-30": 339.3999, "2019-03-31": 335.2001, "2018-12-31": 328.3, "2018-09-30": "330.20000", "2018-06-30": 329.1, "2018-03-31": 325.2, "2017-12-31": 340.3, "2017-09-30": "291.90000", "2017-06-30": 890.2, "2017-03-31": 98.2, "2016-12-31": 100.7, "2016-09-30": "100.80000", "2016-06-30": 97, "2016-03-31": 96.3, "2015-12-31": 96.5, "2015-09-30": "92.90000", "2015-06-30": 95.7, "2015-03-31": 95.1, "2014-12-31": 94.4, "2014-09-30": "93.00000", "2014-06-30": 95.3, "2014-03-31": 88.5, "2013-12-31": 90.4, "2013-09-30": "86.80000", "2013-06-30": 36.3, "2013-03-31": 100.7, "2012-12-31": 96.5, "2012-09-30": "97.00000", "2012-06-30": 98.9, "2012-03-31": 96.1, "2011-12-31": 92.6, "2011-09-30": "91.70000", "2011-06-30": 88.2, "2011-03-31": 94.7, "2010-12-31": 96.8, "2010-09-30": "88.50000", "2010-06-30": 90.1, "2010-03-31": 92.4, "2009-12-31": 92, "2009-09-30": "92.00000", "2009-06-30": 94.1, "2009-03-31": 91.8, "2008-12-31": 88.5, "2008-09-30": "91.60000", "2008-06-30": 85.3, "2008-03-31": 90.1, "2007-12-31": 102.2, "2007-09-30": "83.40000", "2007-06-30": 85, "2007-03-31": 75.8, "2006-12-31": 89.2, "2006-09-30": "79.30000", "2006-06-30": 78.7, "2006-03-31": 55.9, "2005-12-31": 92.4, "2005-09-30": "94.40000", "2005-06-30": 48, "2005-03-31": 297.6}, "Other Non-Cash Items": {"2020-12-31": 10.9, "2020-09-30": "54.90000", "2020-06-30": 41.9, "2020-03-31": 71.2, "2019-12-31": 32.6, "2019-09-30": "88.80000", "2019-06-30": 67.6, "2019-03-31": 33, "2018-12-31": 73.6, "2018-09-30": "94.00000", "2018-06-30": 381.2, "2018-03-31": 68.9, "2017-12-31": -190.9, "2017-09-30": "126.10000", "2017-06-30": 75.2, "2017-03-31": 46, "2016-12-31": -78.4, "2016-09-30": "77.30000", "2016-06-30": 25.8, "2016-03-31": 34.9, "2015-12-31": 37.8, "2015-09-30": "52.50000", "2015-06-30": 37.8, "2015-03-31": 11.8, "2014-12-31": 34.6, "2014-09-30": "208.10000", "2014-06-30": 99.3, "2014-03-31": -22.4, "2013-12-31": 37.8, "2013-09-30": "-26.70000", "2013-06-30": 113.6, "2013-03-31": 42.9, "2012-12-31": -7, "2012-09-30": "44.30000", "2012-06-30": 61.8, "2012-03-31": 48.4, "2011-12-31": -38.4, "2011-09-30": "39.20000", "2011-06-30": 89.8, "2011-03-31": 61.1, "2010-12-31": 59.7, "2010-09-30": "39.40000", "2010-06-30": 75.3, "2010-03-31": 12.5, "2009-12-31": 72.7, "2009-09-30": "61.10000", "2009-06-30": 31.9, "2009-03-31": 62.7, "2008-12-31": 2.7, "2008-09-30": "27.20000", "2008-06-30": -48.8, "2008-03-31": 77.5, "2007-12-31": 82.2, "2007-09-30": "-29.50000", "2007-06-30": 74.7, "2007-03-31": -66.1, "2006-12-31": 151.9, "2006-09-30": "57.90000", "2006-06-30": -431.2, "2006-03-31": 282.5, "2005-12-31": 71.1, "2005-09-30": "85.60000", "2005-06-30": -139.6, "2005-03-31": 80.8}, "Total Non-Cash Items": {"2020-12-31": 386.5001, "2020-09-30": "430.70000", "2020-06-30": 403.5, "2020-03-31": 437.6001, "2019-12-31": 392.9999, "2019-09-30": "445.60000", "2019-06-30": 407, "2019-03-31": 368.2, "2018-12-31": 401.9, "2018-09-30": "424.20000", "2018-06-30": 710.3001, "2018-03-31": 394.0999, "2017-12-31": 149.4, "2017-09-30": "418.00000", "2017-06-30": 965.4, "2017-03-31": 144.2, "2016-12-31": 22.3, "2016-09-30": "178.10000", "2016-06-30": 122.8001, "2016-03-31": 131.2, "2015-12-31": 134.3, "2015-09-30": "145.40000", "2015-06-30": 133.5, "2015-03-31": 106.9, "2014-12-31": 129, "2014-09-30": "301.10000", "2014-06-30": 194.6, "2014-03-31": 66.1, "2013-12-31": 128.2, "2013-09-30": "60.10000", "2013-06-30": 149.9, "2013-03-31": 143.6, "2012-12-31": 89.5, "2012-09-30": "141.30000", "2012-06-30": 160.7, "2012-03-31": 144.5, "2011-12-31": 54.2, "2011-09-30": "130.90000", "2011-06-30": 178, "2011-03-31": 155.8, "2010-12-31": 156.5, "2010-09-30": "127.90000", "2010-06-30": 165.4, "2010-03-31": 104.9, "2009-12-31": 164.7, "2009-09-30": "153.10000", "2009-06-30": 126, "2009-03-31": 154.5, "2008-12-31": 91.2, "2008-09-30": "118.80000", "2008-06-30": 36.5, "2008-03-31": 167.6, "2007-12-31": 184.4, "2007-09-30": "53.90000", "2007-06-30": 159.7, "2007-03-31": 9.7, "2006-12-31": 241.1, "2006-09-30": "137.20000", "2006-06-30": -352.5, "2006-03-31": 338.4, "2005-12-31": 163.5, "2005-09-30": "180.00000", "2005-06-30": -91.6, "2005-03-31": 378.4}, "Change In Accounts Receivable": {"2020-12-31": -7.8, "2020-09-30": "-78.70000", "2020-06-30": 167.8, "2020-03-31": -82.8, "2019-12-31": -102, "2019-09-30": "-96.80000", "2019-06-30": 52.8, "2019-03-31": 143.3, "2018-12-31": -430.8, "2018-09-30": "-239.20000", "2018-06-30": -52.5, "2018-03-31": 97.8, "2017-12-31": -255.4, "2017-09-30": "-81.70000", "2017-06-30": 113.5, "2017-03-31": 29.6, "2016-12-31": -240.7, "2016-09-30": "121.00000", "2016-06-30": 321.2, "2016-03-31": -434.6, "2015-12-31": -78.9, "2015-09-30": "-32.30000", "2015-06-30": 37.8, "2015-03-31": -26.8, "2014-12-31": -213.9, "2014-09-30": "27.80000", "2014-06-30": 32.4, "2014-03-31": -97, "2013-12-31": -126.2, "2013-09-30": "20.10000", "2013-06-30": 163, "2013-03-31": -136, "2012-12-31": -137.3, "2012-09-30": "-73.40000", "2012-06-30": -25.6, "2012-03-31": -19.9, "2011-12-31": -102.1, "2011-09-30": "105.90000", "2011-06-30": -66.3, "2011-03-31": -144.3, "2010-12-31": 45.9, "2010-09-30": "27.40000", "2010-06-30": -17.2, "2010-03-31": -61.3, "2009-12-31": -94.6, "2009-09-30": "64.30000", "2009-06-30": -4.5, "2009-03-31": 65.7, "2008-12-31": -207.7, "2008-09-30": "-6.10000", "2008-06-30": 163.7, "2008-03-31": -113.5, "2007-12-31": -103.2, "2007-09-30": "89.60000", "2007-06-30": -112.4, "2007-03-31": 8.3, "2006-12-31": -123.7, "2006-09-30": "-27.80000", "2006-06-30": 38.2, "2006-03-31": 58.1, "2005-12-31": -145.7, "2005-09-30": "41.00000", "2005-06-30": 410.8, "2005-03-31": -400.3}, "Change In Inventories": {"2020-12-31": 0, "2020-09-30": "", "2020-06-30": 0, "2020-03-31": 0, "2019-12-31": 0, "2019-09-30": "", "2019-06-30": 0, "2019-03-31": 0, "2018-12-31": 0, "2018-09-30": "", "2018-06-30": 0, "2018-03-31": 0, "2017-12-31": 0, "2017-09-30": "", "2017-06-30": 0, "2017-03-31": 0, "2016-12-31": 0, "2016-09-30": "", "2016-06-30": 0, "2016-03-31": 0, "2015-12-31": 0, "2015-09-30": "", "2015-06-30": 0, "2015-03-31": 0, "2014-12-31": 0, "2014-09-30": "", "2014-06-30": 0, "2014-03-31": 0, "2013-12-31": 0, "2013-09-30": "", "2013-06-30": 0, "2013-03-31": 0, "2012-12-31": 0, "2012-09-30": "", "2012-06-30": 0, "2012-03-31": 0, "2011-12-31": 0, "2011-09-30": "", "2011-06-30": 0, "2011-03-31": 0, "2010-12-31": 0, "2010-09-30": "", "2010-06-30": 0, "2010-03-31": 0, "2009-12-31": 0, "2009-09-30": "", "2009-06-30": 0, "2009-03-31": 0, "2008-12-31": 0, "2008-09-30": "", "2008-06-30": 0, "2008-03-31": 0, "2007-12-31": 0, "2007-09-30": "", "2007-06-30": 0, "2007-03-31": 0, "2006-12-31": 0, "2006-09-30": "", "2006-06-30": 0, "2006-03-31": 0, "2005-12-31": 0, "2005-09-30": "", "2005-06-30": 0, "2005-03-31": 0}, "Change In Accounts Payable": {"2020-12-31": 4.5, "2020-09-30": "5.70000", "2020-06-30": -14.7, "2020-03-31": -15.9, "2019-12-31": 27.4, "2019-09-30": "-15.10000", "2019-06-30": -36.1, "2019-03-31": 6.4, "2018-12-31": 21.3, "2018-09-30": "-2.30000", "2018-06-30": 29.2, "2018-03-31": -28.4, "2017-12-31": 21.8, "2017-09-30": "-24.50000", "2017-06-30": 17.9, "2017-03-31": -13.4, "2016-12-31": 20.2, "2016-09-30": "-36.30000", "2016-06-30": -18.2, "2016-03-31": 20.3, "2015-12-31": 1.5, "2015-09-30": "-19.50000", "2015-06-30": 29.3, "2015-03-31": -6.6, "2014-12-31": -0.5, "2014-09-30": "-9.10000", "2014-06-30": 19.4, "2014-03-31": 3.2, "2013-12-31": -4.7, "2013-09-30": "-8.30000", "2013-06-30": 5.7, "2013-03-31": 12.8, "2012-12-31": 2.3, "2012-09-30": "-31.40000", "2012-06-30": 24.5, "2012-03-31": 2.2, "2011-12-31": 10.1, "2011-09-30": "-26.50000", "2011-06-30": 18.2, "2011-03-31": 15.9, "2010-12-31": -22.1, "2010-09-30": "-36.60000", "2010-06-30": 54.2, "2010-03-31": -3.2, "2009-12-31": 5.7, "2009-09-30": "-22.00000", "2009-06-30": 28.1, "2009-03-31": -5.8, "2008-12-31": -3.8, "2008-09-30": "-28.20000", "2008-06-30": 25.9, "2008-03-31": 2.8, "2007-12-31": 16.7, "2007-09-30": "-35.70000", "2007-06-30": 22.3, "2007-03-31": 2.3, "2006-12-31": -3.8, "2006-09-30": "-22.30000", "2006-06-30": 3.2, "2006-03-31": -106.4, "2005-12-31": 187.1, "2005-09-30": "-80.70000", "2005-06-30": -46.8, "2005-03-31": 46.8}, "Change In Assets/Liabilities": {"2020-12-31": -188.5, "2020-09-30": "-454.80000", "2020-06-30": -148.1, "2020-03-31": -156.9, "2019-12-31": -213.7, "2019-09-30": "-391.70000", "2019-06-30": -238.3, "2019-03-31": -154.5, "2018-12-31": -133.3, "2018-09-30": "-461.10000", "2018-06-30": -162.2, "2018-03-31": -28.5, "2017-12-31": -206.9, "2017-09-30": "-460.70000", "2017-06-30": -986.5, "2017-03-31": -8.8, "2016-12-31": 77.5, "2016-09-30": "-221.60000", "2016-06-30": 97.8, "2016-03-31": 19.4, "2015-12-31": 23.1, "2015-09-30": "-249.20000", "2015-06-30": -2.3, "2015-03-31": 98.2, "2014-12-31": 19.4, "2014-09-30": "-224.40000", "2014-06-30": 29.1, "2014-03-31": 31.4, "2013-12-31": -23, "2013-09-30": "-283.70000", "2013-06-30": 39.9, "2013-03-31": 14.5, "2012-12-31": 2.3, "2012-09-30": "-330.50000", "2012-06-30": 67, "2012-03-31": -16, "2011-12-31": -5.2, "2011-09-30": "-117.50000", "2011-06-30": 9.8, "2011-03-31": -12.5, "2010-12-31": 26.9, "2010-09-30": "-106.30000", "2010-06-30": -125.1, "2010-03-31": 10.3, "2009-12-31": 151.2, "2009-09-30": "-6.40000", "2009-06-30": -42.2, "2009-03-31": -2, "2008-12-31": -118.8, "2008-09-30": "77.40000", "2008-06-30": 3.2, "2008-03-31": 35.9, "2007-12-31": 70, "2007-09-30": "-149.70000", "2007-06-30": -21.8, "2007-03-31": 22.1, "2006-12-31": 4.5, "2006-09-30": "-92.80000", "2006-06-30": 28.2, "2006-03-31": -178.4, "2005-12-31": 0, "2005-09-30": "178.40000", "2005-06-30": -133.2, "2005-03-31": -1.7}, "Total Change In Assets/Liabilities": {"2020-12-31": -327.6, "2020-09-30": "-550.90000", "2020-06-30": -38.5, "2020-03-31": -139.8, "2019-12-31": -346.5, "2019-09-30": "-595.20000", "2019-06-30": -150.1, "2019-03-31": -97.5, "2018-12-31": -177.8, "2018-09-30": "-780.40000", "2018-06-30": -146, "2018-03-31": 79.8, "2017-12-31": -389.4, "2017-09-30": "-585.90000", "2017-06-30": -828.4, "2017-03-31": 95.4, "2016-12-31": -21.9, "2016-09-30": "-217.00000", "2016-06-30": 258.1, "2016-03-31": 55.3, "2015-12-31": -69.4, "2015-09-30": "-372.90000", "2015-06-30": 40.1, "2015-03-31": 260.6, "2014-12-31": -231.6, "2014-09-30": "-218.10000", "2014-06-30": 121.1, "2014-03-31": 156.3, "2013-12-31": -113.5, "2013-09-30": "-307.40000", "2013-06-30": 198.6, "2013-03-31": -8, "2012-12-31": -31.8, "2012-09-30": "-511.70000", "2012-06-30": 80, "2012-03-31": 66.3, "2011-12-31": 2.4, "2011-09-30": "-117.30000", "2011-06-30": 65.7, "2011-03-31": -6.6, "2010-12-31": -41.6, "2010-09-30": "-184.10000", "2010-06-30": 22.2, "2010-03-31": 105.2, "2009-12-31": -51.3, "2009-09-30": "-193.50000", "2009-06-30": -51.1, "2009-03-31": -103.7, "2008-12-31": -108.2, "2008-09-30": "2.50000", "2008-06-30": 203.6, "2008-03-31": 120, "2007-12-31": -154.7, "2007-09-30": "-74.80000", "2007-06-30": -168.4, "2007-03-31": 216, "2006-12-31": -208.6, "2006-09-30": "-227.40000", "2006-06-30": -12.8, "2006-03-31": -135.1, "2005-12-31": 75.2, "2005-09-30": "1.80000", "2005-06-30": 249.9, "2005-03-31": -158.6}, "Cash Flow From Operating Activities": {"2020-12-31": 706.4, "2020-09-30": "481.90000", "2020-06-30": 776.6, "2020-03-31": 1118.7, "2019-12-31": 698.1, "2019-09-30": "432.80000", "2019-06-30": 732.3, "2019-03-31": 1024.5, "2018-12-31": 782.3, "2018-09-30": "149.20000", "2018-06-30": 705.2, "2018-03-31": 1134.9, "2017-12-31": 430.4, "2017-09-30": "244.70000", "2017-06-30": 457.2, "2017-03-31": 827.6, "2016-12-31": 511.3, "2016-09-30": "329.80000", "2016-06-30": 662.9, "2016-03-31": 719, "2015-12-31": 406.3, "2015-09-30": "109.10000", "2015-06-30": 509.8, "2015-03-31": 857.1, "2014-12-31": 228.9, "2014-09-30": "378.20000", "2014-06-30": 604.5, "2014-03-31": 743.9, "2013-12-31": 391.7, "2013-09-30": "81.30000", "2013-06-30": 575.5, "2013-03-31": 618.3, "2012-12-31": 448.5, "2012-09-30": "-65.10000", "2012-06-30": 499.1, "2012-03-31": 663.2, "2011-12-31": 431.6, "2011-09-30": "316.30000", "2011-06-30": 485.5, "2011-03-31": 573, "2010-12-31": 425, "2010-09-30": "222.30000", "2010-06-30": 395.5, "2010-03-31": 613.7, "2009-12-31": 429.2, "2009-09-30": "243.70000", "2009-06-30": 427.5, "2009-03-31": 453.5, "2008-12-31": 283.4, "2008-09-30": "398.20000", "2008-06-30": 473.6, "2008-03-31": 701.3, "2007-12-31": 320.8, "2007-09-30": "276.50000", "2007-06-30": 186, "2007-03-31": 614.6, "2006-12-31": 330.1, "2006-09-30": "167.30000", "2006-06-30": 338.4, "2006-03-31": 573.9, "2005-12-31": 498.4, "2005-09-30": "401.80000", "2005-06-30": 417, "2005-03-31": 1016.5}, "Net Change In Property, Plant, And Equipment": {"2020-12-31": -35.9, "2020-09-30": "-43.30000", "2020-06-30": -27.6, "2020-03-31": -38.6, "2019-12-31": -43.7, "2019-09-30": "-33.40000", "2019-06-30": -41.7, "2019-03-31": -40.3, "2018-12-31": -28.9, "2018-09-30": "-43.20000", "2018-06-30": -46.1, "2018-03-31": -41.3, "2017-12-31": -45, "2017-09-30": "-73.30000", "2017-06-30": -65.7, "2017-03-31": -54.8, "2016-12-31": -71, "2016-09-30": "-48.70000", "2016-06-30": -40.9, "2016-03-31": -28.2, "2015-12-31": -28.1, "2015-09-30": "-55.60000", "2015-06-30": -51.3, "2015-03-31": -27.1, "2014-12-31": -44.3, "2014-09-30": "-12.50000", "2014-06-30": -41.4, "2014-03-31": -49.2, "2013-12-31": -34.4, "2013-09-30": "-34.40000", "2013-06-30": -8, "2013-03-31": -47, "2012-12-31": -34.8, "2012-09-30": "-30.50000", "2012-06-30": -30.1, "2012-03-31": -37.8, "2011-12-31": 32.8, "2011-09-30": "-33.40000", "2011-06-30": -59.8, "2011-03-31": -41.4, "2010-12-31": -42, "2010-09-30": "-25.60000", "2010-06-30": -26.4, "2010-03-31": -22.2, "2009-12-31": -19.9, "2009-09-30": "-31.30000", "2009-06-30": -39.6, "2009-03-31": -28.8, "2008-12-31": -38.5, "2008-09-30": "-25.20000", "2008-06-30": -53.3, "2008-03-31": -36.7, "2007-12-31": -53.9, "2007-09-30": "-36.40000", "2007-06-30": -51.5, "2007-03-31": -41.1, "2006-12-31": -43.1, "2006-09-30": "-37.10000", "2006-06-30": -69.2, "2006-03-31": -38.8, "2005-12-31": -93, "2005-09-30": "-57.80000", "2005-06-30": -27, "2005-03-31": -126.5}, "Net Change In Intangible Assets": {"2020-12-31": -71.7, "2020-09-30": "-76.40000", "2020-06-30": -182.7, "2020-03-31": -93.3, "2019-12-31": -79.5, "2019-09-30": "-88.20000", "2019-06-30": -74.6, "2019-03-31": -190.6, "2018-12-31": -65.5, "2018-09-30": "-73.80000", "2018-06-30": -68.9, "2018-03-31": -63.4, "2017-12-31": -62.7, "2017-09-30": "-69.70000", "2017-06-30": -68.3, "2017-03-31": -55.5, "2016-12-31": -49.4, "2016-09-30": "-57.20000", "2016-06-30": -57.4, "2016-03-31": -54.4, "2015-12-31": -60.3, "2015-09-30": "-45.40000", "2015-06-30": -45.1, "2015-03-31": -47.2, "2014-12-31": -40.5, "2014-09-30": "-43.90000", "2014-06-30": -37.1, "2014-03-31": -35.1, "2013-12-31": -40.5, "2013-09-30": "-30.90000", "2013-06-30": -23.5, "2013-03-31": -22.4, "2012-12-31": -25.5, "2012-09-30": "-33.50000", "2012-06-30": -27, "2012-03-31": -31.3, "2011-12-31": -27.2, "2011-09-30": "-24.00000", "2011-06-30": -36.9, "2011-03-31": -23.1, "2010-12-31": -16.4, "2010-09-30": "-19.40000", "2010-06-30": -36.3, "2010-03-31": -19.7, "2009-12-31": -51.2, "2009-09-30": "-16.60000", "2009-06-30": -32.2, "2009-03-31": -27.9, "2008-12-31": -19.5, "2008-09-30": "-16.40000", "2008-06-30": -28.9, "2008-03-31": -20.6, "2007-12-31": -24.4, "2007-09-30": "-22.70000", "2007-06-30": -11.6, "2007-03-31": -39.7, "2006-12-31": -78.2, "2006-09-30": "-20.50000", "2006-06-30": -41.8, "2006-03-31": -17.2, "2005-12-31": -32, "2005-09-30": "-24.20000", "2005-06-30": -20.9, "2005-03-31": -69.7}, "Net Acquisitions/Divestitures": {"2020-12-31": 0, "2020-09-30": "", "2020-06-30": 0, "2020-03-31": 0, "2019-12-31": 0, "2019-09-30": "", "2019-06-30": -5.1, "2019-03-31": 0, "2018-12-31": -0.7, "2018-09-30": "-119.70000", "2018-06-30": 0, "2018-03-31": -125, "2017-12-31": -487.4, "2017-09-30": "", "2017-06-30": -0.7, "2017-03-31": -66.7, "2016-12-31": 234, "2016-09-30": "-20.00000", "2016-06-30": 0, "2016-03-31": 0, "2015-12-31": -0.3, "2015-09-30": "162.50000", "2015-06-30": 98.6, "2015-03-31": 0, "2014-12-31": 0, "2014-09-30": "-188.10000", "2014-06-30": 0, "2014-03-31": 24.4, "2013-12-31": 0, "2013-09-30": "", "2013-06-30": -26.7, "2013-03-31": -14.6, "2012-12-31": 161.4, "2012-09-30": "-0.70000", "2012-06-30": -65.9, "2012-03-31": -23.5, "2011-12-31": -174.4, "2011-09-30": "-1.90000", "2011-06-30": -1.3, "2011-03-31": -185.9, "2010-12-31": -113.5, "2010-09-30": "-475.30000", "2010-06-30": -1.1, "2010-03-31": -73.5, "2009-12-31": -3.5, "2009-09-30": "-0.30000", "2009-06-30": -40.7, "2009-03-31": -19.2, "2008-12-31": -3, "2008-09-30": "-4.20000", "2008-06-30": -6.9, "2008-03-31": -0.3, "2007-12-31": -23.5, "2007-09-30": "45.80000", "2007-06-30": -13.9, "2007-03-31": -59.8, "2006-12-31": -331.2, "2006-09-30": "-24.80000", "2006-06-30": 892.6, "2006-03-31": -43.4, "2005-12-31": -285.2, "2005-09-30": "-0.70000", "2005-06-30": -88.2, "2005-03-31": -329}, "Net Change In Short-term Investments": {"2020-12-31": 0, "2020-09-30": "", "2020-06-30": 0, "2020-03-31": 0, "2019-12-31": 0, "2019-09-30": "", "2019-06-30": 0, "2019-03-31": 0, "2018-12-31": 0, "2018-09-30": "", "2018-06-30": 0, "2018-03-31": 0, "2017-12-31": 0, "2017-09-30": "", "2017-06-30": 0, "2017-03-31": 0, "2016-12-31": 0, "2016-09-30": "", "2016-06-30": 0, "2016-03-31": 0, "2015-12-31": 0, "2015-09-30": "", "2015-06-30": 0, "2015-03-31": 0, "2014-12-31": 0, "2014-09-30": "", "2014-06-30": 0, "2014-03-31": 0, "2013-12-31": 0, "2013-09-30": "", "2013-06-30": 0, "2013-03-31": 0, "2012-12-31": 0, "2012-09-30": "", "2012-06-30": 0, "2012-03-31": 0, "2011-12-31": 0, "2011-09-30": "", "2011-06-30": 0, "2011-03-31": 0, "2010-12-31": 0, "2010-09-30": "", "2010-06-30": 0, "2010-03-31": 0, "2009-12-31": 0, "2009-09-30": "", "2009-06-30": -0.0001, "2009-03-31": 0, "2008-12-31": 0, "2008-09-30": "-211.10000", "2008-06-30": 0, "2008-03-31": 0, "2007-12-31": 0, "2007-09-30": "", "2007-06-30": 0, "2007-03-31": 0, "2006-12-31": 0, "2006-09-30": "", "2006-06-30": 0, "2006-03-31": 0, "2005-12-31": 0, "2005-09-30": "", "2005-06-30": 0, "2005-03-31": 0}, "Net Change In Long-Term Investments": {"2020-12-31": -1106.2, "2020-09-30": "383.90000", "2020-06-30": 2888.0002, "2020-03-31": 735.3999, "2019-12-31": -123.9, "2019-09-30": "243.79990", "2019-06-30": -878.4, "2019-03-31": -497.8, "2018-12-31": 78.6, "2018-09-30": "-216.00000", "2018-06-30": -431.6, "2018-03-31": -402, "2017-12-31": -438.6, "2017-09-30": "-149.60000", "2017-06-30": -23.7998, "2017-03-31": -283.8999, "2016-12-31": -210.5, "2016-09-30": "-271.00000", "2016-06-30": -481.1999, "2016-03-31": -404.4, "2015-12-31": -170.8001, "2015-09-30": "395.50010", "2015-06-30": -457.8998, "2015-03-31": -270.0002, "2014-12-31": -179.7, "2014-09-30": "-299.00000", "2014-06-30": -743, "2014-03-31": -426.6, "2013-12-31": -388.3, "2013-09-30": "202.50000", "2013-06-30": -287.8999, "2013-03-31": -652.9001, "2012-12-31": -160.2, "2012-09-30": "-163.00000", "2012-06-30": -384.9001, "2012-03-31": -564.9998, "2011-12-31": 49.3999, "2011-09-30": "-250.80000", "2011-06-30": -160.4, "2011-03-31": -297.1, "2010-12-31": -749.9, "2010-09-30": "-258.40000", "2010-06-30": -347.3998, "2010-03-31": -303.7002, "2009-12-31": -299, "2009-09-30": "510.30000", "2009-06-30": 588.1999, "2009-03-31": 234.9, "2008-12-31": 22.6, "2008-09-30": "-261.80000", "2008-06-30": 61.3, "2008-03-31": -424.1998, "2007-12-31": -803.5001, "2007-09-30": "-100.20010", "2007-06-30": 225, "2007-03-31": 19.7, "2006-12-31": -1051.4, "2006-09-30": "1236.20000", "2006-06-30": 3735.5, "2006-03-31": -2684.5, "2005-12-31": -4425, "2005-09-30": "2482.50000", "2005-06-30": 5145.5, "2005-03-31": -9881.4}, "Net Change In Investments - Total": {"2020-12-31": -1106.2, "2020-09-30": "383.90000", "2020-06-30": 2888.0002, "2020-03-31": 735.3999, "2019-12-31": -123.9, "2019-09-30": "243.79990", "2019-06-30": -878.4, "2019-03-31": -497.8, "2018-12-31": 78.6, "2018-09-30": "-216.00000", "2018-06-30": -431.6, "2018-03-31": -402, "2017-12-31": -438.6, "2017-09-30": "-149.60000", "2017-06-30": -23.7998, "2017-03-31": -283.8999, "2016-12-31": -210.5, "2016-09-30": "-271.00000", "2016-06-30": -481.1999, "2016-03-31": -404.4, "2015-12-31": -170.8001, "2015-09-30": "395.50010", "2015-06-30": -457.8998, "2015-03-31": -270.0002, "2014-12-31": -179.7, "2014-09-30": "-299.00000", "2014-06-30": -743, "2014-03-31": -426.6, "2013-12-31": -388.3, "2013-09-30": "202.50000", "2013-06-30": -287.8999, "2013-03-31": -652.9001, "2012-12-31": -160.2, "2012-09-30": "-163.00000", "2012-06-30": -384.9001, "2012-03-31": -564.9998, "2011-12-31": 49.3999, "2011-09-30": "-250.80000", "2011-06-30": -160.4, "2011-03-31": -297.1, "2010-12-31": -749.9, "2010-09-30": "-258.40000", "2010-06-30": -347.3998, "2010-03-31": -303.7002, "2009-12-31": -299, "2009-09-30": "510.30000", "2009-06-30": 588.1998, "2009-03-31": 234.9, "2008-12-31": 22.6, "2008-09-30": "-472.90000", "2008-06-30": 61.3, "2008-03-31": -424.1998, "2007-12-31": -803.5001, "2007-09-30": "-100.20010", "2007-06-30": 225, "2007-03-31": 19.7, "2006-12-31": -1051.4, "2006-09-30": "1236.20000", "2006-06-30": 3735.5, "2006-03-31": -2684.5, "2005-12-31": -4425, "2005-09-30": "2482.50000", "2005-06-30": 5145.5, "2005-03-31": -9881.4}, "Investing Activities - Other": {"2020-12-31": 0, "2020-09-30": "", "2020-06-30": 0, "2020-03-31": 0, "2019-12-31": 0, "2019-09-30": "", "2019-06-30": 0, "2019-03-31": 0, "2018-12-31": 0, "2018-09-30": "", "2018-06-30": 0, "2018-03-31": 0, "2017-12-31": 0, "2017-09-30": "", "2017-06-30": 0, "2017-03-31": 0, "2016-12-31": 0, "2016-09-30": "", "2016-06-30": 15969.9, "2016-03-31": -9906.7, "2015-12-31": -5925.4, "2015-09-30": "-137.80000", "2015-06-30": 4171.9, "2015-03-31": 6247.6, "2014-12-31": -13382.4, "2014-09-30": "810.60000", "2014-06-30": 5813.3, "2014-03-31": 2531.8, "2013-12-31": -8264.7, "2013-09-30": "2366.90000", "2013-06-30": 7687.1, "2013-03-31": -6038.7, "2012-12-31": -2800.6, "2012-09-30": "943.60000", "2012-06-30": 8766.3, "2012-03-31": -5925.3, "2011-12-31": -4194.6, "2011-09-30": "6192.20000", "2011-06-30": 7552.6, "2011-03-31": -7949.2, "2010-12-31": -1060.6, "2010-09-30": "-3377.00000", "2010-06-30": 8113, "2010-03-31": -4820, "2009-12-31": -4836.3, "2009-09-30": "-94.40000", "2009-06-30": 4517.8, "2009-03-31": 3918.8, "2008-12-31": -9176.1, "2008-09-30": "17.80000", "2008-06-30": 7933.801, "2008-03-31": -4201, "2007-12-31": -671.5, "2007-09-30": "1081.00000", "2007-06-30": 5464.3001, "2007-03-31": -5559, "2006-12-31": 1325.7, "2006-09-30": "-1184.90000", "2006-06-30": -3384.7, "2006-03-31": 2715.1, "2005-12-31": 4444.9, "2005-09-30": "-2446.60000", "2005-06-30": -5293.4, "2005-03-31": 10252.7}, "Cash Flow From Investing Activities": {"2020-12-31": -1213.8, "2020-09-30": "264.20000", "2020-06-30": 2677.7, "2020-03-31": 603.5, "2019-12-31": -247.1, "2019-09-30": "122.20000", "2019-06-30": -999.8, "2019-03-31": -728.7, "2018-12-31": -16.5, "2018-09-30": "-452.70000", "2018-06-30": -546.6, "2018-03-31": -631.7, "2017-12-31": -1033.7, "2017-09-30": "-292.60000", "2017-06-30": -158.5, "2017-03-31": -460.9, "2016-12-31": -96.9, "2016-09-30": "-396.90000", "2016-06-30": 15390.4, "2016-03-31": -10393.7, "2015-12-31": -6184.9, "2015-09-30": "319.20000", "2015-06-30": 3716.2, "2015-03-31": 5903.3, "2014-12-31": -13646.9, "2014-09-30": "267.10000", "2014-06-30": 4991.8, "2014-03-31": 2045.3, "2013-12-31": -8727.9, "2013-09-30": "2504.10000", "2013-06-30": 7341, "2013-03-31": -6775.6, "2012-12-31": -2859.7, "2012-09-30": "715.90000", "2012-06-30": 8258.4, "2012-03-31": -6582.9, "2011-12-31": -4314, "2011-09-30": "5882.10000", "2011-06-30": 7294.2, "2011-03-31": -8496.7, "2010-12-31": -1982.4, "2010-09-30": "-4155.70000", "2010-06-30": 7701.8, "2010-03-31": -5239.1, "2009-12-31": -5209.9, "2009-09-30": "367.70000", "2009-06-30": 4993.5, "2009-03-31": 4077.8, "2008-12-31": -9214.5, "2008-09-30": "-500.90000", "2008-06-30": 7906, "2008-03-31": -4682.8, "2007-12-31": -1576.8, "2007-09-30": "967.50000", "2007-06-30": 5612.3, "2007-03-31": -5679.9, "2006-12-31": -178.2, "2006-09-30": "-31.10000", "2006-06-30": 1132.4, "2006-03-31": -68.8, "2005-12-31": -390.3, "2005-09-30": "-46.80000", "2005-06-30": -284, "2005-03-31": -153.9}, "Net Long-Term Debt": {"2020-12-31": 6832.6, "2020-09-30": "3193.80000", "2020-06-30": -4565.3, "2020-03-31": -5742.7, "2019-12-31": 15156.4, "2019-09-30": "-8063.80000", "2019-06-30": -6916.5, "2019-03-31": 10178.6, "2018-12-31": 143.8, "2018-09-30": "-1712.00000", "2018-06-30": -6360.3, "2018-03-31": -507.4, "2017-12-31": 8876, "2017-09-30": "-1675.20000", "2017-06-30": -6757.8, "2017-03-31": 3436.1, "2016-12-31": 6127.9, "2016-09-30": "-8928.80000", "2016-06-30": -7295.3, "2016-03-31": 10316.7, "2015-12-31": 6068, "2015-09-30": "1710.70000", "2015-06-30": -3737.4, "2015-03-31": -5910.8, "2014-12-31": 15673.6, "2014-09-30": "46.70000", "2014-06-30": -7094, "2014-03-31": -2142.2, "2013-12-31": 11539, "2013-09-30": "-5295.60000", "2013-06-30": -7700.1, "2013-03-31": 6685.9, "2012-12-31": 3363.8, "2012-09-30": "-1228.60000", "2012-06-30": -8388.3, "2012-03-31": 6465.9, "2011-12-31": 4131.2, "2011-09-30": "-5937.40000", "2011-06-30": -7393.1, "2011-03-31": 8238.9, "2010-12-31": 1804.6, "2010-09-30": "3634.80000", "2010-06-30": -7780.9, "2010-03-31": 5111.7, "2009-12-31": 5128.3, "2009-09-30": "-441.60000", "2009-06-30": -5128.1, "2009-03-31": -4154.7, "2008-12-31": 10565.5, "2008-09-30": "-419.40000", "2008-06-30": -8655.9, "2008-03-31": 4633.9, "2007-12-31": 1825.3, "2007-09-30": "-1293.70000", "2007-06-30": -5517.9, "2007-03-31": 6225, "2006-12-31": -1, "2006-09-30": "-0.20000", "2006-06-30": -174.5, "2006-03-31": -0.1, "2005-12-31": -0.2, "2005-09-30": "-0.20000", "2005-06-30": -0.1, "2005-03-31": -1}, "Net Current Debt": {"2020-12-31": 0, "2020-09-30": "", "2020-06-30": 0, "2020-03-31": 0, "2019-12-31": -3536.7, "2019-09-30": "3536.70000", "2019-06-30": 0, "2019-03-31": -1206, "2018-12-31": 1206, "2018-09-30": "", "2018-06-30": 0, "2018-03-31": 0, "2017-12-31": 0, "2017-09-30": "", "2017-06-30": 0, "2017-03-31": 0, "2016-12-31": 0, "2016-09-30": "", "2016-06-30": 0, "2016-03-31": 0, "2015-12-31": 0, "2015-09-30": "", "2015-06-30": 0, "2015-03-31": 0, "2014-12-31": -1937, "2014-09-30": "-236.00000", "2014-06-30": 2173, "2014-03-31": 0, "2013-12-31": -2477, "2013-09-30": "2477.00000", "2013-06-30": 0, "2013-03-31": 0, "2012-12-31": 0, "2012-09-30": "", "2012-06-30": 0, "2012-03-31": 0, "2011-12-31": 0, "2011-09-30": "", "2011-06-30": 0, "2011-03-31": 0, "2010-12-31": 0, "2010-09-30": "", "2010-06-30": 0, "2010-03-31": 0, "2009-12-31": 0, "2009-09-30": "-730.00000", "2009-06-30": 729.9999, "2009-03-31": 0, "2008-12-31": -1350.4, "2008-09-30": "1362.90000", "2008-06-30": 0.0003, "2008-03-31": 20.9997, "2007-12-31": 0.1, "2007-09-30": "0.10000", "2007-06-30": 0.2001, "2007-03-31": 0.0999, "2006-12-31": 0.2, "2006-09-30": "0.10000", "2006-06-30": 0.1, "2006-03-31": 0.1, "2005-12-31": 0.2, "2005-09-30": "0.10000", "2005-06-30": 0, "2005-03-31": 0.4}, "Debt Issuance/Retirement Net - Total": {"2020-12-31": 6832.6, "2020-09-30": "3193.80000", "2020-06-30": -4565.3, "2020-03-31": -5742.7, "2019-12-31": 11619.7, "2019-09-30": "-4527.10000", "2019-06-30": -6916.5, "2019-03-31": 8972.6, "2018-12-31": 1349.8, "2018-09-30": "-1712.00000", "2018-06-30": -6360.3, "2018-03-31": -507.4, "2017-12-31": 8876, "2017-09-30": "-1675.20000", "2017-06-30": -6757.8, "2017-03-31": 3436.1, "2016-12-31": 6127.9, "2016-09-30": "-8928.80000", "2016-06-30": -7295.3, "2016-03-31": 10316.7, "2015-12-31": 6068, "2015-09-30": "1710.70000", "2015-06-30": -3737.4, "2015-03-31": -5910.8, "2014-12-31": 13736.6, "2014-09-30": "-189.30000", "2014-06-30": -4921, "2014-03-31": -2142.2, "2013-12-31": 9062, "2013-09-30": "-2818.60000", "2013-06-30": -7700.1, "2013-03-31": 6685.9, "2012-12-31": 3363.8, "2012-09-30": "-1228.60000", "2012-06-30": -8388.3, "2012-03-31": 6465.9, "2011-12-31": 4131.2, "2011-09-30": "-5937.40000", "2011-06-30": -7393.1, "2011-03-31": 8238.9, "2010-12-31": 1804.6, "2010-09-30": "3634.80000", "2010-06-30": -7780.9, "2010-03-31": 5111.7, "2009-12-31": 5128.3, "2009-09-30": "-1171.60000", "2009-06-30": -4398.1, "2009-03-31": -4154.7, "2008-12-31": 9215.1, "2008-09-30": "943.50000", "2008-06-30": -8655.9, "2008-03-31": 4654.9, "2007-12-31": 1825.4, "2007-09-30": "-1293.60000", "2007-06-30": -5517.7, "2007-03-31": 6225.1, "2006-12-31": -0.8, "2006-09-30": "-0.10000", "2006-06-30": -174.4, "2006-03-31": 0, "2005-12-31": 0, "2005-09-30": "-0.10000", "2005-06-30": -0.1, "2005-03-31": -0.6}, "Net Common Equity Issued/Repurchased": {"2020-12-31": -214.5, "2020-09-30": "-221.50000", "2020-06-30": 16.7, "2020-03-31": -353.5, "2019-12-31": -277.7, "2019-09-30": "-341.80000", "2019-06-30": -154.7, "2019-03-31": -189, "2018-12-31": -269.6, "2018-09-30": "-251.50000", "2018-06-30": -369.9, "2018-03-31": -136.3, "2017-12-31": -148.6, "2017-09-30": "-265.20000", "2017-06-30": -281.6, "2017-03-31": -136.2, "2016-12-31": -403.1, "2016-09-30": "-343.00000", "2016-06-30": -42.1, "2016-03-31": -268.6, "2015-12-31": -439.6, "2015-09-30": "-330.10000", "2015-06-30": -408.2, "2015-03-31": -606.5, "2014-12-31": -388.7, "2014-09-30": "-44.70000", "2014-06-30": -154.3, "2014-03-31": -4.2, "2013-12-31": -66.5, "2013-09-30": "-248.10000", "2013-06-30": -228.9, "2013-03-31": -35.3, "2012-12-31": -63.1, "2012-09-30": "-114.30000", "2012-06-30": -281.7, "2012-03-31": -29.9, "2011-12-31": 20.6, "2011-09-30": "-200.30000", "2011-06-30": -425.3, "2011-03-31": 144.2, "2010-12-31": 54.5, "2010-09-30": "-28.00000", "2010-06-30": -447.4, "2010-03-31": -77.4, "2009-12-31": -31.3, "2009-09-30": "30.80000", "2009-06-30": 7.6, "2009-03-31": -153.2, "2008-12-31": -183.4, "2008-09-30": "-168.70000", "2008-06-30": -323.7, "2008-03-31": -190.5, "2007-12-31": -243.1, "2007-09-30": "-507.80000", "2007-06-30": -874.4, "2007-03-31": 42.3, "2006-12-31": -179.9, "2006-09-30": "-544.20000", "2006-06-30": -712.6, "2006-03-31": -177.5, "2005-12-31": -10.1, "2005-09-30": "-181.70000", "2005-06-30": -148.5, "2005-03-31": -289.6}, "Net Total Equity Issued/Repurchased": {"2020-12-31": -214.5, "2020-09-30": "-221.50000", "2020-06-30": 16.7, "2020-03-31": -353.5, "2019-12-31": -277.7, "2019-09-30": "-341.80000", "2019-06-30": -154.7, "2019-03-31": -189, "2018-12-31": -269.6, "2018-09-30": "-251.50000", "2018-06-30": -369.9, "2018-03-31": -136.3, "2017-12-31": -148.6, "2017-09-30": "-265.20000", "2017-06-30": -281.6, "2017-03-31": -136.2, "2016-12-31": -403.1, "2016-09-30": "-343.00000", "2016-06-30": -42.1, "2016-03-31": -268.6, "2015-12-31": -439.6, "2015-09-30": "-330.10000", "2015-06-30": -408.2, "2015-03-31": -606.5, "2014-12-31": -388.7, "2014-09-30": "-44.70000", "2014-06-30": -154.3, "2014-03-31": -4.2, "2013-12-31": -66.5, "2013-09-30": "-248.10000", "2013-06-30": -228.9, "2013-03-31": -35.3, "2012-12-31": -63.1, "2012-09-30": "-114.30000", "2012-06-30": -281.7, "2012-03-31": -29.9, "2011-12-31": 20.6, "2011-09-30": "-200.30000", "2011-06-30": -425.3, "2011-03-31": 144.2, "2010-12-31": 54.5, "2010-09-30": "-28.00000", "2010-06-30": -447.4, "2010-03-31": -77.4, "2009-12-31": -31.3, "2009-09-30": "30.80000", "2009-06-30": 7.6, "2009-03-31": -153.2, "2008-12-31": -183.4, "2008-09-30": "-168.70000", "2008-06-30": -323.7, "2008-03-31": -190.5, "2007-12-31": -243.1, "2007-09-30": "-507.80000", "2007-06-30": -874.4, "2007-03-31": 42.3, "2006-12-31": -179.9, "2006-09-30": "-544.20000", "2006-06-30": -712.6, "2006-03-31": -177.5, "2005-12-31": -10.1, "2005-09-30": "-181.70000", "2005-06-30": -148.5, "2005-03-31": -289.6}, "Total Common And Preferred Stock Dividends Paid": {"2020-12-31": -390.7, "2020-09-30": "-391.00000", "2020-06-30": -391.6, "2020-03-31": -392.9, "2019-12-31": -342.7, "2019-09-30": "-343.30000", "2019-06-30": -343.4, "2019-03-31": -344.6, "2018-12-31": -302.4, "2018-09-30": "-302.60000", "2018-06-30": -278.6, "2018-03-31": -278.4, "2017-12-31": -253, "2017-09-30": "-253.70000", "2017-06-30": -255.8, "2017-03-31": -257.1, "2016-12-31": -240.5, "2016-09-30": "-241.80000", "2016-06-30": -242.4, "2016-03-31": -242.4, "2015-12-31": -229.8, "2015-09-30": "-229.00000", "2015-06-30": -231.4, "2015-03-31": -234.9, "2014-12-31": -231.5, "2014-09-30": "-229.80000", "2014-06-30": -231.1, "2014-03-31": -231.2, "2013-12-31": -210.2, "2013-09-30": "-210.60000", "2013-06-30": -210.8, "2013-03-31": -210.4, "2012-12-31": -192.2, "2012-09-30": "-192.10000", "2012-06-30": -193.3, "2012-03-31": -192.5, "2011-12-31": -176.2, "2011-09-30": "-177.70000", "2011-06-30": -179.2, "2011-03-31": -177.6, "2010-12-31": -167.6, "2010-09-30": "-168.00000", "2010-06-30": -175.3, "2010-03-31": -167.3, "2009-12-31": -165.2, "2009-09-30": "-165.60000", "2009-06-30": -165.5, "2009-03-31": -166.7, "2008-12-31": -148.3, "2008-09-30": "-148.90000", "2008-06-30": -147.5, "2008-03-31": -151.1, "2007-12-31": -123, "2007-09-30": "-127.30000", "2007-06-30": -127.3, "2007-03-31": -126.1, "2006-12-31": -102.9, "2006-09-30": "-105.00000", "2006-06-30": -107, "2006-03-31": -105.8, "2005-12-31": -90.1, "2005-09-30": "-91.00000", "2005-06-30": -90.3, "2005-03-31": -254.6}, "Financial Activities - Other": {"2020-12-31": 0, "2020-09-30": "-57.20000", "2020-06-30": 13.6, "2020-03-31": 0, "2019-12-31": -428.3, "2019-09-30": "166.30000", "2019-06-30": 261.5, "2019-03-31": -5.3, "2018-12-31": -448.4, "2018-09-30": "448.40000", "2018-06-30": -5.3, "2018-03-31": 0, "2017-12-31": -129.4, "2017-09-30": "129.40000", "2017-06-30": 0, "2017-03-31": 0, "2016-12-31": 0, "2016-09-30": "", "2016-06-30": -0.1, "2016-03-31": 0.1, "2015-12-31": 0, "2015-09-30": "-23.40000", "2015-06-30": -24.5, "2015-03-31": -0.6, "2014-12-31": 4.2, "2014-09-30": "45.80000", "2014-06-30": 12.4, "2014-03-31": -3.7, "2013-12-31": -330.7, "2013-09-30": "139.80000", "2013-06-30": 277.1, "2013-03-31": -13.5, "2012-12-31": -428.2, "2012-09-30": "441.70000", "2012-06-30": 5.7, "2012-03-31": 0, "2011-12-31": 0, "2011-09-30": "", "2011-06-30": 1, "2011-03-31": 0, "2010-12-31": 0, "2010-09-30": "", "2010-06-30": 0.2, "2010-03-31": 0, "2009-12-31": 0, "2009-09-30": "", "2009-06-30": 1.5, "2009-03-31": 0, "2008-12-31": 0, "2008-09-30": "-11.80000", "2008-06-30": 12.5, "2008-03-31": 0, "2007-12-31": -345.9, "2007-09-30": "345.90000", "2007-06-30": 0.2, "2007-03-31": 103.4, "2006-12-31": 17.7, "2006-09-30": "13.00000", "2006-06-30": 72.2, "2006-03-31": 50.7, "2005-12-31": 3.9, "2005-09-30": "0.40000", "2005-06-30": 29.6, "2005-03-31": 7.6}, "Cash Flow From Financial Activities": {"2020-12-31": 6227.4, "2020-09-30": "2524.10000", "2020-06-30": -4926.6, "2020-03-31": -6489.1, "2019-12-31": 10571, "2019-09-30": "-5045.90000", "2019-06-30": -7153.1, "2019-03-31": 8433.7, "2018-12-31": 329.4, "2018-09-30": "-1817.70000", "2018-06-30": -7014.1, "2018-03-31": -922.1, "2017-12-31": 8345, "2017-09-30": "-2064.70000", "2017-06-30": -7295.2, "2017-03-31": 3042.8, "2016-12-31": 5484.3, "2016-09-30": "-9513.60000", "2016-06-30": -7579.9, "2016-03-31": 9805.8, "2015-12-31": 5398.6, "2015-09-30": "1128.20000", "2015-06-30": -4401.5, "2015-03-31": -6752.8, "2014-12-31": 13120.6, "2014-09-30": "-418.00000", "2014-06-30": -5294, "2014-03-31": -2381.3, "2013-12-31": 8454.6, "2013-09-30": "-3137.50000", "2013-06-30": -7862.7, "2013-03-31": 6426.7, "2012-12-31": 2680.3, "2012-09-30": "-1093.30000", "2012-06-30": -8857.6, "2012-03-31": 6243.5, "2011-12-31": 3975.6, "2011-09-30": "-6315.40000", "2011-06-30": -7996.6, "2011-03-31": 8205.5, "2010-12-31": 1691.5, "2010-09-30": "3438.80000", "2010-06-30": -8403.4, "2010-03-31": 4867, "2009-12-31": 4931.8, "2009-09-30": "-1306.40000", "2009-06-30": -4554.5, "2009-03-31": -4474.6, "2008-12-31": 8883.4, "2008-09-30": "614.10000", "2008-06-30": -9114.6, "2008-03-31": 4313.3, "2007-12-31": 1113.4, "2007-09-30": "-1582.80000", "2007-06-30": -6519.2, "2007-03-31": 6244.7, "2006-12-31": -265.9, "2006-09-30": "-636.30000", "2006-06-30": -921.8, "2006-03-31": -232.6, "2005-12-31": -96.3, "2005-09-30": "-272.40000", "2005-06-30": -209.3, "2005-03-31": -537.2}, "Net Cash Flow": {"2020-12-31": 5766.8, "2020-09-30": "3308.10000", "2020-06-30": -1465.4, "2020-03-31": -4796.1, "2019-12-31": 11042.9, "2019-09-30": "-4524.00000", "2019-06-30": -7415.3, "2019-03-31": 8727.5, "2018-12-31": 1075.7, "2018-09-30": "-2133.80000", "2018-06-30": -6902.8, "2018-03-31": -414.9, "2017-12-31": 7776.6, "2017-09-30": "-2098.40000", "2017-06-30": -6923.4, "2017-03-31": 3383.5, "2016-12-31": 5859.9, "2016-09-30": "-9597.00000", "2016-06-30": 8470.2, "2016-03-31": 146.5, "2015-12-31": -389.8, "2015-09-30": "1545.40000", "2015-06-30": -169.3, "2015-03-31": -42.2, "2014-12-31": -324.9, "2014-09-30": "192.10000", "2014-06-30": 312.6, "2014-03-31": 403.9, "2013-12-31": 118.1, "2013-09-30": "-550.10000", "2013-06-30": 51.4, "2013-03-31": 256.8, "2012-12-31": 273.5, "2012-09-30": "-430.70000", "2012-06-30": -117, "2012-03-31": 333.8, "2011-12-31": 82.4, "2011-09-30": "-140.50000", "2011-06-30": -211.5, "2011-03-31": 295.2, "2010-12-31": 129, "2010-09-30": "-466.60000", "2010-06-30": -321.7, "2010-03-31": 223.9, "2009-12-31": 158.3, "2009-09-30": "-682.50000", "2009-06-30": 901.9, "2009-03-31": 58.5, "2008-12-31": -91.5, "2008-09-30": "478.90000", "2008-06-30": -727.2, "2008-03-31": 324.2, "2007-12-31": -108.1, "2007-09-30": "-332.20000", "2007-06-30": -712.7, "2007-03-31": 1178.7, "2006-12-31": -106.5, "2006-09-30": "-499.40000", "2006-06-30": 563.5, "2006-03-31": 274.6, "2005-12-31": 3.9, "2005-09-30": "83.30000", "2005-06-30": -93.8, "2005-03-31": 356.2}, "Stock-Based Compensation": {"2020-12-31": 47.1, "2020-09-30": "33.80000", "2020-06-30": 24.1, "2020-03-31": 33.4, "2019-12-31": 36.2, "2019-09-30": "37.10000", "2019-06-30": 45.1, "2019-03-31": 45.2, "2018-12-31": 38.6, "2018-09-30": "38.40000", "2018-06-30": 56, "2018-03-31": 41.7, "2017-12-31": 38.7, "2017-09-30": "39.00000", "2017-06-30": 37.7, "2017-03-31": 34.3, "2016-12-31": 35.8, "2016-09-30": "31.10000", "2016-06-30": 35.2, "2016-03-31": 31.7, "2015-12-31": 36, "2015-09-30": "34.70000", "2015-06-30": 32.5, "2015-03-31": 35.8, "2014-12-31": 36.2, "2014-09-30": "38.70000", "2014-06-30": 30.2, "2014-03-31": 30.3, "2013-12-31": 33.3, "2013-09-30": "23.30000", "2013-06-30": 3.9, "2013-03-31": 27.6, "2012-12-31": 29.5, "2012-09-30": "21.00000", "2012-06-30": 28.3, "2012-03-31": 20.3, "2011-12-31": 27, "2011-09-30": "18.50000", "2011-06-30": 31.8, "2011-03-31": 21.8, "2010-12-31": 22.8, "2010-09-30": "13.90000", "2010-06-30": 12.6, "2010-03-31": 18.3, "2009-12-31": 19.2, "2009-09-30": "17.50000", "2009-06-30": 10.5, "2009-03-31": 22.9, "2008-12-31": 34.7, "2008-09-30": "27.90000", "2008-06-30": 28.8, "2008-03-31": 31.4, "2007-12-31": 34.5, "2007-09-30": "28.90000", "2007-06-30": 26.9, "2007-03-31": 33.3, "2006-12-31": 37.7, "2006-09-30": "32.60000", "2006-06-30": 36.1, "2006-03-31": 23.1, "2005-12-31": 40.4, "2005-09-30": "43.10000", "2005-06-30": 1, "2005-03-31": 10.8}, "Common Stock Dividends Paid": {"2020-12-31": -390.7, "2020-09-30": "-391.00000", "2020-06-30": -391.6, "2020-03-31": -392.9, "2019-12-31": -342.7, "2019-09-30": "-343.30000", "2019-06-30": -343.4, "2019-03-31": -344.6, "2018-12-31": -302.4, "2018-09-30": "-302.60000", "2018-06-30": -278.6, "2018-03-31": -278.4, "2017-12-31": -253, "2017-09-30": "-253.70000", "2017-06-30": -255.8, "2017-03-31": -257.1, "2016-12-31": -240.5, "2016-09-30": "-241.80000", "2016-06-30": -242.4, "2016-03-31": -242.4, "2015-12-31": -229.8, "2015-09-30": "-229.00000", "2015-06-30": -231.4, "2015-03-31": -234.9, "2014-12-31": -231.5, "2014-09-30": "-229.80000", "2014-06-30": -231.1, "2014-03-31": -231.2, "2013-12-31": -210.2, "2013-09-30": "-210.60000", "2013-06-30": -210.8, "2013-03-31": -210.4, "2012-12-31": -192.2, "2012-09-30": "-192.10000", "2012-06-30": -193.3, "2012-03-31": -192.5, "2011-12-31": -176.2, "2011-09-30": "-177.70000", "2011-06-30": -179.2, "2011-03-31": -177.6, "2010-12-31": -167.6, "2010-09-30": "-168.00000", "2010-06-30": -175.3, "2010-03-31": -167.3, "2009-12-31": -165.2, "2009-09-30": "-165.60000", "2009-06-30": -165.5, "2009-03-31": -166.7, "2008-12-31": -148.3, "2008-09-30": "-148.90000", "2008-06-30": -147.5, "2008-03-31": -151.1, "2007-12-31": -123, "2007-09-30": "-127.30000", "2007-06-30": -127.3, "2007-03-31": -126.1, "2006-12-31": -102.9, "2006-09-30": "-105.00000", "2006-06-30": -107, "2006-03-31": -105.8, "2005-12-31": -90.1, "2005-09-30": "-91.00000", "2005-06-30": -90.3, "2005-03-31": -254.6}}, "financial ratios": {"Current Ratio": {"2020-06-30": "1.04770", "2019-06-30": "1.05260", "2018-06-30": "1.04640", "2017-06-30": "1.09530", "2016-06-30": "1.10190", "2015-06-30": "1.06250", "2014-06-30": "1.13760", "2013-06-30": "1.05990", "2012-06-30": "1.08690", "2011-06-30": "1.06710", "2010-06-30": "1.11290", "2009-06-30": "1.10350", "2008-06-30": "1.08460", "2007-06-30": "1.06790", "2006-06-30": "2.05030", "2005-06-30": "1.70170"}, "Long-term Debt / Capital": {"2020-06-30": "0.14850", "2019-06-30": "0.27050", "2018-06-30": "0.29720", "2017-06-30": "0.33490", "2016-06-30": "0.30940", "2015-06-30": "0.00190", "2014-06-30": "0.00170", "2013-06-30": "0.00240", "2012-06-30": "0.00270", "2011-06-30": "0.00570", "2010-06-30": "0.00720", "2009-06-30": "0.00800", "2008-06-30": "0.01010", "2007-06-30": "0.00840", "2006-06-30": "0.01220", "2005-06-30": "0.01290"}, "Debt/Equity Ratio": {"2020-06-30": "0.34850", "2019-06-30": "0.37080", "2018-06-30": "0.42280", "2017-06-30": "0.50350", "2016-06-30": "0.44800", "2015-06-30": "0.00190", "2014-06-30": "0.32750", "2013-06-30": "0.00240", "2012-06-30": "0.00270", "2011-06-30": "0.00570", "2010-06-30": "0.00730", "2009-06-30": "0.00800", "2008-06-30": "0.01020", "2007-06-30": "0.00850", "2006-06-30": "0.01240", "2005-06-30": "0.01310"}, "Gross Margin": {"2020-06-30": "42.11640", "2019-06-30": "43.15040", "2018-06-30": "41.56030", "2017-06-30": "41.44440", "2016-06-30": "41.37460", "2015-06-30": "41.23880", "2014-06-30": "40.92740", "2013-06-30": "40.96480", "2012-06-30": "41.44720", "2011-06-30": "41.94650", "2010-06-30": "43.66190", "2009-06-30": "45.43470", "2008-06-30": "46.67550", "2007-06-30": "47.59870", "2006-06-30": "47.28040", "2005-06-30": "48.37470"}, "Operating Margin": {"2020-06-30": "21.53350", "2019-06-30": "21.43410", "2018-06-30": "19.26600", "2017-06-30": "19.02440", "2016-06-30": "18.77390", "2015-06-30": "18.41200", "2014-06-30": "17.74920", "2013-06-30": "17.20820", "2012-06-30": "18.29660", "2011-06-30": "18.40740", "2010-06-30": "19.83270", "2009-06-30": "20.65310", "2008-06-30": "19.66410", "2007-06-30": "19.31410", "2006-06-30": "18.99180", "2005-06-30": "19.69240"}, "EBIT Margin": {"2020-06-30": "21.53350", "2019-06-30": "21.43410", "2018-06-30": "19.26600", "2017-06-30": "19.02440", "2016-06-30": "18.77390", "2015-06-30": "18.41200", "2014-06-30": "17.74920", "2013-06-30": "17.20820", "2012-06-30": "18.29660", "2011-06-30": "18.40740", "2010-06-30": "19.83270", "2009-06-30": "20.65310", "2008-06-30": "19.66410", "2007-06-30": "19.31410", "2006-06-30": "18.99180", "2005-06-30": "19.69240"}, "EBITDA Margin": {"2020-06-30": "31.43910", "2019-06-30": "30.88190", "2018-06-30": "28.95770", "2017-06-30": "28.64210", "2016-06-30": "22.05390", "2015-06-30": "21.86950", "2014-06-30": "21.27920", "2013-06-30": "20.70850", "2012-06-30": "21.87650", "2011-06-30": "22.15190", "2010-06-30": "23.93790", "2009-06-30": "24.79410", "2008-06-30": "23.79750", "2007-06-30": "23.53590", "2006-06-30": "23.69360", "2005-06-30": "25.32910"}, "Pre-Tax Profit Margin": {"2020-06-30": "21.81390", "2019-06-30": "21.30090", "2018-06-30": "17.19580", "2017-06-30": "21.15180", "2016-06-30": "19.15270", "2015-06-30": "18.93040", "2014-06-30": "18.37600", "2013-06-30": "18.11160", "2012-06-30": "19.83600", "2011-06-30": "19.50580", "2010-06-30": "20.86990", "2009-06-30": "21.49820", "2008-06-30": "20.64880", "2007-06-30": "20.81410", "2006-06-30": "19.91340", "2005-06-30": "20.18820"}, "Net Profit Margin": {"2020-06-30": "16.90570", "2019-06-30": "16.24920", "2018-06-30": "14.19970", "2017-06-30": "14.45040", "2016-06-30": "12.79160", "2015-06-30": "13.27880", "2014-06-30": "14.82340", "2013-06-30": "14.88880", "2012-06-30": "13.10470", "2011-06-30": "12.75500", "2010-06-30": "13.56900", "2009-06-30": "15.07740", "2008-06-30": "14.14860", "2007-06-30": "14.59870", "2006-06-30": "22.73390", "2005-06-30": "17.21330"}, "Asset Turnover": {"2020-06-30": "0.37250", "2019-06-30": "0.33690", "2018-06-30": "0.34170", "2017-06-30": "0.33280", "2016-06-30": "0.26720", "2015-06-30": "0.33040", "2014-06-30": "0.31900", "2013-06-30": "0.29260", "2012-06-30": "0.34380", "2011-06-30": "0.28720", "2010-06-30": "0.33240", "2009-06-30": "0.34860", "2008-06-30": "0.36800", "2007-06-30": "0.29270", "2006-06-30": "0.24870", "2005-06-30": "0.22200"}, "Inventory Turnover Ratio": {"2020-06-30": "", "2019-06-30": "", "2018-06-30": "", "2017-06-30": "", "2016-06-30": "", "2015-06-30": "", "2014-06-30": "", "2013-06-30": "", "2012-06-30": "", "2011-06-30": "", "2010-06-30": "", "2009-06-30": "", "2008-06-30": "", "2007-06-30": "", "2006-06-30": "", "2005-06-30": ""}, "Receiveable Turnover": {"2020-06-30": "5.97620", "2019-06-30": "5.78450", "2018-06-30": "6.69000", "2017-06-30": "7.26230", "2016-06-30": "6.69490", "2015-06-30": "7.07120", "2014-06-30": "6.82310", "2013-06-30": "5.91860", "2012-06-30": "7.61330", "2011-06-30": "7.20470", "2010-06-30": "7.91670", "2009-06-30": "8.41190", "2008-06-30": "8.44160", "2007-06-30": "7.48630", "2006-06-30": "9.08750", "2005-06-30": "2.93800"}, "Days Sales In Receivables": {"2020-06-30": "61.07520", "2019-06-30": "63.09940", "2018-06-30": "54.55940", "2017-06-30": "50.25980", "2016-06-30": "54.51950", "2015-06-30": "51.61760", "2014-06-30": "53.49510", "2013-06-30": "61.66960", "2012-06-30": "47.94260", "2011-06-30": "50.66120", "2010-06-30": "46.10490", "2009-06-30": "43.39080", "2008-06-30": "43.23820", "2007-06-30": "48.75560", "2006-06-30": "40.16520", "2005-06-30": "124.23440"}, "ROE - Return On Equity": {"2020-06-30": "42.87930", "2019-06-30": "42.46010", "2018-06-30": "39.80030", "2017-06-30": "44.95350", "2016-06-30": "33.32290", "2015-06-30": "28.62640", "2014-06-30": "18.62910", "2013-06-30": "18.12950", "2012-06-30": "22.49260", "2011-06-30": "20.71410", "2010-06-30": "22.03540", "2009-06-30": "24.89570", "2008-06-30": "22.71780", "2007-06-30": "19.83720", "2006-06-30": "14.00460", "2005-06-30": "13.49610"}, "Return On Tangible Equity": {"2020-06-30": "110.75440", "2019-06-30": "114.33140", "2018-06-30": "117.36600", "2017-06-30": "110.64490", "2016-06-30": "65.92210", "2015-06-30": "54.80130", "2014-06-30": "28.92660", "2013-06-30": "44.75370", "2012-06-30": "58.18000", "2011-06-30": "56.05330", "2010-06-30": "47.28580", "2009-06-30": "55.94920", "2008-06-30": "57.11670", "2007-06-30": "48.48310", "2006-06-30": "23.99120", "2005-06-30": "25.82720"}, "ROA - Return On Assets": {"2020-06-30": "6.29760", "2019-06-30": "5.47370", "2018-06-30": "4.85190", "2017-06-30": "4.80850", "2016-06-30": "3.41970", "2015-06-30": "4.15730", "2014-06-30": "3.87590", "2013-06-30": "3.47770", "2012-06-30": "4.46240", "2011-06-30": "3.63630", "2010-06-30": "4.49440", "2009-06-30": "5.22690", "2008-06-30": "4.86930", "2007-06-30": "3.83210", "2006-06-30": "3.06260", "2005-06-30": "2.82670"}, "ROI - Return On Investment": {"2020-06-30": "36.51370", "2019-06-30": "30.97500", "2018-06-30": "27.97290", "2017-06-30": "29.89930", "2016-06-30": "23.01330", "2015-06-30": "28.57170", "2014-06-30": "18.59710", "2013-06-30": "18.08660", "2012-06-30": "22.43100", "2011-06-30": "20.59690", "2010-06-30": "21.87650", "2009-06-30": "24.69760", "2008-06-30": "22.48750", "2007-06-30": "19.67100", "2006-06-30": "13.83360", "2005-06-30": "13.32170"}, "Book Value Per Share": {"2020-06-30": "13.38030", "2019-06-30": "12.43640", "2018-06-30": "10.79280", "2017-06-30": "8.93710", "2016-06-30": "9.83450", "2015-06-30": "10.30980", "2014-06-30": "13.89050", "2013-06-30": "12.82620", "2012-06-30": "12.62700", "2011-06-30": "12.24610", "2010-06-30": "11.13600", "2009-06-30": "10.60910", "2008-06-30": "9.96900", "2007-06-30": "9.60790", "2006-06-30": "10.70820", "2005-06-30": "9.96880"}, "Operating Cash Flow Per Share": {"2020-06-30": 0.8505, "2019-06-30": 0.4695, "2018-06-30": 0.9527, "2017-06-30": 0.5884, "2016-06-30": -0.0161, "2015-06-30": 0.3786, "2014-06-30": 0.5323, "2013-06-30": -0.643, "2012-06-30": 0.4577, "2011-06-30": 0.0837, "2010-06-30": 0.2501, "2009-06-30": -0.2721, "2008-06-30": 1.0349, "2007-06-30": -0.7968, "2006-06-30": 0.6937, "2005-06-30": 2.4297}, "Free Cash Flow Per Share": {"2020-06-30": 0.8715, "2019-06-30": 0.5813, "2018-06-30": 1.0221, "2017-06-30": 0.3879, "2016-06-30": -0.0648, "2015-06-30": 0.4243, "2014-06-30": 0.4493, "2013-06-30": -0.7508, "2012-06-30": 0.6573, "2011-06-30": -0.0569, "2010-06-30": 0.3132, "2009-06-30": -0.1913, "2008-06-30": 1.0027, "2007-06-30": -0.6606, "2006-06-30": 0.5079, "2005-06-30": 2.1695}}, "financial ratios, quarterly": {"Current Ratio": {"2020-12-31": "1.06350", "2020-09-30": "1.07690", "2020-06-30": "1.04770", "2020-03-31": "1.02990", "2019-12-31": "1.02080", "2019-09-30": "1.01050", "2019-06-30": "1.05260", "2019-03-31": "1.04490", "2018-12-31": "1.04570", "2018-09-30": "1.03160", "2018-06-30": "1.04640", "2018-03-31": "1.05370", "2017-12-31": "1.05640", "2017-09-30": "1.09600", "2017-06-30": "1.09530", "2017-03-31": "1.08500", "2016-12-31": "1.08650", "2016-09-30": "1.12740", "2016-06-30": "1.10190", "2016-03-31": "1.08250", "2015-12-31": "1.09830", "2015-09-30": "1.13500", "2015-06-30": "1.06250", "2015-03-31": "1.06770", "2014-12-31": "1.06380", "2014-09-30": "1.11370", "2014-06-30": "1.13760", "2014-03-31": "1.06840", "2013-12-31": "1.05400", "2013-09-30": "0.96060", "2013-06-30": "1.05990", "2013-03-31": "1.07210", "2012-12-31": "1.08310", "2012-09-30": "1.07250", "2012-06-30": "1.08690", "2012-03-31": "1.06780", "2011-12-31": "1.07780", "2011-09-30": "1.09470", "2011-06-30": "1.06710", "2011-03-31": "1.06210", "2010-12-31": "1.07370", "2010-09-30": "1.08450", "2010-06-30": "1.11290", "2010-03-31": "1.09270", "2009-12-31": "1.10490", "2009-09-30": "1.13040", "2009-06-30": "1.10350", "2009-03-31": "1.07070", "2008-12-31": "1.05250", "2008-09-30": "1.07020", "2008-06-30": "1.08460", "2008-03-31": "1.07570", "2007-12-31": "1.76350", "2007-09-30": "1.57210", "2007-06-30": "1.06790", "2007-03-31": "2.29790", "2006-12-31": "1.68220", "2006-09-30": "1.77470", "2006-06-30": "2.05030", "2006-03-31": "1.74500", "2005-12-31": "1.58460", "2005-09-30": "1.67170", "2005-06-30": "1.70170", "2005-03-31": "1.63000"}, "Long-term Debt / Capital": {"2020-12-31": "0.25260", "2020-09-30": "0.25550", "2020-06-30": "0.14850", "2020-03-31": "0.15440", "2019-12-31": "0.15750", "2019-09-30": "0.15770", "2019-06-30": "0.27050", "2019-03-31": "0.27620", "2018-12-31": "0.29590", "2018-09-30": "0.29970", "2018-06-30": "0.29720", "2018-03-31": "0.33200", "2017-12-31": "0.33750", "2017-09-30": "0.33620", "2017-06-30": "0.33490", "2017-03-31": "0.32800", "2016-12-31": "0.34420", "2016-09-30": "0.32080", "2016-06-30": "0.30940", "2016-03-31": "0.30840", "2015-12-31": "0.32170", "2015-09-30": "0.30110", "2015-06-30": "0.00190", "2015-03-31": "0.00190", "2014-12-31": "0.00190", "2014-09-30": "0.00190", "2014-06-30": "0.00170", "2014-03-31": "0.00180", "2013-12-31": "0.00200", "2013-09-30": "0.00230", "2013-06-30": "0.00240", "2013-03-31": "0.00230", "2012-12-31": "0.00250", "2012-09-30": "0.00260", "2012-06-30": "0.00270", "2012-03-31": "0.00270", "2011-12-31": "0.00410", "2011-09-30": "0.00430", "2011-06-30": "0.00570", "2011-03-31": "0.00560", "2010-12-31": "0.00600", "2010-09-30": "0.00610", "2010-06-30": "0.00720", "2010-03-31": "0.00690", "2009-12-31": "0.00720", "2009-09-30": "0.00740", "2009-06-30": "0.00800", "2009-03-31": "0.00860", "2008-12-31": "0.01050", "2008-09-30": "0.00800", "2008-06-30": "0.01010", "2008-03-31": "0.00950", "2007-12-31": "0.00700", "2007-09-30": "0.00860", "2007-06-30": "0.00840", "2007-03-31": "0.00720", "2006-12-31": "0.01230", "2006-09-30": "0.01260", "2006-06-30": "0.01220", "2006-03-31": "0.01210", "2005-12-31": "0.01250", "2005-09-30": "0.01310", "2005-06-30": "0.01290", "2005-03-31": "0.01300"}, "Debt/Equity Ratio": {"2020-12-31": "0.33800", "2020-09-30": "0.34320", "2020-06-30": "0.34850", "2020-03-31": "0.36510", "2019-12-31": "0.37370", "2019-09-30": "1.03370", "2019-06-30": "0.37080", "2019-03-31": "0.38170", "2018-12-31": "0.42030", "2018-09-30": "0.42800", "2018-06-30": "0.42280", "2018-03-31": "0.49700", "2017-12-31": "0.50940", "2017-09-30": "0.50640", "2017-06-30": "0.50350", "2017-03-31": "0.48800", "2016-12-31": "0.52490", "2016-09-30": "0.47240", "2016-06-30": "0.44800", "2016-03-31": "0.44580", "2015-12-31": "0.47430", "2015-09-30": "0.43090", "2015-06-30": "0.00190", "2015-03-31": "0.00190", "2014-12-31": "0.00190", "2014-09-30": "0.33430", "2014-06-30": "0.32750", "2014-03-31": "0.00180", "2013-12-31": "0.00200", "2013-09-30": "0.40230", "2013-06-30": "0.00240", "2013-03-31": "0.00230", "2012-12-31": "0.00250", "2012-09-30": "0.00260", "2012-06-30": "0.00270", "2012-03-31": "0.00270", "2011-12-31": "0.00410", "2011-09-30": "0.00430", "2011-06-30": "0.00570", "2011-03-31": "0.00560", "2010-12-31": "0.00610", "2010-09-30": "0.00620", "2010-06-30": "0.00730", "2010-03-31": "0.00700", "2009-12-31": "0.00730", "2009-09-30": "0.00750", "2009-06-30": "0.00800", "2009-03-31": "0.00860", "2008-12-31": "0.01060", "2008-09-30": "0.28840", "2008-06-30": "0.01020", "2008-03-31": "0.00950", "2007-12-31": "0.00710", "2007-09-30": "0.00870", "2007-06-30": "0.00850", "2007-03-31": "0.00730", "2006-12-31": "0.01250", "2006-09-30": "0.01270", "2006-06-30": "0.01240", "2006-03-31": "0.01230", "2005-12-31": "0.01270", "2005-09-30": "0.01330", "2005-06-30": "0.01310", "2005-03-31": "0.01320"}, "Gross Margin": {"2020-12-31": "42.57110", "2020-09-30": "41.38650", "2020-06-30": "38.78520", "2020-03-31": "44.68350", "2019-12-31": "42.93230", "2019-09-30": "41.50530", "2019-06-30": "42.48270", "2019-03-31": "45.33720", "2018-12-31": "42.72710", "2018-09-30": "41.76960", "2018-06-30": "42.11240", "2018-03-31": "43.74190", "2017-12-31": "40.15690", "2017-09-30": "39.83170", "2017-06-30": "40.39580", "2017-03-31": "43.97210", "2016-12-31": "40.82280", "2016-09-30": "40.22420", "2016-06-30": "41.39120", "2016-03-31": "44.20060", "2015-12-31": "40.06060", "2015-09-30": "39.33310", "2015-06-30": "40.55670", "2015-03-31": "44.30780", "2014-12-31": "40.33390", "2014-09-30": "39.27360", "2014-06-30": "39.66450", "2014-03-31": "43.87100", "2013-12-31": "40.70660", "2013-09-30": "39.00090", "2013-06-30": "34.54720", "2013-03-31": "43.93590", "2012-12-31": "40.88730", "2012-09-30": "39.84830", "2012-06-30": "39.62120", "2012-03-31": "44.40890", "2011-12-31": "41.11720", "2011-09-30": "40.24450", "2011-06-30": "39.21810", "2011-03-31": "44.44890", "2010-12-31": "42.62380", "2010-09-30": "41.15460", "2010-06-30": "41.45820", "2010-03-31": "45.53450", "2009-12-31": "44.16740", "2009-09-30": "43.25180", "2009-06-30": "43.22030", "2009-03-31": "48.71870", "2008-12-31": "46.10360", "2008-09-30": "43.30970", "2008-06-30": "45.82800", "2008-03-31": "49.55500", "2007-12-31": "45.66770", "2007-09-30": "45.17570", "2007-06-30": "46.95730", "2007-03-31": "50.84750", "2006-12-31": "47.08430", "2006-09-30": "44.85980", "2006-06-30": "60.58550", "2006-03-31": "50.98080", "2005-12-31": "43.62690", "2005-09-30": "40.80760", "2005-06-30": "40.66960", "2005-03-31": "44.84880"}, "Operating Margin": {"2020-12-31": "22.12030", "2020-09-30": "21.76510", "2020-06-30": "16.11290", "2020-03-31": "25.99190", "2019-12-31": "22.37630", "2019-09-30": "20.72260", "2019-06-30": "17.91740", "2019-03-31": "25.73530", "2018-12-31": "21.38930", "2018-09-30": "20.20360", "2018-06-30": "17.27710", "2018-03-31": "23.44700", "2017-12-31": "17.81180", "2017-09-30": "17.88310", "2017-06-30": "13.56230", "2017-03-31": "24.47520", "2016-12-31": "19.37200", "2016-09-30": "18.01910", "2016-06-30": "14.81950", "2016-03-31": "24.67220", "2015-12-31": "17.71640", "2015-09-30": "17.03020", "2015-06-30": "13.64260", "2015-03-31": "24.23040", "2014-12-31": "18.15650", "2014-09-30": "16.82710", "2014-06-30": "13.40360", "2014-03-31": "23.15320", "2013-12-31": "17.49610", "2013-09-30": "16.23620", "2013-06-30": "-2.75490", "2013-03-31": "22.91510", "2012-12-31": "18.15270", "2012-09-30": "16.66730", "2012-06-30": "13.83460", "2012-03-31": "23.11310", "2011-12-31": "18.75360", "2011-09-30": "16.87050", "2011-06-30": "12.73680", "2011-03-31": "23.35880", "2010-12-31": "18.92590", "2010-09-30": "18.02730", "2010-06-30": "13.51350", "2010-03-31": "24.86900", "2009-12-31": "20.55960", "2009-09-30": "19.80350", "2009-06-30": "15.80410", "2009-03-31": "26.81220", "2008-12-31": "20.09260", "2008-09-30": "19.16570", "2008-06-30": "14.14710", "2008-03-31": "25.44080", "2007-12-31": "19.87820", "2007-09-30": "18.38860", "2007-06-30": "14.49570", "2007-03-31": "25.52280", "2006-12-31": "19.62870", "2006-09-30": "16.78820", "2006-06-30": "8.00840", "2006-03-31": "25.27760", "2005-12-31": "19.93700", "2005-09-30": "17.15670", "2005-06-30": "17.52740", "2005-03-31": "22.93000"}, "EBIT Margin": {"2020-12-31": "22.12030", "2020-09-30": "21.76510", "2020-06-30": "16.11290", "2020-03-31": "25.99190", "2019-12-31": "22.37630", "2019-09-30": "20.72260", "2019-06-30": "17.91740", "2019-03-31": "25.73530", "2018-12-31": "21.38930", "2018-09-30": "20.20360", "2018-06-30": "17.27710", "2018-03-31": "23.44700", "2017-12-31": "17.81180", "2017-09-30": "17.88310", "2017-06-30": "13.56230", "2017-03-31": "24.47520", "2016-12-31": "19.37200", "2016-09-30": "18.01910", "2016-06-30": "14.81950", "2016-03-31": "24.67220", "2015-12-31": "17.71640", "2015-09-30": "17.03020", "2015-06-30": "13.64260", "2015-03-31": "24.23040", "2014-12-31": "18.15650", "2014-09-30": "16.82710", "2014-06-30": "13.40350", "2014-03-31": "23.15320", "2013-12-31": "17.49610", "2013-09-30": "16.23620", "2013-06-30": "-2.75500", "2013-03-31": "22.91510", "2012-12-31": "18.15270", "2012-09-30": "16.66730", "2012-06-30": "13.83460", "2012-03-31": "23.11310", "2011-12-31": "18.75360", "2011-09-30": "16.87050", "2011-06-30": "12.73670", "2011-03-31": "23.35880", "2010-12-31": "18.92590", "2010-09-30": "18.02730", "2010-06-30": "13.51350", "2010-03-31": "24.86900", "2009-12-31": "20.55960", "2009-09-30": "19.80350", "2009-06-30": "15.80410", "2009-03-31": "26.81220", "2008-12-31": "20.09260", "2008-09-30": "19.16570", "2008-06-30": "14.14710", "2008-03-31": "25.44080", "2007-12-31": "19.87820", "2007-09-30": "18.38860", "2007-06-30": "14.49570", "2007-03-31": "25.52280", "2006-12-31": "19.62870", "2006-09-30": "16.78820", "2006-06-30": "8.00840", "2006-03-31": "25.27760", "2005-12-31": "19.93700", "2005-09-30": "17.15670", "2005-06-30": "17.52740", "2005-03-31": "22.93000"}, "EBITDA Margin": {"2020-12-31": "", "2020-09-30": "", "2020-06-30": "", "2020-03-31": "", "2019-12-31": "", "2019-09-30": "", "2019-06-30": "", "2019-03-31": "", "2018-12-31": "", "2018-09-30": "", "2018-06-30": "", "2018-03-31": "", "2017-12-31": "", "2017-09-30": "", "2017-06-30": "", "2017-03-31": "", "2016-12-31": "", "2016-09-30": "", "2016-06-30": "", "2016-03-31": "", "2015-12-31": "", "2015-09-30": "", "2015-06-30": "", "2015-03-31": "", "2014-12-31": "", "2014-09-30": "", "2014-06-30": "", "2014-03-31": "", "2013-12-31": "", "2013-09-30": "", "2013-06-30": "", "2013-03-31": "", "2012-12-31": "", "2012-09-30": "", "2012-06-30": "", "2012-03-31": "", "2011-12-31": "", "2011-09-30": "", "2011-06-30": "", "2011-03-31": "", "2010-12-31": "", "2010-09-30": "", "2010-06-30": "", "2010-03-31": "", "2009-12-31": "", "2009-09-30": "", "2009-06-30": "", "2009-03-31": "", "2008-12-31": "", "2008-09-30": "", "2008-06-30": "", "2008-03-31": "", "2007-12-31": "", "2007-09-30": "", "2007-06-30": "", "2007-03-31": "", "2006-12-31": "", "2006-09-30": "", "2006-06-30": "", "2006-03-31": "", "2005-12-31": "", "2005-09-30": "", "2005-06-30": "", "2005-03-31": ""}, "Pre-Tax Profit Margin": {"2020-12-31": "22.52890", "2020-09-30": "22.04740", "2020-06-30": "15.73380", "2020-03-31": "26.59960", "2019-12-31": "22.76880", "2019-09-30": "21.14310", "2019-06-30": "18.20190", "2019-03-31": "25.71710", "2018-12-31": "21.21750", "2018-09-30": "19.53900", "2018-06-30": "7.81560", "2018-03-31": "23.67970", "2017-12-31": "18.14220", "2017-09-30": "18.35760", "2017-06-30": "15.50870", "2017-03-31": "24.27290", "2016-12-31": "26.31810", "2016-09-30": "18.12540", "2016-06-30": "14.73330", "2016-03-31": "24.46590", "2015-12-31": "18.09410", "2015-09-30": "18.60720", "2015-06-30": "14.16220", "2015-03-31": "24.46520", "2014-12-31": "18.79710", "2014-09-30": "17.55190", "2014-06-30": "13.85920", "2014-03-31": "23.39030", "2013-12-31": "18.52670", "2013-09-30": "17.08720", "2013-06-30": "-0.80220", "2013-03-31": "23.26250", "2012-12-31": "19.24450", "2012-09-30": "17.65310", "2012-06-30": "14.89490", "2012-03-31": "23.43260", "2011-12-31": "22.41410", "2011-09-30": "18.14890", "2011-06-30": "13.98030", "2011-03-31": "23.85560", "2010-12-31": "20.14380", "2010-09-30": "19.57480", "2010-06-30": "13.95180", "2010-03-31": "25.90870", "2009-12-31": "21.79250", "2009-09-30": "21.25850", "2009-06-30": "17.12790", "2009-03-31": "26.53350", "2008-12-31": "21.47690", "2008-09-30": "20.22920", "2008-06-30": "15.97670", "2008-03-31": "26.18240", "2007-12-31": "20.49210", "2007-09-30": "19.15160", "2007-06-30": "15.37080", "2007-03-31": "26.31970", "2006-12-31": "21.10120", "2006-09-30": "19.89970", "2006-06-30": "11.73030", "2006-03-31": "26.10790", "2005-12-31": "20.38020", "2005-09-30": "17.28160", "2005-06-30": "17.87170", "2005-03-31": "22.98870"}, "Net Profit Margin": {"2020-12-31": "17.52040", "2020-09-30": "17.34810", "2020-06-30": "12.18910", "2020-03-31": "20.28020", "2019-12-31": "17.75720", "2019-09-30": "16.66050", "2019-06-30": "13.66650", "2019-03-31": "19.68810", "2018-12-31": "15.98330", "2018-09-30": "15.26750", "2018-06-30": "4.31850", "2018-03-31": "17.88420", "2017-12-31": "20.70220", "2017-09-30": "13.40830", "2017-06-30": "10.47760", "2017-03-31": "17.23640", "2016-12-31": "17.10240", "2016-09-30": "12.64010", "2016-06-30": "9.73020", "2016-03-31": "16.39170", "2015-12-31": "12.16250", "2015-09-30": "12.40240", "2015-06-30": "12.47730", "2015-03-31": "16.18890", "2014-12-31": "12.49250", "2014-09-30": "11.50380", "2014-06-30": "11.34110", "2014-03-31": "18.46310", "2013-12-31": "15.11810", "2013-09-30": "13.91190", "2013-06-30": "23.94980", "2013-03-31": "15.52440", "2012-12-31": "14.22590", "2012-09-30": "11.57540", "2012-06-30": "9.92740", "2012-03-31": "15.54160", "2011-12-31": "14.58750", "2011-09-30": "12.05540", "2011-06-30": "9.82690", "2011-03-31": "15.48240", "2010-12-31": "12.89020", "2010-09-30": "12.49220", "2010-06-30": "9.49140", "2010-03-31": "16.51930", "2009-12-31": "14.36760", "2009-09-30": "13.55370", "2009-06-30": "16.91690", "2009-03-31": "16.99240", "2008-12-31": "13.63860", "2008-09-30": "12.69310", "2008-06-30": "10.78820", "2008-03-31": "17.04020", "2007-12-31": "13.54360", "2007-09-30": "14.92970", "2007-06-30": "9.73050", "2007-03-31": "17.91340", "2006-12-31": "15.88330", "2006-09-30": "14.67400", "2006-06-30": "73.57030", "2006-03-31": "19.23200", "2005-12-31": "12.79060", "2005-09-30": "11.44820", "2005-06-30": "11.24130", "2005-03-31": "15.27770"}, "Asset Turnover": {"2020-12-31": "0.07490", "2020-09-30": "0.08190", "2020-06-30": "0.08620", "2020-03-31": "0.09330", "2019-12-31": "0.07480", "2019-09-30": "0.09270", "2019-06-30": "0.08310", "2019-03-31": "0.07940", "2018-12-31": "0.09000", "2018-09-30": "0.08850", "2018-06-30": "0.08400", "2018-03-31": "0.08390", "2017-12-31": "0.07270", "2017-09-30": "0.08630", "2017-06-30": "0.08220", "2017-03-31": "0.07780", "2016-12-31": "0.07470", "2016-09-30": "0.08490", "2016-06-30": "0.06640", "2016-03-31": "0.06350", "2015-12-31": "0.07040", "2015-09-30": "0.07890", "2015-06-30": "0.08140", "2015-03-31": "0.08150", "2014-12-31": "0.06100", "2014-09-30": "0.08490", "2014-06-30": "0.07940", "2014-03-31": "0.07720", "2013-12-31": "0.06510", "2013-09-30": "0.08010", "2013-06-30": "0.02940", "2013-03-31": "0.07740", "2012-12-31": "0.08240", "2012-09-30": "0.08750", "2012-06-30": "0.08450", "2012-03-31": "0.07390", "2011-12-31": "0.07910", "2011-09-30": "0.08960", "2011-06-30": "0.07190", "2011-03-31": "0.06580", "2010-12-31": "0.07370", "2010-09-30": "0.07220", "2010-06-30": "0.08150", "2010-03-31": "0.06980", "2009-12-31": "0.07430", "2009-09-30": "0.08580", "2009-06-30": "0.08220", "2009-03-31": "0.08120", "2008-12-31": "0.06600", "2008-09-30": "0.09020", "2008-06-30": "0.09120", "2008-03-31": "0.07410", "2007-12-31": "0.07810", "2007-09-30": "0.07750", "2007-06-30": "0.07500", "2007-03-31": "0.06590", "2006-12-31": "0.05930", "2006-09-30": "0.06700", "2006-06-30": "0.03480", "2006-03-31": "0.05900", "2005-12-31": "0.06850", "2005-09-30": "0.07740", "2005-06-30": "0.08340", "2005-03-31": "0.06760"}, "Inventory Turnover Ratio": {"2020-12-31": "", "2020-09-30": "", "2020-06-30": "", "2020-03-31": "", "2019-12-31": "", "2019-09-30": "", "2019-06-30": "", "2019-03-31": "", "2018-12-31": "", "2018-09-30": "", "2018-06-30": "", "2018-03-31": "", "2017-12-31": "", "2017-09-30": "", "2017-06-30": "", "2017-03-31": "", "2016-12-31": "", "2016-09-30": "", "2016-06-30": "", "2016-03-31": "", "2015-12-31": "", "2015-09-30": "", "2015-06-30": "", "2015-03-31": "", "2014-12-31": "", "2014-09-30": "", "2014-06-30": "", "2014-03-31": "", "2013-12-31": "", "2013-09-30": "", "2013-06-30": "", "2013-03-31": "", "2012-12-31": "", "2012-09-30": "", "2012-06-30": "", "2012-03-31": "", "2011-12-31": "", "2011-09-30": "", "2011-06-30": "", "2011-03-31": "", "2010-12-31": "", "2010-09-30": "", "2010-06-30": "", "2010-03-31": "", "2009-12-31": "", "2009-09-30": "", "2009-06-30": "", "2009-03-31": "", "2008-12-31": "", "2008-09-30": "", "2008-06-30": "", "2008-03-31": "", "2007-12-31": "", "2007-09-30": "", "2007-06-30": "", "2007-03-31": "", "2006-12-31": "", "2006-09-30": "", "2006-06-30": "", "2006-03-31": "", "2005-12-31": "", "2005-09-30": "", "2005-06-30": "", "2005-03-31": ""}, "Receiveable Turnover": {"2020-12-31": "1.47250", "2020-09-30": "1.39440", "2020-06-30": "1.38320", "2020-03-31": "1.54460", "2019-12-31": "1.41790", "2019-09-30": "1.40370", "2019-06-30": "1.42640", "2019-03-31": "1.54040", "2018-12-31": "1.32380", "2018-09-30": "1.49350", "2018-06-30": "1.64430", "2018-03-31": "1.80880", "2017-12-31": "1.58310", "2017-09-30": "1.72040", "2017-06-30": "1.79440", "2017-03-31": "1.88290", "2016-12-31": "1.62400", "2016-09-30": "1.79990", "2016-06-30": "1.66300", "2016-03-31": "1.56600", "2015-12-31": "1.71770", "2015-09-30": "1.73400", "2015-06-30": "1.74190", "2015-03-31": "1.91330", "2014-12-31": "1.66310", "2014-09-30": "1.84570", "2014-06-30": "1.69840", "2014-03-31": "1.53940", "2013-12-31": "1.44110", "2013-09-30": "1.48950", "2013-06-30": "0.59390", "2013-03-31": "1.80400", "2012-12-31": "1.71300", "2012-09-30": "1.80230", "2012-06-30": "1.87030", "2012-03-31": "2.12060", "2011-12-31": "1.89870", "2011-09-30": "2.03000", "2011-06-30": "1.80290", "2011-03-31": "2.11570", "2010-12-31": "2.11660", "2010-09-30": "1.91940", "2010-06-30": "1.94240", "2010-03-31": "2.16020", "2009-12-31": "2.01760", "2009-09-30": "2.10810", "2009-06-30": "1.98430", "2009-03-31": "2.26930", "2008-12-31": "1.88910", "2008-09-30": "2.19560", "2008-06-30": "2.09200", "2008-03-31": "2.05850", "2007-12-31": "2.00980", "2007-09-30": "2.07980", "2007-06-30": "1.91950", "2007-03-31": "2.37270", "2006-12-31": "0.85010", "2006-09-30": "0.79420", "2006-06-30": "1.27160", "2006-03-31": "0.87440", "2005-12-31": "0.89420", "2005-09-30": "0.92830", "2005-06-30": "1.10300", "2005-03-31": "0.93560"}, "Days Sales In Receivables": {"2020-12-31": "61.12020", "2020-09-30": "64.54580", "2020-06-30": "65.06660", "2020-03-31": "58.26720", "2019-12-31": "63.47210", "2019-09-30": "64.11760", "2019-06-30": "63.09800", "2019-03-31": "58.42640", "2018-12-31": "67.98450", "2018-09-30": "60.25920", "2018-06-30": "54.73320", "2018-03-31": "49.75810", "2017-12-31": "56.84930", "2017-09-30": "52.31480", "2017-06-30": "50.15500", "2017-03-31": "47.79960", "2016-12-31": "55.41960", "2016-09-30": "50.00310", "2016-06-30": "54.12050", "2016-03-31": "57.46970", "2015-12-31": "52.39690", "2015-09-30": "51.90420", "2015-06-30": "51.66860", "2015-03-31": "47.04000", "2014-12-31": "54.11670", "2014-09-30": "48.76160", "2014-06-30": "52.99030", "2014-03-31": "58.46450", "2013-12-31": "62.45180", "2013-09-30": "60.42420", "2013-06-30": "151.54840", "2013-03-31": "49.89030", "2012-12-31": "52.53990", "2012-09-30": "49.93590", "2012-06-30": "48.12050", "2012-03-31": "42.44150", "2011-12-31": "47.39990", "2011-09-30": "44.33510", "2011-06-30": "49.91950", "2011-03-31": "42.53900", "2010-12-31": "42.52150", "2010-09-30": "46.88930", "2010-06-30": "46.33540", "2010-03-31": "41.66260", "2009-12-31": "44.60690", "2009-09-30": "42.69210", "2009-06-30": "45.35610", "2009-03-31": "39.65970", "2008-12-31": "47.64080", "2008-09-30": "40.99200", "2008-06-30": "43.02070", "2008-03-31": "43.72080", "2007-12-31": "44.78020", "2007-09-30": "43.27410", "2007-06-30": "46.88790", "2007-03-31": "37.93180", "2006-12-31": "105.86510", "2006-09-30": "113.32570", "2006-06-30": "70.77680", "2006-03-31": "102.92320", "2005-12-31": "100.64720", "2005-09-30": "96.95480", "2005-06-30": "81.59580", "2005-03-31": "96.19870"}, "ROE - Return On Equity": {"2020-12-31": "10.97460", "2020-09-30": "10.36510", "2020-06-30": "7.15550", "2020-03-31": "14.95070", "2019-12-31": "12.14680", "2019-09-30": "10.86430", "2019-06-30": "8.80570", "2019-03-31": "14.36660", "2018-12-31": "11.71730", "2018-09-30": "10.80190", "2018-06-30": "2.97510", "2018-03-31": "16.40520", "2017-12-31": "17.05330", "2017-09-30": "10.43660", "2017-06-30": "8.05380", "2017-03-31": "14.32820", "2016-12-31": "13.39150", "2016-09-30": "8.67510", "2016-06-30": "6.29240", "2016-03-31": "11.82490", "2015-12-31": "8.11660", "2015-09-30": "7.28910", "2015-06-30": "5.34680", "2015-03-31": "9.46870", "2014-12-31": "6.05400", "2014-09-30": "5.08980", "2014-06-30": "3.45270", "2014-03-31": "6.54770", "2013-12-31": "5.02040", "2013-09-30": "4.27750", "2013-06-30": "-0.22460", "2013-03-31": "7.34020", "2012-12-31": "5.50400", "2012-09-30": "4.80720", "2012-06-30": "4.11840", "2012-03-31": "6.97270", "2011-12-31": "6.03000", "2011-09-30": "4.99070", "2011-06-30": "3.87000", "2011-03-31": "6.84160", "2010-12-31": "5.36910", "2010-09-30": "4.83780", "2010-06-30": "3.79270", "2010-03-31": "6.76290", "2009-12-31": "5.48030", "2009-09-30": "5.00350", "2009-06-30": "6.47430", "2009-03-31": "8.05410", "2008-12-31": "6.20960", "2008-09-30": "5.71860", "2008-06-30": "4.32650", "2008-03-31": "7.33980", "2007-12-31": "5.63200", "2007-09-30": "4.81000", "2007-06-30": "3.76660", "2007-03-31": "6.01300", "2006-12-31": "4.19880", "2006-09-30": "3.74840", "2006-06-30": "1.06790", "2006-03-31": "5.20530", "2005-12-31": "4.38870", "2005-09-30": "3.59770", "2005-06-30": "4.47380", "2005-03-31": "5.52890"}, "Return On Tangible Equity": {"2020-12-31": "27.59780", "2020-09-30": "26.56280", "2020-06-30": "18.48230", "2020-03-31": "39.37740", "2019-12-31": "33.46690", "2019-09-30": "29.43650", "2019-06-30": "23.71100", "2019-03-31": "40.36530", "2018-12-31": "36.82540", "2018-09-30": "35.18030", "2018-06-30": "8.77330", "2018-03-31": "74.21970", "2017-12-31": "71.76200", "2017-09-30": "27.34620", "2017-06-30": "19.82300", "2017-03-31": "32.99850", "2016-12-31": "31.73690", "2016-09-30": "18.45530", "2016-06-30": "12.44810", "2016-03-31": "23.15210", "2015-12-31": "16.73780", "2015-09-30": "13.66730", "2015-06-30": "10.23570", "2015-03-31": "16.94020", "2014-12-31": "10.52380", "2014-09-30": "8.54930", "2014-06-30": "5.36120", "2014-03-31": "15.05260", "2013-12-31": "12.54090", "2013-09-30": "10.77710", "2013-06-30": "-0.55430", "2013-03-31": "16.90890", "2012-12-31": "13.41460", "2012-09-30": "12.00350", "2012-06-30": "10.65280", "2012-03-31": "17.51890", "2011-12-31": "16.06270", "2011-09-30": "12.86510", "2011-06-30": "10.47230", "2011-03-31": "17.63040", "2010-12-31": "14.00630", "2010-09-30": "12.19620", "2010-06-30": "8.13880", "2010-03-31": "13.60020", "2009-12-31": "11.34560", "2009-09-30": "10.52930", "2009-06-30": "14.54990", "2009-03-31": "18.75550", "2008-12-31": "15.15110", "2008-09-30": "14.72930", "2008-06-30": "10.87770", "2008-03-31": "16.68530", "2007-12-31": "13.99900", "2007-09-30": "12.42570", "2007-06-30": "9.20570", "2007-03-31": "12.18940", "2006-12-31": "10.27000", "2006-09-30": "7.95470", "2006-06-30": "1.82950", "2006-03-31": "10.66080", "2005-12-31": "10.39140", "2005-09-30": "7.90840", "2005-06-30": "8.56130", "2005-03-31": "12.24170"}, "ROA - Return On Assets": {"2020-12-31": "1.31270", "2020-09-30": "1.42040", "2020-06-30": "1.05090", "2020-03-31": "1.89220", "2019-12-31": "1.32820", "2019-09-30": "1.54420", "2019-06-30": "1.13520", "2019-03-31": "1.56380", "2018-12-31": "1.43840", "2018-09-30": "1.35070", "2018-06-30": "0.36270", "2018-03-31": "1.50000", "2017-12-31": "1.50500", "2017-09-30": "1.15700", "2017-06-30": "0.86150", "2017-03-31": "1.34050", "2016-12-31": "1.27730", "2016-09-30": "1.07380", "2016-06-30": "0.64580", "2016-03-31": "1.04160", "2015-12-31": "0.85560", "2015-09-30": "0.98170", "2015-06-30": "0.77650", "2015-03-31": "1.32130", "2014-12-31": "0.76430", "2014-09-30": "0.98190", "2014-06-30": "0.71830", "2014-03-31": "1.18370", "2013-12-31": "0.81990", "2013-09-30": "0.89850", "2013-06-30": "-0.04310", "2013-03-31": "1.19900", "2012-12-31": "1.05610", "2012-09-30": "1.00350", "2012-06-30": "0.81710", "2012-03-31": "1.14330", "2011-12-31": "1.14760", "2011-09-30": "1.07210", "2011-06-30": "0.67940", "2011-03-31": "1.01880", "2010-12-31": "0.94950", "2010-09-30": "0.90190", "2010-06-30": "0.77360", "2010-03-31": "1.14790", "2009-12-31": "1.06420", "2009-09-30": "1.15770", "2009-06-30": "1.35930", "2009-03-31": "1.37830", "2008-12-31": "0.90050", "2008-09-30": "1.14990", "2008-06-30": "0.92730", "2008-03-31": "1.23140", "2007-12-31": "1.05860", "2007-09-30": "0.93530", "2007-06-30": "0.72760", "2007-03-31": "1.09380", "2006-12-31": "0.78450", "2006-09-30": "0.83630", "2006-06-30": "0.23350", "2006-03-31": "0.96380", "2005-12-31": "0.86700", "2005-09-30": "0.83020", "2005-06-30": "0.93700", "2005-03-31": "0.97340"}, "ROI - Return On Investment": {"2020-12-31": "8.20230", "2020-09-30": "7.71650", "2020-06-30": "6.09330", "2020-03-31": "12.64190", "2019-12-31": "10.23340", "2019-09-30": "9.15130", "2019-06-30": "6.42390", "2019-03-31": "10.39800", "2018-12-31": "8.24980", "2018-09-30": "7.56450", "2018-06-30": "2.09100", "2018-03-31": "10.95900", "2017-12-31": "11.29840", "2017-09-30": "6.92810", "2017-06-30": "5.35670", "2017-03-31": "9.62890", "2016-12-31": "8.78200", "2016-09-30": "5.89180", "2016-06-30": "4.34560", "2016-03-31": "8.17860", "2015-12-31": "5.50560", "2015-09-30": "5.09400", "2015-06-30": "5.33660", "2015-03-31": "9.45100", "2014-12-31": "6.04270", "2014-09-30": "5.08030", "2014-06-30": "3.44670", "2014-03-31": "6.53570", "2013-12-31": "5.01030", "2013-09-30": "4.26780", "2013-06-30": "-0.22400", "2013-03-31": "7.32320", "2012-12-31": "5.49050", "2012-09-30": "4.79470", "2012-06-30": "4.10710", "2012-03-31": "6.95410", "2011-12-31": "6.00530", "2011-09-30": "4.96920", "2011-06-30": "3.84810", "2011-03-31": "6.80360", "2010-12-31": "5.33670", "2010-09-30": "4.80810", "2010-06-30": "3.76540", "2010-03-31": "6.71620", "2009-12-31": "5.44070", "2009-09-30": "4.96650", "2009-06-30": "6.42280", "2009-03-31": "7.98510", "2008-12-31": "6.14450", "2008-09-30": "5.67290", "2008-06-30": "4.28270", "2008-03-31": "7.27040", "2007-12-31": "5.59230", "2007-09-30": "4.76850", "2007-06-30": "3.73500", "2007-03-31": "5.96950", "2006-12-31": "4.14690", "2006-09-30": "3.70130", "2006-06-30": "1.05490", "2006-03-31": "5.14210", "2005-12-31": "4.33370", "2005-09-30": "3.55050", "2005-06-30": "4.41600", "2005-03-31": "5.45710"}, "Book Value Per Share": {"2020-12-31": "13.78180", "2020-09-30": "13.53110", "2020-06-30": "13.38030", "2020-03-31": "12.77500", "2019-12-31": "12.42330", "2019-09-30": "12.36890", "2019-06-30": "12.43640", "2019-03-31": "12.04640", "2018-12-31": "10.92140", "2018-09-30": "10.67730", "2018-06-30": "10.79280", "2018-03-31": "9.12200", "2017-12-31": "8.88010", "2017-09-30": "8.90410", "2017-06-30": "8.93710", "2017-03-31": "9.16080", "2016-12-31": "8.49880", "2016-09-30": "9.38000", "2016-06-30": "9.83450", "2016-03-31": "9.87330", "2015-12-31": "9.16980", "2015-09-30": "9.99180", "2015-06-30": "10.30980", "2015-03-31": "10.99150", "2014-12-31": "11.51160", "2014-09-30": "12.09490", "2014-06-30": "13.89050", "2014-03-31": "13.72920", "2013-12-31": "13.00060", "2013-09-30": "12.85350", "2013-06-30": "12.82620", "2013-03-31": "13.52530", "2012-12-31": "13.19440", "2012-09-30": "12.99610", "2012-06-30": "12.62700", "2012-03-31": "13.19560", "2011-12-31": "12.64040", "2011-09-30": "12.32940", "2011-06-30": "12.24610", "2011-03-31": "12.43380", "2010-12-31": "11.68680", "2010-09-30": "11.68870", "2010-06-30": "11.13600", "2010-03-31": "11.80810", "2009-12-31": "11.42950", "2009-09-30": "11.23160", "2009-06-30": "10.60910", "2009-03-31": "9.95320", "2008-12-31": "9.59860", "2008-09-30": "9.55070", "2008-06-30": "9.96900", "2008-03-31": "10.61140", "2007-12-31": "9.93020", "2007-09-30": "9.49990", "2007-06-30": "9.60790", "2007-03-31": "10.79050", "2006-12-31": "10.77830", "2006-09-30": "10.61710", "2006-06-30": "10.70820", "2006-03-31": "10.48180", "2005-12-31": "10.14890", "2005-09-30": "9.94390", "2005-06-30": "9.96880", "2005-03-31": "9.88880"}, "Operating Cash Flow Per Share": {"2020-12-31": 1.6492, "2020-09-30": "1.12070", "2020-06-30": 1.784, "2020-03-31": 2.5998, "2019-12-31": 1.616, "2019-09-30": "0.99400", "2019-06-30": 1.6632, "2019-03-31": 2.3534, "2018-12-31": 1.7875, "2018-09-30": "0.33920", "2018-06-30": 1.5917, "2018-03-31": 2.5606, "2017-12-31": 0.9716, "2017-09-30": "0.54990", "2017-06-30": 1.0063, "2017-03-31": 1.8469, "2016-12-31": 1.1435, "2016-09-30": "0.72440", "2016-06-30": 1.431, "2016-03-31": 1.582, "2015-12-31": 0.8854, "2015-09-30": "0.23430", "2015-06-30": 1.0598, "2015-03-31": 1.825, "2014-12-31": 0.4789, "2014-09-30": "0.78510", "2014-06-30": 1.2507, "2014-03-31": 1.5398, "2013-12-31": 0.8118, "2013-09-30": "0.16790", "2013-06-30": 1.1789, "2013-03-31": 1.2714, "2012-12-31": 0.9209, "2012-09-30": "-0.13330", "2012-06-30": 1.0198, "2012-03-31": 1.3422, "2011-12-31": 0.8777, "2011-09-30": "0.64120", "2011-06-30": 0.9889, "2011-03-31": 1.1316, "2010-12-31": 0.8535, "2010-09-30": "0.44920", "2010-06-30": 0.7943, "2010-03-31": 1.2159, "2009-12-31": 0.8455, "2009-09-30": "0.48380", "2009-06-30": 0.83, "2009-03-31": 0.9126, "2008-12-31": 0.5713, "2008-09-30": "0.77550", "2008-06-30": 0.8795, "2008-03-31": 1.3559, "2007-12-31": 0.6104, "2007-09-30": "0.51570", "2007-06-30": 0.3363, "2007-03-31": 1.0946, "2006-12-31": 0.5967, "2006-09-30": "0.29900", "2006-06-30": 0.5941, "2006-03-31": 0.9834, "2005-12-31": 0.8565, "2005-09-30": "0.68940", "2005-06-30": 0.7415, "2005-03-31": 1.7214}, "Free Cash Flow Per Share": {"2020-12-31": 1.5653, "2020-09-30": "1.02000", "2020-06-30": 1.7207, "2020-03-31": 2.5099, "2019-12-31": 1.5147, "2019-09-30": "0.91730", "2019-06-30": 1.5685, "2019-03-31": 2.2605, "2018-12-31": 1.7211, "2018-09-30": "0.24100", "2018-06-30": 1.4877, "2018-03-31": 2.4672, "2017-12-31": 0.8697, "2017-09-30": "0.38520", "2017-06-30": 0.8613, "2017-03-31": 1.7244, "2016-12-31": 0.9846, "2016-09-30": "0.61740", "2016-06-30": 1.343, "2016-03-31": 1.5189, "2015-12-31": 0.823, "2015-09-30": "0.11490", "2015-06-30": 0.9526, "2015-03-31": 1.7663, "2014-12-31": 0.3865, "2014-09-30": "0.75920", "2014-06-30": 1.1651, "2014-03-31": 1.438, "2013-12-31": 0.7404, "2013-09-30": "0.09680", "2013-06-30": 1.1628, "2013-03-31": 1.1747, "2012-12-31": 0.8492, "2012-09-30": "-0.19570", "2012-06-30": 0.9585, "2012-03-31": 1.2656, "2011-12-31": 0.9442, "2011-09-30": "0.57350", "2011-06-30": 0.8677, "2011-03-31": 1.0502, "2010-12-31": 0.7691, "2010-09-30": "0.39750", "2010-06-30": 0.7414, "2010-03-31": 1.1718, "2009-12-31": 0.8065, "2009-09-30": "0.42170", "2009-06-30": 0.753, "2009-03-31": 0.8543, "2008-12-31": 0.4945, "2008-09-30": "0.72640", "2008-06-30": 0.7802, "2008-03-31": 1.2834, "2007-12-31": 0.5081, "2007-09-30": "0.44780", "2007-06-30": 0.2436, "2007-03-31": 1.0219, "2006-12-31": 0.5186, "2006-09-30": "0.23270", "2006-06-30": 0.4734, "2006-03-31": 0.917, "2005-12-31": 0.6967, "2005-09-30": "0.59030", "2005-06-30": 0.692, "2005-03-31": 1.5072}}, "revenue": {"ADP Annual Revenue (Millions of US $)": {"2020": "$14,590", "2019": "$14,110", "2018": "$13,274", "2017": "$12,372", "2016": "$11,668", "2015": "$10,939", "2014": "$10,226", "2013": "$9,442", "2012": "$10,595", "2011": "$9,833", "2010": "$8,928", "2009": "$8,838", "2008": "$8,734", "2007": "$7,800", "2006": "$6,836", "2005": "$6,131"}, "ADP Quarterly Revenue (Millions of US $)": {"2020-12-31": "$3,696", "2020-09-30": "$3,471", "2020-06-30": "$3,377", "2020-03-31": "$4,048", "2019-12-31": "$3,670", "2019-09-30": "$3,496", "2019-06-30": "$3,479", "2019-03-31": "$3,828", "2018-12-31": "$3,492", "2018-09-30": "$3,310", "2018-06-30": "$3,263", "2018-03-31": "$3,696", "2017-12-31": "$3,238", "2017-09-30": "$3,077", "2017-06-30": "$3,057", "2017-03-31": "$3,411", "2016-12-31": "$2,987", "2016-09-30": "$2,917", "2016-06-30": "$2,898", "2016-03-31": "$3,249", "2015-12-31": "$2,807", "2015-09-30": "$2,714", "2015-06-30": "$2,695", "2015-03-31": "$3,024", "2014-12-31": "$2,654", "2014-09-30": "$2,566", "2014-06-30": "$2,546", "2014-03-31": "$2,825", "2013-12-31": "$2,494", "2013-09-30": "$2,362", "2013-06-30": "$947", "2013-03-31": "$3,109", "2012-12-31": "$2,748", "2012-09-30": "$2,638", "2012-06-30": "$2,603", "2012-03-31": "$2,911", "2011-12-31": "$2,571", "2011-09-30": "$2,511", "2011-06-30": "$2,461", "2011-03-31": "$2,737", "2010-12-31": "$2,406", "2010-09-30": "$2,229", "2010-06-30": "$2,190", "2010-03-31": "$2,443", "2009-12-31": "$2,198", "2009-09-30": "$2,096", "2009-06-30": "$2,085", "2009-03-31": "$2,369", "2008-12-31": "$2,203", "2008-09-30": "$2,182", "2008-06-30": "$2,164", "2008-03-31": "$2,427", "2007-12-31": "$2,150", "2007-09-30": "$1,992", "2007-06-30": "$2,000", "2007-03-31": "$2,171", "2006-12-31": "$1,874", "2006-09-30": "$1,755", "2006-06-30": "$957", "2006-03-31": "$1,927", "2005-12-31": "$2,030", "2005-09-30": "$1,922", "2005-06-30": "$2,302", "2005-03-31": "$2,215"}}, "gross-profit": {"ADP Annual Gross Profit (Millions of US $)": {"2020": "$6,145", "2019": "$6,089", "2018": "$5,517", "2017": "$5,128", "2016": "$4,828", "2015": "$4,511", "2014": "$4,185", "2013": "$3,868", "2012": "$4,392", "2011": "$4,125", "2010": "$3,898", "2009": "$4,016", "2008": "$4,077", "2007": "$3,713", "2006": "$3,232", "2005": "$2,966"}, "ADP Quarterly Gross Profit (Millions of US $)": {"2020-12-31": "$1,573", "2020-09-30": "$1,436", "2020-06-30": "$1,310", "2020-03-31": "$1,809", "2019-12-31": "$1,575", "2019-09-30": "$1,451", "2019-06-30": "$1,478", "2019-03-31": "$1,736", "2018-12-31": "$1,492", "2018-09-30": "$1,383", "2018-06-30": "$1,374", "2018-03-31": "$1,617", "2017-12-31": "$1,300", "2017-09-30": "$1,226", "2017-06-30": "$1,235", "2017-03-31": "$1,500", "2016-12-31": "$1,220", "2016-09-30": "$1,173", "2016-06-30": "$1,200", "2016-03-31": "$1,436", "2015-12-31": "$1,125", "2015-09-30": "$1,068", "2015-06-30": "$1,093", "2015-03-31": "$1,340", "2014-12-31": "$1,070", "2014-09-30": "$1,008", "2014-06-30": "$1,010", "2014-03-31": "$1,239", "2013-12-31": "$1,015", "2013-09-30": "$921", "2013-06-30": "$327", "2013-03-31": "$1,366", "2012-12-31": "$1,124", "2012-09-30": "$1,051", "2012-06-30": "$1,031", "2012-03-31": "$1,293", "2011-12-31": "$1,057", "2011-09-30": "$1,011", "2011-06-30": "$965", "2011-03-31": "$1,217", "2010-12-31": "$1,025", "2010-09-30": "$918", "2010-06-30": "$908", "2010-03-31": "$1,113", "2009-12-31": "$971", "2009-09-30": "$907", "2009-06-30": "$901", "2009-03-31": "$1,154", "2008-12-31": "$1,016", "2008-09-30": "$945", "2008-06-30": "$992", "2008-03-31": "$1,203", "2007-12-31": "$982", "2007-09-30": "$900", "2007-06-30": "$939", "2007-03-31": "$1,104", "2006-12-31": "$883", "2006-09-30": "$787", "2006-06-30": "$580", "2006-03-31": "$982", "2005-12-31": "$886", "2005-09-30": "$784", "2005-06-30": "$936", "2005-03-31": "$993"}}, "operating-income": {"ADP Annual Operating Income (Millions of US $)": {"2020": "$3,142", "2019": "$3,024", "2018": "$2,557", "2017": "$2,354", "2016": "$2,190", "2015": "$2,014", "2014": "$1,815", "2013": "$1,625", "2012": "$1,939", "2011": "$1,810", "2010": "$1,771", "2009": "$1,825", "2008": "$1,717", "2007": "$1,507", "2006": "$1,298", "2005": "$1,207"}, "ADP Quarterly Operating Income (Millions of US $)": {"2020-12-31": "$818", "2020-09-30": "$755", "2020-06-30": "$544", "2020-03-31": "$1,052", "2019-12-31": "$821", "2019-09-30": "$724", "2019-06-30": "$623", "2019-03-31": "$985", "2018-12-31": "$747", "2018-09-30": "$669", "2018-06-30": "$564", "2018-03-31": "$867", "2017-12-31": "$577", "2017-09-30": "$550", "2017-06-30": "$415", "2017-03-31": "$835", "2016-12-31": "$579", "2016-09-30": "$526", "2016-06-30": "$429", "2016-03-31": "$802", "2015-12-31": "$497", "2015-09-30": "$462", "2015-06-30": "$368", "2015-03-31": "$733", "2014-12-31": "$482", "2014-09-30": "$432", "2014-06-30": "$341", "2014-03-31": "$654", "2013-12-31": "$436", "2013-09-30": "$384", "2013-06-30": "$-26", "2013-03-31": "$713", "2012-12-31": "$499", "2012-09-30": "$440", "2012-06-30": "$360", "2012-03-31": "$673", "2011-12-31": "$482", "2011-09-30": "$424", "2011-06-30": "$313", "2011-03-31": "$639", "2010-12-31": "$455", "2010-09-30": "$402", "2010-06-30": "$296", "2010-03-31": "$608", "2009-12-31": "$452", "2009-09-30": "$415", "2009-06-30": "$330", "2009-03-31": "$635", "2008-12-31": "$443", "2008-09-30": "$418", "2008-06-30": "$306", "2008-03-31": "$618", "2007-12-31": "$427", "2007-09-30": "$366", "2007-06-30": "$290", "2007-03-31": "$554", "2006-12-31": "$368", "2006-09-30": "$295", "2006-06-30": "$77", "2006-03-31": "$487", "2005-12-31": "$405", "2005-09-30": "$330", "2005-06-30": "$403", "2005-03-31": "$508"}}, "ebitda": {"ADP Annual EBITDA (Millions of US $)": {"2020": "$4,587", "2019": "$4,358", "2018": "$3,844", "2017": "$3,544", "2016": "$2,573", "2015": "$2,392", "2014": "$2,176", "2013": "$1,955", "2012": "$2,318", "2011": "$2,178", "2010": "$2,137", "2009": "$2,191", "2008": "$2,078", "2007": "$1,836", "2006": "$1,620", "2005": "$1,553"}, "ADP Quarterly EBITDA (Millions of US $)": {"2020-12-31": "$1,193", "2020-09-30": "$1,131", "2020-06-30": "$906", "2020-03-31": "$1,419", "2019-12-31": "$1,182", "2019-09-30": "$1,081", "2019-06-30": "$963", "2019-03-31": "$1,320", "2018-12-31": "$1,075", "2018-09-30": "$999", "2018-06-30": "$893", "2018-03-31": "$1,192", "2017-12-31": "$917", "2017-09-30": "$842", "2017-06-30": "$1,305", "2017-03-31": "$933", "2016-12-31": "$679", "2016-09-30": "$626", "2016-06-30": "$526", "2016-03-31": "$898", "2015-12-31": "$594", "2015-09-30": "$555", "2015-06-30": "$463", "2015-03-31": "$828", "2014-12-31": "$576", "2014-09-30": "$525", "2014-06-30": "$437", "2014-03-31": "$743", "2013-12-31": "$527", "2013-09-30": "$470", "2013-06-30": "$10", "2013-03-31": "$813", "2012-12-31": "$595", "2012-09-30": "$537", "2012-06-30": "$459", "2012-03-31": "$769", "2011-12-31": "$575", "2011-09-30": "$515", "2011-06-30": "$402", "2011-03-31": "$734", "2010-12-31": "$552", "2010-09-30": "$490", "2010-06-30": "$386", "2010-03-31": "$700", "2009-12-31": "$544", "2009-09-30": "$507", "2009-06-30": "$424", "2009-03-31": "$727", "2008-12-31": "$531", "2008-09-30": "$510", "2008-06-30": "$392", "2008-03-31": "$708", "2007-12-31": "$530", "2007-09-30": "$450", "2007-06-30": "$375", "2007-03-31": "$630", "2006-12-31": "$457", "2006-09-30": "$374", "2006-06-30": "$155", "2006-03-31": "$543", "2005-12-31": "$497", "2005-09-30": "$424", "2005-06-30": "$451", "2005-03-31": "$590"}}, "net-income": {"ADP Annual Net Income (Millions of US $)": {"2020": "$2,467", "2019": "$2,293", "2018": "$1,885", "2017": "$1,788", "2016": "$1,493", "2015": "$1,453", "2014": "$1,516", "2013": "$1,406", "2012": "$1,389", "2011": "$1,254", "2010": "$1,211", "2009": "$1,333", "2008": "$1,236", "2007": "$1,139", "2006": "$1,554", "2005": "$1,055"}, "ADP Quarterly Net Income (Millions of US $)": {"2020-12-31": "$648", "2020-09-30": "$602", "2020-06-30": "$412", "2020-03-31": "$821", "2019-12-31": "$652", "2019-09-30": "$582", "2019-06-30": "$476", "2019-03-31": "$754", "2018-12-31": "$558", "2018-09-30": "$505", "2018-06-30": "$141", "2018-03-31": "$661", "2017-12-31": "$670", "2017-09-30": "$413", "2017-06-30": "$320", "2017-03-31": "$588", "2016-12-31": "$511", "2016-09-30": "$369", "2016-06-30": "$282", "2016-03-31": "$533", "2015-12-31": "$341", "2015-09-30": "$337", "2015-06-30": "$336", "2015-03-31": "$490", "2014-12-31": "$332", "2014-09-30": "$295", "2014-06-30": "$289", "2014-03-31": "$522", "2013-12-31": "$377", "2013-09-30": "$329", "2013-06-30": "$227", "2013-03-31": "$483", "2012-12-31": "$391", "2012-09-30": "$305", "2012-06-30": "$258", "2012-03-31": "$452", "2011-12-31": "$375", "2011-09-30": "$303", "2011-06-30": "$242", "2011-03-31": "$424", "2010-12-31": "$310", "2010-09-30": "$279", "2010-06-30": "$208", "2010-03-31": "$404", "2009-12-31": "$316", "2009-09-30": "$284", "2009-06-30": "$353", "2009-03-31": "$403", "2008-12-31": "$301", "2008-09-30": "$277", "2008-06-30": "$234", "2008-03-31": "$414", "2007-12-31": "$291", "2007-09-30": "$297", "2007-06-30": "$195", "2007-03-31": "$389", "2006-12-31": "$298", "2006-09-30": "$258", "2006-06-30": "$704", "2006-03-31": "$371", "2005-12-31": "$260", "2005-09-30": "$220", "2005-06-30": "$259", "2005-03-31": "$338"}}, "eps-earnings-per-share-diluted": {"ADP Annual EPS": {"2020": "$5.70", "2019": "$5.24", "2018": "$4.25", "2017": "$3.97", "2016": "$3.25", "2015": "$3.05", "2014": "$3.14", "2013": "$2.89", "2012": "$2.82", "2011": "$2.52", "2010": "$2.40", "2009": "$2.63", "2008": "$2.34", "2007": "$2.04", "2006": "$2.68", "2005": "$1.79"}, "ADP Quarterly EPS": {"2020-12-31": "$1.51", "2020-09-30": "$1.40", "2020-06-30": "$0.96", "2020-03-31": "$1.90", "2019-12-31": "$1.50", "2019-09-30": "$1.34", "2019-06-30": "$1.09", "2019-03-31": "$1.73", "2018-12-31": "$1.27", "2018-09-30": "$1.15", "2018-06-30": "$0.32", "2018-03-31": "$1.49", "2017-12-31": "$1.51", "2017-09-30": "$0.93", "2017-06-30": "$0.72", "2017-03-31": "$1.31", "2016-12-31": "$1.13", "2016-09-30": "$0.81", "2016-06-30": "$0.62", "2016-03-31": "$1.17", "2015-12-31": "$0.74", "2015-09-30": "$0.72", "2015-06-30": "$0.72", "2015-03-31": "$1.03", "2014-12-31": "$0.69", "2014-09-30": "$0.61", "2014-06-30": "$0.60", "2014-03-31": "$1.08", "2013-12-31": "$0.78", "2013-09-30": "$0.68", "2013-06-30": "$0.47", "2013-03-31": "$0.99", "2012-12-31": "$0.80", "2012-09-30": "$0.63", "2012-06-30": "$0.53", "2012-03-31": "$0.92", "2011-12-31": "$0.76", "2011-09-30": "$0.61", "2011-06-30": "$0.49", "2011-03-31": "$0.85", "2010-12-31": "$0.62", "2010-09-30": "$0.56", "2010-06-30": "$0.42", "2010-03-31": "$0.80", "2009-12-31": "$0.62", "2009-09-30": "$0.56", "2009-06-30": "$0.70", "2009-03-31": "$0.80", "2008-12-31": "$0.59", "2008-09-30": "$0.54", "2008-06-30": "$0.45", "2008-03-31": "$0.79", "2007-12-31": "$0.55", "2007-09-30": "$0.55", "2007-06-30": "$0.34", "2007-03-31": "$0.70", "2006-12-31": "$0.54", "2006-09-30": "$0.46", "2006-06-30": "$1.21", "2006-03-31": "$0.64", "2005-12-31": "$0.45", "2005-09-30": "$0.38", "2005-06-30": "$0.44", "2005-03-31": "$0.57"}}, "shares-outstanding": {"ADP Annual Shares Outstanding (Millions of Shares)": {"2020": "433", "2019": "438", "2018": "443", "2017": "450", "2016": "459", "2015": "476", "2014": "483", "2013": "487", "2012": "492", "2011": "498", "2010": "504", "2009": "506", "2008": "527", "2007": "558", "2006": "580", "2005": "590"}, "ADP Quarterly Shares Outstanding (Millions of Shares)": {"2020-12-31": "429", "2020-09-30": "430", "2020-06-30": "433", "2020-03-31": "432", "2019-12-31": "433", "2019-09-30": "435", "2019-06-30": "438", "2019-03-31": "437", "2018-12-31": "438", "2018-09-30": "440", "2018-06-30": "443", "2018-03-31": "443", "2017-12-31": "444", "2017-09-30": "445", "2017-06-30": "450", "2017-03-31": "449", "2016-12-31": "450", "2016-09-30": "455", "2016-06-30": "459", "2016-03-31": "457", "2015-12-31": "460", "2015-09-30": "466", "2015-06-30": "476", "2015-03-31": "474", "2014-12-31": "480", "2014-09-30": "482", "2014-06-30": "483", "2014-03-31": "483", "2013-12-31": "483", "2013-09-30": "484", "2013-06-30": "487", "2013-03-31": "487", "2012-12-31": "487", "2012-09-30": "488", "2012-06-30": "492", "2012-03-31": "493", "2011-12-31": "492", "2011-09-30": "493", "2011-06-30": "498", "2011-03-31": "501", "2010-12-31": "497", "2010-09-30": "495", "2010-06-30": "504", "2010-03-31": "506", "2009-12-31": "506", "2009-09-30": "504", "2009-06-30": "506", "2009-03-31": "502", "2008-12-31": "506", "2008-09-30": "514", "2008-06-30": "527", "2008-03-31": "523", "2007-12-31": "530", "2007-09-30": "536", "2007-06-30": "558", "2007-03-31": "559", "2006-12-31": "555", "2006-09-30": "560", "2006-06-30": "580", "2006-03-31": "583", "2005-12-31": "582", "2005-09-30": "583", "2005-06-30": "582", "2005-03-31": "591"}}, "total-assets": {"ADP Annual Total Assets (Millions of US $)": {"2020": "$39,166", "2019": "$41,888", "2018": "$38,849", "2017": "$37,180", "2016": "$43,670", "2015": "$33,111", "2014": "$32,060", "2013": "$32,268", "2012": "$30,817", "2011": "$34,238", "2010": "$26,862", "2009": "$25,352", "2008": "$23,734", "2007": "$26,649", "2006": "$27,490", "2005": "$27,615"}, "ADP Quarterly Total Assets (Millions of US $)": {"2020-12-31": "$49,326", "2020-09-30": "$42,390", "2020-06-30": "$39,166", "2020-03-31": "$43,383", "2019-12-31": "$49,059", "2019-09-30": "$37,715", "2019-06-30": "$41,888", "2019-03-31": "$48,196", "2018-12-31": "$38,806", "2018-09-30": "$37,417", "2018-06-30": "$38,849", "2018-03-31": "$44,066", "2017-12-31": "$44,546", "2017-09-30": "$35,661", "2017-06-30": "$37,180", "2017-03-31": "$43,856", "2016-12-31": "$39,999", "2016-09-30": "$34,337", "2016-06-30": "$43,670", "2016-03-31": "$51,126", "2015-12-31": "$39,900", "2015-09-30": "$34,380", "2015-06-30": "$33,111", "2015-03-31": "$37,107", "2014-12-31": "$43,503", "2014-09-30": "$30,208", "2014-06-30": "$32,060", "2014-03-31": "$36,597", "2013-12-31": "$38,322", "2013-09-30": "$29,481", "2013-06-30": "$32,268", "2013-03-31": "$40,166", "2012-12-31": "$33,330", "2012-09-30": "$30,144", "2012-06-30": "$30,817", "2012-03-31": "$39,376", "2011-12-31": "$32,484", "2011-09-30": "$28,020", "2011-06-30": "$34,238", "2011-03-31": "$41,596", "2010-12-31": "$32,660", "2010-09-30": "$30,879", "2010-06-30": "$26,862", "2010-03-31": "$34,986", "2009-12-31": "$29,599", "2009-09-30": "$24,436", "2009-06-30": "$25,352", "2009-03-31": "$29,174", "2008-12-31": "$33,361", "2008-09-30": "$24,177", "2008-06-30": "$23,734", "2008-03-31": "$32,776", "2007-12-31": "$27,546", "2007-09-30": "$25,703", "2007-06-30": "$26,649", "2007-03-31": "$32,923", "2006-12-31": "$31,612", "2006-09-30": "$26,209", "2006-06-30": "$27,490", "2006-03-31": "$32,643", "2005-12-31": "$29,643", "2005-09-30": "$24,826", "2005-06-30": "$27,615", "2005-03-31": "$32,773"}}, "cash-on-hand": {"ADP Annual Cash on Hand (Millions of US $)": {"2020": "$1,909", "2019": "$1,960", "2018": "$2,170", "2017": "$2,780", "2016": "$3,191", "2015": "$1,666", "2014": "$3,616", "2013": "$1,727", "2012": "$1,579", "2011": "$1,426", "2010": "$1,671", "2009": "$2,296", "2008": "$1,584", "2007": "$1,817", "2006": "$2,128", "2005": "$1,549"}, "ADP Quarterly Cash on Hand (Millions of US $)": {"2020-12-31": "$1,602", "2020-09-30": "$1,613", "2020-06-30": "$1,909", "2020-03-31": "$1,708", "2019-12-31": "$1,508", "2019-09-30": "$4,949", "2019-06-30": "$1,960", "2019-03-31": "$1,826", "2018-12-31": "$2,786", "2018-09-30": "$1,490", "2018-06-30": "$2,170", "2018-03-31": "$2,294", "2017-12-31": "$1,773", "2017-09-30": "$2,364", "2017-06-30": "$2,780", "2017-03-31": "$2,996", "2016-12-31": "$2,705", "2016-09-30": "$2,818", "2016-06-30": "$3,191", "2016-03-31": "$2,965", "2015-12-31": "$2,822", "2015-09-30": "$3,212", "2015-06-30": "$1,666", "2015-03-31": "$1,836", "2014-12-31": "$1,953", "2014-09-30": "$4,437", "2014-06-30": "$3,616", "2014-03-31": "$1,694", "2013-12-31": "$1,290", "2013-09-30": "$1,691", "2013-06-30": "$1,727", "2013-03-31": "$1,680", "2012-12-31": "$1,435", "2012-09-30": "$1,153", "2012-06-30": "$1,579", "2012-03-31": "$1,693", "2011-12-31": "$1,355", "2011-09-30": "$1,268", "2011-06-30": "$1,426", "2011-03-31": "$1,645", "2010-12-31": "$1,342", "2010-09-30": "$1,217", "2010-06-30": "$1,671", "2010-03-31": "$2,004", "2009-12-31": "$1,782", "2009-09-30": "$1,619", "2009-06-30": "$2,296", "2009-03-31": "$1,396", "2008-12-31": "$1,372", "2008-09-30": "$2,919", "2008-06-30": "$1,584", "2008-03-31": "$1,676", "2007-12-31": "$1,341", "2007-09-30": "$1,575", "2007-06-30": "$1,817", "2007-03-31": "$2,681", "2006-12-31": "$1,544", "2006-09-30": "$1,870", "2006-06-30": "$2,128", "2006-03-31": "$1,621", "2005-12-31": "$1,571", "2005-09-30": "$1,538", "2005-06-30": "$1,549", "2005-03-31": "$1,562"}}, "long-term-debt": {"ADP Annual Long Term Debt (Millions of US $)": {"2020": "$1,003", "2019": "$2,002", "2018": "$2,002", "2017": "$2,002", "2016": "$2,008", "2015": "$9", "2014": "$12", "2013": "$15", "2012": "$17", "2011": "$34", "2010": "$40", "2009": "$43", "2008": "$52", "2007": "$44", "2006": "$74", "2005": "$76"}, "ADP Quarterly Long Term Debt (Millions of US $)": {"2020-12-31": "$1,994", "2020-09-30": "$1,994", "2020-06-30": "$1,003", "2020-03-31": "$1,003", "2019-12-31": "$1,003", "2019-09-30": "$1,003", "2019-06-30": "$2,002", "2019-03-31": "$2,002", "2018-12-31": "$2,002", "2018-09-30": "$2,002", "2018-06-30": "$2,002", "2018-03-31": "$2,002", "2017-12-31": "$2,002", "2017-09-30": "$2,002", "2017-06-30": "$2,002", "2017-03-31": "$2,003", "2016-12-31": "$2,003", "2016-09-30": "$2,008", "2016-06-30": "$2,008", "2016-03-31": "$2,008", "2015-12-31": "$1,995", "2015-09-30": "$1,995", "2015-06-30": "$9", "2015-03-31": "$10", "2014-12-31": "$10", "2014-09-30": "$11", "2014-06-30": "$12", "2014-03-31": "$12", "2013-12-31": "$13", "2013-09-30": "$14", "2013-06-30": "$15", "2013-03-31": "$15", "2012-12-31": "$16", "2012-09-30": "$16", "2012-06-30": "$17", "2012-03-31": "$17", "2011-12-31": "$26", "2011-09-30": "$26", "2011-06-30": "$34", "2011-03-31": "$35", "2010-12-31": "$35", "2010-09-30": "$36", "2010-06-30": "$40", "2010-03-31": "$41", "2009-12-31": "$42", "2009-09-30": "$42", "2009-06-30": "$43", "2009-03-31": "$43", "2008-12-31": "$51", "2008-09-30": "$39", "2008-06-30": "$52", "2008-03-31": "$53", "2007-12-31": "$37", "2007-09-30": "$44", "2007-06-30": "$44", "2007-03-31": "$44", "2006-12-31": "$74", "2006-09-30": "$74", "2006-06-30": "$74", "2006-03-31": "$74", "2005-12-31": "$74", "2005-09-30": "$76", "2005-06-30": "$76", "2005-03-31": "$76"}}, "total-liabilities": {"ADP Annual Total Liabilities (Millions of US $)": {"2020": "$33,413", "2019": "$36,488", "2018": "$34,113", "2017": "$33,203", "2016": "$39,188", "2015": "$28,302", "2014": "$25,390", "2013": "$26,078", "2012": "$24,703", "2011": "$28,228", "2010": "$21,383", "2009": "$20,029", "2008": "$18,647", "2007": "$21,501", "2006": "$21,479", "2005": "$21,832"}, "ADP Quarterly Total Liabilities (Millions of US $)": {"2020-12-31": "$43,426", "2020-09-30": "$36,581", "2020-06-30": "$33,413", "2020-03-31": "$37,893", "2019-12-31": "$43,695", "2019-09-30": "$32,354", "2019-06-30": "$36,488", "2019-03-31": "$42,950", "2018-12-31": "$34,042", "2018-09-30": "$32,738", "2018-06-30": "$34,113", "2018-03-31": "$40,036", "2017-12-31": "$40,614", "2017-09-30": "$31,708", "2017-06-30": "$33,203", "2017-03-31": "$39,753", "2016-12-31": "$36,184", "2016-09-30": "$30,087", "2016-06-30": "$39,188", "2016-03-31": "$46,622", "2015-12-31": "$35,693", "2015-09-30": "$29,750", "2015-06-30": "$28,302", "2015-03-31": "$31,929", "2014-12-31": "$38,011", "2014-09-30": "$24,381", "2014-06-30": "$25,390", "2014-03-31": "$29,980", "2013-12-31": "$32,063", "2013-09-30": "$23,289", "2013-06-30": "$26,078", "2013-03-31": "$33,605", "2012-12-31": "$26,935", "2012-09-30": "$23,851", "2012-06-30": "$24,703", "2012-03-31": "$32,920", "2011-12-31": "$26,302", "2011-09-30": "$22,001", "2011-06-30": "$28,228", "2011-03-31": "$35,402", "2010-12-31": "$26,885", "2010-09-30": "$25,122", "2010-06-30": "$21,383", "2010-03-31": "$29,048", "2009-12-31": "$23,851", "2009-09-30": "$18,782", "2009-06-30": "$20,029", "2009-03-31": "$24,182", "2008-12-31": "$28,523", "2008-09-30": "$19,316", "2008-06-30": "$18,647", "2008-03-31": "$27,277", "2007-12-31": "$22,368", "2007-09-30": "$20,705", "2007-06-30": "$21,501", "2007-03-31": "$26,934", "2006-12-31": "$25,706", "2006-09-30": "$20,361", "2006-06-30": "$21,479", "2006-03-31": "$26,599", "2005-12-31": "$23,787", "2005-09-30": "$19,098", "2005-06-30": "$21,832", "2005-03-31": "$27,003"}}, "total-share-holder-equity": {"ADP Annual Share Holder Equity (Millions of US $)": {"2020": "$5,752", "2019": "$5,400", "2018": "$4,736", "2017": "$3,977", "2016": "$4,482", "2015": "$4,809", "2014": "$6,670", "2013": "$6,190", "2012": "$6,114", "2011": "$6,010", "2010": "$5,479", "2009": "$5,323", "2008": "$5,087", "2007": "$5,148", "2006": "$6,012", "2005": "$5,784"}, "ADP Quarterly Share Holder Equity (Millions of US $)": {"2020-12-31": "$5,900", "2020-09-30": "$5,809", "2020-06-30": "$5,752", "2020-03-31": "$5,491", "2019-12-31": "$5,364", "2019-09-30": "$5,361", "2019-06-30": "$5,400", "2019-03-31": "$5,246", "2018-12-31": "$4,764", "2018-09-30": "$4,679", "2018-06-30": "$4,736", "2018-03-31": "$4,029", "2017-12-31": "$3,931", "2017-09-30": "$3,953", "2017-06-30": "$3,977", "2017-03-31": "$4,103", "2016-12-31": "$3,815", "2016-09-30": "$4,250", "2016-06-30": "$4,482", "2016-03-31": "$4,503", "2015-12-31": "$4,206", "2015-09-30": "$4,630", "2015-06-30": "$4,809", "2015-03-31": "$5,178", "2014-12-31": "$5,492", "2014-09-30": "$5,827", "2014-06-30": "$6,670", "2014-03-31": "$6,616", "2013-12-31": "$6,259", "2013-09-30": "$6,193", "2013-06-30": "$6,190", "2013-03-31": "$6,561", "2012-12-31": "$6,395", "2012-09-30": "$6,293", "2012-06-30": "$6,114", "2012-03-31": "$6,457", "2011-12-31": "$6,182", "2011-09-30": "$6,019", "2011-06-30": "$6,010", "2011-03-31": "$6,195", "2010-12-31": "$5,776", "2010-09-30": "$5,757", "2010-06-30": "$5,479", "2010-03-31": "$5,938", "2009-12-31": "$5,748", "2009-09-30": "$5,654", "2009-06-30": "$5,323", "2009-03-31": "$4,993", "2008-12-31": "$4,838", "2008-09-30": "$4,861", "2008-06-30": "$5,087", "2008-03-31": "$5,499", "2007-12-31": "$5,178", "2007-09-30": "$4,998", "2007-06-30": "$5,148", "2007-03-31": "$5,989", "2006-12-31": "$5,907", "2006-09-30": "$5,848", "2006-06-30": "$6,012", "2006-03-31": "$6,044", "2005-12-31": "$5,856", "2005-09-30": "$5,729", "2005-06-30": "$5,784", "2005-03-31": "$5,770"}}, "profit-margins": {"current": "17.01%"}, "gross margin": {"2020-12-31": "42.00%", "2020-09-30": "42.08%", "2020-06-30": "42.12%", "2020-03-31": "42.97%", "2019-12-31": "43.11%", "2019-09-30": "43.07%", "2019-06-30": "43.16%", "2019-03-31": "43.08%", "2018-12-31": "42.63%", "2018-09-30": "42.01%", "2018-06-30": "41.56%", "2018-03-31": "41.15%", "2017-12-31": "41.16%", "2017-09-30": "41.34%", "2017-06-30": "41.45%", "2017-03-31": "41.70%", "2016-12-31": "41.73%", "2016-09-30": "41.56%", "2016-06-30": "41.39%", "2016-03-31": "41.19%", "2015-12-31": "41.16%", "2015-09-30": "41.23%", "2015-06-30": "41.24%", "2015-03-31": "41.04%", "2014-12-31": "40.86%", "2014-09-30": "40.95%", "2014-06-30": "40.92%", "2014-03-31": "40.59%", "2013-12-31": "40.72%", "2013-09-30": "40.78%", "2013-06-30": "40.97%", "2013-03-31": "41.20%", "2012-12-31": "41.28%", "2012-09-30": "41.33%", "2012-06-30": "41.45%", "2012-03-31": "41.38%", "2011-12-31": "41.34%", "2011-09-30": "41.70%", "2011-06-30": "41.95%", "2011-03-31": "42.54%", "2010-12-31": "42.77%", "2010-09-30": "43.16%", "2010-06-30": "43.68%", "2010-03-31": "44.12%", "2009-12-31": "44.96%", "2009-09-30": "45.45%", "2009-06-30": "45.44%", "2009-03-31": "46.05%", "2008-12-31": "46.30%", "2008-09-30": "46.20%", "2008-06-30": "46.68%", "2008-03-31": "46.96%", "2007-12-31": "47.22%", "2007-09-30": "47.60%", "2007-06-30": "47.60%", "2007-03-31": "49.64%", "2006-12-31": "49.62%", "2006-09-30": "48.51%", "2006-06-30": "47.28%", "2006-03-31": "43.86%", "2005-12-31": "42.50%"}, "operating margin": {"2020-12-31": "21.72%", "2020-09-30": "21.78%", "2020-06-30": "21.53%", "2020-03-31": "21.92%", "2019-12-31": "21.79%", "2019-09-30": "21.54%", "2019-06-30": "21.43%", "2019-03-31": "21.34%", "2018-12-31": "20.69%", "2018-09-30": "19.82%", "2018-06-30": "19.27%", "2018-03-31": "18.43%", "2017-12-31": "18.60%", "2017-09-30": "18.98%", "2017-06-30": "19.03%", "2017-03-31": "19.40%", "2016-12-31": "19.38%", "2016-09-30": "18.99%", "2016-06-30": "18.77%", "2016-03-31": "18.57%", "2015-12-31": "18.33%", "2015-09-30": "18.45%", "2015-06-30": "18.42%", "2015-03-31": "18.42%", "2014-12-31": "18.02%", "2014-09-30": "17.86%", "2014-06-30": "17.75%", "2014-03-31": "16.78%", "2013-12-31": "16.91%", "2013-09-30": "17.13%", "2013-06-30": "17.22%", "2013-03-31": "18.13%", "2012-12-31": "18.09%", "2012-09-30": "18.23%", "2012-06-30": "18.30%", "2012-03-31": "18.10%", "2011-12-31": "18.07%", "2011-09-30": "18.10%", "2011-06-30": "18.40%", "2011-03-31": "18.74%", "2010-12-31": "19.00%", "2010-09-30": "19.40%", "2010-06-30": "19.84%", "2010-03-31": "20.46%", "2009-12-31": "20.94%", "2009-09-30": "20.83%", "2009-06-30": "20.66%", "2009-03-31": "20.21%", "2008-12-31": "19.89%", "2008-09-30": "19.83%", "2008-06-30": "19.66%", "2008-03-31": "19.85%", "2007-12-31": "19.69%", "2007-09-30": "19.63%", "2007-06-30": "19.32%", "2007-03-31": "19.15%", "2006-12-31": "18.84%", "2006-09-30": "18.95%", "2006-06-30": "19.00%", "2006-03-31": "19.86%", "2005-12-31": "19.44%"}, "ebitda margin": {"2020-12-31": "31.86%", "2020-09-30": "31.84%", "2020-06-30": "31.44%", "2020-03-31": "31.61%", "2019-12-31": "31.41%", "2019-09-30": "31.05%", "2019-06-30": "30.88%", "2019-03-31": "30.86%", "2018-12-31": "30.22%", "2018-09-30": "29.62%", "2018-06-30": "28.96%", "2018-03-31": "32.57%", "2017-12-31": "31.27%", "2017-09-30": "30.00%", "2017-06-30": "28.64%", "2017-03-31": "22.63%", "2016-12-31": "22.65%", "2016-09-30": "22.27%", "2016-06-30": "22.05%", "2016-03-31": "21.89%", "2015-12-31": "21.71%", "2015-09-30": "21.85%", "2015-06-30": "21.87%", "2015-03-31": "21.93%", "2014-12-31": "21.54%", "2014-09-30": "21.40%", "2014-06-30": "21.29%", "2014-03-31": "20.28%", "2013-12-31": "20.42%", "2013-09-30": "20.60%", "2013-06-30": "20.71%", "2013-03-31": "21.66%", "2012-12-31": "21.65%", "2012-09-30": "21.82%", "2012-06-30": "21.88%", "2012-03-31": "21.63%", "2011-12-31": "21.65%", "2011-09-30": "21.78%", "2011-06-30": "22.15%", "2011-03-31": "22.61%", "2010-12-31": "22.96%", "2010-09-30": "23.40%", "2010-06-30": "23.94%", "2010-03-31": "24.65%", "2009-12-31": "25.17%", "2009-09-30": "25.01%", "2009-06-30": "24.80%", "2009-03-31": "24.22%", "2008-12-31": "23.85%", "2008-09-30": "23.98%", "2008-06-30": "23.82%", "2008-03-31": "24.08%", "2007-12-31": "23.88%", "2007-09-30": "23.79%", "2007-06-30": "23.54%", "2007-03-31": "23.92%", "2006-12-31": "23.48%", "2006-09-30": "23.53%", "2006-06-30": "23.68%", "2006-03-31": "23.41%", "2005-12-31": "23.17%"}, "pre tax profit margin": {"2020-12-31": "21.97%", "2020-09-30": "22.03%", "2020-06-30": "21.81%", "2020-03-31": "22.36%", "2019-12-31": "22.06%", "2019-09-30": "21.67%", "2019-06-30": "21.31%", "2019-03-31": "18.92%", "2018-12-31": "18.30%", "2018-09-30": "17.51%", "2018-06-30": "17.20%", "2018-03-31": "19.15%", "2017-12-31": "19.21%", "2017-09-30": "21.17%", "2017-06-30": "21.15%", "2017-03-31": "21.04%", "2016-12-31": "21.05%", "2016-09-30": "19.03%", "2016-06-30": "19.15%", "2016-03-31": "19.10%", "2015-12-31": "18.99%", "2015-09-30": "19.18%", "2015-06-30": "18.93%", "2015-03-31": "18.92%", "2014-12-31": "18.53%", "2014-09-30": "18.46%", "2014-06-30": "18.38%", "2014-03-31": "17.61%", "2013-12-31": "17.74%", "2013-09-30": "17.98%", "2013-06-30": "18.11%", "2013-03-31": "18.98%", "2012-12-31": "18.94%", "2012-09-30": "19.70%", "2012-06-30": "19.84%", "2012-03-31": "19.69%", "2011-12-31": "19.74%", "2011-09-30": "19.16%", "2011-06-30": "19.51%", "2011-03-31": "19.66%", "2010-12-31": "20.07%", "2010-09-30": "20.46%", "2010-06-30": "20.88%", "2010-03-31": "21.71%", "2009-12-31": "21.84%", "2009-09-30": "21.76%", "2009-06-30": "21.50%", "2009-03-31": "21.18%", "2008-12-31": "21.12%", "2008-09-30": "20.89%", "2008-06-30": "20.67%", "2008-03-31": "20.61%", "2007-12-31": "20.46%", "2007-09-30": "20.60%", "2007-06-30": "20.81%", "2007-03-31": "21.13%", "2006-12-31": "20.88%", "2006-09-30": "20.66%", "2006-06-30": "19.91%", "2006-03-31": "20.29%", "2005-12-31": "19.67%"}, "net profit margin": {"2020-12-31": "17.02%", "2020-09-30": "17.07%", "2020-06-30": "16.91%", "2020-03-31": "17.23%", "2019-12-31": "17.02%", "2019-09-30": "16.58%", "2019-06-30": "16.25%", "2019-03-31": "14.09%", "2018-12-31": "13.55%", "2018-09-30": "14.64%", "2018-06-30": "14.20%", "2018-03-31": "15.79%", "2017-12-31": "15.58%", "2017-09-30": "14.62%", "2017-06-30": "14.45%", "2017-03-31": "14.33%", "2016-12-31": "14.07%", "2016-09-30": "12.85%", "2016-06-30": "12.80%", "2016-03-31": "13.49%", "2015-12-31": "13.38%", "2015-09-30": "13.48%", "2015-06-30": "13.28%", "2015-03-31": "13.03%", "2014-12-31": "13.58%", "2014-09-30": "14.22%", "2014-06-30": "14.83%", "2014-03-31": "16.86%", "2013-12-31": "15.89%", "2013-09-30": "15.60%", "2013-06-30": "14.89%", "2013-03-31": "12.95%", "2012-12-31": "12.90%", "2012-09-30": "12.96%", "2012-06-30": "13.10%", "2012-03-31": "13.12%", "2011-12-31": "13.07%", "2011-09-30": "12.64%", "2011-06-30": "12.76%", "2011-03-31": "12.77%", "2010-12-31": "12.96%", "2010-09-30": "13.32%", "2010-06-30": "13.58%", "2010-03-31": "15.38%", "2009-12-31": "15.50%", "2009-09-30": "15.32%", "2009-06-30": "15.09%", "2009-03-31": "13.62%", "2008-12-31": "13.66%", "2008-09-30": "13.63%", "2008-06-30": "14.15%", "2008-03-31": "13.97%", "2007-12-31": "14.10%", "2007-09-30": "14.67%", "2007-06-30": "14.62%", "2007-03-31": "24.40%", "2006-12-31": "25.04%", "2006-09-30": "23.89%", "2006-06-30": "22.75%", "2006-03-31": "13.57%", "2005-12-31": "12.72%"}, "pe ratio": {"current": "27.94", "2021-02-11": "28.91", "2020-12-31": "30.54", "2020-09-30": "24.09", "2020-06-30": "25.80", "2020-03-31": "23.01", "2019-12-31": "29.36", "2019-09-30": "28.82", "2019-06-30": "30.44", "2019-03-31": "34.86", "2018-12-31": "30.40", "2018-09-30": "36.69", "2018-06-30": "34.74", "2018-03-31": "26.75", "2017-12-31": "28.47", "2017-09-30": "25.88", "2017-06-30": "24.69", "2017-03-31": "24.35", "2016-12-31": "25.22", "2016-09-30": "24.03", "2016-06-30": "25.57", "2016-03-31": "24.08", "2015-12-31": "23.58", "2015-09-30": "22.57", "2015-06-30": "23.21", "2015-03-31": "25.64", "2014-12-31": "24.41", "2014-09-30": "20.63", "2014-06-30": "19.14", "2014-03-31": "19.34", "2013-12-31": "20.72", "2013-09-30": "18.32", "2013-06-30": "17.63", "2013-03-31": "16.21", "2012-12-31": "14.43", "2012-09-30": "14.97", "2012-06-30": "14.20", "2012-03-31": "14.23", "2011-12-31": "14.19", "2011-09-30": "12.96", "2011-06-30": "14.66", "2011-03-31": "14.53", "2010-12-31": "13.29", "2010-09-30": "11.97", "2010-06-30": "11.37", "2010-03-31": "11.16", "2009-12-31": "10.66", "2009-09-30": "9.82", "2009-06-30": "8.84", "2009-03-31": "9.61", "2008-12-31": "10.70", "2008-09-30": "11.72", "2008-06-30": "11.32", "2008-03-31": "11.88", "2007-12-31": "12.90", "2007-09-30": "13.29", "2007-06-30": "14.63", "2007-03-31": "9.15", "2006-12-31": "9.46"}, "price sales": {"2021-02-11": "4.93", "2020-12-31": "5.20", "2020-09-30": "4.11", "2020-06-30": "4.37", "2020-03-31": "3.97", "2019-12-31": "5.00", "2019-09-30": "4.78", "2019-06-30": "4.95", "2019-03-31": "4.85", "2018-12-31": "4.01", "2018-09-30": "4.69", "2018-06-30": "4.24", "2018-03-31": "3.64", "2017-12-31": "3.83", "2017-09-30": "3.64", "2017-06-30": "3.46", "2017-03-31": "3.50", "2016-12-31": "3.55", "2016-09-30": "3.10", "2016-06-30": "3.28", "2016-03-31": "3.27", "2015-12-31": "3.16", "2015-09-30": "3.05", "2015-06-30": "3.09", "2015-03-31": "3.34", "2014-12-31": "3.31", "2014-09-30": "2.93", "2014-06-30": "2.84", "2014-03-31": "3.26", "2013-12-31": "3.29", "2013-09-30": "2.86", "2013-06-30": "2.63", "2013-03-31": "2.10", "2012-12-31": "1.87", "2012-09-30": "1.95", "2012-06-30": "1.86", "2012-03-31": "1.86", "2011-12-31": "1.85", "2011-09-30": "1.63", "2011-06-30": "1.86", "2011-03-31": "1.86", "2010-12-31": "1.72", "2010-09-30": "1.59", "2010-06-30": "1.54", "2010-03-31": "1.71", "2009-12-31": "1.65", "2009-09-30": "1.50", "2009-06-30": "1.33", "2009-03-31": "1.31", "2008-12-31": "1.46", "2008-09-30": "1.60", "2008-06-30": "1.61", "2008-03-31": "1.67", "2007-12-31": "1.83", "2007-09-30": "1.96", "2007-06-30": "2.14", "2007-03-31": "2.23", "2006-12-31": "2.37"}, "price book": {"current": "12.14", "2021-02-11": "12.10", "2020-12-31": "12.78", "2020-09-30": "10.25", "2020-06-30": "10.99", "2020-03-31": "10.50", "2019-12-31": "13.38", "2019-09-30": "12.65", "2019-06-30": "12.83", "2019-03-31": "12.73", "2018-12-31": "11.47", "2018-09-30": "13.40", "2018-06-30": "11.75", "2018-03-31": "11.70", "2017-12-31": "12.34", "2017-09-30": "11.42", "2017-06-30": "10.61", "2017-03-31": "10.29", "2016-12-31": "11.07", "2016-09-30": "8.56", "2016-06-30": "8.45", "2016-03-31": "8.17", "2015-12-31": "8.26", "2015-09-30": "7.14", "2015-06-30": "6.87", "2015-03-31": "6.84", "2014-12-31": "6.32", "2014-09-30": "5.24", "2014-06-30": "4.33", "2014-03-31": "4.24", "2013-12-31": "4.65", "2013-09-30": "4.19", "2013-06-30": "3.97", "2013-03-31": "3.53", "2012-12-31": "3.15", "2012-09-30": "3.27", "2012-06-30": "3.17", "2012-03-31": "2.99", "2011-12-31": "3.03", "2011-09-30": "2.69", "2011-06-30": "3.01", "2011-03-31": "2.86", "2010-12-31": "2.73", "2010-09-30": "2.46", "2010-06-30": "2.45", "2010-03-31": "2.53", "2009-12-31": "2.50", "2009-09-30": "2.32", "2009-06-30": "2.19", "2009-03-31": "2.30", "2008-12-31": "2.64", "2008-09-30": "2.86", "2008-06-30": "2.67", "2008-03-31": "2.52", "2007-12-31": "2.81", "2007-09-30": "3.01", "2007-06-30": "3.12", "2007-03-31": "2.48", "2006-12-31": "2.52", "2006-09-30": "2.45", "2006-06-30": "2.31", "2006-03-31": "2.37"}, "price fcf": {"2021-02-11": "", "2020-12-31": "$6.82", "2020-09-30": "$6.77", "2020-06-30": "$6.66", "2020-03-31": "$6.51", "2019-12-31": "$6.26", "2019-09-30": "$6.47", "2019-06-30": "$5.79", "2019-03-31": "$5.71", "2018-12-31": "$5.92", "2018-09-30": "$5.07", "2018-06-30": "$5.21", "2018-03-31": "$4.58", "2017-12-31": "$3.84", "2017-09-30": "$3.96", "2017-06-30": "$4.19", "2017-03-31": "$4.67", "2016-12-31": "$4.46", "2016-09-30": "$4.30", "2016-06-30": "$3.80", "2016-03-31": "$3.41", "2015-12-31": "$3.66", "2015-09-30": "$3.22", "2015-06-30": "$3.86", "2015-03-31": "$4.08", "2014-12-31": "$3.75", "2014-09-30": "$4.10", "2014-06-30": "$3.44", "2014-03-31": "$3.44", "2013-12-31": "$3.17", "2013-09-30": "$3.28", "2013-06-30": "$2.99", "2013-03-31": "$2.79", "2012-12-31": "$2.88", "2012-09-30": "$2.97", "2012-06-30": "$3.74", "2012-03-31": "$3.65", "2011-12-31": "$3.44", "2011-09-30": "$3.26", "2011-06-30": "$3.08", "2011-03-31": "$2.96", "2010-12-31": "$3.08", "2010-09-30": "$3.12", "2010-06-30": "$3.14", "2010-03-31": "$3.15", "2009-12-31": "$2.84", "2009-09-30": "$2.52", "2009-06-30": "$2.83", "2009-03-31": "$2.86", "2008-12-31": "$3.28", "2008-09-30": "$3.30", "2008-06-30": "$3.02", "2008-03-31": "$2.48", "2007-12-31": "$2.22", "2007-09-30": "$2.23", "2007-06-30": "$2.02", "2007-03-31": "$2.25", "2006-12-31": "$3.43"}, "net worth": {"value": "$71.63B"}, "current ratio": {"current": "1.06", "2020-12-31": "1.06", "2020-09-30": "1.08", "2020-06-30": "1.05", "2020-03-31": "1.03", "2019-12-31": "1.02", "2019-09-30": "1.01", "2019-06-30": "1.05", "2019-03-31": "1.05", "2018-12-31": "1.05", "2018-09-30": "1.03", "2018-06-30": "1.05", "2018-03-31": "1.05", "2017-12-31": "1.06", "2017-09-30": "1.10", "2017-06-30": "1.10", "2017-03-31": "1.09", "2016-12-31": "1.09", "2016-09-30": "1.13", "2016-06-30": "1.10", "2016-03-31": "1.08", "2015-12-31": "1.10", "2015-09-30": "1.14", "2015-06-30": "1.06", "2015-03-31": "1.07", "2014-12-31": "1.06", "2014-09-30": "1.11", "2014-06-30": "1.14", "2014-03-31": "1.07", "2013-12-31": "1.05", "2013-09-30": "0.96", "2013-06-30": "1.06", "2013-03-31": "1.07", "2012-12-31": "1.08", "2012-09-30": "1.07", "2012-06-30": "1.09", "2012-03-31": "1.07", "2011-12-31": "1.08", "2011-09-30": "1.10", "2011-06-30": "1.07", "2011-03-31": "1.06", "2010-12-31": "1.07", "2010-09-30": "1.09", "2010-06-30": "1.11", "2010-03-31": "1.09", "2009-12-31": "1.11", "2009-09-30": "1.13", "2009-06-30": "1.10", "2009-03-31": "1.07", "2008-12-31": "1.05", "2008-09-30": "1.07", "2008-06-30": "1.09", "2008-03-31": "1.08", "2007-12-31": "1.76", "2007-09-30": "1.57", "2007-06-30": "1.07", "2007-03-31": "2.30", "2006-12-31": "1.68", "2006-09-30": "1.78", "2006-06-30": "2.05", "2006-03-31": "1.75", "2005-12-31": "1.59", "2005-09-30": "1.67", "2005-06-30": "1.70", "2005-03-31": "1.63"}, "quick ratio": {"2020-12-31": "0.00", "2020-09-30": "0.00", "2020-06-30": "0.00", "2020-03-31": "0.00", "2019-12-31": "0.00", "2019-09-30": "0.00", "2019-06-30": "0.00", "2019-03-31": "0.00", "2018-12-31": "0.00", "2018-09-30": "0.00", "2018-06-30": "0.00", "2018-03-31": "0.00", "2017-12-31": "0.00", "2017-09-30": "0.00", "2017-06-30": "0.00", "2017-03-31": "0.00", "2016-12-31": "0.00", "2016-09-30": "0.00", "2016-06-30": "0.00", "2016-03-31": "0.00", "2015-12-31": "0.00", "2015-09-30": "0.00", "2015-06-30": "0.00", "2015-03-31": "0.00", "2014-12-31": "0.00", "2014-09-30": "0.00", "2014-06-30": "0.00", "2014-03-31": "0.00", "2013-12-31": "0.00", "2013-09-30": "0.00", "2013-06-30": "0.00", "2013-03-31": "0.00", "2012-12-31": "0.00", "2012-09-30": "0.00", "2012-06-30": "0.00", "2012-03-31": "0.00", "2011-12-31": "0.00", "2011-09-30": "0.00", "2011-06-30": "0.00", "2011-03-31": "0.00", "2010-12-31": "0.00", "2010-09-30": "0.00", "2010-06-30": "0.00", "2010-03-31": "0.00", "2009-12-31": "0.00", "2009-09-30": "0.00", "2009-06-30": "0.00", "2009-03-31": "0.00", "2008-12-31": "0.00", "2008-09-30": "0.00", "2008-06-30": "0.00", "2008-03-31": "0.00", "2007-12-31": "0.00", "2007-09-30": "0.00", "2007-06-30": "0.00", "2007-03-31": "0.00", "2006-12-31": "0.00", "2006-09-30": "0.00", "2006-06-30": "0.00", "2006-03-31": "0.00", "2005-12-31": "0.00", "2005-09-30": "0.00", "2005-06-30": "0.00", "2005-03-31": "0.00"}, "debt equity ratio": {"current": "0.34", "2020-12-31": "7.36", "2020-09-30": "6.30", "2020-06-30": "5.81", "2020-03-31": "6.90", "2019-12-31": "8.15", "2019-09-30": "6.04", "2019-06-30": "6.76", "2019-03-31": "8.19", "2018-12-31": "7.15", "2018-09-30": "7.00", "2018-06-30": "7.20", "2018-03-31": "9.94", "2017-12-31": "10.33", "2017-09-30": "8.02", "2017-06-30": "8.35", "2017-03-31": "9.69", "2016-12-31": "9.48", "2016-09-30": "7.08", "2016-06-30": "8.74", "2016-03-31": "10.35", "2015-12-31": "8.49", "2015-09-30": "6.43", "2015-06-30": "5.89", "2015-03-31": "6.17", "2014-12-31": "6.92", "2014-09-30": "4.18", "2014-06-30": "3.81", "2014-03-31": "4.53", "2013-12-31": "5.12", "2013-09-30": "3.76", "2013-06-30": "4.21", "2013-03-31": "5.12", "2012-12-31": "4.21", "2012-09-30": "3.79", "2012-06-30": "4.04", "2012-03-31": "5.10", "2011-12-31": "4.25", "2011-09-30": "3.66", "2011-06-30": "4.70", "2011-03-31": "5.72", "2010-12-31": "4.66", "2010-09-30": "4.36", "2010-06-30": "3.90", "2010-03-31": "4.89", "2009-12-31": "4.15", "2009-09-30": "3.32", "2009-06-30": "3.76", "2009-03-31": "4.84", "2008-12-31": "5.90", "2008-09-30": "3.97", "2008-06-30": "3.67", "2008-03-31": "4.96", "2007-12-31": "4.32", "2007-09-30": "4.14", "2007-06-30": "4.18", "2007-03-31": "4.50", "2006-12-31": "4.35", "2006-09-30": "3.48", "2006-06-30": "3.57", "2006-03-31": "4.40", "2005-12-31": "4.06", "2005-09-30": "3.33", "2005-06-30": "3.78", "2005-03-31": "4.68"}, "return on equity": {"2020-12-31": "43.27%", "2020-09-30": "44.38%", "2020-06-30": "44.92%", "2020-03-31": "46.84%", "2019-12-31": "46.12%", "2019-09-30": "45.64%", "2019-06-30": "45.66%", "2019-03-31": "40.32%", "2018-12-31": "40.97%", "2018-09-30": "45.51%", "2018-06-30": "45.29%", "2018-03-31": "51.96%", "2017-12-31": "49.89%", "2017-09-30": "46.24%", "2017-06-30": "44.30%", "2017-03-31": "42.04%", "2016-12-31": "39.77%", "2016-09-30": "34.98%", "2016-06-30": "33.51%", "2016-03-31": "34.10%", "2015-12-31": "31.96%", "2015-09-30": "29.74%", "2015-06-30": "27.28%", "2015-03-31": "24.28%", "2014-12-31": "23.38%", "2014-09-30": "23.38%", "2014-06-30": "23.58%", "2014-03-31": "23.04%", "2013-12-31": "22.47%", "2013-09-30": "22.57%", "2013-06-30": "22.11%", "2013-03-31": "22.66%", "2012-12-31": "22.27%", "2012-09-30": "22.20%", "2012-06-30": "22.41%", "2012-03-31": "22.25%", "2011-12-31": "22.03%", "2011-09-30": "21.32%", "2011-06-30": "21.15%", "2011-03-31": "21.05%", "2010-12-31": "20.93%", "2010-09-30": "21.06%", "2010-06-30": "21.25%", "2010-03-31": "23.95%", "2009-12-31": "24.97%", "2009-09-30": "25.78%", "2009-06-30": "26.66%", "2009-03-31": "24.57%", "2008-12-31": "24.18%", "2008-09-30": "23.58%", "2008-06-30": "23.81%", "2008-03-31": "22.99%", "2007-12-31": "22.00%", "2007-09-30": "21.40%", "2007-06-30": "19.92%", "2007-03-31": "27.77%", "2006-12-31": "27.40%", "2006-09-30": "26.82%", "2006-06-30": "26.31%", "2006-03-31": "18.96%", "2005-12-31": "18.62%"}, "return on assets": {"2020-12-31": "5.70%", "2020-09-30": "5.72%", "2020-06-30": "5.83%", "2020-03-31": "5.88%", "2019-12-31": "5.57%", "2019-09-30": "5.69%", "2019-06-30": "5.52%", "2019-03-31": "4.80%", "2018-12-31": "4.69%", "2018-09-30": "4.80%", "2018-06-30": "4.62%", "2018-03-31": "5.11%", "2017-12-31": "4.94%", "2017-09-30": "4.68%", "2017-06-30": "4.60%", "2017-03-31": "4.32%", "2016-12-31": "4.01%", "2016-09-30": "3.61%", "2016-06-30": "3.53%", "2016-03-31": "3.90%", "2015-12-31": "4.16%", "2015-09-30": "4.04%", "2015-06-30": "4.04%", "2015-03-31": "3.94%", "2014-12-31": "4.04%", "2014-09-30": "4.32%", "2014-06-30": "4.45%", "2014-03-31": "4.26%", "2013-12-31": "4.04%", "2013-09-30": "4.23%", "2013-06-30": "4.14%", "2013-03-31": "4.27%", "2012-12-31": "4.21%", "2012-09-30": "4.19%", "2012-06-30": "4.25%", "2012-03-31": "4.09%", "2011-12-31": "3.94%", "2011-09-30": "3.75%", "2011-06-30": "3.60%", "2011-03-31": "3.70%", "2010-12-31": "3.83%", "2010-09-30": "3.95%", "2010-06-30": "4.18%", "2010-03-31": "4.75%", "2009-12-31": "5.00%", "2009-09-30": "4.78%", "2009-06-30": "4.76%", "2009-03-31": "4.40%", "2008-12-31": "4.30%", "2008-09-30": "4.49%", "2008-06-30": "4.50%", "2008-03-31": "4.25%", "2007-12-31": "4.16%", "2007-09-30": "4.03%", "2007-06-30": "3.88%", "2007-03-31": "5.58%", "2006-12-31": "5.53%", "2006-09-30": "5.49%", "2006-06-30": "5.43%", "2006-03-31": "3.87%", "2005-12-31": "3.75%"}, "return on investments": {"2020-12-31": "43.79%", "2020-09-30": "46.27%", "2020-06-30": "48.36%", "2020-03-31": "48.37%", "2019-12-31": "46.06%", "2019-09-30": "44.33%", "2019-06-30": "43.05%", "2019-03-31": "43.23%", "2018-12-31": "43.44%", "2018-09-30": "42.18%", "2018-06-30": "41.49%", "2018-03-31": "40.32%", "2017-12-31": "39.66%", "2017-09-30": "39.88%", "2017-06-30": "38.99%", "2017-03-31": "38.41%", "2016-12-31": "37.26%", "2016-09-30": "35.41%", "2016-06-30": "33.92%", "2016-03-31": "35.26%", "2015-12-31": "36.09%", "2015-09-30": "36.96%", "2015-06-30": "37.76%", "2015-03-31": "34.26%", "2014-12-31": "30.98%", "2014-09-30": "29.32%", "2014-06-30": "28.15%", "2014-03-31": "22.88%", "2013-12-31": "23.86%", "2013-09-30": "24.73%", "2013-06-30": "25.50%", "2013-03-31": "31.65%", "2012-12-31": "31.15%", "2012-09-30": "31.13%", "2012-06-30": "31.20%", "2012-03-31": "30.55%", "2011-12-31": "30.30%", "2011-09-30": "30.35%", "2011-06-30": "30.31%", "2011-03-31": "30.70%", "2010-12-31": "30.49%", "2010-09-30": "30.47%", "2010-06-30": "30.82%", "2010-03-31": "31.62%", "2009-12-31": "33.48%", "2009-09-30": "34.75%", "2009-06-30": "36.17%", "2009-03-31": "36.10%", "2008-12-31": "34.86%", "2008-09-30": "34.01%", "2008-06-30": "32.79%", "2008-03-31": "32.40%", "2007-12-31": "30.49%", "2007-09-30": "28.38%", "2007-06-30": "26.07%", "2007-03-31": "21.55%", "2006-12-31": "20.36%", "2006-09-30": "21.02%", "2006-06-30": "21.71%", "2006-03-31": "27.41%", "2005-12-31": "28.09%"}, "return on tangible equity": {"2020-12-31": "111.28%", "2020-09-30": "116.68%", "2020-06-30": "119.80%", "2020-03-31": "126.31%", "2019-12-31": "126.41%", "2019-09-30": "128.70%", "2019-06-30": "134.39%", "2019-03-31": "121.88%", "2018-12-31": "136.88%", "2018-09-30": "162.45%", "2018-06-30": "152.63%", "2018-03-31": "166.79%", "2017-12-31": "136.35%", "2017-09-30": "112.44%", "2017-06-30": "102.08%", "2017-03-31": "91.44%", "2016-12-31": "82.96%", "2016-09-30": "70.91%", "2016-06-30": "65.81%", "2016-03-31": "66.39%", "2015-12-31": "60.68%", "2015-09-30": "54.19%", "2015-06-30": "48.29%", "2015-03-31": "40.70%", "2014-12-31": "41.67%", "2014-09-30": "45.12%", "2014-06-30": "50.00%", "2014-03-31": "56.24%", "2013-12-31": "54.89%", "2013-09-30": "54.80%", "2013-06-30": "53.56%", "2013-03-31": "55.50%", "2012-12-31": "55.80%", "2012-09-30": "56.88%", "2012-06-30": "57.89%", "2012-03-31": "58.09%", "2011-12-31": "57.92%", "2011-09-30": "55.77%", "2011-06-30": "55.03%", "2011-03-31": "51.66%", "2010-12-31": "48.02%", "2010-09-30": "45.69%", "2010-06-30": "44.20%", "2010-03-31": "50.33%", "2009-12-31": "54.38%", "2009-09-30": "58.42%", "2009-06-30": "63.66%", "2009-03-31": "60.47%", "2008-12-31": "59.00%", "2008-09-30": "57.82%", "2008-06-30": "58.44%", "2008-03-31": "56.05%", "2007-12-31": "51.64%", "2007-09-30": "50.12%", "2007-06-30": "44.57%", "2007-03-31": "56.70%", "2006-12-31": "56.09%", "2006-09-30": "54.51%", "2006-06-30": "53.90%", "2006-03-31": "40.17%", "2005-12-31": "40.24%"}, "dividend yield history": {"last payout": "$3.72", "last yield": "2.22%"}}