{"ticker": "ADT", "price": {"title": "ADT Historical Annual Stock Price Data", "value": 9.3, "historical": {"2020": {"Average Stock Price": "7.5421", "Year Open": "7.5700", "Year High": "13.4800", "Year Low": "3.7200", "Year Close": "7.8500", "Annual % Change": "-1.01%"}, "2019": {"Average Stock Price": "6.7833", "Year Open": "6.4100", "Year High": "9.5700", "Year Low": "4.3500", "Year Close": "7.9300", "Annual % Change": "31.95%"}, "2018": {"Average Stock Price": "8.8015", "Year Open": "12.3900", "Year High": "12.8600", "Year Low": "6.0100", "Year Close": "6.0100", "Annual % Change": "0.00%"}}}, "market cap": {"value": "$7.08B"}, "income statement": {"Revenue": {"2019-12-31": "5125.65700", "2018-12-31": "4581.67300", "2017-12-31": "4315.50200", "2016-12-31": "2949.76600", "2015-12-31": "311.56700", "2014-12-31": "466.55700"}, "Cost Of Goods Sold": {"2019-12-31": "1390.28400", "2018-12-31": "1041.33600", "2017-12-31": "895.73600", "2016-12-31": "693.43000", "2015-12-31": "148.52100", "2014-12-31": "200.05400"}, "Gross Profit": {"2019-12-31": "3735.37300", "2018-12-31": "3540.33700", "2017-12-31": "3419.76600", "2016-12-31": "2256.33600", "2015-12-31": "163.04600", "2014-12-31": "266.50300"}, "Research And Development Expenses": {"2019-12-31": "", "2018-12-31": "", "2017-12-31": "", "2016-12-31": "", "2015-12-31": "", "2014-12-31": ""}, "SG&A Expenses": {"2019-12-31": "1406.53200", "2018-12-31": "1246.95000", "2017-12-31": "1209.20000", "2016-12-31": "858.89600", "2015-12-31": "84.13400", "2014-12-31": "134.29900"}, "Other Operating Income Or Expenses": {"2019-12-31": "-61.95100", "2018-12-31": "", "2017-12-31": "", "2016-12-31": "", "2015-12-31": "", "2014-12-31": ""}, "Operating Expenses": {"2019-12-31": "4929.21300", "2018-12-31": "4303.83300", "2017-12-31": "4033.06300", "2016-12-31": "3179.08100", "2015-12-31": "351.34100", "2014-12-31": "424.25500"}, "Operating Income": {"2019-12-31": "196.44430", "2018-12-31": "277.84030", "2017-12-31": "282.43900", "2016-12-31": "-229.31490", "2015-12-31": "-39.77400", "2014-12-31": "42.30200"}, "Total Non-Operating Income/Expense": {"2019-12-31": "-718.63600", "2018-12-31": "-910.45800", "2017-12-31": "-704.12500", "2016-12-31": "-573.42300", "2015-12-31": "-44.84400", "2014-12-31": "-58.24200"}, "Pre-Tax Income": {"2019-12-31": "-522.19200", "2018-12-31": "-632.61800", "2017-12-31": "-421.68600", "2016-12-31": "-802.73800", "2015-12-31": "-84.61800", "2014-12-31": "-15.94000"}, "Income Taxes": {"2019-12-31": "-98.04200", "2018-12-31": "-23.46300", "2017-12-31": "-764.31300", "2016-12-31": "-266.15100", "2015-12-31": "-30.36500", "2014-12-31": "2.54800"}, "Income After Taxes": {"2019-12-31": "-424.15000", "2018-12-31": "-609.15500", "2017-12-31": "342.62700", "2016-12-31": "-536.58700", "2015-12-31": "-54.25300", "2014-12-31": "-18.48800"}, "Other Income": {"2019-12-31": "", "2018-12-31": "", "2017-12-31": "", "2016-12-31": "", "2015-12-31": "", "2014-12-31": ""}, "Income From Continuous Operations": {"2019-12-31": "-424.15000", "2018-12-31": "-609.15500", "2017-12-31": "342.62700", "2016-12-31": "-536.58700", "2015-12-31": "-54.25300", "2014-12-31": "-18.48800"}, "Income From Discontinued Operations": {"2019-12-31": "", "2018-12-31": "", "2017-12-31": "", "2016-12-31": "", "2015-12-31": "", "2014-12-31": ""}, "Net Income": {"2019-12-31": "-424.15000", "2018-12-31": "-609.15500", "2017-12-31": "342.62700", "2016-12-31": "-536.58700", "2015-12-31": "-54.25300", "2014-12-31": "-18.48800"}, "EBITDA": {"2019-12-31": "2203.85300", "2018-12-31": "2277.52300", "2017-12-31": "2150.77500", "2016-12-31": "1072.54900", "2015-12-31": "63.22000", "2014-12-31": "132.60800"}, "EBIT": {"2019-12-31": "196.44430", "2018-12-31": "277.84030", "2017-12-31": "282.43900", "2016-12-31": "-229.31490", "2015-12-31": "-39.77400", "2014-12-31": "42.30200"}, "Basic Shares Outstanding": {"2019-12-31": "747.23800", "2018-12-31": "747.71000", "2017-12-31": "641.07400", "2016-12-31": "640.72500", "2015-12-31": "640.72300", "2014-12-31": ""}, "Shares Outstanding": {"2019-12-31": "747.23800", "2018-12-31": "747.71000", "2017-12-31": "641.07400", "2016-12-31": "640.72500", "2015-12-31": "640.72300", "2014-12-31": ""}, "Basic EPS": {"2019-12-31": "-0.57000", "2018-12-31": "-0.81000", "2017-12-31": "0.53000", "2016-12-31": "-0.84000", "2015-12-31": "-0.08000", "2014-12-31": ""}, "EPS - Earnings Per Share": {"2019-12-31": "-0.57000", "2018-12-31": "-0.81000", "2017-12-31": "0.53000", "2016-12-31": "-0.84000", "2015-12-31": "-0.08000", "2014-12-31": "0.00000"}}, "income statement, quarterly": {"Revenue": {"2020-09-30": "1298.92400", "2020-06-30": "1331.38700", "2020-03-31": "1369.75200", "2019-12-31": "1298.28300", "2019-09-30": "1300.57000", "2019-06-30": "1283.74400", "2019-03-31": "1243.06000", "2018-12-31": "1185.45000", "2018-09-30": "1148.31600", "2018-06-30": "1131.45900", "2018-03-31": "1116.44800", "2017-12-31": "1106.00000", "2017-09-30": "1082.96200", "2017-06-30": "1067.78000", "2017-03-31": "1059.22800", "2016-12-31": "", "2015-12-31": "", "2014-12-31": ""}, "Cost Of Goods Sold": {"2020-09-30": "357.89500", "2020-06-30": "376.34700", "2020-03-31": "407.98600", "2019-12-31": "369.68100", "2019-09-30": "356.55600", "2019-06-30": "338.08900", "2019-03-31": "325.95800", "2018-12-31": "283.43110", "2018-09-30": "263.28600", "2018-06-30": "246.22500", "2018-03-31": "248.39400", "2017-12-31": "237.64100", "2017-09-30": "224.14000", "2017-06-30": "215.25000", "2017-03-31": "218.70500", "2016-12-31": "", "2015-12-31": "", "2014-12-31": ""}, "Gross Profit": {"2020-09-30": "941.02890", "2020-06-30": "955.04000", "2020-03-31": "961.76600", "2019-12-31": "928.60220", "2019-09-30": "944.01390", "2019-06-30": "945.65500", "2019-03-31": "917.10210", "2018-12-31": "902.01890", "2018-09-30": "885.03000", "2018-06-30": "885.23400", "2018-03-31": "868.05400", "2017-12-31": "868.35900", "2017-09-30": "858.82200", "2017-06-30": "852.53000", "2017-03-31": "840.52300", "2016-12-31": "", "2015-12-31": "", "2014-12-31": ""}, "Research And Development Expenses": {"2020-09-30": "", "2020-06-30": "", "2020-03-31": "", "2019-12-31": "", "2019-09-30": "", "2019-06-30": "", "2019-03-31": "", "2018-12-31": "", "2018-09-30": "", "2018-06-30": "", "2018-03-31": "", "2017-12-31": "0.00000", "2017-09-30": "", "2017-06-30": "", "2017-03-31": "", "2016-12-31": "", "2015-12-31": "", "2014-12-31": ""}, "SG&A Expenses": {"2020-09-30": "410.93300", "2020-06-30": "414.03100", "2020-03-31": "453.22700", "2019-12-31": "358.71400", "2019-09-30": "378.64500", "2019-06-30": "344.66400", "2019-03-31": "324.50900", "2018-12-31": "324.32300", "2018-09-30": "295.11900", "2018-06-30": "322.53800", "2018-03-31": "304.97000", "2017-12-31": "296.81000", "2017-09-30": "284.13700", "2017-06-30": "285.65600", "2017-03-31": "353.25500", "2016-12-31": "", "2015-12-31": "", "2014-12-31": ""}, "Other Operating Income Or Expenses": {"2020-09-30": "0.01900", "2020-06-30": "-0.68000", "2020-03-31": "-0.07700", "2019-12-31": "-6.46200", "2019-09-30": "-55.48900", "2019-06-30": "", "2019-03-31": "", "2018-12-31": "", "2018-09-30": "", "2018-06-30": "", "2018-03-31": "", "2017-12-31": "", "2017-09-30": "", "2017-06-30": "", "2017-03-31": "", "2016-12-31": "", "2015-12-31": "", "2014-12-31": ""}, "Operating Expenses": {"2020-09-30": "1236.03800", "2020-06-30": "1280.96500", "2020-03-31": "1459.10800", "2019-12-31": "1234.17800", "2019-09-30": "1351.80400", "2019-06-30": "1190.60700", "2019-03-31": "1152.62400", "2018-12-31": "1174.76300", "2018-09-30": "1026.46900", "2018-06-30": "1057.53800", "2018-03-31": "1045.06300", "2017-12-31": "1010.50500", "2017-09-30": "990.71090", "2017-06-30": "978.15300", "2017-03-31": "1053.69400", "2016-12-31": "", "2015-12-31": "", "2014-12-31": ""}, "Operating Income": {"2020-09-30": "62.88600", "2020-06-30": "50.42200", "2020-03-31": "-89.35610", "2019-12-31": "64.10550", "2019-09-30": "-51.23410", "2019-06-30": "93.13710", "2019-03-31": "90.43600", "2018-12-31": "10.68730", "2018-09-30": "121.84700", "2018-06-30": "73.92100", "2018-03-31": "71.38500", "2017-12-31": "95.49500", "2017-09-30": "92.25110", "2017-06-30": "89.62710", "2017-03-31": "5.53410", "2016-12-31": "", "2015-12-31": "", "2014-12-31": ""}, "Total Non-Operating Income/Expense": {"2020-09-30": "-203.68300", "2020-06-30": "-184.99400", "2020-03-31": "-288.90100", "2019-12-31": "-152.56400", "2019-09-30": "-166.76300", "2019-06-30": "-220.04200", "2019-03-31": "-179.26700", "2018-12-31": "-163.77900", "2018-09-30": "-365.09200", "2018-06-30": "-145.19700", "2018-03-31": "-236.39000", "2017-12-31": "-182.23000", "2017-09-30": "-161.40900", "2017-06-30": "-182.51200", "2017-03-31": "-177.97400", "2016-12-31": "", "2015-12-31": "", "2014-12-31": ""}, "Pre-Tax Income": {"2020-09-30": "-140.79700", "2020-06-30": "-134.57200", "2020-03-31": "-378.25700", "2019-12-31": "-88.45900", "2019-09-30": "-217.99700", "2019-06-30": "-126.90500", "2019-03-31": "-88.83100", "2018-12-31": "-153.09200", "2018-09-30": "-243.24500", "2018-06-30": "-71.27600", "2018-03-31": "-165.00500", "2017-12-31": "-87.20300", "2017-09-30": "-69.15800", "2017-06-30": "-92.88500", "2017-03-31": "-172.44000", "2016-12-31": "", "2015-12-31": "", "2014-12-31": ""}, "Income Taxes": {"2020-09-30": "-27.69900", "2020-06-30": "-27.83100", "2020-03-31": "-77.96400", "2019-12-31": "-16.46600", "2019-09-30": "-36.36700", "2019-06-30": "-22.84800", "2019-03-31": "-22.36100", "2018-12-31": "-3.62300", "2018-09-30": "-7.70100", "2018-06-30": "-4.57100", "2018-03-31": "-7.56800", "2017-12-31": "-725.39100", "2017-09-30": "-7.12800", "2017-06-30": "-0.22900", "2017-03-31": "-31.56500", "2016-12-31": "", "2015-12-31": "", "2014-12-31": ""}, "Income After Taxes": {"2020-09-30": "-113.09800", "2020-06-30": "-106.74100", "2020-03-31": "-300.29300", "2019-12-31": "-71.99300", "2019-09-30": "-181.63000", "2019-06-30": "-104.05700", "2019-03-31": "-66.47000", "2018-12-31": "-149.46890", "2018-09-30": "-235.54400", "2018-06-30": "-66.70500", "2018-03-31": "-157.43700", "2017-12-31": "638.18800", "2017-09-30": "-62.03000", "2017-06-30": "-92.65600", "2017-03-31": "-140.87500", "2016-12-31": "", "2015-12-31": "", "2014-12-31": ""}, "Other Income": {"2020-09-30": "", "2020-06-30": "", "2020-03-31": "", "2019-12-31": "", "2019-09-30": "", "2019-06-30": "", "2019-03-31": "", "2018-12-31": "", "2018-09-30": "", "2018-06-30": "", "2018-03-31": "", "2017-12-31": "0.00000", "2017-09-30": "", "2017-06-30": "", "2017-03-31": "", "2016-12-31": "", "2015-12-31": "", "2014-12-31": ""}, "Income From Continuous Operations": {"2020-09-30": "-113.09800", "2020-06-30": "-106.74100", "2020-03-31": "-300.29300", "2019-12-31": "-71.99300", "2019-09-30": "-181.63000", "2019-06-30": "-104.05700", "2019-03-31": "-66.47000", "2018-12-31": "-149.46890", "2018-09-30": "-235.54400", "2018-06-30": "-66.70500", "2018-03-31": "-157.43700", "2017-12-31": "638.00000", "2017-09-30": "-62.03000", "2017-06-30": "-92.65600", "2017-03-31": "-140.87500", "2016-12-31": "", "2015-12-31": "", "2014-12-31": ""}, "Income From Discontinued Operations": {"2020-09-30": "", "2020-06-30": "", "2020-03-31": "", "2019-12-31": "", "2019-09-30": "", "2019-06-30": "", "2019-03-31": "", "2018-12-31": "", "2018-09-30": "", "2018-06-30": "", "2018-03-31": "", "2017-12-31": "0.00000", "2017-09-30": "", "2017-06-30": "", "2017-03-31": "", "2016-12-31": "", "2015-12-31": "", "2014-12-31": ""}, "Net Income": {"2020-09-30": "-113.09800", "2020-06-30": "-106.74100", "2020-03-31": "-300.29300", "2019-12-31": "-71.99300", "2019-09-30": "-181.63000", "2019-06-30": "-104.05700", "2019-03-31": "-66.47000", "2018-12-31": "-149.46900", "2018-09-30": "-235.54400", "2018-06-30": "-66.70500", "2018-03-31": "-157.43700", "2017-12-31": "638.00000", "2017-09-30": "-62.03000", "2017-06-30": "-92.65600", "2017-03-31": "-140.87500", "2016-12-31": "", "2015-12-31": "", "2014-12-31": ""}, "EBITDA": {"2020-09-30": "529.71300", "2020-06-30": "521.54000", "2020-03-31": "392.81790", "2019-12-31": "543.41960", "2019-09-30": "492.82980", "2019-06-30": "587.39610", "2019-03-31": "580.20700", "2018-12-31": "577.10730", "2018-09-30": "591.51700", "2018-06-30": "557.75600", "2018-03-31": "551.14300", "2017-12-31": "572.59900", "2017-09-30": "561.20520", "2017-06-30": "549.77500", "2017-03-31": "467.66400", "2016-12-31": "", "2015-12-31": "", "2014-12-31": ""}, "EBIT": {"2020-09-30": "62.88600", "2020-06-30": "50.42200", "2020-03-31": "-89.35610", "2019-12-31": "64.10540", "2019-09-30": "-51.23410", "2019-06-30": "93.13710", "2019-03-31": "90.43600", "2018-12-31": "10.68730", "2018-09-30": "121.84700", "2018-06-30": "73.92100", "2018-03-31": "71.38500", "2017-12-31": "95.49500", "2017-09-30": "92.25110", "2017-06-30": "89.62710", "2017-03-31": "5.53410", "2016-12-31": "", "2015-12-31": "", "2014-12-31": ""}, "Basic Shares Outstanding": {"2020-09-30": "769.24400", "2020-06-30": "760.59700", "2020-03-31": "759.09200", "2019-12-31": "747.23800", "2019-09-30": "739.85200", "2019-06-30": "749.57500", "2019-03-31": "756.25200", "2018-12-31": "747.71000", "2018-09-30": "755.27700", "2018-06-30": "750.00900", "2018-03-31": "728.57900", "2017-12-31": "641.00000", "2017-09-30": "641.08800", "2017-06-30": "641.04800", "2017-03-31": "641.04700", "2016-12-31": "", "2015-12-31": "", "2014-12-31": ""}, "Shares Outstanding": {"2020-09-30": "777.55300", "2020-06-30": "760.59700", "2020-03-31": "759.09200", "2019-12-31": "747.23800", "2019-09-30": "739.85200", "2019-06-30": "749.57500", "2019-03-31": "756.25200", "2018-12-31": "747.71000", "2018-09-30": "755.27700", "2018-06-30": "750.00900", "2018-03-31": "728.57900", "2017-12-31": "641.00000", "2017-09-30": "641.08800", "2017-06-30": "641.04800", "2017-03-31": "641.04700", "2016-12-31": "", "2015-12-31": "", "2014-12-31": ""}, "Basic EPS": {"2020-09-30": "-0.15000", "2020-06-30": "-0.14000", "2020-03-31": "-0.40000", "2019-12-31": "-0.09000", "2019-09-30": "-0.25000", "2019-06-30": "-0.14000", "2019-03-31": "-0.09000", "2018-12-31": "-0.19000", "2018-09-30": "-0.31000", "2018-06-30": "-0.09000", "2018-03-31": "-0.22000", "2017-12-31": "1.00000", "2017-09-30": "-0.10000", "2017-06-30": "-0.14000", "2017-03-31": "-0.22000", "2016-12-31": "", "2015-12-31": "", "2014-12-31": ""}, "EPS - Earnings Per Share": {"2020-09-30": "-0.15000", "2020-06-30": "-0.14000", "2020-03-31": "-0.40000", "2019-12-31": "-0.09000", "2019-09-30": "-0.25000", "2019-06-30": "-0.14000", "2019-03-31": "-0.09000", "2018-12-31": "-0.19000", "2018-09-30": "-0.31000", "2018-06-30": "-0.09000", "2018-03-31": "-0.22000", "2017-12-31": "0.99000", "2017-09-30": "-0.10000", "2017-06-30": "-0.14000", "2017-03-31": "-0.22000", "2016-12-31": "0.00000", "2015-12-31": "0.00000", "2014-12-31": "0.00000"}}, "balance sheet": {"Cash On Hand": {"2019-12-31": "48.73600", "2018-12-31": "363.17700", "2017-12-31": "122.89900", "2016-12-31": "90.82300", "2015-12-31": "42.57900", "2014-12-31": ""}, "Receivables": {"2019-12-31": "287.24300", "2018-12-31": "245.71400", "2017-12-31": "148.82200", "2016-12-31": "135.21800", "2015-12-31": "71.50100", "2014-12-31": ""}, "Inventory": {"2019-12-31": "138.40200", "2018-12-31": "115.31500", "2017-12-31": "106.92400", "2016-12-31": "108.88900", "2015-12-31": "24.03400", "2014-12-31": ""}, "Pre-Paid Expenses": {"2019-12-31": "151.10200", "2018-12-31": "129.81100", "2017-12-31": "77.24100", "2016-12-31": "53.42600", "2015-12-31": "3.57900", "2014-12-31": ""}, "Other Current Assets": {"2019-12-31": "", "2018-12-31": "", "2017-12-31": "", "2016-12-31": "", "2015-12-31": "", "2014-12-31": ""}, "Total Current Assets": {"2019-12-31": "625.48300", "2018-12-31": "854.01700", "2017-12-31": "455.88600", "2016-12-31": "388.35600", "2015-12-31": "141.69300", "2014-12-31": ""}, "Property, Plant, And Equipment": {"2019-12-31": "3068.02700", "2018-12-31": "3234.26600", "2017-12-31": "3225.12800", "2016-12-31": "3179.72700", "2015-12-31": "34.82200", "2014-12-31": ""}, "Long-Term Investments": {"2019-12-31": "", "2018-12-31": "", "2017-12-31": "", "2016-12-31": "", "2015-12-31": "", "2014-12-31": ""}, "Goodwill And Intangible Assets": {"2019-12-31": "11629.30000", "2018-12-31": "12570.08000", "2017-12-31": "12927.36000", "2016-12-31": "13322.13000", "2015-12-31": "2077.80800", "2014-12-31": "0.00000"}, "Other Long-Term Assets": {"2019-12-31": "247.51900", "2018-12-31": "120.27900", "2017-12-31": "123.96700", "2016-12-31": "107.17300", "2015-12-31": "21.82600", "2014-12-31": ""}, "Total Long-Term Assets": {"2019-12-31": "15458.17000", "2018-12-31": "16354.59000", "2017-12-31": "16558.93000", "2016-12-31": "16788.13000", "2015-12-31": "2177.82200", "2014-12-31": ""}, "Total Assets": {"2019-12-31": "16083.65000", "2018-12-31": "17208.61000", "2017-12-31": "17014.82000", "2016-12-31": "17176.48000", "2015-12-31": "2319.51500", "2014-12-31": "0.00000"}, "Total Current Liabilities": {"2019-12-31": "1119.72800", "2018-12-31": "1012.49000", "2017-12-31": "896.25200", "2016-12-31": "852.53900", "2015-12-31": "171.95900", "2014-12-31": ""}, "Long Term Debt": {"2019-12-31": "9634.22600", "2018-12-31": "9944.11200", "2017-12-31": "10121.13000", "2016-12-31": "9469.68200", "2015-12-31": "1330.14500", "2014-12-31": ""}, "Other Non-Current Liabilities": {"2019-12-31": "305.43500", "2018-12-31": "140.60400", "2017-12-31": "136.50400", "2016-12-31": "130.57500", "2015-12-31": "15.14300", "2014-12-31": ""}, "Total Long Term Liabilities": {"2019-12-31": "11779.55000", "2018-12-31": "11971.31000", "2017-12-31": "12685.46000", "2016-12-31": "12518.97000", "2015-12-31": "1444.65900", "2014-12-31": ""}, "Total Liabilities": {"2019-12-31": "12899.28000", "2018-12-31": "12983.80000", "2017-12-31": "13581.71000", "2016-12-31": "13371.50000", "2015-12-31": "1616.61800", "2014-12-31": "0.00000"}, "Common Stock Net": {"2019-12-31": "7.53600", "2018-12-31": "7.66900", "2017-12-31": "0.00200", "2016-12-31": "0.00200", "2015-12-31": "", "2014-12-31": "0.00000"}, "Retained Earnings (Accumulated Deficit)": {"2019-12-31": "-2742.19300", "2018-12-31": "-1680.43200", "2017-12-31": "-998.21200", "2016-12-31": "-590.84000", "2015-12-31": "-54.25300", "2014-12-31": ""}, "Comprehensive Income": {"2019-12-31": "-58.37600", "2018-12-31": "-71.77900", "2017-12-31": "-4.00700", "2016-12-31": "-28.50700", "2015-12-31": "", "2014-12-31": ""}, "Other Share Holders Equity": {"2019-12-31": "", "2018-12-31": "", "2017-12-31": "", "2016-12-31": "", "2015-12-31": "", "2014-12-31": "0.00000"}, "Share Holder Equity": {"2019-12-31": "3184.36900", "2018-12-31": "4224.80500", "2017-12-31": "3433.11200", "2016-12-31": "3804.97600", "2015-12-31": "702.89700", "2014-12-31": "0.00000"}, "Total Liabilities And Share Holders Equity": {"2019-12-31": "16083.65000", "2018-12-31": "17208.61000", "2017-12-31": "17014.82000", "2016-12-31": "17176.48000", "2015-12-31": "2319.51500", "2014-12-31": "0.00000"}}, "balance sheet, quarterly": {"Cash On Hand": {"2020-09-30": "489.43300", "2020-06-30": "45.47300", "2020-03-31": "118.14100", "2019-12-31": "48.73600", "2019-09-30": "155.77400", "2019-06-30": "43.05200", "2019-03-31": "95.68000", "2018-12-31": "363.17700", "2018-09-30": "256.91700", "2018-06-30": "1098.17100", "2018-03-31": "262.07800", "2017-12-31": "122.89900", "2017-09-30": "", "2017-06-30": "", "2017-03-31": "", "2016-12-31": "90.82300", "2015-12-31": "42.57900", "2014-12-31": ""}, "Receivables": {"2020-09-30": "289.68000", "2020-06-30": "258.90100", "2020-03-31": "270.45200", "2019-12-31": "287.24300", "2019-09-30": "284.85600", "2019-06-30": "275.54500", "2019-03-31": "245.36000", "2018-12-31": "245.71400", "2018-09-30": "154.62900", "2018-06-30": "148.88200", "2018-03-31": "151.35000", "2017-12-31": "148.82200", "2017-09-30": "", "2017-06-30": "", "2017-03-31": "", "2016-12-31": "135.21800", "2015-12-31": "71.50100", "2014-12-31": ""}, "Inventory": {"2020-09-30": "200.39700", "2020-06-30": "170.19100", "2020-03-31": "164.73500", "2019-12-31": "138.40200", "2019-09-30": "145.88900", "2019-06-30": "136.24800", "2019-03-31": "131.67100", "2018-12-31": "115.31500", "2018-09-30": "107.81300", "2018-06-30": "108.32800", "2018-03-31": "105.85500", "2017-12-31": "106.92400", "2017-09-30": "", "2017-06-30": "", "2017-03-31": "", "2016-12-31": "108.88900", "2015-12-31": "24.03400", "2014-12-31": ""}, "Pre-Paid Expenses": {"2020-09-30": "200.40100", "2020-06-30": "176.54500", "2020-03-31": "165.62800", "2019-12-31": "151.10200", "2019-09-30": "141.22100", "2019-06-30": "127.63000", "2019-03-31": "133.83400", "2018-12-31": "129.81100", "2018-09-30": "107.36400", "2018-06-30": "95.49100", "2018-03-31": "102.34900", "2017-12-31": "77.24100", "2017-09-30": "", "2017-06-30": "", "2017-03-31": "", "2016-12-31": "", "2015-12-31": "", "2014-12-31": ""}, "Other Current Assets": {"2020-09-30": "", "2020-06-30": "", "2020-03-31": "", "2019-12-31": "", "2019-09-30": "591.42700", "2019-06-30": "", "2019-03-31": "", "2018-12-31": "", "2018-09-30": "", "2018-06-30": "", "2018-03-31": "", "2017-12-31": "", "2017-09-30": "", "2017-06-30": "", "2017-03-31": "", "2016-12-31": "53.42600", "2015-12-31": "3.57000", "2014-12-31": ""}, "Total Current Assets": {"2020-09-30": "1179.91100", "2020-06-30": "651.11000", "2020-03-31": "718.95600", "2019-12-31": "625.48300", "2019-09-30": "1319.16700", "2019-06-30": "582.47500", "2019-03-31": "606.54500", "2018-12-31": "854.01700", "2018-09-30": "626.72300", "2018-06-30": "1450.87200", "2018-03-31": "621.63200", "2017-12-31": "455.88600", "2017-09-30": "", "2017-06-30": "", "2017-03-31": "", "2016-12-31": "388.35600", "2015-12-31": "141.69300", "2014-12-31": ""}, "Property, Plant, And Equipment": {"2020-09-30": "2973.91900", "2020-06-30": "2967.57000", "2020-03-31": "3026.70000", "2019-12-31": "3068.02700", "2019-09-30": "3112.72500", "2019-06-30": "3286.42300", "2019-03-31": "3249.90400", "2018-12-31": "3234.26600", "2018-09-30": "3215.23000", "2018-06-30": "3212.92300", "2018-03-31": "3218.46800", "2017-12-31": "3225.12800", "2017-09-30": "", "2017-06-30": "", "2017-03-31": "", "2016-12-31": "", "2015-12-31": "", "2014-12-31": ""}, "Long-Term Investments": {"2020-09-30": "", "2020-06-30": "", "2020-03-31": "", "2019-12-31": "", "2019-09-30": "", "2019-06-30": "", "2019-03-31": "", "2018-12-31": "", "2018-09-30": "", "2018-06-30": "", "2018-03-31": "", "2017-12-31": "", "2017-09-30": "", "2017-06-30": "", "2017-03-31": "", "2016-12-31": "", "2015-12-31": "", "2014-12-31": ""}, "Goodwill And Intangible Assets": {"2020-09-30": "11264.00000", "2020-06-30": "11453.89000", "2020-03-31": "11692.68000", "2019-12-31": "11629.30000", "2019-09-30": "11772.50000", "2019-06-30": "12371.45000", "2019-03-31": "12482.23000", "2018-12-31": "12570.08000", "2018-09-30": "12576.44000", "2018-06-30": "12644.29000", "2018-03-31": "12793.92000", "2017-12-31": "12927.36000", "2017-09-30": "0.00000", "2017-06-30": "0.00000", "2017-03-31": "0.00000", "2016-12-31": "13322.13000", "2015-12-31": "2077.80000", "2014-12-31": "0.00000"}, "Other Long-Term Assets": {"2020-09-30": "336.90000", "2020-06-30": "324.45300", "2020-03-31": "286.39100", "2019-12-31": "247.51900", "2019-09-30": "248.32300", "2019-06-30": "249.03900", "2019-03-31": "238.45600", "2018-12-31": "120.27900", "2018-09-30": "148.24200", "2018-06-30": "135.85000", "2018-03-31": "881.98800", "2017-12-31": "123.96700", "2017-09-30": "", "2017-06-30": "", "2017-03-31": "", "2016-12-31": "107.17300", "2015-12-31": "21.82000", "2014-12-31": ""}, "Total Long-Term Assets": {"2020-09-30": "15186.16000", "2020-06-30": "15307.13000", "2020-03-31": "15543.79000", "2019-12-31": "15458.17000", "2019-09-30": "15627.92000", "2019-06-30": "16394.69000", "2019-03-31": "16427.15000", "2018-12-31": "16354.59000", "2018-09-30": "16340.86000", "2018-06-30": "16364.76000", "2018-03-31": "17237.29000", "2017-12-31": "16558.93000", "2017-09-30": "", "2017-06-30": "", "2017-03-31": "", "2016-12-31": "13608.40000", "2015-12-31": "2142.98000", "2014-12-31": ""}, "Total Assets": {"2020-09-30": "16366.07000", "2020-06-30": "15958.24000", "2020-03-31": "16262.74000", "2019-12-31": "16083.65000", "2019-09-30": "16947.09000", "2019-06-30": "16977.17000", "2019-03-31": "17033.70000", "2018-12-31": "17208.61000", "2018-09-30": "16967.58000", "2018-06-30": "17815.63000", "2018-03-31": "17858.92000", "2017-12-31": "17014.82000", "2017-09-30": "0.00000", "2017-06-30": "0.00000", "2017-03-31": "0.00000", "2016-12-31": "17176.48000", "2015-12-31": "2319.51500", "2014-12-31": "0.00000"}, "Total Current Liabilities": {"2020-09-30": "1249.44800", "2020-06-30": "1236.86200", "2020-03-31": "1248.05700", "2019-12-31": "1119.72800", "2019-09-30": "1474.01700", "2019-06-30": "1390.97800", "2019-03-31": "1382.16900", "2018-12-31": "1012.49000", "2018-09-30": "1009.80000", "2018-06-30": "1671.27900", "2018-03-31": "979.21000", "2017-12-31": "896.25200", "2017-09-30": "", "2017-06-30": "", "2017-03-31": "", "2016-12-31": "852.53900", "2015-12-31": "171.95900", "2014-12-31": ""}, "Long Term Debt": {"2020-09-30": "9675.43000", "2020-06-30": "9685.32200", "2020-03-31": "9899.05800", "2019-12-31": "9634.22600", "2019-09-30": "9638.11800", "2019-06-30": "9481.05900", "2019-03-31": "9347.60100", "2018-12-31": "9944.11200", "2018-09-30": "9519.50400", "2018-06-30": "9522.45700", "2018-03-31": "9527.95200", "2017-12-31": "10121.13000", "2017-09-30": "", "2017-06-30": "", "2017-03-31": "", "2016-12-31": "9469.68200", "2015-12-31": "1330.14500", "2014-12-31": ""}, "Other Non-Current Liabilities": {"2020-09-30": "531.44100", "2020-06-30": "509.87600", "2020-03-31": "476.04000", "2019-12-31": "305.43500", "2019-09-30": "288.73100", "2019-06-30": "297.87400", "2019-03-31": "251.23900", "2018-12-31": "140.60400", "2018-09-30": "126.95600", "2018-06-30": "125.29200", "2018-03-31": "124.97500", "2017-12-31": "136.50400", "2017-09-30": "", "2017-06-30": "", "2017-03-31": "", "2016-12-31": "764.26600", "2015-12-31": "15.14000", "2014-12-31": ""}, "Total Long Term Liabilities": {"2020-09-30": "11978.14000", "2020-06-30": "11927.26000", "2020-03-31": "12119.86000", "2019-12-31": "11779.55000", "2019-09-30": "11761.89000", "2019-06-30": "11696.33000", "2019-03-31": "11503.50000", "2018-12-31": "11971.31000", "2018-09-30": "11521.79000", "2018-06-30": "11482.51000", "2018-03-31": "12156.08000", "2017-12-31": "12685.46000", "2017-09-30": "", "2017-06-30": "", "2017-03-31": "", "2016-12-31": "12518.96000", "2015-12-31": "1444.65500", "2014-12-31": ""}, "Total Liabilities": {"2020-09-30": "13227.59000", "2020-06-30": "13164.13000", "2020-03-31": "13367.92000", "2019-12-31": "12899.28000", "2019-09-30": "13235.91000", "2019-06-30": "13087.31000", "2019-03-31": "12885.67000", "2018-12-31": "12983.80000", "2018-09-30": "12531.59000", "2018-06-30": "13153.79000", "2018-03-31": "13135.29000", "2017-12-31": "13581.71000", "2017-09-30": "0.00000", "2017-06-30": "0.00000", "2017-03-31": "0.00000", "2016-12-31": "13371.50000", "2015-12-31": "1616.61800", "2014-12-31": "0.00000"}, "Common Stock Net": {"2020-09-30": "8.25400", "2020-06-30": "7.70400", "2020-03-31": "7.70100", "2019-12-31": "7.53600", "2019-09-30": "7.50000", "2019-06-30": "7.46400", "2019-03-31": "7.67000", "2018-12-31": "7.66900", "2018-09-30": "7.66800", "2018-06-30": "1.05200", "2018-03-31": "1.05200", "2017-12-31": "0.00200", "2017-09-30": "0.00000", "2017-06-30": "0.00000", "2017-03-31": "0.00000", "2016-12-31": "0.00200", "2015-12-31": "0.00000", "2014-12-31": "0.00000"}, "Retained Earnings (Accumulated Deficit)": {"2020-09-30": "-3349.35600", "2020-06-30": "-3206.84500", "2020-03-31": "-3072.85200", "2019-12-31": "-2742.19300", "2019-09-30": "-2112.31800", "2019-06-30": "-1904.24200", "2019-03-31": "-1773.66200", "2018-12-31": "-1680.43200", "2018-09-30": "-1504.05400", "2018-06-30": "-1241.63900", "2018-03-31": "-1148.05900", "2017-12-31": "-998.21200", "2017-09-30": "", "2017-06-30": "", "2017-03-31": "", "2016-12-31": "-590.84000", "2015-12-31": "-54.25300", "2014-12-31": ""}, "Comprehensive Income": {"2020-09-30": "-134.28800", "2020-06-30": "-145.87900", "2020-03-31": "-154.43200", "2019-12-31": "-58.37600", "2019-09-30": "-114.17200", "2019-06-30": "-101.93900", "2019-03-31": "-79.64500", "2018-12-31": "-71.77900", "2018-09-30": "-14.90000", "2018-06-30": "-32.94800", "2018-03-31": "-19.73400", "2017-12-31": "-4.00700", "2017-09-30": "", "2017-06-30": "", "2017-03-31": "", "2016-12-31": "", "2015-12-31": "", "2014-12-31": ""}, "Other Share Holders Equity": {"2020-09-30": "", "2020-06-30": "", "2020-03-31": "", "2019-12-31": "", "2019-09-30": "", "2019-06-30": "", "2019-03-31": "", "2018-12-31": "", "2018-09-30": "", "2018-06-30": "", "2018-03-31": "", "2017-12-31": "", "2017-09-30": "0.00000", "2017-06-30": "0.00000", "2017-03-31": "0.00000", "2016-12-31": "-28.50700", "2015-12-31": "0.00000", "2014-12-31": "0.00000"}, "Share Holder Equity": {"2020-09-30": "3138.47600", "2020-06-30": "2794.11500", "2020-03-31": "2894.82600", "2019-12-31": "3184.36900", "2019-09-30": "3711.18400", "2019-06-30": "3889.85900", "2019-03-31": "4148.03100", "2018-12-31": "4224.80500", "2018-09-30": "4435.99400", "2018-06-30": "4661.84200", "2018-03-31": "4723.63600", "2017-12-31": "3433.11200", "2017-09-30": "0.00000", "2017-06-30": "0.00000", "2017-03-31": "0.00000", "2016-12-31": "3804.97600", "2015-12-31": "702.89700", "2014-12-31": "0.00000"}, "Total Liabilities And Share Holders Equity": {"2020-09-30": "16366.07000", "2020-06-30": "15958.24000", "2020-03-31": "16262.74000", "2019-12-31": "16083.65000", "2019-09-30": "16947.09000", "2019-06-30": "16977.17000", "2019-03-31": "17033.70000", "2018-12-31": "17208.61000", "2018-09-30": "16967.58000", "2018-06-30": "17815.63000", "2018-03-31": "17858.92000", "2017-12-31": "17014.82000", "2017-09-30": "0.00000", "2017-06-30": "0.00000", "2017-03-31": "0.00000", "2016-12-31": "17176.48000", "2015-12-31": "2319.51000", "2014-12-31": "0.00000"}}, "cash flow statement": {"Net Income/Loss": {"2019-12-31": "-424.15000", "2018-12-31": "-609.15500", "2017-12-31": "342.62700", "2016-12-31": "-536.58700", "2015-12-31": "-54.25300", "2014-12-31": "-18.48800"}, "Total Depreciation And Amortization - Cash Flow": {"2019-12-31": "2007.40800", "2018-12-31": "1999.68300", "2017-12-31": "1868.33600", "2016-12-31": "1301.86400", "2015-12-31": "102.99400", "2014-12-31": "90.30600"}, "Other Non-Cash Items": {"2019-12-31": "326.99100", "2018-12-31": "463.78100", "2017-12-31": "-661.28200", "2016-12-31": "-145.44200", "2015-12-31": "-22.65600", "2014-12-31": "14.55300"}, "Total Non-Cash Items": {"2019-12-31": "2334.39900", "2018-12-31": "2463.46400", "2017-12-31": "1207.05400", "2016-12-31": "1156.42200", "2015-12-31": "80.33800", "2014-12-31": "104.85900"}, "Change In Accounts Receivable": {"2019-12-31": "-94.44900", "2018-12-31": "-60.68600", "2017-12-31": "-60.11300", "2016-12-31": "-34.22100", "2015-12-31": "-7.74100", "2014-12-31": "3.33100"}, "Change In Inventories": {"2019-12-31": "-14.71100", "2018-12-31": "-2.60200", "2017-12-31": "4.94400", "2016-12-31": "-8.79700", "2015-12-31": "-1.94100", "2014-12-31": "-7.00200"}, "Change In Accounts Payable": {"2019-12-31": "19.32500", "2018-12-31": "9.00700", "2017-12-31": "-30.69500", "2016-12-31": "-9.10300", "2015-12-31": "-12.17600", "2014-12-31": "-1.39300"}, "Change In Assets/Liabilities": {"2019-12-31": "52.70300", "2018-12-31": "-12.42100", "2017-12-31": "128.11300", "2016-12-31": "49.80900", "2015-12-31": "-2.47300", "2014-12-31": "-20.48200"}, "Total Change In Assets/Liabilities": {"2019-12-31": "-37.13200", "2018-12-31": "-66.70200", "2017-12-31": "42.24900", "2016-12-31": "-2.31200", "2015-12-31": "-24.33100", "2014-12-31": "-25.54600"}, "Cash Flow From Operating Activities": {"2019-12-31": "1873.11700", "2018-12-31": "1787.60700", "2017-12-31": "1591.93000", "2016-12-31": "617.52300", "2015-12-31": "1.75400", "2014-12-31": "60.82500"}, "Net Change In Property, Plant, And Equipment": {"2019-12-31": "-701.15100", "2018-12-31": "-703.08900", "2017-12-31": "-713.34700", "2016-12-31": "-547.09300", "2015-12-31": "-34.04600", "2014-12-31": "-57.91200"}, "Net Change In Intangible Assets": {"2019-12-31": "", "2018-12-31": "", "2017-12-31": "", "2016-12-31": "", "2015-12-31": "", "2014-12-31": ""}, "Net Acquisitions/Divestitures": {"2019-12-31": "387.68200", "2018-12-31": "-352.81900", "2017-12-31": "-63.51800", "2016-12-31": "-8501.54200", "2015-12-31": "-1988.12600", "2014-12-31": "-1.78700"}, "Net Change In Short-term Investments": {"2019-12-31": "", "2018-12-31": "", "2017-12-31": "", "2016-12-31": "", "2015-12-31": "", "2014-12-31": ""}, "Net Change In Long-Term Investments": {"2019-12-31": "", "2018-12-31": "", "2017-12-31": "", "2016-12-31": "", "2015-12-31": "", "2014-12-31": ""}, "Net Change In Investments - Total": {"2019-12-31": "", "2018-12-31": "", "2017-12-31": "", "2016-12-31": "", "2015-12-31": "", "2014-12-31": ""}, "Investing Activities - Other": {"2019-12-31": "-664.70800", "2018-12-31": "-682.30200", "2017-12-31": "-636.44500", "2016-12-31": "-363.07900", "2015-12-31": "-39.85000", "2014-12-31": "1.48000"}, "Cash Flow From Investing Activities": {"2019-12-31": "-978.17700", "2018-12-31": "-1738.21000", "2017-12-31": "-1413.31000", "2016-12-31": "-9411.71400", "2015-12-31": "-2062.02200", "2014-12-31": "-58.21900"}, "Net Long-Term Debt": {"2019-12-31": "-442.17310", "2018-12-31": "-276.76200", "2017-12-31": "619.12700", "2016-12-31": "4647.47000", "2015-12-31": "1361.23200", "2014-12-31": "88.65500"}, "Net Current Debt": {"2019-12-31": "", "2018-12-31": "", "2017-12-31": "", "2016-12-31": "", "2015-12-31": "", "2014-12-31": ""}, "Debt Issuance/Retirement Net - Total": {"2019-12-31": "-442.17310", "2018-12-31": "-276.76200", "2017-12-31": "619.12700", "2016-12-31": "4647.47000", "2015-12-31": "1361.23200", "2014-12-31": "88.65500"}, "Net Common Equity Issued/Repurchased": {"2019-12-31": "-149.86800", "2018-12-31": "1406.01900", "2017-12-31": "", "2016-12-31": "", "2015-12-31": "", "2014-12-31": ""}, "Net Total Equity Issued/Repurchased": {"2019-12-31": "-149.86800", "2018-12-31": "553.25010", "2017-12-31": "", "2016-12-31": "658.55100", "2015-12-31": "", "2014-12-31": ""}, "Total Common And Preferred Stock Dividends Paid": {"2019-12-31": "-564.76700", "2018-12-31": "-79.43900", "2017-12-31": "-749.99900", "2016-12-31": "", "2015-12-31": "", "2014-12-31": ""}, "Financial Activities - Other": {"2019-12-31": "-57.39600", "2018-12-31": "-4.04800", "2017-12-31": "-12.19700", "2016-12-31": "3522.75400", "2015-12-31": "714.79500", "2014-12-31": "-4.79200"}, "Cash Flow From Financial Activities": {"2019-12-31": "-1214.20400", "2018-12-31": "193.00100", "2017-12-31": "-143.06900", "2016-12-31": "8828.77500", "2015-12-31": "2076.02700", "2014-12-31": "83.86300"}, "Net Cash Flow": {"2019-12-31": "-318.42600", "2018-12-31": "240.38000", "2017-12-31": "35.88900", "2016-12-31": "33.28700", "2015-12-31": "15.75900", "2014-12-31": "86.46900"}, "Stock-Based Compensation": {"2019-12-31": "85.62600", "2018-12-31": "135.01200", "2017-12-31": "11.27600", "2016-12-31": "4.62500", "2015-12-31": "2.25900", "2014-12-31": "1.91300"}, "Common Stock Dividends Paid": {"2019-12-31": "-564.76700", "2018-12-31": "-79.43900", "2017-12-31": "-749.99900", "2016-12-31": "0.00000", "2015-12-31": "", "2014-12-31": ""}}, "cash flow statement, quarterly": {"Net Income/Loss": {"2020-09-30": -113.098, "2020-06-30": -106.741, "2020-03-31": "-300.29300", "2019-12-31": -71.993, "2019-09-30": -181.63, "2019-06-30": -104.057, "2019-03-31": "-66.47000", "2018-12-31": -149.469, "2018-09-30": -235.544, "2018-06-30": -66.705, "2018-03-31": "-157.43700", "2017-12-31": 638.188, "2017-09-30": -62.03, "2017-06-30": -92.656, "2017-03-31": "-140.87500", "2016-12-31": -536.587, "2015-12-31": 0, "2014-12-31": 0}, "Total Depreciation And Amortization - Cash Flow": {"2020-09-30": 466.827, "2020-06-30": 471.118, "2020-03-31": "482.17400", "2019-12-31": 479.314, "2019-09-30": 544.064, "2019-06-30": 494.259, "2019-03-31": "489.77100", "2018-12-31": 566.42, "2018-09-30": 469.67, "2018-06-30": 483.835, "2018-03-31": "479.75800", "2017-12-31": 477.104, "2017-09-30": 468.954, "2017-06-30": 460.148, "2017-03-31": "462.13000", "2016-12-31": 1301.864, "2015-12-31": 0, "2014-12-31": 0}, "Other Non-Cash Items": {"2020-09-30": 82.181, "2020-06-30": 81.879, "2020-03-31": "170.74600", "2019-12-31": 43.579, "2019-09-30": 100.977, "2019-06-30": 117.887, "2019-03-31": "64.54800", "2018-12-31": 52.895, "2018-09-30": 234.007, "2018-06-30": 57.849, "2018-03-31": "119.03000", "2017-12-31": -707.104, "2017-09-30": 57.354, "2017-06-30": -15.951, "2017-03-31": "4.41900", "2016-12-31": 0, "2015-12-31": 0, "2014-12-31": 0}, "Total Non-Cash Items": {"2020-09-30": 549.008, "2020-06-30": 552.9971, "2020-03-31": "652.91990", "2019-12-31": 522.893, "2019-09-30": 645.041, "2019-06-30": 612.146, "2019-03-31": "554.31900", "2018-12-31": 619.315, "2018-09-30": 703.677, "2018-06-30": 541.684, "2018-03-31": "598.78800", "2017-12-31": 431.282, "2017-09-30": 526.3081, "2017-06-30": 444.1969, "2017-03-31": "466.54900", "2016-12-31": 1301.864, "2015-12-31": 0, "2014-12-31": 0}, "Change In Accounts Receivable": {"2020-09-30": 0, "2020-06-30": 0, "2020-03-31": "", "2019-12-31": -94.449, "2019-09-30": 0, "2019-06-30": 0, "2019-03-31": "", "2018-12-31": -60.686, "2018-09-30": 0, "2018-06-30": 0, "2018-03-31": "", "2017-12-31": -60.113, "2017-09-30": 0, "2017-06-30": 0, "2017-03-31": "", "2016-12-31": 0, "2015-12-31": 0, "2014-12-31": 0}, "Change In Inventories": {"2020-09-30": 0, "2020-06-30": 0, "2020-03-31": "", "2019-12-31": -14.711, "2019-09-30": 0, "2019-06-30": 0, "2019-03-31": "", "2018-12-31": -2.602, "2018-09-30": 0, "2018-06-30": 0, "2018-03-31": "", "2017-12-31": 4.944, "2017-09-30": 0, "2017-06-30": 0, "2017-03-31": "", "2016-12-31": 0, "2015-12-31": 0, "2014-12-31": 0}, "Change In Accounts Payable": {"2020-09-30": 0, "2020-06-30": 0, "2020-03-31": "", "2019-12-31": 19.325, "2019-09-30": 0, "2019-06-30": 0, "2019-03-31": "", "2018-12-31": 9.007, "2018-09-30": 0, "2018-06-30": 0, "2018-03-31": "", "2017-12-31": -30.695, "2017-09-30": 0, "2017-06-30": 0, "2017-03-31": "", "2016-12-31": 0, "2015-12-31": 0, "2014-12-31": 0}, "Change In Assets/Liabilities": {"2020-09-30": -71.648, "2020-06-30": -67.478, "2020-03-31": "-102.39800", "2019-12-31": 52.803, "2019-09-30": 16.666, "2019-06-30": -38.179, "2019-03-31": "21.41300", "2018-12-31": -33.922, "2018-09-30": -24.931, "2018-06-30": -16.791, "2018-03-31": "63.22300", "2017-12-31": 7.266, "2017-09-30": 54.65, "2017-06-30": -20.135, "2017-03-31": "86.33200", "2016-12-31": 0, "2015-12-31": 0, "2014-12-31": 0}, "Total Change In Assets/Liabilities": {"2020-09-30": -71.648, "2020-06-30": -67.478, "2020-03-31": "-102.39800", "2019-12-31": -37.032, "2019-09-30": 16.666, "2019-06-30": -38.179, "2019-03-31": "21.41300", "2018-12-31": -88.203, "2018-09-30": -24.931, "2018-06-30": -16.791, "2018-03-31": "63.22300", "2017-12-31": -78.592, "2017-09-30": 54.65, "2017-06-30": -20.135, "2017-03-31": "86.33200", "2016-12-31": -2.312, "2015-12-31": 0, "2014-12-31": 0}, "Cash Flow From Operating Activities": {"2020-09-30": 364.262, "2020-06-30": 378.778, "2020-03-31": "250.22900", "2019-12-31": 413.868, "2019-09-30": 480.077, "2019-06-30": 469.91, "2019-03-31": "509.26200", "2018-12-31": 381.643, "2018-09-30": 443.202, "2018-06-30": 458.188, "2018-03-31": "504.57400", "2017-12-31": 329.59, "2017-09-30": 518.928, "2017-06-30": 331.406, "2017-03-31": "412.00600", "2016-12-31": 617.523, "2015-12-31": 0, "2014-12-31": 0}, "Net Change In Property, Plant, And Equipment": {"2020-09-30": -171.353, "2020-06-30": -114.075, "2020-03-31": "-99.40100", "2019-12-31": -150.425, "2019-09-30": -172.292, "2019-06-30": -195.839, "2019-03-31": "-182.59500", "2018-12-31": -180.646, "2018-09-30": -176.511, "2018-06-30": -174.729, "2018-03-31": "-171.20300", "2017-12-31": -165.475, "2017-09-30": -179.514, "2017-06-30": -182.361, "2017-03-31": "-185.99700", "2016-12-31": -547.093, "2015-12-31": 0, "2014-12-31": 0}, "Net Change In Intangible Assets": {"2020-09-30": 0, "2020-06-30": 0, "2020-03-31": "", "2019-12-31": 0, "2019-09-30": 0, "2019-06-30": 0, "2019-03-31": "", "2018-12-31": 0, "2018-09-30": 0, "2018-06-30": 0, "2018-03-31": "", "2017-12-31": 0, "2017-09-30": 0, "2017-06-30": 0, "2017-03-31": "", "2016-12-31": 0, "2015-12-31": 0, "2014-12-31": 0}, "Net Acquisitions/Divestitures": {"2020-09-30": -2.782, "2020-06-30": -2.251, "2020-03-31": "-179.56900", "2019-12-31": 482.994, "2019-09-30": -18.801, "2019-06-30": -22.618, "2019-03-31": "-53.89300", "2018-12-31": -304.346, "2018-09-30": -12.259, "2018-06-30": 0, "2018-03-31": "-36.21400", "2017-12-31": -31.708, "2017-09-30": -31.81, "2017-06-30": 0, "2017-03-31": "", "2016-12-31": -8501.542, "2015-12-31": 0, "2014-12-31": 0}, "Net Change In Short-term Investments": {"2020-09-30": 0, "2020-06-30": 0, "2020-03-31": "", "2019-12-31": 0, "2019-09-30": 0, "2019-06-30": 0, "2019-03-31": "", "2018-12-31": 0, "2018-09-30": 0, "2018-06-30": 0, "2018-03-31": "", "2017-12-31": 0, "2017-09-30": 0, "2017-06-30": 0, "2017-03-31": "", "2016-12-31": 0, "2015-12-31": 0, "2014-12-31": 0}, "Net Change In Long-Term Investments": {"2020-09-30": 0, "2020-06-30": 0, "2020-03-31": "", "2019-12-31": 0, "2019-09-30": 0, "2019-06-30": 0, "2019-03-31": "", "2018-12-31": 0, "2018-09-30": 0, "2018-06-30": 0, "2018-03-31": "", "2017-12-31": 0, "2017-09-30": 0, "2017-06-30": 0, "2017-03-31": "", "2016-12-31": 0, "2015-12-31": 0, "2014-12-31": 0}, "Net Change In Investments - Total": {"2020-09-30": 0, "2020-06-30": 0, "2020-03-31": "", "2019-12-31": 0, "2019-09-30": 0, "2019-06-30": 0, "2019-03-31": "", "2018-12-31": 0, "2018-09-30": 0, "2018-06-30": 0, "2018-03-31": "", "2017-12-31": 0, "2017-09-30": 0, "2017-06-30": 0, "2017-03-31": "", "2016-12-31": 0, "2015-12-31": 0, "2014-12-31": 0}, "Investing Activities - Other": {"2020-09-30": -90.566, "2020-06-30": -80.813, "2020-03-31": "-59.46500", "2019-12-31": -153.825, "2019-09-30": -178.189, "2019-06-30": -169.117, "2019-03-31": "-163.57700", "2018-12-31": -169.198, "2018-09-30": -199.103, "2018-06-30": -154.607, "2018-03-31": "-159.39400", "2017-12-31": -155.838, "2017-09-30": -188.648, "2017-06-30": -158.587, "2017-03-31": "-122.25300", "2016-12-31": -336.234, "2015-12-31": 0, "2014-12-31": 0}, "Cash Flow From Investing Activities": {"2020-09-30": -264.701, "2020-06-30": -197.139, "2020-03-31": "-338.43500", "2019-12-31": 178.744, "2019-09-30": -369.282, "2019-06-30": -387.574, "2019-03-31": "-400.06500", "2018-12-31": -654.19, "2018-09-30": -387.873, "2018-06-30": -329.336, "2018-03-31": "-366.81100", "2017-12-31": -353.021, "2017-09-30": -399.972, "2017-06-30": -340.948, "2017-03-31": "-308.25000", "2016-12-31": -9384.869, "2015-12-31": 0, "2014-12-31": 0}, "Net Long-Term Debt": {"2020-09-30": -74.4879, "2020-06-30": -235.5632, "2020-03-31": "201.95610", "2019-12-31": -170.113, "2019-09-30": 21.1881, "2019-06-30": 38.4408, "2019-03-31": "-331.68900", "2018-12-31": 409.571, "2018-09-30": -12.405, "2018-06-30": -12.055, "2018-03-31": "-661.87300", "2017-12-31": -12.309, "2017-09-30": -12.3839, "2017-06-30": -3.6021, "2017-03-31": "647.42200", "2016-12-31": 0, "2015-12-31": 0, "2014-12-31": 0}, "Net Current Debt": {"2020-09-30": 0, "2020-06-30": 0, "2020-03-31": "", "2019-12-31": 0, "2019-09-30": 0, "2019-06-30": 0, "2019-03-31": "", "2018-12-31": 0, "2018-09-30": 0, "2018-06-30": 0, "2018-03-31": "", "2017-12-31": 0, "2017-09-30": 0, "2017-06-30": 0, "2017-03-31": "", "2016-12-31": 0, "2015-12-31": 0, "2014-12-31": 0}, "Debt Issuance/Retirement Net - Total": {"2020-09-30": -74.4879, "2020-06-30": -235.5632, "2020-03-31": "201.95610", "2019-12-31": -170.113, "2019-09-30": 21.1881, "2019-06-30": 38.4408, "2019-03-31": "-331.68900", "2018-12-31": 409.571, "2018-09-30": -12.405, "2018-06-30": -12.055, "2018-03-31": "-661.87300", "2017-12-31": -12.309, "2017-09-30": -12.3839, "2017-06-30": -3.6021, "2017-03-31": "647.42200", "2016-12-31": 4647.47, "2015-12-31": 0, "2014-12-31": 0}, "Net Common Equity Issued/Repurchased": {"2020-09-30": 450, "2020-06-30": -0.004, "2020-03-31": "", "2019-12-31": 0, "2019-09-30": 0, "2019-06-30": -128.014, "2019-03-31": "-21.85400", "2018-12-31": 0, "2018-09-30": 0, "2018-06-30": -3.915, "2018-03-31": "1409.93400", "2017-12-31": 0, "2017-09-30": 0, "2017-06-30": 0, "2017-03-31": "", "2016-12-31": 0, "2015-12-31": 0, "2014-12-31": 0}, "Net Total Equity Issued/Repurchased": {"2020-09-30": 450.423, "2020-06-30": -0.427, "2020-03-31": "", "2019-12-31": 0, "2019-09-30": 0, "2019-06-30": -128.014, "2019-03-31": "-21.85400", "2018-12-31": 0, "2018-09-30": -852.7689, "2018-06-30": -3.915, "2018-03-31": "1409.93400", "2017-12-31": 0, "2017-09-30": 0, "2017-06-30": 0, "2017-03-31": "", "2016-12-31": 658.551, "2015-12-31": 0, "2014-12-31": 0}, "Total Common And Preferred Stock Dividends Paid": {"2020-09-30": -26.975, "2020-06-30": -27.032, "2020-03-31": "-26.29100", "2019-12-31": -530.912, "2019-09-30": -3.448, "2019-06-30": -3.926, "2019-03-31": "-26.48100", "2018-12-31": -26.48, "2018-09-30": -26.694, "2018-06-30": -26.265, "2018-03-31": "", "2017-12-31": 0, "2017-09-30": 0, "2017-06-30": -199.999, "2017-03-31": "-550.00000", "2016-12-31": 0, "2015-12-31": 0, "2014-12-31": 0}, "Financial Activities - Other": {"2020-09-30": -3.777, "2020-06-30": 9.384, "2020-03-31": "-18.05400", "2019-12-31": -3.463, "2019-09-30": -12.021, "2019-06-30": -41.772, "2019-03-31": "-0.14000", "2018-12-31": -2.607, "2018-09-30": -1.025, "2018-06-30": -0.275, "2018-03-31": "-0.14100", "2017-12-31": -1.174, "2017-09-30": -9.975, "2017-06-30": -0.224, "2017-03-31": "-0.82400", "2016-12-31": 3522.754, "2015-12-31": 0, "2014-12-31": 0}, "Cash Flow From Financial Activities": {"2020-09-30": 345.183, "2020-06-30": -253.638, "2020-03-31": "157.61100", "2019-12-31": -704.488, "2019-09-30": 5.719, "2019-06-30": -135.271, "2019-03-31": "-380.16400", "2018-12-31": 380.484, "2018-09-30": -892.893, "2018-06-30": -42.51, "2018-03-31": "747.92000", "2017-12-31": -13.483, "2017-09-30": -22.359, "2017-06-30": -203.825, "2017-03-31": "96.59800", "2016-12-31": 8828.775, "2015-12-31": 0, "2014-12-31": 0}, "Net Cash Flow": {"2020-09-30": 444.744, "2020-06-30": -71.999, "2020-03-31": "69.40500", "2019-12-31": -111.859, "2019-09-30": 116.543, "2019-06-30": -52.806, "2019-03-31": "-270.30400", "2018-12-31": 106.36, "2018-09-30": -837.369, "2018-06-30": 86.093, "2018-03-31": "885.29600", "2017-12-31": -36.637, "2017-09-30": 96.616, "2017-06-30": -213.349, "2017-03-31": "200.37800", "2016-12-31": 60.132, "2015-12-31": 0, "2014-12-31": 0}, "Stock-Based Compensation": {"2020-09-30": 26.431, "2020-06-30": 24.828, "2020-03-31": "23.49900", "2019-12-31": 20.5, "2019-09-30": 18.876, "2019-06-30": 22.54, "2019-03-31": "23.71000", "2018-12-31": 22.107, "2018-09-30": 17.803, "2018-06-30": 45.814, "2018-03-31": "49.28800", "2017-12-31": 2.778, "2017-09-30": 3.609, "2017-06-30": 2.464, "2017-03-31": "2.42500", "2016-12-31": 0, "2015-12-31": 0, "2014-12-31": 0}, "Common Stock Dividends Paid": {"2020-09-30": -26.975, "2020-06-30": -27.032, "2020-03-31": "-26.29100", "2019-12-31": -530.912, "2019-09-30": -3.448, "2019-06-30": -3.926, "2019-03-31": "-26.48100", "2018-12-31": -26.48, "2018-09-30": -26.694, "2018-06-30": -26.265, "2018-03-31": "0.00000", "2017-12-31": 0, "2017-09-30": 0, "2017-06-30": -199.999, "2017-03-31": "-550.00000", "2016-12-31": 0, "2015-12-31": 0, "2014-12-31": 0}}, "financial ratios": {"Current Ratio": {"2019-12-31": "0.55860", "2018-12-31": "0.84350", "2017-12-31": "0.50870", "2016-12-31": "0.45550", "2015-12-31": "0.82400", "2014-12-31": ""}, "Long-term Debt / Capital": {"2019-12-31": "0.75160", "2018-12-31": "0.70180", "2017-12-31": "0.74670", "2016-12-31": "0.71340", "2015-12-31": "0.65430", "2014-12-31": ""}, "Debt/Equity Ratio": {"2019-12-31": "3.04370", "2018-12-31": "2.36750", "2017-12-31": "2.96210", "2016-12-31": "2.49940", "2015-12-31": "1.91630", "2014-12-31": ""}, "Gross Margin": {"2019-12-31": "72.87600", "2018-12-31": "77.27170", "2017-12-31": "79.24380", "2016-12-31": "76.49200", "2015-12-31": "52.33100", "2014-12-31": "57.12120"}, "Operating Margin": {"2019-12-31": "3.83260", "2018-12-31": "6.06420", "2017-12-31": "6.54480", "2016-12-31": "-7.77400", "2015-12-31": "-12.76580", "2014-12-31": "9.06680"}, "EBIT Margin": {"2019-12-31": "3.83260", "2018-12-31": "6.06420", "2017-12-31": "6.54480", "2016-12-31": "-7.77400", "2015-12-31": "-12.76580", "2014-12-31": "9.06680"}, "EBITDA Margin": {"2019-12-31": "42.99650", "2018-12-31": "49.70940", "2017-12-31": "49.83840", "2016-12-31": "36.36050", "2015-12-31": "20.29100", "2014-12-31": "28.42270"}, "Pre-Tax Profit Margin": {"2019-12-31": "-10.18780", "2018-12-31": "-13.80760", "2017-12-31": "-9.77140", "2016-12-31": "-27.21360", "2015-12-31": "-27.15880", "2014-12-31": "-3.41650"}, "Net Profit Margin": {"2019-12-31": "-8.27500", "2018-12-31": "-13.29550", "2017-12-31": "7.93940", "2016-12-31": "-18.19080", "2015-12-31": "-17.41300", "2014-12-31": "-3.96260"}, "Asset Turnover": {"2019-12-31": "0.31870", "2018-12-31": "0.26620", "2017-12-31": "0.25360", "2016-12-31": "0.17170", "2015-12-31": "0.13430", "2014-12-31": ""}, "Inventory Turnover Ratio": {"2019-12-31": "10.04530", "2018-12-31": "9.03040", "2017-12-31": "8.37730", "2016-12-31": "6.36820", "2015-12-31": "6.17960", "2014-12-31": ""}, "Receiveable Turnover": {"2019-12-31": "17.84430", "2018-12-31": "18.64640", "2017-12-31": "28.99770", "2016-12-31": "21.81490", "2015-12-31": "4.35750", "2014-12-31": ""}, "Days Sales In Receivables": {"2019-12-31": "20.45470", "2018-12-31": "19.57490", "2017-12-31": "12.58720", "2016-12-31": "16.73170", "2015-12-31": "83.76330", "2014-12-31": ""}, "ROE - Return On Equity": {"2019-12-31": "-13.31980", "2018-12-31": "-14.41850", "2017-12-31": "9.98010", "2016-12-31": "-14.10220", "2015-12-31": "-7.71850", "2014-12-31": ""}, "Return On Tangible Equity": {"2019-12-31": "5.02250", "2018-12-31": "7.29940", "2017-12-31": "-3.60880", "2016-12-31": "5.63810", "2015-12-31": "3.94590", "2014-12-31": ""}, "ROA - Return On Assets": {"2019-12-31": "-2.63720", "2018-12-31": "-3.53980", "2017-12-31": "2.01370", "2016-12-31": "-3.12400", "2015-12-31": "-2.33900", "2014-12-31": ""}, "ROI - Return On Investment": {"2019-12-31": "-3.30890", "2018-12-31": "-4.29920", "2017-12-31": "2.52780", "2016-12-31": "-4.04220", "2015-12-31": "-2.66860", "2014-12-31": ""}, "Book Value Per Share": {"2019-12-31": "4.22540", "2018-12-31": "5.50910", "2017-12-31": "5.35490", "2016-12-31": "5.93560", "2015-12-31": "1.09700", "2014-12-31": ""}, "Operating Cash Flow Per Share": {"2019-12-31": 0.1159, "2018-12-31": -0.0924, "2017-12-31": 1.5194, "2016-12-31": 0.9611, "2015-12-31": 0.0027, "2014-12-31": 0}, "Free Cash Flow Per Share": {"2019-12-31": 0.1179, "2018-12-31": 0.08, "2017-12-31": 1.2606, "2016-12-31": 0.1603, "2015-12-31": -0.0504, "2014-12-31": 0}}, "financial ratios, quarterly": {"Current Ratio": {"2020-09-30": "0.94430", "2020-06-30": "0.52640", "2020-03-31": "0.57610", "2019-12-31": "0.55860", "2019-09-30": "0.89490", "2019-06-30": "0.41880", "2019-03-31": "0.43880", "2018-12-31": "0.84350", "2018-09-30": "0.62060", "2018-06-30": "0.86810", "2018-03-31": "0.63480", "2017-12-31": "0.50870", "2017-09-30": "", "2017-06-30": "", "2017-03-31": "", "2016-12-31": "", "2015-12-31": "", "2014-12-31": ""}, "Long-term Debt / Capital": {"2020-09-30": "0.75510", "2020-06-30": "0.77610", "2020-03-31": "0.77370", "2019-12-31": "0.75160", "2019-09-30": "0.72200", "2019-06-30": "0.70910", "2019-03-31": "0.69260", "2018-12-31": "0.70180", "2018-09-30": "0.68210", "2018-06-30": "0.67130", "2018-03-31": "0.66860", "2017-12-31": "0.74670", "2017-09-30": "", "2017-06-30": "", "2017-03-31": "", "2016-12-31": "", "2015-12-31": "", "2014-12-31": ""}, "Debt/Equity Ratio": {"2020-09-30": "3.10480", "2020-06-30": "3.48890", "2020-03-31": "3.43990", "2019-12-31": "3.04370", "2019-09-30": "2.65440", "2019-06-30": "2.52220", "2019-03-31": "2.34190", "2018-12-31": "2.36750", "2018-09-30": "2.15690", "2018-06-30": "2.21080", "2018-03-31": "2.02740", "2017-12-31": "2.96210", "2017-09-30": "", "2017-06-30": "", "2017-03-31": "", "2016-12-31": "", "2015-12-31": "", "2014-12-31": ""}, "Gross Margin": {"2020-09-30": "72.44680", "2020-06-30": "71.73270", "2020-03-31": "70.21460", "2019-12-31": "71.52540", "2019-09-30": "72.58460", "2019-06-30": "73.66380", "2019-03-31": "73.77780", "2018-12-31": "76.09080", "2018-09-30": "77.07200", "2018-06-30": "78.23830", "2018-03-31": "77.75140", "2017-12-31": "78.47160", "2017-09-30": "79.30310", "2017-06-30": "79.84140", "2017-03-31": "79.35240", "2016-12-31": "", "2015-12-31": "", "2014-12-31": ""}, "Operating Margin": {"2020-09-30": "4.84140", "2020-06-30": "3.78720", "2020-03-31": "-6.52350", "2019-12-31": "4.93770", "2019-09-30": "-3.93940", "2019-06-30": "7.25510", "2019-03-31": "7.27530", "2018-12-31": "0.90150", "2018-09-30": "10.61090", "2018-06-30": "6.53320", "2018-03-31": "6.39390", "2017-12-31": "8.63430", "2017-09-30": "8.51840", "2017-06-30": "8.39380", "2017-03-31": "0.52250", "2016-12-31": "", "2015-12-31": "", "2014-12-31": ""}, "EBIT Margin": {"2020-09-30": "4.84140", "2020-06-30": "3.78720", "2020-03-31": "-6.52350", "2019-12-31": "4.93770", "2019-09-30": "-3.93940", "2019-06-30": "7.25510", "2019-03-31": "7.27530", "2018-12-31": "0.90150", "2018-09-30": "10.61090", "2018-06-30": "6.53320", "2018-03-31": "6.39390", "2017-12-31": "8.63430", "2017-09-30": "8.51840", "2017-06-30": "8.39380", "2017-03-31": "0.52250", "2016-12-31": "", "2015-12-31": "", "2014-12-31": ""}, "EBITDA Margin": {"2020-09-30": "", "2020-06-30": "", "2020-03-31": "", "2019-12-31": "", "2019-09-30": "", "2019-06-30": "", "2019-03-31": "", "2018-12-31": "", "2018-09-30": "", "2018-06-30": "", "2018-03-31": "", "2017-12-31": "", "2017-09-30": "", "2017-06-30": "", "2017-03-31": "", "2016-12-31": "", "2015-12-31": "", "2014-12-31": ""}, "Pre-Tax Profit Margin": {"2020-09-30": "-10.83950", "2020-06-30": "-10.10770", "2020-03-31": "-27.61500", "2019-12-31": "-6.81350", "2019-09-30": "-16.76170", "2019-06-30": "-9.88550", "2019-03-31": "-7.14620", "2018-12-31": "-12.91430", "2018-09-30": "-21.18280", "2018-06-30": "-6.29950", "2018-03-31": "-14.77950", "2017-12-31": "-7.88450", "2017-09-30": "-6.38600", "2017-06-30": "-8.69890", "2017-03-31": "-16.27980", "2016-12-31": "", "2015-12-31": "", "2014-12-31": ""}, "Net Profit Margin": {"2020-09-30": "-8.70710", "2020-06-30": "-8.01730", "2020-03-31": "-21.92320", "2019-12-31": "-5.54520", "2019-09-30": "-13.96540", "2019-06-30": "-8.10570", "2019-03-31": "-5.34730", "2018-12-31": "-12.60860", "2018-09-30": "-20.51210", "2018-06-30": "-5.89550", "2018-03-31": "-14.10160", "2017-12-31": "57.68540", "2017-09-30": "-5.72780", "2017-06-30": "-8.67740", "2017-03-31": "-13.29980", "2016-12-31": "", "2015-12-31": "", "2014-12-31": ""}, "Asset Turnover": {"2020-09-30": "0.07940", "2020-06-30": "0.08340", "2020-03-31": "0.08420", "2019-12-31": "0.08070", "2019-09-30": "0.07670", "2019-06-30": "0.07560", "2019-03-31": "0.07300", "2018-12-31": "0.06890", "2018-09-30": "0.06770", "2018-06-30": "0.06350", "2018-03-31": "0.06250", "2017-12-31": "0.06500", "2017-09-30": "", "2017-06-30": "", "2017-03-31": "", "2016-12-31": "", "2015-12-31": "", "2014-12-31": ""}, "Inventory Turnover Ratio": {"2020-09-30": "1.78590", "2020-06-30": "2.21130", "2020-03-31": "2.47660", "2019-12-31": "2.67110", "2019-09-30": "2.44400", "2019-06-30": "2.48140", "2019-03-31": "2.47550", "2018-12-31": "2.45790", "2018-09-30": "2.44210", "2018-06-30": "2.27300", "2018-03-31": "2.34660", "2017-12-31": "2.22250", "2017-09-30": "", "2017-06-30": "", "2017-03-31": "", "2016-12-31": "", "2015-12-31": "", "2014-12-31": ""}, "Receiveable Turnover": {"2020-09-30": "4.48400", "2020-06-30": "5.14250", "2020-03-31": "5.06470", "2019-12-31": "4.51980", "2019-09-30": "4.56570", "2019-06-30": "4.65890", "2019-03-31": "5.06630", "2018-12-31": "4.82450", "2018-09-30": "7.42630", "2018-06-30": "7.59970", "2018-03-31": "7.37660", "2017-12-31": "7.43170", "2017-09-30": "", "2017-06-30": "", "2017-03-31": "", "2016-12-31": "", "2015-12-31": "", "2014-12-31": ""}, "Days Sales In Receivables": {"2020-09-30": "20.07140", "2020-06-30": "17.50140", "2020-03-31": "17.77010", "2019-12-31": "19.91240", "2019-09-30": "19.71220", "2019-06-30": "19.31780", "2019-03-31": "17.76460", "2018-12-31": "18.65470", "2018-09-30": "12.11920", "2018-06-30": "11.84260", "2018-03-31": "12.20080", "2017-12-31": "12.11030", "2017-09-30": "", "2017-06-30": "", "2017-03-31": "", "2016-12-31": "", "2015-12-31": "", "2014-12-31": ""}, "ROE - Return On Equity": {"2020-09-30": "-3.60360", "2020-06-30": "-3.82020", "2020-03-31": "-10.37340", "2019-12-31": "-2.26080", "2019-09-30": "-4.89410", "2019-06-30": "-2.67510", "2019-03-31": "-1.60240", "2018-12-31": "-3.53790", "2018-09-30": "-5.30980", "2018-06-30": "-1.43090", "2018-03-31": "-3.33300", "2017-12-31": "18.58370", "2017-09-30": "", "2017-06-30": "", "2017-03-31": "", "2016-12-31": "", "2015-12-31": "", "2014-12-31": ""}, "Return On Tangible Equity": {"2020-09-30": "1.39190", "2020-06-30": "1.23260", "2020-03-31": "3.41330", "2019-12-31": "0.85250", "2019-09-30": "2.25310", "2019-06-30": "1.22690", "2019-03-31": "0.79760", "2018-12-31": "1.79110", "2018-09-30": "2.89350", "2018-06-30": "0.83560", "2018-03-31": "1.95080", "2017-12-31": "-6.71990", "2017-09-30": "", "2017-06-30": "", "2017-03-31": "", "2016-12-31": "", "2015-12-31": "", "2014-12-31": ""}, "ROA - Return On Assets": {"2020-09-30": "-0.69110", "2020-06-30": "-0.66890", "2020-03-31": "-1.84650", "2019-12-31": "-0.44760", "2019-09-30": "-1.07170", "2019-06-30": "-0.61290", "2019-03-31": "-0.39020", "2018-12-31": "-0.86860", "2018-09-30": "-1.38820", "2018-06-30": "-0.37440", "2018-03-31": "-0.88160", "2017-12-31": "3.74970", "2017-09-30": "", "2017-06-30": "", "2017-03-31": "", "2016-12-31": "", "2015-12-31": "", "2014-12-31": ""}, "ROI - Return On Investment": {"2020-09-30": "-0.88260", "2020-06-30": "-0.85530", "2020-03-31": "-2.34720", "2019-12-31": "-0.56160", "2019-09-30": "-1.36060", "2019-06-30": "-0.77820", "2019-03-31": "-0.49250", "2018-12-31": "-1.05490", "2018-09-30": "-1.68780", "2018-06-30": "-0.47030", "2018-03-31": "-1.10470", "2017-12-31": "4.70700", "2017-09-30": "", "2017-06-30": "", "2017-03-31": "", "2016-12-31": "", "2015-12-31": "", "2014-12-31": ""}, "Book Value Per Share": {"2020-09-30": "3.80210", "2020-06-30": "3.62670", "2020-03-31": "3.75880", "2019-12-31": "4.22540", "2019-09-30": "4.94800", "2019-06-30": "5.21180", "2019-03-31": "5.40810", "2018-12-31": "5.50910", "2018-09-30": "5.78530", "2018-06-30": "6.07960", "2018-03-31": "6.15980", "2017-12-31": "5.35490", "2017-09-30": "", "2017-06-30": "", "2017-03-31": "", "2016-12-31": "", "2015-12-31": "", "2014-12-31": ""}, "Operating Cash Flow Per Share": {"2020-09-30": 0.4504, "2020-06-30": 0.4974, "2020-03-31": "0.32960", "2019-12-31": 0.5343, "2019-09-30": 0.6661, "2019-06-30": 0.6329, "2019-03-31": "0.67340", "2018-12-31": 0.5293, "2018-09-30": 0.5778, "2018-06-30": 0.5912, "2018-03-31": "0.69250", "2017-12-31": 0.5144, "2017-09-30": 0.8094, "2017-06-30": 0.517, "2017-03-31": "0.64270", "2016-12-31": 0, "2015-12-31": 0, "2014-12-31": 0}, "Free Cash Flow Per Share": {"2020-09-30": 0.2362, "2020-06-30": 0.3476, "2020-03-31": "0.19870", "2019-12-31": 0.3404, "2019-09-30": 0.4266, "2019-06-30": 0.3694, "2019-03-31": "0.43200", "2018-12-31": 0.2807, "2018-09-30": 0.3474, "2018-06-30": 0.3648, "2018-03-31": "0.45760", "2017-12-31": 0.2561, "2017-09-30": 0.5294, "2017-06-30": 0.2325, "2017-03-31": "0.35260", "2016-12-31": 0, "2015-12-31": 0, "2014-12-31": 0}}, "revenue": {"ADT Annual Revenue (Millions of US $)": {"2019": "$5,126", "2018": "$4,582", "2017": "$4,316", "2016": "$2,950", "2015": "$312", "2014": "$467"}, "ADT Quarterly Revenue (Millions of US $)": {"2020-09-30": "$1,299", "2020-06-30": "$1,331", "2020-03-31": "$1,370", "2019-12-31": "$1,298", "2019-09-30": "$1,301", "2019-06-30": "$1,284", "2019-03-31": "$1,243", "2018-12-31": "$1,185", "2018-09-30": "$1,148", "2018-06-30": "$1,131", "2018-03-31": "$1,116", "2017-12-31": "$1,106", "2017-09-30": "$1,083", "2017-06-30": "$1,068", "2017-03-31": "$1,059", "2016-12-31": "", "2015-12-31": "", "2014-12-31": ""}}, "gross-profit": {"ADT Annual Gross Profit (Millions of US $)": {"2019": "$3,735", "2018": "$3,540", "2017": "$3,420", "2016": "$2,256", "2015": "$163", "2014": "$267"}, "ADT Quarterly Gross Profit (Millions of US $)": {"2020-09-30": "$941", "2020-06-30": "$955", "2020-03-31": "$962", "2019-12-31": "$929", "2019-09-30": "$944", "2019-06-30": "$946", "2019-03-31": "$917", "2018-12-31": "$902", "2018-09-30": "$885", "2018-06-30": "$885", "2018-03-31": "$868", "2017-12-31": "$868", "2017-09-30": "$859", "2017-06-30": "$853", "2017-03-31": "$841", "2016-12-31": "", "2015-12-31": "", "2014-12-31": ""}}, "operating-income": {"ADT Annual Operating Income (Millions of US $)": {"2019": "$196", "2018": "$278", "2017": "$282", "2016": "$-229", "2015": "$-40", "2014": "$42"}, "ADT Quarterly Operating Income (Millions of US $)": {"2020-09-30": "$63", "2020-06-30": "$50", "2020-03-31": "$-89", "2019-12-31": "$64", "2019-09-30": "$-51", "2019-06-30": "$93", "2019-03-31": "$90", "2018-12-31": "$11", "2018-09-30": "$122", "2018-06-30": "$74", "2018-03-31": "$71", "2017-12-31": "$95", "2017-09-30": "$92", "2017-06-30": "$90", "2017-03-31": "$6", "2016-12-31": "", "2015-12-31": "", "2014-12-31": ""}}, "ebitda": {"ADT Annual EBITDA (Millions of US $)": {"2019": "$2,204", "2018": "$2,278", "2017": "$2,151", "2016": "$1,073", "2015": "$63", "2014": "$133"}, "ADT Quarterly EBITDA (Millions of US $)": {"2020-09-30": "$530", "2020-06-30": "$522", "2020-03-31": "$393", "2019-12-31": "$543", "2019-09-30": "$493", "2019-06-30": "$587", "2019-03-31": "$580", "2018-12-31": "$577", "2018-09-30": "$592", "2018-06-30": "$558", "2018-03-31": "$551", "2017-12-31": "$573", "2017-09-30": "$561", "2017-06-30": "$550", "2017-03-31": "$468", "2016-12-31": "", "2015-12-31": "", "2014-12-31": ""}}, "net-income": {"ADT Annual Net Income (Millions of US $)": {"2019": "$-424", "2018": "$-609", "2017": "$343", "2016": "$-537", "2015": "$-54", "2014": "$-18"}, "ADT Quarterly Net Income (Millions of US $)": {"2020-09-30": "$-113", "2020-06-30": "$-107", "2020-03-31": "$-300", "2019-12-31": "$-72", "2019-09-30": "$-182", "2019-06-30": "$-104", "2019-03-31": "$-66", "2018-12-31": "$-149", "2018-09-30": "$-236", "2018-06-30": "$-67", "2018-03-31": "$-157", "2017-12-31": "$638", "2017-09-30": "$-62", "2017-06-30": "$-93", "2017-03-31": "$-141", "2016-12-31": "", "2015-12-31": "", "2014-12-31": ""}}, "eps-earnings-per-share-diluted": {"ADT Annual EPS": {"2019": "$-0.57", "2018": "$-0.81", "2017": "$0.53", "2016": "$-0.84", "2015": "$-0.08", "2014": "$0.00"}, "ADT Quarterly EPS": {"2020-09-30": "$-0.15", "2020-06-30": "$-0.14", "2020-03-31": "$-0.40", "2019-12-31": "$-0.09", "2019-09-30": "$-0.25", "2019-06-30": "$-0.14", "2019-03-31": "$-0.09", "2018-12-31": "$-0.19", "2018-09-30": "$-0.31", "2018-06-30": "$-0.09", "2018-03-31": "$-0.22", "2017-12-31": "$0.99", "2017-09-30": "$-0.10", "2017-06-30": "$-0.14", "2017-03-31": "$-0.22", "2016-12-31": "$0.00", "2015-12-31": "$0.00", "2014-12-31": "$0.00"}}, "shares-outstanding": {"ADT Annual Shares Outstanding (Millions of Shares)": {"2019": "747", "2018": "748", "2017": "641", "2016": "641", "2015": "641", "2014": ""}, "ADT Quarterly Shares Outstanding (Millions of Shares)": {"2020-09-30": "778", "2020-06-30": "761", "2020-03-31": "759", "2019-12-31": "747", "2019-09-30": "740", "2019-06-30": "750", "2019-03-31": "756", "2018-12-31": "748", "2018-09-30": "755", "2018-06-30": "750", "2018-03-31": "729", "2017-12-31": "641", "2017-09-30": "641", "2017-06-30": "641", "2017-03-31": "641", "2016-12-31": "", "2015-12-31": "", "2014-12-31": ""}}, "total-assets": {"ADT Annual Total Assets (Millions of US $)": {"2019": "$16,084", "2018": "$17,209", "2017": "$17,015", "2016": "$17,176", "2015": "$2,320", "2014": "$0"}, "ADT Quarterly Total Assets (Millions of US $)": {"2020-09-30": "$16,366", "2020-06-30": "$15,958", "2020-03-31": "$16,263", "2019-12-31": "$16,084", "2019-09-30": "$16,947", "2019-06-30": "$16,977", "2019-03-31": "$17,034", "2018-12-31": "$17,209", "2018-09-30": "$16,968", "2018-06-30": "$17,816", "2018-03-31": "$17,859", "2017-12-31": "$17,015", "2017-09-30": "$0", "2017-06-30": "$0", "2017-03-31": "$0", "2016-12-31": "$17,176", "2015-12-31": "$2,320", "2014-12-31": "$0"}}, "cash-on-hand": {"ADT Annual Cash on Hand (Millions of US $)": {"2019": "$49", "2018": "$363", "2017": "$123", "2016": "$91", "2015": "$43", "2014": "$"}, "ADT Quarterly Cash on Hand (Millions of US $)": {"2020-09-30": "$489", "2020-06-30": "$45", "2020-03-31": "$118", "2019-12-31": "$49", "2019-09-30": "$156", "2019-06-30": "$43", "2019-03-31": "$96", "2018-12-31": "$363", "2018-09-30": "$257", "2018-06-30": "$1,098", "2018-03-31": "$262", "2017-12-31": "$123", "2017-09-30": "", "2017-06-30": "", "2017-03-31": "", "2016-12-31": "$91", "2015-12-31": "$43", "2014-12-31": ""}}, "long-term-debt": {"ADT Annual Long Term Debt (Millions of US $)": {"2019": "$9,634", "2018": "$9,944", "2017": "$10,121", "2016": "$9,470", "2015": "$1,330", "2014": "$"}, "ADT Quarterly Long Term Debt (Millions of US $)": {"2020-09-30": "$9,675", "2020-06-30": "$9,685", "2020-03-31": "$9,899", "2019-12-31": "$9,634", "2019-09-30": "$9,638", "2019-06-30": "$9,481", "2019-03-31": "$9,348", "2018-12-31": "$9,944", "2018-09-30": "$9,520", "2018-06-30": "$9,522", "2018-03-31": "$9,528", "2017-12-31": "$10,121", "2017-09-30": "", "2017-06-30": "", "2017-03-31": "", "2016-12-31": "$9,470", "2015-12-31": "$1,330", "2014-12-31": ""}}, "total-liabilities": {"ADT Annual Total Liabilities (Millions of US $)": {"2019": "$12,899", "2018": "$12,984", "2017": "$13,582", "2016": "$13,372", "2015": "$1,617", "2014": "$0"}, "ADT Quarterly Total Liabilities (Millions of US $)": {"2020-09-30": "$13,228", "2020-06-30": "$13,164", "2020-03-31": "$13,368", "2019-12-31": "$12,899", "2019-09-30": "$13,236", "2019-06-30": "$13,087", "2019-03-31": "$12,886", "2018-12-31": "$12,984", "2018-09-30": "$12,532", "2018-06-30": "$13,154", "2018-03-31": "$13,135", "2017-12-31": "$13,582", "2017-09-30": "$0", "2017-06-30": "$0", "2017-03-31": "$0", "2016-12-31": "$13,372", "2015-12-31": "$1,617", "2014-12-31": "$0"}}, "total-share-holder-equity": {"ADT Annual Share Holder Equity (Millions of US $)": {"2019": "$3,184", "2018": "$4,225", "2017": "$3,433", "2016": "$3,805", "2015": "$703", "2014": "$0"}, "ADT Quarterly Share Holder Equity (Millions of US $)": {"2020-09-30": "$3,138", "2020-06-30": "$2,794", "2020-03-31": "$2,895", "2019-12-31": "$3,184", "2019-09-30": "$3,711", "2019-06-30": "$3,890", "2019-03-31": "$4,148", "2018-12-31": "$4,225", "2018-09-30": "$4,436", "2018-06-30": "$4,662", "2018-03-31": "$4,724", "2017-12-31": "$3,433", "2017-09-30": "$0", "2017-06-30": "$0", "2017-03-31": "$0", "2016-12-31": "$3,805", "2015-12-31": "$703", "2014-12-31": "$0"}}, "profit-margins": {"current": "-11.17%"}, "gross margin": {"2020-09-30": "71.48%", "2020-06-30": "71.51%", "2020-03-31": "71.98%", "2019-12-31": "72.88%", "2019-09-30": "73.99%", "2019-06-30": "75.10%", "2019-03-31": "76.25%", "2018-12-31": "77.29%", "2018-09-30": "77.89%", "2018-06-30": "78.45%", "2018-03-31": "78.85%", "2017-12-31": "79.26%"}, "operating margin": {"2020-09-30": "1.66%", "2020-06-30": "-0.49%", "2020-03-31": "0.32%", "2019-12-31": "3.82%", "2019-09-30": "2.85%", "2019-06-30": "6.50%", "2019-03-31": "6.31%", "2018-12-31": "6.07%", "2018-09-30": "8.04%", "2018-06-30": "7.48%", "2018-03-31": "7.96%", "2017-12-31": "6.56%"}, "ebitda margin": {"2020-09-30": "37.52%", "2020-06-30": "36.81%", "2020-03-31": "38.38%", "2019-12-31": "42.98%", "2019-09-30": "44.62%", "2019-06-30": "48.07%", "2019-03-31": "49.01%", "2018-12-31": "49.74%", "2018-09-30": "50.52%", "2018-06-30": "50.56%", "2018-03-31": "51.11%", "2017-12-31": "49.86%"}, "pre tax profit margin": {"2020-09-30": "-14.01%", "2020-06-30": "-15.45%", "2020-03-31": "-15.44%", "2019-12-31": "-10.18%", "2019-09-30": "-11.71%", "2019-06-30": "-12.59%", "2019-03-31": "-11.81%", "2018-12-31": "-13.80%", "2018-09-30": "-12.57%", "2018-06-30": "-8.84%", "2018-03-31": "-9.47%", "2017-12-31": "-9.75%"}, "net profit margin": {"2020-09-30": "-11.17%", "2020-06-30": "-12.47%", "2020-03-31": "-12.53%", "2019-12-31": "-8.27%", "2019-09-30": "-9.99%", "2019-06-30": "-11.42%", "2019-03-31": "-11.00%", "2018-12-31": "-13.30%", "2018-09-30": "3.95%", "2018-06-30": "7.94%", "2018-03-31": "7.45%", "2017-12-31": "7.92%"}, "pe ratio": {"current": "0.00", "2021-02-05": "0.00", "2020-09-30": "0.00", "2020-06-30": "0.00", "2020-03-31": "0.00", "2019-12-31": "0.00", "2019-09-30": "0.00", "2019-06-30": "0.00", "2019-03-31": "0.00", "2018-12-31": "0.00"}, "price sales": {"2021-02-05": "1.34", "2020-09-30": "1.17", "2020-06-30": "1.12", "2020-03-31": "0.61", "2019-12-31": "1.13", "2019-09-30": "0.84", "2019-06-30": "0.85", "2019-03-31": "0.90", "2018-12-31": "0.87"}, "price book": {"current": "2.26", "2021-02-05": "2.45", "2020-09-30": "2.14", "2020-06-30": "2.18", "2020-03-31": "1.14", "2019-12-31": "1.84", "2019-09-30": "1.14", "2019-06-30": "1.05", "2019-03-31": "1.05", "2018-12-31": "0.97", "2018-09-30": "1.43", "2018-06-30": "1.25", "2018-03-31": "1.13"}, "price fcf": {"2021-02-05": "", "2020-09-30": "$1.12", "2020-06-30": "$1.31", "2020-03-31": "$1.34", "2019-12-31": "$1.57", "2019-09-30": "$1.51", "2019-06-30": "$1.43", "2019-03-31": "$1.42", "2018-12-31": "$1.45"}, "net worth": {"value": "$7.08B"}, "current ratio": {"current": "0.94", "2020-09-30": "0.94", "2020-06-30": "0.53", "2020-03-31": "0.58", "2019-12-31": "0.56", "2019-09-30": "0.90", "2019-06-30": "0.42", "2019-03-31": "0.44", "2018-12-31": "0.84", "2018-09-30": "0.62", "2018-06-30": "0.87", "2018-03-31": "0.64", "2017-12-31": "0.51", "2017-09-30": "0.00", "2017-06-30": "0.00", "2017-03-31": "0.00", "2016-12-31": "0.46", "2015-12-31": "0.82", "2014-12-31": "0.00"}, "quick ratio": {"2020-09-30": "0.78", "2020-06-30": "0.39", "2020-03-31": "0.44", "2019-12-31": "0.44", "2019-09-30": "0.80", "2019-06-30": "0.32", "2019-03-31": "0.34", "2018-12-31": "0.73", "2018-09-30": "0.51", "2018-06-30": "0.80", "2018-03-31": "0.53", "2017-12-31": "0.39", "2017-09-30": "0.00", "2017-06-30": "0.00", "2017-03-31": "0.00", "2016-12-31": "0.33", "2015-12-31": "0.68", "2014-12-31": "0.00"}, "debt equity ratio": {"current": "3.08", "2020-09-30": "4.22", "2020-06-30": "4.71", "2020-03-31": "4.62", "2019-12-31": "4.05", "2019-09-30": "3.57", "2019-06-30": "3.36", "2019-03-31": "3.11", "2018-12-31": "3.07", "2018-09-30": "2.83", "2018-06-30": "2.82", "2018-03-31": "2.78", "2017-12-31": "3.96", "2017-09-30": "0.00", "2017-06-30": "0.00", "2017-03-31": "0.00", "2016-12-31": "3.51", "2015-12-31": "2.30", "2014-12-31": "0.00"}, "return on equity": {"2020-09-30": "-19.72%", "2020-06-30": "-21.01%", "2020-03-31": "-19.24%", "2019-12-31": "-11.36%", "2019-09-30": "-12.55%", "2019-06-30": "-13.29%", "2019-03-31": "-11.86%", "2018-12-31": "-13.50%", "2018-09-30": "4.13%", "2018-06-30": "10.98%", "2018-03-31": "15.99%", "2017-12-31": "39.85%"}, "return on assets": {"2020-09-30": "-3.66%", "2020-06-30": "-4.05%", "2020-03-31": "-3.97%", "2019-12-31": "-2.53%", "2019-09-30": "-2.94%", "2019-06-30": "-3.26%", "2019-03-31": "-3.00%", "2018-12-31": "-3.49%", "2018-09-30": "1.02%", "2018-06-30": "2.67%", "2018-03-31": "3.74%", "2017-12-31": "8.04%"}, "return on investments": {"2020-09-30": "0.69%", "2020-06-30": "-0.20%", "2020-03-31": "0.13%", "2019-12-31": "1.48%", "2019-09-30": "1.05%", "2019-06-30": "2.30%", "2019-03-31": "2.13%", "2018-12-31": "1.97%", "2018-09-30": "2.59%", "2018-06-30": "3.16%", "2018-03-31": "5.01%", "2017-12-31": "8.35%"}, "return on tangible equity": {"2020-09-30": "6.96%", "2020-06-30": "7.78%", "2020-03-31": "7.79%", "2019-12-31": "5.09%", "2019-09-30": "6.03%", "2019-06-30": "6.67%", "2019-03-31": "6.32%", "2018-12-31": "7.49%", "2018-09-30": "-2.11%", "2018-06-30": "-5.51%", "2018-03-31": "-7.42%", "2017-12-31": "-14.41%"}, "dividend yield history": {"last payout": "$0.14", "last yield": "1.51%"}}