{"ticker": "AMD", "price": {"title": "AMD Historical Annual Stock Price Data", "value": 87.9, "historical": {"2021": {"Average Stock Price": "90.9181", "Year Open": "92.3000", "Year High": "97.2500", "Year Low": "85.6400", "Year Close": "87.9000", "Annual % Change": "-4.15%"}, "2020": {"Average Stock Price": "65.6196", "Year Open": "49.1000", "Year High": "97.1200", "Year Low": "38.7100", "Year Close": "91.7100", "Annual % Change": "99.98%"}, "2019": {"Average Stock Price": "29.9410", "Year Open": "18.8300", "Year High": "46.6300", "Year Low": "17.0500", "Year Close": "45.8600", "Annual % Change": "148.43%"}, "2018": {"Average Stock Price": "17.2145", "Year Open": "10.9800", "Year High": "32.7200", "Year Low": "9.5300", "Year Close": "18.4600", "Annual % Change": "79.57%"}, "2017": {"Average Stock Price": "12.4116", "Year Open": "11.4300", "Year High": "15.2000", "Year Low": "9.7500", "Year Close": "10.2800", "Annual % Change": "-9.35%"}, "2016": {"Average Stock Price": "5.2548", "Year Open": "2.7700", "Year High": "12.0700", "Year Low": "1.8000", "Year Close": "11.3400", "Annual % Change": "295.12%"}, "2015": {"Average Stock Price": "2.3317", "Year Open": "2.6900", "Year High": "3.3100", "Year Low": "1.6200", "Year Close": "2.8700", "Annual % Change": "7.49%"}, "2014": {"Average Stock Price": "3.6621", "Year Open": "3.9500", "Year High": "4.6600", "Year Low": "2.4700", "Year Close": "2.6700", "Annual % Change": "-31.01%"}, "2013": {"Average Stock Price": "3.3786", "Year Open": "2.5300", "Year High": "4.6400", "Year Low": "2.2900", "Year Close": "3.8700", "Annual % Change": "61.25%"}, "2012": {"Average Stock Price": "5.0711", "Year Open": "5.4800", "Year High": "8.2500", "Year Low": "1.8600", "Year Close": "2.4000", "Annual % Change": "-55.56%"}, "2011": {"Average Stock Price": "7.1385", "Year Open": "8.4700", "Year High": "9.4400", "Year Low": "4.5300", "Year Close": "5.4000", "Annual % Change": "-33.99%"}, "2010": {"Average Stock Price": "7.9313", "Year Open": "9.7000", "Year High": "10.1600", "Year Low": "5.6100", "Year Close": "8.1800", "Annual % Change": "-15.50%"}, "2009": {"Average Stock Price": "4.4265", "Year Open": "2.3800", "Year High": "9.9100", "Year Low": "2.0000", "Year Close": "9.6800", "Annual % Change": "348.15%"}, "2008": {"Average Stock Price": "5.3487", "Year Open": "7.1400", "Year High": "8.0000", "Year Low": "1.8000", "Year Close": "2.1600", "Annual % Change": "-71.20%"}, "2007": {"Average Stock Price": "13.5985", "Year Open": "19.5200", "Year High": "20.1800", "Year Low": "7.3200", "Year Close": "7.5000", "Annual % Change": "-63.14%"}, "2006": {"Average Stock Price": "28.1082", "Year Open": "32.4000", "Year High": "42.1000", "Year Low": "17.3900", "Year Close": "20.3500", "Annual % Change": "-33.50%"}, "2005": {"Average Stock Price": "19.9124", "Year Open": "21.4100", "Year High": "31.7000", "Year Low": "14.1600", "Year Close": "30.6000", "Annual % Change": "38.96%"}, "2004": {"Average Stock Price": "15.4942", "Year Open": "14.8600", "Year High": "24.8500", "Year Low": "10.8600", "Year Close": "22.0200", "Annual % Change": "47.79%"}, "2003": {"Average Stock Price": "9.4163", "Year Open": "7.0100", "Year High": "18.2900", "Year Low": "4.9400", "Year Close": "14.9000", "Annual % Change": "130.65%"}, "2002": {"Average Stock Price": "10.3358", "Year Open": "16.3900", "Year High": "20.0000", "Year Low": "3.2000", "Year Close": "6.4600", "Annual % Change": "-59.27%"}, "2001": {"Average Stock Price": "19.9041", "Year Open": "14.3800", "Year High": "34.4000", "Year Low": "7.9300", "Year Close": "15.8600", "Annual % Change": "14.84%"}, "2000": {"Average Stock Price": "29.0491", "Year Open": "15.5000", "Year High": "47.5000", "Year Low": "13.6900", "Year Close": "13.8100", "Annual % Change": "-4.56%"}, "1999": {"Average Stock Price": "10.0238", "Year Open": "14.0000", "Year High": "15.9400", "Year Low": "7.3750", "Year Close": "14.4700", "Annual % Change": "-0.21%"}, "1998": {"Average Stock Price": "10.6326", "Year Open": "9.6550", "Year High": "16.0000", "Year Low": "6.5000", "Year Close": "14.5000", "Annual % Change": "63.38%"}, "1997": {"Average Stock Price": "16.9058", "Year Open": "13.5650", "Year High": "23.6900", "Year Low": "8.5650", "Year Close": "8.8750", "Annual % Change": "-31.07%"}, "1996": {"Average Stock Price": "8.8186", "Year Open": "8.6250", "Year High": "14.0000", "Year Low": "5.3125", "Year Close": "12.8750", "Annual % Change": "56.06%"}, "1995": {"Average Stock Price": "15.3018", "Year Open": "12.5000", "Year High": "19.4400", "Year Low": "8.2500", "Year Close": "8.2500", "Annual % Change": "-33.68%"}, "1994": {"Average Stock Price": "12.6489", "Year Open": "8.9400", "Year High": "15.6250", "Year Low": "8.8750", "Year Close": "12.4400", "Annual % Change": "40.17%"}, "1993": {"Average Stock Price": "11.7831", "Year Open": "8.8150", "Year High": "16.1900", "Year Low": "8.5650", "Year Close": "8.8750", "Annual % Change": "-2.10%"}, "1992": {"Average Stock Price": "7.4866", "Year Open": "8.9400", "Year High": "10.6250", "Year Low": "3.8125", "Year Close": "9.0650", "Annual % Change": "3.60%"}, "1991": {"Average Stock Price": "5.5969", "Year Open": "2.5000", "Year High": "8.7500", "Year Low": "2.3750", "Year Close": "8.7500", "Annual % Change": "258.97%"}, "1990": {"Average Stock Price": "3.5697", "Year Open": "4.1250", "Year High": "5.5650", "Year Low": "1.8750", "Year Close": "2.4375", "Annual % Change": "-38.13%"}, "1989": {"Average Stock Price": "4.3439", "Year Open": "4.3750", "Year High": "5.1900", "Year Low": "3.6250", "Year Close": "3.9400", "Annual % Change": "-8.69%"}, "1988": {"Average Stock Price": "5.8093", "Year Open": "5.3150", "Year High": "8.3750", "Year Low": "3.5650", "Year Close": "4.3150", "Annual % Change": "-12.65%"}, "1987": {"Average Stock Price": "9.0878", "Year Open": "7.0000", "Year High": "12.3100", "Year Low": "4.0000", "Year Close": "4.9400", "Annual % Change": "-28.15%"}, "1986": {"Average Stock Price": "10.9451", "Year Open": "14.4350", "Year High": "16.2500", "Year Low": "6.6250", "Year Close": "6.8750", "Annual % Change": "-52.59%"}, "1985": {"Average Stock Price": "14.3285", "Year Open": "14.5000", "Year High": "17.9400", "Year Low": "11.3100", "Year Close": "14.5000", "Annual % Change": "-1.69%"}, "1984": {"Average Stock Price": "15.9255", "Year Open": "16.8750", "Year High": "20.5000", "Year Low": "12.7500", "Year Close": "14.7500", "Annual % Change": "-12.28%"}}}, "market cap": {"value": "$106.47B"}, "income statement": {"Revenue": {"2020-12-31": "9763.00000", "2019-12-31": "6731.00000", "2018-12-31": "6475.00000", "2017-12-31": "5253.00000", "2016-12-31": "4319.00000", "2015-12-31": "3991.00000", "2014-12-31": "5506.00000", "2013-12-31": "5299.00000", "2012-12-31": "5422.00000", "2011-12-31": "6568.00000", "2010-12-31": "6494.00000", "2009-12-31": "5403.00000", "2008-12-31": "5808.00000", "2007-12-31": "5858.00000", "2006-12-31": "5627.00000", "2005-12-31": "5848.00000"}, "Cost Of Goods Sold": {"2020-12-31": "5416.00000", "2019-12-31": "3863.00000", "2018-12-31": "4028.00000", "2017-12-31": "3466.00000", "2016-12-31": "3316.00000", "2015-12-31": "2911.00000", "2014-12-31": "3667.00000", "2013-12-31": "3321.00000", "2012-12-31": "4187.00000", "2011-12-31": "3628.00000", "2010-12-31": "3533.00000", "2009-12-31": "3131.00000", "2008-12-31": "3488.00000", "2007-12-31": "3669.00000", "2006-12-31": "2833.00000", "2005-12-31": "3456.00000"}, "Gross Profit": {"2020-12-31": "4347.00000", "2019-12-31": "2868.00000", "2018-12-31": "2447.00000", "2017-12-31": "1787.00000", "2016-12-31": "1003.00000", "2015-12-31": "1080.00000", "2014-12-31": "1839.00000", "2013-12-31": "1978.00000", "2012-12-31": "1235.00000", "2011-12-31": "2940.00000", "2010-12-31": "2961.00000", "2009-12-31": "2272.00000", "2008-12-31": "2320.00000", "2007-12-31": "2189.00000", "2006-12-31": "2794.00000", "2005-12-31": "2392.00000"}, "Research And Development Expenses": {"2020-12-31": "1983.00000", "2019-12-31": "1547.00000", "2018-12-31": "1434.00000", "2017-12-31": "1196.00000", "2016-12-31": "1008.00000", "2015-12-31": "947.00000", "2014-12-31": "1072.00000", "2013-12-31": "1201.00000", "2012-12-31": "1354.00000", "2011-12-31": "1453.00000", "2010-12-31": "1405.00000", "2009-12-31": "1721.00000", "2008-12-31": "1848.00000", "2007-12-31": "1771.00000", "2006-12-31": "1190.00000", "2005-12-31": "1144.00000"}, "SG&A Expenses": {"2020-12-31": "995.00000", "2019-12-31": "750.00000", "2018-12-31": "562.00000", "2017-12-31": "516.00000", "2016-12-31": "466.00000", "2015-12-31": "482.00000", "2014-12-31": "604.00000", "2013-12-31": "674.00000", "2012-12-31": "823.00000", "2011-12-31": "992.00000", "2010-12-31": "934.00000", "2009-12-31": "994.00000", "2008-12-31": "1304.00000", "2007-12-31": "1360.00000", "2006-12-31": "1138.00000", "2005-12-31": "1016.00000"}, "Other Operating Income Or Expenses": {"2020-12-31": "", "2019-12-31": "60.00000", "2018-12-31": "", "2017-12-31": "52.00000", "2016-12-31": "88.00000", "2015-12-31": "", "2014-12-31": "-233.00000", "2013-12-31": "48.00000", "2012-12-31": "", "2011-12-31": "", "2010-12-31": "283.00000", "2009-12-31": "1242.00000", "2008-12-31": "193.00000", "2007-12-31": "", "2006-12-31": "", "2005-12-31": ""}, "Operating Expenses": {"2020-12-31": "8394.00000", "2019-12-31": "6100.00000", "2018-12-31": "6024.00000", "2017-12-31": "5126.00000", "2016-12-31": "4692.00000", "2015-12-31": "4472.00000", "2014-12-31": "5661.00000", "2013-12-31": "5196.00000", "2012-12-31": "6478.00000", "2011-12-31": "6200.00000", "2010-12-31": "5646.00000", "2009-12-31": "4739.00000", "2008-12-31": "7763.00000", "2007-12-31": "8168.00000", "2006-12-31": "5644.00000", "2005-12-31": "5616.00000"}, "Operating Income": {"2020-12-31": "1369.00000", "2019-12-31": "631.00000", "2018-12-31": "451.00000", "2017-12-31": "127.00000", "2016-12-31": "-373.00000", "2015-12-31": "-481.00000", "2014-12-31": "-155.00000", "2013-12-31": "103.00000", "2012-12-31": "-1056.00000", "2011-12-31": "368.00000", "2010-12-31": "848.00000", "2009-12-31": "664.00000", "2008-12-31": "-1955.00000", "2007-12-31": "-2310.00000", "2006-12-31": "-17.00000", "2005-12-31": "232.00000"}, "Total Non-Operating Income/Expense": {"2020-12-31": "-94.00000", "2019-12-31": "-259.00000", "2018-12-31": "-121.00000", "2017-12-31": "-135.00000", "2016-12-31": "-76.00000", "2015-12-31": "-165.00000", "2014-12-31": "-243.00000", "2013-12-31": "-177.00000", "2012-12-31": "-161.00000", "2011-12-31": "-369.00000", "2010-12-31": "123.00000", "2009-12-31": "-256.00000", "2008-12-31": "-389.00000", "2007-12-31": "-427.00000", "2006-12-31": "-23.00000", "2005-12-31": "-92.00000"}, "Pre-Tax Income": {"2020-12-31": "1275.00000", "2019-12-31": "372.00000", "2018-12-31": "330.00000", "2017-12-31": "-8.00000", "2016-12-31": "-449.00000", "2015-12-31": "-646.00000", "2014-12-31": "-398.00000", "2013-12-31": "-74.00000", "2012-12-31": "-1217.00000", "2011-12-31": "-1.00000", "2010-12-31": "971.00000", "2009-12-31": "408.00000", "2008-12-31": "-2344.00000", "2007-12-31": "-2737.00000", "2006-12-31": "-40.00000", "2005-12-31": "140.00000"}, "Income Taxes": {"2020-12-31": "-1210.00000", "2019-12-31": "31.00000", "2018-12-31": "-9.00000", "2017-12-31": "18.00000", "2016-12-31": "39.00000", "2015-12-31": "14.00000", "2014-12-31": "5.00000", "2013-12-31": "9.00000", "2012-12-31": "-34.00000", "2011-12-31": "-4.00000", "2010-12-31": "38.00000", "2009-12-31": "112.00000", "2008-12-31": "68.00000", "2007-12-31": "27.00000", "2006-12-31": "23.00000", "2005-12-31": "-7.00000"}, "Income After Taxes": {"2020-12-31": "2485.00000", "2019-12-31": "341.00000", "2018-12-31": "339.00000", "2017-12-31": "-26.00000", "2016-12-31": "-488.00000", "2015-12-31": "-660.00000", "2014-12-31": "-403.00000", "2013-12-31": "-83.00000", "2012-12-31": "-1183.00000", "2011-12-31": "3.00000", "2010-12-31": "933.00000", "2009-12-31": "296.00000", "2008-12-31": "-2412.00000", "2007-12-31": "-2764.00000", "2006-12-31": "-63.00000", "2005-12-31": "147.00000"}, "Other Income": {"2020-12-31": "", "2019-12-31": "", "2018-12-31": "", "2017-12-31": "", "2016-12-31": "", "2015-12-31": "", "2014-12-31": "", "2013-12-31": "", "2012-12-31": "", "2011-12-31": "", "2010-12-31": "", "2009-12-31": "", "2008-12-31": "", "2007-12-31": "", "2006-12-31": "", "2005-12-31": ""}, "Income From Continuous Operations": {"2020-12-31": "2490.00000", "2019-12-31": "341.00000", "2018-12-31": "337.00000", "2017-12-31": "-33.00000", "2016-12-31": "-498.00000", "2015-12-31": "-660.00000", "2014-12-31": "-403.00000", "2013-12-31": "-83.00000", "2012-12-31": "-1183.00000", "2011-12-31": "495.00000", "2010-12-31": "471.00000", "2009-12-31": "296.00000", "2008-12-31": "-2412.00000", "2007-12-31": "-2808.00000", "2006-12-31": "-136.00000", "2005-12-31": "165.00000"}, "Income From Discontinued Operations": {"2020-12-31": "", "2019-12-31": "", "2018-12-31": "", "2017-12-31": "", "2016-12-31": "", "2015-12-31": "", "2014-12-31": "", "2013-12-31": "", "2012-12-31": "", "2011-12-31": "-4.00000", "2010-12-31": "", "2009-12-31": "-3.00000", "2008-12-31": "-684.00000", "2007-12-31": "-551.00000", "2006-12-31": "-30.00000", "2005-12-31": ""}, "Net Income": {"2020-12-31": "2490.00000", "2019-12-31": "341.00000", "2018-12-31": "337.00000", "2017-12-31": "-33.00000", "2016-12-31": "-498.00000", "2015-12-31": "-660.00000", "2014-12-31": "-403.00000", "2013-12-31": "-83.00000", "2012-12-31": "-1183.00000", "2011-12-31": "491.00000", "2010-12-31": "471.00000", "2009-12-31": "304.00000", "2008-12-31": "-3129.00000", "2007-12-31": "-3394.00000", "2006-12-31": "-166.00000", "2005-12-31": "165.00000"}, "EBITDA": {"2020-12-31": "1737.00000", "2019-12-31": "919.00000", "2018-12-31": "659.00000", "2017-12-31": "307.00000", "2016-12-31": "-219.00000", "2015-12-31": "-303.00000", "2014-12-31": "48.00000", "2013-12-31": "339.00000", "2012-12-31": "-796.00000", "2011-12-31": "685.00000", "2010-12-31": "1231.00000", "2009-12-31": "1682.00000", "2008-12-31": "848.00000", "2007-12-31": "436.00000", "2006-12-31": "669.00000", "2005-12-31": "1357.00000"}, "EBIT": {"2020-12-31": "1369.00000", "2019-12-31": "631.00000", "2018-12-31": "451.00000", "2017-12-31": "127.00000", "2016-12-31": "-373.00000", "2015-12-31": "-481.00000", "2014-12-31": "-155.00000", "2013-12-31": "103.00000", "2012-12-31": "-1056.00000", "2011-12-31": "368.00000", "2010-12-31": "848.00000", "2009-12-31": "664.00000", "2008-12-31": "-1955.00000", "2007-12-31": "-2310.00000", "2006-12-31": "-17.00000", "2005-12-31": "232.00000"}, "Basic Shares Outstanding": {"2020-12-31": "1184.00000", "2019-12-31": "1091.00000", "2018-12-31": "982.00000", "2017-12-31": "952.00000", "2016-12-31": "835.00000", "2015-12-31": "783.00000", "2014-12-31": "768.00000", "2013-12-31": "754.00000", "2012-12-31": "741.00000", "2011-12-31": "727.00000", "2010-12-31": "711.00000", "2009-12-31": "673.00000", "2008-12-31": "607.00000", "2007-12-31": "558.00000", "2006-12-31": "492.00000", "2005-12-31": "400.00000"}, "Shares Outstanding": {"2020-12-31": "1207.00000", "2019-12-31": "1120.00000", "2018-12-31": "1064.00000", "2017-12-31": "952.00000", "2016-12-31": "835.00000", "2015-12-31": "783.00000", "2014-12-31": "768.00000", "2013-12-31": "754.00000", "2012-12-31": "741.00000", "2011-12-31": "742.00000", "2010-12-31": "733.00000", "2009-12-31": "678.00000", "2008-12-31": "607.00000", "2007-12-31": "558.00000", "2006-12-31": "492.00000", "2005-12-31": "441.00000"}, "Basic EPS": {"2020-12-31": "2.10000", "2019-12-31": "0.31000", "2018-12-31": "0.34000", "2017-12-31": "-0.03000", "2016-12-31": "-0.60000", "2015-12-31": "-0.84000", "2014-12-31": "-0.53000", "2013-12-31": "-0.11000", "2012-12-31": "-1.60000", "2011-12-31": "0.68000", "2010-12-31": "0.66000", "2009-12-31": "0.46000", "2008-12-31": "-5.15000", "2007-12-31": "-6.08000", "2006-12-31": "-0.34000", "2005-12-31": "0.41000"}, "EPS - Earnings Per Share": {"2020-12-31": "2.06000", "2019-12-31": "0.30000", "2018-12-31": "0.32000", "2017-12-31": "-0.03000", "2016-12-31": "-0.60000", "2015-12-31": "-0.84000", "2014-12-31": "-0.53000", "2013-12-31": "-0.11000", "2012-12-31": "-1.60000", "2011-12-31": "0.66000", "2010-12-31": "0.64000", "2009-12-31": "0.45000", "2008-12-31": "-5.15000", "2007-12-31": "-6.08000", "2006-12-31": "-0.34000", "2005-12-31": "0.40000"}}, "income statement, quarterly": {"Revenue": {"2020-12-31": "3244.00000", "2020-09-30": "2801.00000", "2020-06-30": "1932.00000", "2020-03-31": "1786.00000", "2019-12-31": "2127.00000", "2019-09-30": "1801.00000", "2019-06-30": "1531.00000", "2019-03-31": "1272.00000", "2018-12-31": "1419.00000", "2018-09-30": "1653.00000", "2018-06-30": "1756.00000", "2018-03-31": "1647.00000", "2017-12-31": "1340.00000", "2017-09-30": "1584.00000", "2017-06-30": "1151.00000", "2017-03-31": "1178.00000", "2016-12-31": "1153.00000", "2016-09-30": "1307.00000", "2016-06-30": "1027.00000", "2016-03-31": "832.00000", "2015-12-31": "958.00000", "2015-09-30": "1061.00000", "2015-06-30": "942.00000", "2015-03-31": "1030.00000", "2014-12-31": "1239.00000", "2014-09-30": "1429.00000", "2014-06-30": "1441.00000", "2014-03-31": "1397.00000", "2013-12-31": "1589.00000", "2013-09-30": "1461.00000", "2013-06-30": "1161.00000", "2013-03-31": "1088.00000", "2012-12-31": "1155.00000", "2012-09-30": "1269.00000", "2012-06-30": "1413.00000", "2012-03-31": "1585.00000", "2011-12-31": "1691.00000", "2011-09-30": "1690.00000", "2011-06-30": "1574.00000", "2011-03-31": "1613.00000", "2010-12-31": "1649.00000", "2010-09-30": "1618.00000", "2010-06-30": "1653.00000", "2010-03-31": "1574.00000", "2009-12-31": "1646.00000", "2009-09-30": "1396.00000", "2009-06-30": "1184.00000", "2009-03-31": "1177.00000", "2008-12-31": "1162.00000", "2008-09-30": "1797.00000", "2008-06-30": "1362.00000", "2008-03-31": "1487.00000", "2007-12-31": "1758.00000", "2007-09-30": "1558.00000", "2007-06-30": "1309.00000", "2007-03-31": "1233.00000", "2006-12-31": "1751.00000", "2006-09-30": "1328.00000", "2006-06-30": "1216.00000", "2006-03-31": "1332.00000", "2005-12-31": "1838.69900", "2005-09-30": "1522.75500", "2005-06-30": "1259.91800", "2005-03-31": "1226.62800"}, "Cost Of Goods Sold": {"2020-12-31": "1793.00000", "2020-09-30": "1571.00000", "2020-06-30": "1084.00000", "2020-03-31": "968.00000", "2019-12-31": "1178.00000", "2019-09-30": "1024.00000", "2019-06-30": "910.00000", "2019-03-31": "751.00000", "2018-12-31": "882.00000", "2018-09-30": "992.00000", "2018-06-30": "1104.00000", "2018-03-31": "1050.00000", "2017-12-31": "888.00000", "2017-09-30": "1013.00000", "2017-06-30": "765.00000", "2017-03-31": "800.00000", "2016-12-31": "797.00000", "2016-09-30": "1248.00000", "2016-06-30": "708.00000", "2016-03-31": "563.00000", "2015-12-31": "675.00000", "2015-09-30": "822.00000", "2015-06-30": "710.00000", "2015-03-31": "704.00000", "2014-12-31": "879.00000", "2014-09-30": "935.00000", "2014-06-30": "943.00000", "2014-03-31": "910.00000", "2013-12-31": "1036.00000", "2013-09-30": "940.00000", "2013-06-30": "702.00000", "2013-03-31": "643.00000", "2012-12-31": "977.00000", "2012-09-30": "877.00000", "2012-06-30": "775.00000", "2012-03-31": "1558.00000", "2011-12-31": "918.00000", "2011-09-30": "934.00000", "2011-06-30": "854.00000", "2011-03-31": "922.00000", "2010-12-31": "906.00000", "2010-09-30": "879.00000", "2010-06-30": "915.00000", "2010-03-31": "833.00000", "2009-12-31": "911.00000", "2009-09-30": "811.00000", "2009-06-30": "743.00000", "2009-03-31": "666.00000", "2008-12-31": "890.00000", "2008-09-30": "881.00000", "2008-06-30": "851.00000", "2008-03-31": "866.00000", "2007-12-31": "990.00000", "2007-09-30": "923.00000", "2007-06-30": "870.00000", "2007-03-31": "886.00000", "2006-12-31": "1109.00000", "2006-09-30": "645.00000", "2006-06-30": "526.00000", "2006-03-31": "553.00000", "2005-12-31": "986.33610", "2005-09-30": "896.26100", "2005-06-30": "765.95400", "2005-03-31": "807.44900"}, "Gross Profit": {"2020-12-31": "1451.00000", "2020-09-30": "1230.00000", "2020-06-30": "848.00000", "2020-03-31": "818.00000", "2019-12-31": "949.00000", "2019-09-30": "777.00000", "2019-06-30": "621.00000", "2019-03-31": "521.00000", "2018-12-31": "537.00000", "2018-09-30": "661.00000", "2018-06-30": "652.00000", "2018-03-31": "597.00000", "2017-12-31": "452.00000", "2017-09-30": "571.00000", "2017-06-30": "386.00000", "2017-03-31": "378.00000", "2016-12-31": "356.00000", "2016-09-30": "59.00000", "2016-06-30": "319.00000", "2016-03-31": "269.00000", "2015-12-31": "283.00000", "2015-09-30": "239.00000", "2015-06-30": "232.00000", "2015-03-31": "326.00000", "2014-12-31": "360.00000", "2014-09-30": "494.00000", "2014-06-30": "498.00000", "2014-03-31": "487.00000", "2013-12-31": "553.00000", "2013-09-30": "521.00000", "2013-06-30": "459.00000", "2013-03-31": "445.00000", "2012-12-31": "178.00000", "2012-09-30": "392.00000", "2012-06-30": "638.00000", "2012-03-31": "27.00000", "2011-12-31": "773.00000", "2011-09-30": "756.00000", "2011-06-30": "720.00000", "2011-03-31": "691.00000", "2010-12-31": "743.00000", "2010-09-30": "739.00000", "2010-06-30": "738.00000", "2010-03-31": "741.00000", "2009-12-31": "735.00000", "2009-09-30": "585.00000", "2009-06-30": "441.00000", "2009-03-31": "511.00000", "2008-12-31": "272.00000", "2008-09-30": "916.00000", "2008-06-30": "511.00000", "2008-03-31": "621.00000", "2007-12-31": "768.00000", "2007-09-30": "635.00000", "2007-06-30": "439.00000", "2007-03-31": "347.00000", "2006-12-31": "642.00000", "2006-09-30": "683.00000", "2006-06-30": "690.00000", "2006-03-31": "779.00000", "2005-12-31": "852.36300", "2005-09-30": "626.49400", "2005-06-30": "493.96400", "2005-03-31": "419.17910"}, "Research And Development Expenses": {"2020-12-31": "573.00000", "2020-09-30": "508.00000", "2020-06-30": "460.00000", "2020-03-31": "442.00000", "2019-12-31": "395.00000", "2019-09-30": "406.00000", "2019-06-30": "373.00000", "2019-03-31": "373.00000", "2018-12-31": "371.00000", "2018-09-30": "363.00000", "2018-06-30": "357.00000", "2018-03-31": "343.00000", "2017-12-31": "320.00000", "2017-09-30": "320.00000", "2017-06-30": "285.00000", "2017-03-31": "271.00000", "2016-12-31": "264.00000", "2016-09-30": "259.00000", "2016-06-30": "243.00000", "2016-03-31": "242.00000", "2015-12-31": "229.00000", "2015-09-30": "241.00000", "2015-06-30": "235.00000", "2015-03-31": "242.00000", "2014-12-31": "238.00000", "2014-09-30": "278.00000", "2014-06-30": "277.00000", "2014-03-31": "279.00000", "2013-12-31": "293.00000", "2013-09-30": "288.00000", "2013-06-30": "308.00000", "2013-03-31": "312.00000", "2012-12-31": "313.00000", "2012-09-30": "328.00000", "2012-06-30": "345.00000", "2012-03-31": "368.00000", "2011-12-31": "358.00000", "2011-09-30": "361.00000", "2011-06-30": "367.00000", "2011-03-31": "367.00000", "2010-12-31": "352.00000", "2010-09-30": "359.00000", "2010-06-30": "371.00000", "2010-03-31": "323.00000", "2009-12-31": "432.00000", "2009-09-30": "420.00000", "2009-06-30": "425.00000", "2009-03-31": "444.00000", "2008-12-31": "465.00000", "2008-09-30": "438.00000", "2008-06-30": "467.00000", "2008-03-31": "478.00000", "2007-12-31": "470.00000", "2007-09-30": "431.00000", "2007-06-30": "438.00000", "2007-03-31": "432.00000", "2006-12-31": "370.00000", "2006-09-30": "277.00000", "2006-06-30": "279.00000", "2006-03-31": "264.00000", "2005-12-31": "329.27590", "2005-09-30": "289.01800", "2005-06-30": "272.58400", "2005-03-31": "253.12200"}, "SG&A Expenses": {"2020-12-31": "308.00000", "2020-09-30": "273.00000", "2020-06-30": "215.00000", "2020-03-31": "199.00000", "2019-12-31": "206.00000", "2019-09-30": "185.00000", "2019-06-30": "189.00000", "2019-03-31": "170.00000", "2018-12-31": "138.00000", "2018-09-30": "148.00000", "2018-06-30": "142.00000", "2018-03-31": "134.00000", "2017-12-31": "134.00000", "2017-09-30": "132.00000", "2017-06-30": "127.00000", "2017-03-31": "123.00000", "2016-12-31": "127.00000", "2016-09-30": "117.00000", "2016-06-30": "117.00000", "2016-03-31": "105.00000", "2015-12-31": "109.00000", "2015-09-30": "108.00000", "2015-06-30": "134.00000", "2015-03-31": "131.00000", "2014-12-31": "144.00000", "2014-09-30": "150.00000", "2014-06-30": "154.00000", "2014-03-31": "156.00000", "2013-12-31": "169.00000", "2013-09-30": "155.00000", "2013-06-30": "171.00000", "2013-03-31": "179.00000", "2012-12-31": "193.00000", "2012-09-30": "188.00000", "2012-06-30": "212.00000", "2012-03-31": "230.00000", "2011-12-31": "243.00000", "2011-09-30": "249.00000", "2011-06-30": "239.00000", "2011-03-31": "261.00000", "2010-12-31": "250.00000", "2010-09-30": "236.00000", "2010-06-30": "229.00000", "2010-03-31": "219.00000", "2009-12-31": "239.00000", "2009-09-30": "221.00000", "2009-06-30": "247.00000", "2009-03-31": "287.00000", "2008-12-31": "317.00000", "2008-09-30": "315.00000", "2008-06-30": "335.00000", "2008-03-31": "337.00000", "2007-12-31": "323.00000", "2007-09-30": "346.00000", "2007-06-30": "356.00000", "2007-03-31": "335.00000", "2006-12-31": "294.00000", "2006-09-30": "279.00000", "2006-06-30": "309.00000", "2006-03-31": "256.00000", "2005-12-31": "317.02700", "2005-09-30": "258.74800", "2005-06-30": "228.51100", "2005-03-31": "211.71400"}, "Other Operating Income Or Expenses": {"2020-12-31": "", "2020-09-30": "", "2020-06-30": "", "2020-03-31": "", "2019-12-31": "", "2019-09-30": "", "2019-06-30": "", "2019-03-31": "60.00000", "2018-12-31": "", "2018-09-30": "", "2018-06-30": "", "2018-03-31": "", "2017-12-31": "", "2017-09-30": "", "2017-06-30": "25.00000", "2017-03-31": "27.00000", "2016-12-31": "31.00000", "2016-09-30": "24.00000", "2016-06-30": "26.00000", "2016-03-31": "7.00000", "2015-12-31": "", "2015-09-30": "", "2015-06-30": "", "2015-03-31": "", "2014-12-31": "", "2014-09-30": "", "2014-06-30": "", "2014-03-31": "", "2013-12-31": "", "2013-09-30": "", "2013-06-30": "", "2013-03-31": "", "2012-12-31": "", "2012-09-30": "", "2012-06-30": "", "2012-03-31": "", "2011-12-31": "", "2011-09-30": "", "2011-06-30": "", "2011-03-31": "", "2010-12-31": "", "2010-09-30": "", "2010-06-30": "", "2010-03-31": "", "2009-12-31": "", "2009-09-30": "", "2009-06-30": "", "2009-03-31": "", "2008-12-31": "", "2008-09-30": "", "2008-06-30": "193.00000", "2008-03-31": "", "2007-12-31": "", "2007-09-30": "", "2007-06-30": "", "2007-03-31": "", "2006-12-31": "", "2006-09-30": "", "2006-06-30": "", "2006-03-31": "", "2005-12-31": "", "2005-09-30": "", "2005-06-30": "", "2005-03-31": ""}, "Operating Expenses": {"2020-12-31": "2674.00000", "2020-09-30": "2352.00000", "2020-06-30": "1759.00000", "2020-03-31": "1609.00000", "2019-12-31": "1779.00000", "2019-09-30": "1615.00000", "2019-06-30": "1472.00000", "2019-03-31": "1234.00000", "2018-12-31": "1391.00000", "2018-09-30": "1503.00000", "2018-06-30": "1603.00000", "2018-03-31": "1527.00000", "2017-12-31": "1342.00000", "2017-09-30": "1465.00000", "2017-06-30": "1152.00000", "2017-03-31": "1167.00000", "2016-12-31": "1157.00000", "2016-09-30": "1600.00000", "2016-06-30": "1035.00000", "2016-03-31": "900.00000", "2015-12-31": "1007.00000", "2015-09-30": "1219.00000", "2015-06-30": "1079.00000", "2015-03-31": "1167.00000", "2014-12-31": "1569.00000", "2014-09-30": "1366.00000", "2014-06-30": "1378.00000", "2014-03-31": "1348.00000", "2013-12-31": "1454.00000", "2013-09-30": "1366.00000", "2013-06-30": "1190.00000", "2013-03-31": "1186.00000", "2012-12-31": "1577.00000", "2012-09-30": "1400.00000", "2012-06-30": "1336.00000", "2012-03-31": "2165.00000", "2011-12-31": "1620.00000", "2011-09-30": "1552.00000", "2011-06-30": "1469.00000", "2011-03-31": "1559.00000", "2010-12-31": "1236.00000", "2010-09-30": "1490.00000", "2010-06-30": "1528.00000", "2010-03-31": "1392.00000", "2009-12-31": "358.00000", "2009-09-30": "1473.00000", "2009-06-30": "1433.00000", "2009-03-31": "1475.00000", "2008-12-31": "2436.00000", "2008-09-30": "1675.00000", "2008-06-30": "1931.00000", "2008-03-31": "1721.00000", "2007-12-31": "2987.00000", "2007-09-30": "1739.00000", "2007-06-30": "1705.00000", "2007-03-31": "1737.00000", "2006-12-31": "2250.00000", "2006-09-30": "1207.00000", "2006-06-30": "1114.00000", "2006-03-31": "1073.00000", "2005-12-31": "1632.63900", "2005-09-30": "1444.02700", "2005-06-30": "1267.04900", "2005-03-31": "1272.28500"}, "Operating Income": {"2020-12-31": "570.00000", "2020-09-30": "449.00000", "2020-06-30": "173.00000", "2020-03-31": "177.00000", "2019-12-31": "348.00000", "2019-09-30": "186.00000", "2019-06-30": "59.00000", "2019-03-31": "38.00000", "2018-12-31": "28.00000", "2018-09-30": "150.00000", "2018-06-30": "153.00000", "2018-03-31": "120.00000", "2017-12-31": "-2.00000", "2017-09-30": "119.00000", "2017-06-30": "-1.00000", "2017-03-31": "11.00000", "2016-12-31": "-4.00000", "2016-09-30": "-293.00000", "2016-06-30": "-8.00000", "2016-03-31": "-68.00000", "2015-12-31": "-49.00000", "2015-09-30": "-158.00000", "2015-06-30": "-137.00000", "2015-03-31": "-137.00000", "2014-12-31": "-330.00000", "2014-09-30": "63.00000", "2014-06-30": "63.00000", "2014-03-31": "49.00000", "2013-12-31": "135.00000", "2013-09-30": "95.00000", "2013-06-30": "-29.00000", "2013-03-31": "-98.00000", "2012-12-31": "-422.00000", "2012-09-30": "-131.00000", "2012-06-30": "77.00000", "2012-03-31": "-580.00000", "2011-12-31": "71.00000", "2011-09-30": "138.00000", "2011-06-30": "105.00000", "2011-03-31": "54.00000", "2010-12-31": "413.00000", "2010-09-30": "128.00000", "2010-06-30": "125.00000", "2010-03-31": "182.00000", "2009-12-31": "1288.00000", "2009-09-30": "-77.00000", "2009-06-30": "-249.00000", "2009-03-31": "-298.00000", "2008-12-31": "-1274.00000", "2008-09-30": "122.00000", "2008-06-30": "-569.00000", "2008-03-31": "-234.00000", "2007-12-31": "-1229.00000", "2007-09-30": "-181.00000", "2007-06-30": "-396.00000", "2007-03-31": "-504.00000", "2006-12-31": "-499.00000", "2006-09-30": "121.00000", "2006-06-30": "102.00000", "2006-03-31": "259.00000", "2005-12-31": "206.06020", "2005-09-30": "78.72790", "2005-06-30": "-7.13100", "2005-03-31": "-45.65690"}, "Total Non-Operating Income/Expense": {"2020-12-31": "-24.00000", "2020-09-30": "-48.00000", "2020-06-30": "-13.00000", "2020-03-31": "-9.00000", "2019-12-31": "-143.00000", "2019-09-30": "-60.00000", "2019-06-30": "-22.00000", "2019-03-31": "-34.00000", "2018-12-31": "-25.00000", "2018-09-30": "-36.00000", "2018-06-30": "-30.00000", "2018-03-31": "-30.00000", "2017-12-31": "-29.00000", "2017-09-30": "-34.00000", "2017-06-30": "-35.00000", "2017-03-31": "-37.00000", "2016-12-31": "-41.00000", "2016-09-30": "-104.00000", "2016-06-30": "109.00000", "2016-03-31": "-40.00000", "2015-12-31": "-43.00000", "2015-09-30": "-39.00000", "2015-06-30": "-43.00000", "2015-03-31": "-40.00000", "2014-12-31": "-37.00000", "2014-09-30": "-44.00000", "2014-06-30": "-95.00000", "2014-03-31": "-67.00000", "2013-12-31": "-45.00000", "2013-09-30": "-44.00000", "2013-06-30": "-42.00000", "2013-03-31": "-46.00000", "2012-12-31": "-47.00000", "2012-09-30": "-26.00000", "2012-06-30": "-46.00000", "2012-03-31": "-42.00000", "2011-12-31": "-248.00000", "2011-09-30": "-46.00000", "2011-06-30": "-41.00000", "2011-03-31": "-34.00000", "2010-12-31": "-23.00000", "2010-09-30": "-59.00000", "2010-06-30": "-53.00000", "2010-03-31": "258.00000", "2009-12-31": "-97.00000", "2009-09-30": "-63.00000", "2009-06-30": "-96.00000", "2009-03-31": "", "2008-12-31": "-77.00000", "2008-09-30": "-100.00000", "2008-06-30": "-125.00000", "2008-03-31": "-87.00000", "2007-12-31": "-89.00000", "2007-09-30": "-143.00000", "2007-06-30": "-111.00000", "2007-03-31": "-84.00000", "2006-12-31": "17.00000", "2006-09-30": "-6.00000", "2006-06-30": "5.00000", "2006-03-31": "-39.00000", "2005-12-31": "-83.74500", "2005-09-30": "-3.33400", "2005-06-30": "15.35000", "2005-03-31": "-20.27100"}, "Pre-Tax Income": {"2020-12-31": "546.00000", "2020-09-30": "401.00000", "2020-06-30": "160.00000", "2020-03-31": "168.00000", "2019-12-31": "205.00000", "2019-09-30": "126.00000", "2019-06-30": "37.00000", "2019-03-31": "4.00000", "2018-12-31": "3.00000", "2018-09-30": "114.00000", "2018-06-30": "123.00000", "2018-03-31": "90.00000", "2017-12-31": "-31.00000", "2017-09-30": "85.00000", "2017-06-30": "-36.00000", "2017-03-31": "-26.00000", "2016-12-31": "-45.00000", "2016-09-30": "-397.00000", "2016-06-30": "101.00000", "2016-03-31": "-108.00000", "2015-12-31": "-92.00000", "2015-09-30": "-197.00000", "2015-06-30": "-180.00000", "2015-03-31": "-177.00000", "2014-12-31": "-367.00000", "2014-09-30": "19.00000", "2014-06-30": "-32.00000", "2014-03-31": "-18.00000", "2013-12-31": "90.00000", "2013-09-30": "51.00000", "2013-06-30": "-71.00000", "2013-03-31": "-144.00000", "2012-12-31": "-469.00000", "2012-09-30": "-157.00000", "2012-06-30": "31.00000", "2012-03-31": "-622.00000", "2011-12-31": "-177.00000", "2011-09-30": "92.00000", "2011-06-30": "64.00000", "2011-03-31": "20.00000", "2010-12-31": "390.00000", "2010-09-30": "69.00000", "2010-06-30": "72.00000", "2010-03-31": "440.00000", "2009-12-31": "1191.00000", "2009-09-30": "-140.00000", "2009-06-30": "-345.00000", "2009-03-31": "-298.00000", "2008-12-31": "-1351.00000", "2008-09-30": "22.00000", "2008-06-30": "-694.00000", "2008-03-31": "-321.00000", "2007-12-31": "-1318.00000", "2007-09-30": "-324.00000", "2007-06-30": "-507.00000", "2007-03-31": "-588.00000", "2006-12-31": "-482.00000", "2006-09-30": "115.00000", "2006-06-30": "107.00000", "2006-03-31": "220.00000", "2005-12-31": "122.31500", "2005-09-30": "75.39400", "2005-06-30": "8.21900", "2005-03-31": "-65.92800"}, "Income Taxes": {"2020-12-31": "-1232.00000", "2020-09-30": "12.00000", "2020-06-30": "4.00000", "2020-03-31": "6.00000", "2019-12-31": "35.00000", "2019-09-30": "7.00000", "2019-06-30": "2.00000", "2019-03-31": "-13.00000", "2018-12-31": "-35.00000", "2018-09-30": "12.00000", "2018-06-30": "6.00000", "2018-03-31": "8.00000", "2017-12-31": "-12.00000", "2017-09-30": "22.00000", "2017-06-30": "3.00000", "2017-03-31": "5.00000", "2016-12-31": "5.00000", "2016-09-30": "4.00000", "2016-06-30": "29.00000", "2016-03-31": "1.00000", "2015-12-31": "10.00000", "2015-09-30": "", "2015-06-30": "1.00000", "2015-03-31": "3.00000", "2014-12-31": "-3.00000", "2014-09-30": "2.00000", "2014-06-30": "4.00000", "2014-03-31": "2.00000", "2013-12-31": "1.00000", "2013-09-30": "3.00000", "2013-06-30": "3.00000", "2013-03-31": "2.00000", "2012-12-31": "4.00000", "2012-09-30": "", "2012-06-30": "-6.00000", "2012-03-31": "-32.00000", "2011-12-31": "-4.00000", "2011-09-30": "-5.00000", "2011-06-30": "3.00000", "2011-03-31": "2.00000", "2010-12-31": "42.00000", "2010-09-30": "1.00000", "2010-06-30": "-5.00000", "2010-03-31": "", "2009-12-31": "11.00000", "2009-09-30": "-5.00000", "2009-06-30": "-10.00000", "2009-03-31": "116.00000", "2008-12-31": "69.00000", "2008-09-30": "-1.00000", "2008-06-30": "", "2008-03-31": "", "2007-12-31": "-40.00000", "2007-09-30": "20.00000", "2007-06-30": "24.00000", "2007-03-31": "23.00000", "2006-12-31": "-9.00000", "2006-09-30": "-21.00000", "2006-06-30": "18.00000", "2006-03-31": "35.00000", "2005-12-31": "-1.64200", "2005-09-30": "-0.60600", "2005-06-30": "-3.10000", "2005-03-31": "-1.65200"}, "Income After Taxes": {"2020-12-31": "1778.00000", "2020-09-30": "389.00000", "2020-06-30": "156.00000", "2020-03-31": "162.00000", "2019-12-31": "170.00000", "2019-09-30": "119.00000", "2019-06-30": "35.00000", "2019-03-31": "17.00000", "2018-12-31": "38.00000", "2018-09-30": "102.00000", "2018-06-30": "117.00000", "2018-03-31": "82.00000", "2017-12-31": "-19.00000", "2017-09-30": "63.00000", "2017-06-30": "-39.00000", "2017-03-31": "-31.00000", "2016-12-31": "-50.00000", "2016-09-30": "-401.00000", "2016-06-30": "72.00000", "2016-03-31": "-109.00000", "2015-12-31": "-102.00000", "2015-09-30": "-197.00000", "2015-06-30": "-181.00000", "2015-03-31": "-180.00000", "2014-12-31": "-364.00000", "2014-09-30": "17.00000", "2014-06-30": "-36.00000", "2014-03-31": "-20.00000", "2013-12-31": "89.00000", "2013-09-30": "48.00000", "2013-06-30": "-74.00000", "2013-03-31": "-146.00000", "2012-12-31": "-473.00000", "2012-09-30": "-157.00000", "2012-06-30": "37.00000", "2012-03-31": "-590.00000", "2011-12-31": "-173.00000", "2011-09-30": "97.00000", "2011-06-30": "61.00000", "2011-03-31": "18.00000", "2010-12-31": "348.00000", "2010-09-30": "68.00000", "2010-06-30": "77.00000", "2010-03-31": "440.00000", "2009-12-31": "1180.00000", "2009-09-30": "-135.00000", "2009-06-30": "-335.00000", "2009-03-31": "-414.00000", "2008-12-31": "-1420.00000", "2008-09-30": "23.00000", "2008-06-30": "-694.00000", "2008-03-31": "-321.00000", "2007-12-31": "-1278.00000", "2007-09-30": "-344.00000", "2007-06-30": "-531.00000", "2007-03-31": "-611.00000", "2006-12-31": "-473.00000", "2006-09-30": "136.00000", "2006-06-30": "89.00000", "2006-03-31": "185.00000", "2005-12-31": "123.95700", "2005-09-30": "76.00000", "2005-06-30": "11.31900", "2005-03-31": "-64.27600"}, "Other Income": {"2020-12-31": "", "2020-09-30": "", "2020-06-30": "", "2020-03-31": "", "2019-12-31": "", "2019-09-30": "", "2019-06-30": "", "2019-03-31": "", "2018-12-31": "", "2018-09-30": "", "2018-06-30": "", "2018-03-31": "", "2017-12-31": "", "2017-09-30": "", "2017-06-30": "", "2017-03-31": "", "2016-12-31": "", "2016-09-30": "", "2016-06-30": "", "2016-03-31": "", "2015-12-31": "", "2015-09-30": "", "2015-06-30": "", "2015-03-31": "", "2014-12-31": "", "2014-09-30": "", "2014-06-30": "", "2014-03-31": "", "2013-12-31": "", "2013-09-30": "", "2013-06-30": "", "2013-03-31": "", "2012-12-31": "", "2012-09-30": "", "2012-06-30": "", "2012-03-31": "", "2011-12-31": "", "2011-09-30": "", "2011-06-30": "", "2011-03-31": "", "2010-12-31": "", "2010-09-30": "", "2010-06-30": "", "2010-03-31": "", "2009-12-31": "", "2009-09-30": "", "2009-06-30": "", "2009-03-31": "", "2008-12-31": "", "2008-09-30": "", "2008-06-30": "", "2008-03-31": "", "2007-12-31": "", "2007-09-30": "", "2007-06-30": "", "2007-03-31": "", "2006-12-31": "", "2006-09-30": "", "2006-06-30": "", "2006-03-31": "", "2005-12-31": "", "2005-09-30": "", "2005-06-30": "", "2005-03-31": ""}, "Income From Continuous Operations": {"2020-12-31": "1781.00000", "2020-09-30": "390.00000", "2020-06-30": "157.00000", "2020-03-31": "162.00000", "2019-12-31": "170.00000", "2019-09-30": "120.00000", "2019-06-30": "35.00000", "2019-03-31": "16.00000", "2018-12-31": "38.00000", "2018-09-30": "102.00000", "2018-06-30": "116.00000", "2018-03-31": "81.00000", "2017-12-31": "-19.00000", "2017-09-30": "61.00000", "2017-06-30": "-42.00000", "2017-03-31": "-33.00000", "2016-12-31": "-52.00000", "2016-09-30": "-406.00000", "2016-06-30": "69.00000", "2016-03-31": "-109.00000", "2015-12-31": "-102.00000", "2015-09-30": "-197.00000", "2015-06-30": "-181.00000", "2015-03-31": "-180.00000", "2014-12-31": "-364.00000", "2014-09-30": "17.00000", "2014-06-30": "-36.00000", "2014-03-31": "-20.00000", "2013-12-31": "89.00000", "2013-09-30": "48.00000", "2013-06-30": "-74.00000", "2013-03-31": "-146.00000", "2012-12-31": "-473.00000", "2012-09-30": "-157.00000", "2012-06-30": "37.00000", "2012-03-31": "-590.00000", "2011-12-31": "-173.00000", "2011-09-30": "97.00000", "2011-06-30": "61.00000", "2011-03-31": "510.00000", "2010-12-31": "375.00000", "2010-09-30": "-118.00000", "2010-06-30": "-43.00000", "2010-03-31": "257.00000", "2009-12-31": "1180.00000", "2009-09-30": "-135.00000", "2009-06-30": "-335.00000", "2009-03-31": "-414.00000", "2008-12-31": "-1420.00000", "2008-09-30": "23.00000", "2008-06-30": "-694.00000", "2008-03-31": "-321.00000", "2007-12-31": "-1322.00000", "2007-09-30": "-344.00000", "2007-06-30": "-531.00000", "2007-03-31": "-611.00000", "2006-12-31": "-546.00000", "2006-09-30": "136.00000", "2006-06-30": "89.00000", "2006-03-31": "185.00000", "2005-12-31": "95.10400", "2005-09-30": "76.00000", "2005-06-30": "11.31900", "2005-03-31": "-17.42300"}, "Income From Discontinued Operations": {"2020-12-31": "", "2020-09-30": "", "2020-06-30": "", "2020-03-31": "", "2019-12-31": "", "2019-09-30": "", "2019-06-30": "", "2019-03-31": "", "2018-12-31": "", "2018-09-30": "", "2018-06-30": "", "2018-03-31": "", "2017-12-31": "", "2017-09-30": "", "2017-06-30": "", "2017-03-31": "", "2016-12-31": "", "2016-09-30": "", "2016-06-30": "", "2016-03-31": "", "2015-12-31": "", "2015-09-30": "", "2015-06-30": "", "2015-03-31": "", "2014-12-31": "", "2014-09-30": "", "2014-06-30": "", "2014-03-31": "", "2013-12-31": "", "2013-09-30": "", "2013-06-30": "", "2013-03-31": "", "2012-12-31": "", "2012-09-30": "", "2012-06-30": "", "2012-03-31": "", "2011-12-31": "", "2011-09-30": "", "2011-06-30": "", "2011-03-31": "", "2010-12-31": "", "2010-09-30": "", "2010-06-30": "", "2010-03-31": "", "2009-12-31": "", "2009-09-30": "", "2009-06-30": "", "2009-03-31": "", "2008-12-31": "-10.00000", "2008-09-30": "-150.00000", "2008-06-30": "-494.00000", "2008-03-31": "-30.00000", "2007-12-31": "-430.00000", "2007-09-30": "-52.00000", "2007-06-30": "-69.00000", "2007-03-31": "", "2006-12-31": "", "2006-09-30": "", "2006-06-30": "", "2006-03-31": "", "2005-12-31": "", "2005-09-30": "", "2005-06-30": "", "2005-03-31": ""}, "Net Income": {"2020-12-31": "1781.00000", "2020-09-30": "390.00000", "2020-06-30": "157.00000", "2020-03-31": "162.00000", "2019-12-31": "170.00000", "2019-09-30": "120.00000", "2019-06-30": "35.00000", "2019-03-31": "16.00000", "2018-12-31": "38.00000", "2018-09-30": "102.00000", "2018-06-30": "116.00000", "2018-03-31": "81.00000", "2017-12-31": "-19.00000", "2017-09-30": "61.00000", "2017-06-30": "-42.00000", "2017-03-31": "-33.00000", "2016-12-31": "-52.00000", "2016-09-30": "-406.00000", "2016-06-30": "69.00000", "2016-03-31": "-109.00000", "2015-12-31": "-102.00000", "2015-09-30": "-197.00000", "2015-06-30": "-181.00000", "2015-03-31": "-180.00000", "2014-12-31": "-364.00000", "2014-09-30": "17.00000", "2014-06-30": "-36.00000", "2014-03-31": "-20.00000", "2013-12-31": "89.00000", "2013-09-30": "48.00000", "2013-06-30": "-74.00000", "2013-03-31": "-146.00000", "2012-12-31": "-473.00000", "2012-09-30": "-157.00000", "2012-06-30": "37.00000", "2012-03-31": "-590.00000", "2011-12-31": "-177.00000", "2011-09-30": "97.00000", "2011-06-30": "61.00000", "2011-03-31": "510.00000", "2010-12-31": "375.00000", "2010-09-30": "-118.00000", "2010-06-30": "-43.00000", "2010-03-31": "257.00000", "2009-12-31": "1178.00000", "2009-09-30": "-128.00000", "2009-06-30": "-330.00000", "2009-03-31": "-416.00000", "2008-12-31": "-1436.00000", "2008-09-30": "-134.00000", "2008-06-30": "-1195.00000", "2008-03-31": "-364.00000", "2007-12-31": "-1787.00000", "2007-09-30": "-396.00000", "2007-06-30": "-600.00000", "2007-03-31": "-611.00000", "2006-12-31": "-576.00000", "2006-09-30": "136.00000", "2006-06-30": "89.00000", "2006-03-31": "185.00000", "2005-12-31": "95.10400", "2005-09-30": "76.00000", "2005-06-30": "11.31900", "2005-03-31": "-17.42300"}, "EBITDA": {"2020-12-31": "673.00000", "2020-09-30": "546.00000", "2020-06-30": "259.00000", "2020-03-31": "259.00000", "2019-12-31": "426.00000", "2019-09-30": "262.00000", "2019-06-30": "129.00000", "2019-03-31": "102.00000", "2018-12-31": "80.00000", "2018-09-30": "200.00000", "2018-06-30": "205.00000", "2018-03-31": "174.00000", "2017-12-31": "46.00000", "2017-09-30": "164.00000", "2017-06-30": "43.00000", "2017-03-31": "54.00000", "2016-12-31": "51.00000", "2016-09-30": "-260.00000", "2016-06-30": "25.00000", "2016-03-31": "-35.00000", "2015-12-31": "-4.00000", "2015-09-30": "-116.00000", "2015-06-30": "-92.00000", "2015-03-31": "-91.00000", "2014-12-31": "-282.00000", "2014-09-30": "112.00000", "2014-06-30": "116.00000", "2014-03-31": "102.00000", "2013-12-31": "189.00000", "2013-09-30": "152.00000", "2013-06-30": "30.00000", "2013-03-31": "-32.00000", "2012-12-31": "-356.00000", "2012-09-30": "-65.00000", "2012-06-30": "142.00000", "2012-03-31": "-517.00000", "2011-12-31": "141.00000", "2011-09-30": "217.00000", "2011-06-30": "185.00000", "2011-03-31": "142.00000", "2010-12-31": "502.00000", "2010-09-30": "222.00000", "2010-06-30": "225.00000", "2010-03-31": "282.00000", "2009-12-31": "1540.00000", "2009-09-30": "180.00000", "2009-06-30": "6.00000", "2009-03-31": "-44.00000", "2008-12-31": "-322.00000", "2008-09-30": "516.00000", "2008-06-30": "593.00000", "2008-03-31": "61.00000", "2007-12-31": "670.00000", "2007-09-30": "106.00000", "2007-06-30": "-150.00000", "2007-03-31": "-190.00000", "2006-12-31": "-380.00000", "2006-09-30": "322.00000", "2006-06-30": "294.00000", "2006-03-31": "433.00000", "2005-12-31": "388.97420", "2005-09-30": "369.47790", "2005-06-30": "311.32400", "2005-03-31": "287.22410"}, "EBIT": {"2020-12-31": "570.00000", "2020-09-30": "449.00000", "2020-06-30": "173.00000", "2020-03-31": "177.00000", "2019-12-31": "348.00000", "2019-09-30": "186.00000", "2019-06-30": "59.00000", "2019-03-31": "38.00000", "2018-12-31": "28.00000", "2018-09-30": "150.00000", "2018-06-30": "153.00000", "2018-03-31": "120.00000", "2017-12-31": "-2.00000", "2017-09-30": "119.00000", "2017-06-30": "-1.00000", "2017-03-31": "11.00000", "2016-12-31": "-4.00000", "2016-09-30": "-293.00000", "2016-06-30": "-8.00000", "2016-03-31": "-68.00000", "2015-12-31": "-49.00000", "2015-09-30": "-158.00000", "2015-06-30": "-137.00000", "2015-03-31": "-137.00000", "2014-12-31": "-330.00000", "2014-09-30": "63.00000", "2014-06-30": "63.00000", "2014-03-31": "49.00000", "2013-12-31": "135.00000", "2013-09-30": "95.00000", "2013-06-30": "-29.00000", "2013-03-31": "-98.00000", "2012-12-31": "-422.00000", "2012-09-30": "-131.00000", "2012-06-30": "77.00000", "2012-03-31": "-580.00000", "2011-12-31": "71.00000", "2011-09-30": "138.00000", "2011-06-30": "105.00000", "2011-03-31": "54.00000", "2010-12-31": "413.00000", "2010-09-30": "128.00000", "2010-06-30": "125.00000", "2010-03-31": "182.00000", "2009-12-31": "1288.00000", "2009-09-30": "-77.00000", "2009-06-30": "-249.00000", "2009-03-31": "-298.00000", "2008-12-31": "-1274.00000", "2008-09-30": "122.00000", "2008-06-30": "-569.00000", "2008-03-31": "-234.00000", "2007-12-31": "-1229.00000", "2007-09-30": "-181.00000", "2007-06-30": "-396.00000", "2007-03-31": "-504.00000", "2006-12-31": "-499.00000", "2006-09-30": "121.00000", "2006-06-30": "102.00000", "2006-03-31": "259.00000", "2005-12-31": "206.05990", "2005-09-30": "78.72790", "2005-06-30": "-7.13100", "2005-03-31": "-45.65690"}, "Basic Shares Outstanding": {"2020-12-31": "1184.00000", "2020-09-30": "1184.00000", "2020-06-30": "1174.00000", "2020-03-31": "1170.00000", "2019-12-31": "1091.00000", "2019-09-30": "1097.00000", "2019-06-30": "1084.00000", "2019-03-31": "1044.00000", "2018-12-31": "982.00000", "2018-09-30": "987.00000", "2018-06-30": "972.00000", "2018-03-31": "968.00000", "2017-12-31": "952.00000", "2017-09-30": "957.00000", "2017-06-30": "945.00000", "2017-03-31": "939.00000", "2016-12-31": "835.00000", "2016-09-30": "815.00000", "2016-06-30": "794.00000", "2016-03-31": "793.00000", "2015-12-31": "783.00000", "2015-09-30": "785.00000", "2015-06-30": "778.00000", "2015-03-31": "777.00000", "2014-12-31": "768.00000", "2014-09-30": "770.00000", "2014-06-30": "764.00000", "2014-03-31": "761.00000", "2013-12-31": "754.00000", "2013-09-30": "757.00000", "2013-06-30": "752.00000", "2013-03-31": "749.00000", "2012-12-31": "741.00000", "2012-09-30": "745.00000", "2012-06-30": "739.00000", "2012-03-31": "734.00000", "2011-12-31": "727.00000", "2011-09-30": "729.00000", "2011-06-30": "724.00000", "2011-03-31": "720.00000", "2010-12-31": "711.00000", "2010-09-30": "713.00000", "2010-06-30": "709.00000", "2010-03-31": "707.00000", "2009-12-31": "673.00000", "2009-09-30": "694.00000", "2009-06-30": "667.00000", "2009-03-31": "626.00000", "2008-12-31": "607.00000", "2008-09-30": "608.00000", "2008-06-30": "607.00000", "2008-03-31": "606.00000", "2007-12-31": "558.00000", "2007-09-30": "554.00000", "2007-06-30": "552.00000", "2007-03-31": "549.00000", "2006-12-31": "492.00000", "2006-09-30": "486.00000", "2006-06-30": "485.00000", "2006-03-31": "464.00000", "2005-12-31": "400.00000", "2005-09-30": "399.02500", "2005-06-30": "395.41400", "2005-03-31": "393.07700"}, "Shares Outstanding": {"2020-12-31": "1207.00000", "2020-09-30": "1215.00000", "2020-06-30": "1227.00000", "2020-03-31": "1224.00000", "2019-12-31": "1120.00000", "2019-09-30": "1117.00000", "2019-06-30": "1109.00000", "2019-03-31": "1094.00000", "2018-12-31": "1064.00000", "2018-09-30": "1076.00000", "2018-06-30": "1147.00000", "2018-03-31": "1039.00000", "2017-12-31": "952.00000", "2017-09-30": "1042.00000", "2017-06-30": "945.00000", "2017-03-31": "939.00000", "2016-12-31": "835.00000", "2016-09-30": "815.00000", "2016-06-30": "821.00000", "2016-03-31": "793.00000", "2015-12-31": "783.00000", "2015-09-30": "785.00000", "2015-06-30": "778.00000", "2015-03-31": "777.00000", "2014-12-31": "768.00000", "2014-09-30": "785.00000", "2014-06-30": "764.00000", "2014-03-31": "761.00000", "2013-12-31": "754.00000", "2013-09-30": "764.00000", "2013-06-30": "752.00000", "2013-03-31": "749.00000", "2012-12-31": "741.00000", "2012-09-30": "745.00000", "2012-06-30": "755.00000", "2012-03-31": "734.00000", "2011-12-31": "742.00000", "2011-09-30": "741.00000", "2011-06-30": "743.00000", "2011-03-31": "764.00000", "2010-12-31": "733.00000", "2010-09-30": "713.00000", "2010-06-30": "709.00000", "2010-03-31": "754.00000", "2009-12-31": "678.00000", "2009-09-30": "694.00000", "2009-06-30": "667.00000", "2009-03-31": "626.00000", "2008-12-31": "607.00000", "2008-09-30": "608.00000", "2008-06-30": "607.00000", "2008-03-31": "606.00000", "2007-12-31": "558.00000", "2007-09-30": "554.00000", "2007-06-30": "552.00000", "2007-03-31": "549.00000", "2006-12-31": "492.00000", "2006-09-30": "497.00000", "2006-06-30": "500.00000", "2006-03-31": "495.00000", "2005-12-31": "441.00000", "2005-09-30": "443.68100", "2005-06-30": "405.73900", "2005-03-31": "393.07700"}, "Basic EPS": {"2020-12-31": "1.50000", "2020-09-30": "0.33000", "2020-06-30": "0.13000", "2020-03-31": "0.14000", "2019-12-31": "0.16000", "2019-09-30": "0.11000", "2019-06-30": "0.03000", "2019-03-31": "0.01000", "2018-12-31": "0.04000", "2018-09-30": "0.10000", "2018-06-30": "0.12000", "2018-03-31": "0.08000", "2017-12-31": "-0.01000", "2017-09-30": "0.06000", "2017-06-30": "-0.04000", "2017-03-31": "-0.04000", "2016-12-31": "-0.05000", "2016-09-30": "-0.50000", "2016-06-30": "0.09000", "2016-03-31": "-0.14000", "2015-12-31": "-0.13000", "2015-09-30": "-0.25000", "2015-06-30": "-0.23000", "2015-03-31": "-0.23000", "2014-12-31": "-0.47000", "2014-09-30": "0.02000", "2014-06-30": "-0.05000", "2014-03-31": "-0.03000", "2013-12-31": "0.12000", "2013-09-30": "0.06000", "2013-06-30": "-0.10000", "2013-03-31": "-0.19000", "2012-12-31": "-0.64000", "2012-09-30": "-0.21000", "2012-06-30": "0.05000", "2012-03-31": "-0.80000", "2011-12-31": "-0.24000", "2011-09-30": "0.13000", "2011-06-30": "0.08000", "2011-03-31": "0.71000", "2010-12-31": "0.53000", "2010-09-30": "-0.17000", "2010-06-30": "-0.06000", "2010-03-31": "0.36000", "2009-12-31": "1.79000", "2009-09-30": "-0.18000", "2009-06-30": "-0.49000", "2009-03-31": "-0.66000", "2008-12-31": "-2.36000", "2008-09-30": "-0.22000", "2008-06-30": "-1.97000", "2008-03-31": "-0.60000", "2007-12-31": "-3.17000", "2007-09-30": "-0.71000", "2007-06-30": "-1.09000", "2007-03-31": "-1.11000", "2006-12-31": "-1.20000", "2006-09-30": "0.28000", "2006-06-30": "0.18000", "2006-03-31": "0.40000", "2005-12-31": "0.23000", "2005-09-30": "0.19000", "2005-06-30": "0.03000", "2005-03-31": "-0.04000"}, "EPS - Earnings Per Share": {"2020-12-31": "1.47000", "2020-09-30": "0.32000", "2020-06-30": "0.13000", "2020-03-31": "0.14000", "2019-12-31": "0.15000", "2019-09-30": "0.11000", "2019-06-30": "0.03000", "2019-03-31": "0.01000", "2018-12-31": "0.04000", "2018-09-30": "0.09000", "2018-06-30": "0.11000", "2018-03-31": "0.08000", "2017-12-31": "-0.01000", "2017-09-30": "0.06000", "2017-06-30": "-0.04000", "2017-03-31": "-0.04000", "2016-12-31": "-0.04000", "2016-09-30": "-0.50000", "2016-06-30": "0.08000", "2016-03-31": "-0.14000", "2015-12-31": "-0.13000", "2015-09-30": "-0.25000", "2015-06-30": "-0.23000", "2015-03-31": "-0.23000", "2014-12-31": "-0.47000", "2014-09-30": "0.02000", "2014-06-30": "-0.05000", "2014-03-31": "-0.03000", "2013-12-31": "0.12000", "2013-09-30": "0.06000", "2013-06-30": "-0.10000", "2013-03-31": "-0.19000", "2012-12-31": "-0.64000", "2012-09-30": "-0.21000", "2012-06-30": "0.05000", "2012-03-31": "-0.80000", "2011-12-31": "-0.23000", "2011-09-30": "0.13000", "2011-06-30": "0.08000", "2011-03-31": "0.68000", "2010-12-31": "0.52000", "2010-09-30": "-0.17000", "2010-06-30": "-0.06000", "2010-03-31": "0.35000", "2009-12-31": "1.78000", "2009-09-30": "-0.18000", "2009-06-30": "-0.49000", "2009-03-31": "-0.66000", "2008-12-31": "-2.36000", "2008-09-30": "-0.22000", "2008-06-30": "-1.97000", "2008-03-31": "-0.60000", "2007-12-31": "-3.17000", "2007-09-30": "-0.71000", "2007-06-30": "-1.09000", "2007-03-31": "-1.11000", "2006-12-31": "-1.17000", "2006-09-30": "0.27000", "2006-06-30": "0.18000", "2006-03-31": "0.38000", "2005-12-31": "0.23000", "2005-09-30": "0.18000", "2005-06-30": "0.03000", "2005-03-31": "-0.04000"}}, "balance sheet": {"Cash On Hand": {"2020-12-31": "2290.00000", "2019-12-31": "1503.00000", "2018-12-31": "1156.00000", "2017-12-31": "1185.00000", "2016-12-31": "1264.00000", "2015-12-31": "785.00000", "2014-12-31": "1040.00000", "2013-12-31": "1097.00000", "2012-12-31": "1002.00000", "2011-12-31": "1765.00000", "2010-12-31": "1789.00000", "2009-12-31": "2676.00000", "2008-12-31": "1096.00000", "2007-12-31": "1889.00000", "2006-12-31": "1541.00000", "2005-12-31": "1795.00000"}, "Receivables": {"2020-12-31": "2076.00000", "2019-12-31": "1879.00000", "2018-12-31": "1235.00000", "2017-12-31": "454.00000", "2016-12-31": "311.00000", "2015-12-31": "533.00000", "2014-12-31": "818.00000", "2013-12-31": "832.00000", "2012-12-31": "630.00000", "2011-12-31": "919.00000", "2010-12-31": "968.00000", "2009-12-31": "745.00000", "2008-12-31": "320.00000", "2007-12-31": "640.00000", "2006-12-31": "1140.00000", "2005-12-31": "948.00000"}, "Inventory": {"2020-12-31": "1399.00000", "2019-12-31": "982.00000", "2018-12-31": "845.00000", "2017-12-31": "694.00000", "2016-12-31": "751.00000", "2015-12-31": "678.00000", "2014-12-31": "685.00000", "2013-12-31": "884.00000", "2012-12-31": "562.00000", "2011-12-31": "476.00000", "2010-12-31": "632.00000", "2009-12-31": "567.00000", "2008-12-31": "656.00000", "2007-12-31": "810.00000", "2006-12-31": "814.00000", "2005-12-31": "389.00000"}, "Pre-Paid Expenses": {"2020-12-31": "378.00000", "2019-12-31": "233.00000", "2018-12-31": "304.00000", "2017-12-31": "110.00000", "2016-12-31": "95.00000", "2015-12-31": "76.00000", "2014-12-31": "145.00000", "2013-12-31": "71.00000", "2012-12-31": "71.00000", "2011-12-31": "69.00000", "2010-12-31": "205.00000", "2009-12-31": "287.00000", "2008-12-31": "279.00000", "2007-12-31": "401.00000", "2006-12-31": "443.00000", "2005-12-31": "334.00000"}, "Other Current Assets": {"2020-12-31": "", "2019-12-31": "", "2018-12-31": "", "2017-12-31": "191.00000", "2016-12-31": "109.00000", "2015-12-31": "248.00000", "2014-12-31": "48.00000", "2013-12-31": "", "2012-12-31": "", "2011-12-31": "", "2010-12-31": "", "2009-12-31": "", "2008-12-31": "", "2007-12-31": "", "2006-12-31": "", "2005-12-31": ""}, "Total Current Assets": {"2020-12-31": "6143.00000", "2019-12-31": "4597.00000", "2018-12-31": "3540.00000", "2017-12-31": "2634.00000", "2016-12-31": "2530.00000", "2015-12-31": "2320.00000", "2014-12-31": "2736.00000", "2013-12-31": "2884.00000", "2012-12-31": "2265.00000", "2011-12-31": "3229.00000", "2010-12-31": "3594.00000", "2009-12-31": "4275.00000", "2008-12-31": "2379.00000", "2007-12-31": "4563.00000", "2006-12-31": "3963.00000", "2005-12-31": "3559.00000"}, "Property, Plant, And Equipment": {"2020-12-31": "641.00000", "2019-12-31": "500.00000", "2018-12-31": "348.00000", "2017-12-31": "261.00000", "2016-12-31": "164.00000", "2015-12-31": "188.00000", "2014-12-31": "302.00000", "2013-12-31": "346.00000", "2012-12-31": "658.00000", "2011-12-31": "726.00000", "2010-12-31": "700.00000", "2009-12-31": "3809.00000", "2008-12-31": "4296.00000", "2007-12-31": "4716.00000", "2006-12-31": "3987.00000", "2005-12-31": "2701.00000"}, "Long-Term Investments": {"2020-12-31": "63.00000", "2019-12-31": "58.00000", "2018-12-31": "58.00000", "2017-12-31": "58.00000", "2016-12-31": "59.00000", "2015-12-31": "", "2014-12-31": "", "2013-12-31": "90.00000", "2012-12-31": "181.00000", "2011-12-31": "427.00000", "2010-12-31": "", "2009-12-31": "", "2008-12-31": "", "2007-12-31": "", "2006-12-31": "371.00000", "2005-12-31": "721.00000"}, "Goodwill And Intangible Assets": {"2020-12-31": "289.00000", "2019-12-31": "289.00000", "2018-12-31": "289.00000", "2017-12-31": "289.00000", "2016-12-31": "289.00000", "2015-12-31": "278.00000", "2014-12-31": "385.00000", "2013-12-31": "631.00000", "2012-12-31": "649.00000", "2011-12-31": "331.00000", "2010-12-31": "323.00000", "2009-12-31": "421.00000", "2008-12-31": "491.00000", "2007-12-31": "1751.00000", "2006-12-31": "4424.00000", "2005-12-31": ""}, "Other Long-Term Assets": {"2020-12-31": "373.00000", "2019-12-31": "357.00000", "2018-12-31": "321.00000", "2017-12-31": "310.00000", "2016-12-31": "279.00000", "2015-12-31": "298.00000", "2014-12-31": "344.00000", "2013-12-31": "386.00000", "2012-12-31": "247.00000", "2011-12-31": "241.00000", "2010-12-31": "347.00000", "2009-12-31": "573.00000", "2008-12-31": "506.00000", "2007-12-31": "520.00000", "2006-12-31": "402.00000", "2005-12-31": "304.00000"}, "Total Long-Term Assets": {"2020-12-31": "2819.00000", "2019-12-31": "1431.00000", "2018-12-31": "1016.00000", "2017-12-31": "918.00000", "2016-12-31": "791.00000", "2015-12-31": "764.00000", "2014-12-31": "1031.00000", "2013-12-31": "1453.00000", "2012-12-31": "1735.00000", "2011-12-31": "1725.00000", "2010-12-31": "1370.00000", "2009-12-31": "4803.00000", "2008-12-31": "5293.00000", "2007-12-31": "6987.00000", "2006-12-31": "9184.00000", "2005-12-31": "3729.00000"}, "Total Assets": {"2020-12-31": "8962.00000", "2019-12-31": "6028.00000", "2018-12-31": "4556.00000", "2017-12-31": "3552.00000", "2016-12-31": "3321.00000", "2015-12-31": "3084.00000", "2014-12-31": "3767.00000", "2013-12-31": "4337.00000", "2012-12-31": "4000.00000", "2011-12-31": "4954.00000", "2010-12-31": "4964.00000", "2009-12-31": "9078.00000", "2008-12-31": "7672.00000", "2007-12-31": "11550.00000", "2006-12-31": "13147.00000", "2005-12-31": "7288.00000"}, "Total Current Liabilities": {"2020-12-31": "2417.00000", "2019-12-31": "2359.00000", "2018-12-31": "1984.00000", "2017-12-31": "1513.00000", "2016-12-31": "1346.00000", "2015-12-31": "1403.00000", "2014-12-31": "1440.00000", "2013-12-31": "1618.00000", "2012-12-31": "1397.00000", "2011-12-31": "1774.00000", "2010-12-31": "1674.00000", "2009-12-31": "2210.00000", "2008-12-31": "2226.00000", "2007-12-31": "2625.00000", "2006-12-31": "2905.00000", "2005-12-31": "1822.00000"}, "Long Term Debt": {"2020-12-31": "330.00000", "2019-12-31": "486.00000", "2018-12-31": "1114.00000", "2017-12-31": "1325.00000", "2016-12-31": "1435.00000", "2015-12-31": "2007.00000", "2014-12-31": "2035.00000", "2013-12-31": "1998.00000", "2012-12-31": "2037.00000", "2011-12-31": "1527.00000", "2010-12-31": "2188.00000", "2009-12-31": "4252.00000", "2008-12-31": "4490.00000", "2007-12-31": "5031.00000", "2006-12-31": "3672.00000", "2005-12-31": "1327.00000"}, "Other Non-Current Liabilities": {"2020-12-31": "177.00000", "2019-12-31": "157.00000", "2018-12-31": "192.00000", "2017-12-31": "118.00000", "2016-12-31": "124.00000", "2015-12-31": "86.00000", "2014-12-31": "105.00000", "2013-12-31": "177.00000", "2012-12-31": "28.00000", "2011-12-31": "63.00000", "2010-12-31": "89.00000", "2009-12-31": "892.00000", "2008-12-31": "569.00000", "2007-12-31": "633.00000", "2006-12-31": "517.00000", "2005-12-31": "459.00000"}, "Total Long Term Liabilities": {"2020-12-31": "708.00000", "2019-12-31": "842.00000", "2018-12-31": "1306.00000", "2017-12-31": "1443.00000", "2016-12-31": "1559.00000", "2015-12-31": "2093.00000", "2014-12-31": "2140.00000", "2013-12-31": "2175.00000", "2012-12-31": "2065.00000", "2011-12-31": "1590.00000", "2010-12-31": "2277.00000", "2009-12-31": "6220.00000", "2008-12-31": "5319.00000", "2007-12-31": "5935.00000", "2006-12-31": "4457.00000", "2005-12-31": "2114.00000"}, "Total Liabilities": {"2020-12-31": "3125.00000", "2019-12-31": "3201.00000", "2018-12-31": "3290.00000", "2017-12-31": "2956.00000", "2016-12-31": "2905.00000", "2015-12-31": "3496.00000", "2014-12-31": "3580.00000", "2013-12-31": "3793.00000", "2012-12-31": "3462.00000", "2011-12-31": "3364.00000", "2010-12-31": "3951.00000", "2009-12-31": "8430.00000", "2008-12-31": "7545.00000", "2007-12-31": "8560.00000", "2006-12-31": "7362.00000", "2005-12-31": "3936.00000"}, "Common Stock Net": {"2020-12-31": "12.00000", "2019-12-31": "12.00000", "2018-12-31": "10.00000", "2017-12-31": "9.00000", "2016-12-31": "9.00000", "2015-12-31": "8.00000", "2014-12-31": "8.00000", "2013-12-31": "7.00000", "2012-12-31": "7.00000", "2011-12-31": "7.00000", "2010-12-31": "7.00000", "2009-12-31": "7.00000", "2008-12-31": "6.00000", "2007-12-31": "6.00000", "2006-12-31": "5.00000", "2005-12-31": "4.00000"}, "Retained Earnings (Accumulated Deficit)": {"2020-12-31": "-4605.00000", "2019-12-31": "-7095.00000", "2018-12-31": "-7436.00000", "2017-12-31": "-7775.00000", "2016-12-31": "-7803.00000", "2015-12-31": "-7306.00000", "2014-12-31": "-6646.00000", "2013-12-31": "-6243.00000", "2012-12-31": "-6160.00000", "2011-12-31": "-4977.00000", "2010-12-31": "-5468.00000", "2009-12-31": "-5939.00000", "2008-12-31": "-6244.00000", "2007-12-31": "-3100.00000", "2006-12-31": "308.00000", "2005-12-31": "474.00000"}, "Comprehensive Income": {"2020-12-31": "17.00000", "2019-12-31": "", "2018-12-31": "-8.00000", "2017-12-31": "6.00000", "2016-12-31": "-5.00000", "2015-12-31": "-8.00000", "2014-12-31": "-5.00000", "2013-12-31": "-2.00000", "2012-12-31": "-3.00000", "2011-12-31": "-5.00000", "2010-12-31": "1.00000", "2009-12-31": "154.00000", "2008-12-31": "108.00000", "2007-12-31": "163.00000", "2006-12-31": "156.00000", "2005-12-31": "164.00000"}, "Other Share Holders Equity": {"2020-12-31": "", "2019-12-31": "", "2018-12-31": "", "2017-12-31": "", "2016-12-31": "", "2015-12-31": "", "2014-12-31": "", "2013-12-31": "", "2012-12-31": "", "2011-12-31": "", "2010-12-31": "", "2009-12-31": "", "2008-12-31": "", "2007-12-31": "", "2006-12-31": "", "2005-12-31": ""}, "Share Holder Equity": {"2020-12-31": "5837.00000", "2019-12-31": "2827.00000", "2018-12-31": "1266.00000", "2017-12-31": "596.00000", "2016-12-31": "416.00000", "2015-12-31": "-412.00000", "2014-12-31": "187.00000", "2013-12-31": "544.00000", "2012-12-31": "538.00000", "2011-12-31": "1590.00000", "2010-12-31": "1013.00000", "2009-12-31": "648.00000", "2008-12-31": "127.00000", "2007-12-31": "2990.00000", "2006-12-31": "5785.00000", "2005-12-31": "3352.00000"}, "Total Liabilities And Share Holders Equity": {"2020-12-31": "8962.00000", "2019-12-31": "6028.00000", "2018-12-31": "4556.00000", "2017-12-31": "3552.00000", "2016-12-31": "3321.00000", "2015-12-31": "3084.00000", "2014-12-31": "3767.00000", "2013-12-31": "4337.00000", "2012-12-31": "4000.00000", "2011-12-31": "4954.00000", "2010-12-31": "4964.00000", "2009-12-31": "9078.00000", "2008-12-31": "7672.00000", "2007-12-31": "11550.00000", "2006-12-31": "13147.00000", "2005-12-31": "7288.00000"}}, "balance sheet, quarterly": {"Cash On Hand": {"2020-12-31": "2290.00000", "2020-09-30": "1771.00000", "2020-06-30": "1775.00000", "2020-03-31": "1385.00000", "2019-12-31": "1503.00000", "2019-09-30": "1209.00000", "2019-06-30": "1128.00000", "2019-03-31": "1194.00000", "2018-12-31": "1156.00000", "2018-09-30": "1056.00000", "2018-06-30": "983.00000", "2018-03-31": "1045.00000", "2017-12-31": "1185.00000", "2017-09-30": "879.00000", "2017-06-30": "844.00000", "2017-03-31": "943.00000", "2016-12-31": "1264.00000", "2016-09-30": "1258.00000", "2016-06-30": "957.00000", "2016-03-31": "716.00000", "2015-12-31": "785.00000", "2015-09-30": "755.00000", "2015-06-30": "829.00000", "2015-03-31": "906.00000", "2014-12-31": "1040.00000", "2014-09-30": "938.00000", "2014-06-30": "948.00000", "2014-03-31": "902.00000", "2013-12-31": "1097.00000", "2013-09-30": "1060.00000", "2013-06-30": "968.00000", "2013-03-31": "1003.00000", "2012-12-31": "1002.00000", "2012-09-30": "1300.00000", "2012-06-30": "1579.00000", "2012-03-31": "1544.00000", "2011-12-31": "1765.00000", "2011-09-30": "1807.00000", "2011-06-30": "1861.00000", "2011-03-31": "1745.00000", "2010-12-31": "1789.00000", "2010-09-30": "1726.00000", "2010-06-30": "1896.00000", "2010-03-31": "1932.00000", "2009-12-31": "2676.00000", "2009-09-30": "2511.00000", "2009-06-30": "2514.00000", "2009-03-31": "2719.00000", "2008-12-31": "1096.00000", "2008-09-30": "1341.00000", "2008-06-30": "1567.00000", "2008-03-31": "1753.00000", "2007-12-31": "1889.00000", "2007-09-30": "1528.00000", "2007-06-30": "1594.00000", "2007-03-31": "1167.00000", "2006-12-31": "1541.00000", "2006-09-30": "2356.90300", "2006-06-30": "2530.06200", "2006-03-31": "2632.66300", "2005-12-31": "1795.00000", "2005-09-30": "1342.16700", "2005-06-30": "1220.06400", "2005-03-31": "1084.80900"}, "Receivables": {"2020-12-31": "2076.00000", "2020-09-30": "2138.00000", "2020-06-30": "1799.00000", "2020-03-31": "1691.00000", "2019-12-31": "1879.00000", "2019-09-30": "1393.00000", "2019-06-30": "1333.00000", "2019-03-31": "1241.00000", "2018-12-31": "1235.00000", "2018-09-30": "1207.00000", "2018-06-30": "1118.00000", "2018-03-31": "738.00000", "2017-12-31": "454.00000", "2017-09-30": "771.00000", "2017-06-30": "614.00000", "2017-03-31": "494.00000", "2016-12-31": "311.00000", "2016-09-30": "640.00000", "2016-06-30": "671.00000", "2016-03-31": "508.00000", "2015-12-31": "533.00000", "2015-09-30": "648.00000", "2015-06-30": "687.00000", "2015-03-31": "771.00000", "2014-12-31": "818.00000", "2014-09-30": "973.00000", "2014-06-30": "872.00000", "2014-03-31": "840.00000", "2013-12-31": "832.00000", "2013-09-30": "873.00000", "2013-06-30": "670.00000", "2013-03-31": "645.00000", "2012-12-31": "630.00000", "2012-09-30": "683.00000", "2012-06-30": "744.00000", "2012-03-31": "962.00000", "2011-12-31": "919.00000", "2011-09-30": "908.00000", "2011-06-30": "759.00000", "2011-03-31": "797.00000", "2010-12-31": "968.00000", "2010-09-30": "765.00000", "2010-06-30": "725.00000", "2010-03-31": "675.00000", "2009-12-31": "745.00000", "2009-09-30": "572.00000", "2009-06-30": "366.00000", "2009-03-31": "414.00000", "2008-12-31": "320.00000", "2008-09-30": "620.00000", "2008-06-30": "437.00000", "2008-03-31": "538.00000", "2007-12-31": "640.00000", "2007-09-30": "682.00000", "2007-06-30": "665.00000", "2007-03-31": "680.00000", "2006-12-31": "1140.00000", "2006-09-30": "709.21600", "2006-06-30": "592.26400", "2006-03-31": "858.82300", "2005-12-31": "948.00000", "2005-09-30": "870.36300", "2005-06-30": "735.68700", "2005-03-31": "698.30800"}, "Inventory": {"2020-12-31": "1399.00000", "2020-09-30": "1292.00000", "2020-06-30": "1324.00000", "2020-03-31": "1056.00000", "2019-12-31": "982.00000", "2019-09-30": "1040.00000", "2019-06-30": "1015.00000", "2019-03-31": "955.00000", "2018-12-31": "845.00000", "2018-09-30": "738.00000", "2018-06-30": "750.00000", "2018-03-31": "715.00000", "2017-12-31": "694.00000", "2017-09-30": "794.00000", "2017-06-30": "833.00000", "2017-03-31": "839.00000", "2016-12-31": "751.00000", "2016-09-30": "772.00000", "2016-06-30": "743.00000", "2016-03-31": "675.00000", "2015-12-31": "678.00000", "2015-09-30": "761.00000", "2015-06-30": "799.00000", "2015-03-31": "688.00000", "2014-12-31": "685.00000", "2014-09-30": "897.00000", "2014-06-30": "960.00000", "2014-03-31": "869.00000", "2013-12-31": "884.00000", "2013-09-30": "922.00000", "2013-06-30": "711.00000", "2013-03-31": "613.00000", "2012-12-31": "562.00000", "2012-09-30": "744.00000", "2012-06-30": "833.00000", "2012-03-31": "585.00000", "2011-12-31": "476.00000", "2011-09-30": "540.00000", "2011-06-30": "642.00000", "2011-03-31": "648.00000", "2010-12-31": "632.00000", "2010-09-30": "622.00000", "2010-06-30": "581.00000", "2010-03-31": "577.00000", "2009-12-31": "567.00000", "2009-09-30": "515.00000", "2009-06-30": "493.00000", "2009-03-31": "539.00000", "2008-12-31": "656.00000", "2008-09-30": "844.00000", "2008-06-30": "791.00000", "2008-03-31": "785.00000", "2007-12-31": "810.00000", "2007-09-30": "839.00000", "2007-06-30": "892.00000", "2007-03-31": "938.00000", "2006-12-31": "814.00000", "2006-09-30": "465.71600", "2006-06-30": "405.28500", "2006-03-31": "337.21600", "2005-12-31": "389.00000", "2005-09-30": "931.76300", "2005-06-30": "911.16300", "2005-03-31": "846.15200"}, "Pre-Paid Expenses": {"2020-12-31": "378.00000", "2020-09-30": "299.00000", "2020-06-30": "211.00000", "2020-03-31": "258.00000", "2019-12-31": "233.00000", "2019-09-30": "270.00000", "2019-06-30": "278.00000", "2019-03-31": "115.00000", "2018-12-31": "304.00000", "2018-09-30": "113.00000", "2018-06-30": "93.00000", "2018-03-31": "85.00000", "2017-12-31": "110.00000", "2017-09-30": "98.00000", "2017-06-30": "78.00000", "2017-03-31": "104.00000", "2016-12-31": "95.00000", "2016-09-30": "76.00000", "2016-06-30": "80.00000", "2016-03-31": "75.00000", "2015-12-31": "76.00000", "2015-09-30": "83.00000", "2015-06-30": "136.00000", "2015-03-31": "132.00000", "2014-12-31": "145.00000", "2014-09-30": "212.00000", "2014-06-30": "152.00000", "2014-03-31": "79.00000", "2013-12-31": "71.00000", "2013-09-30": "84.00000", "2013-06-30": "109.00000", "2013-03-31": "77.00000", "2012-12-31": "71.00000", "2012-09-30": "88.00000", "2012-06-30": "77.00000", "2012-03-31": "104.00000", "2011-12-31": "69.00000", "2011-09-30": "157.00000", "2011-06-30": "176.00000", "2011-03-31": "221.00000", "2010-12-31": "205.00000", "2010-09-30": "99.00000", "2010-06-30": "111.00000", "2010-03-31": "147.00000", "2009-12-31": "287.00000", "2009-09-30": "279.00000", "2009-06-30": "302.00000", "2009-03-31": "254.00000", "2008-12-31": "279.00000", "2008-09-30": "240.00000", "2008-06-30": "244.00000", "2008-03-31": "332.00000", "2007-12-31": "401.00000", "2007-09-30": "432.00000", "2007-06-30": "393.00000", "2007-03-31": "331.00000", "2006-12-31": "443.00000", "2006-09-30": "305.04500", "2006-06-30": "287.59800", "2006-03-31": "283.17100", "2005-12-31": "334.00000", "2005-09-30": "263.87800", "2005-06-30": "309.49100", "2005-03-31": "421.70600"}, "Other Current Assets": {"2020-12-31": "", "2020-09-30": "", "2020-06-30": "", "2020-03-31": "", "2019-12-31": "", "2019-09-30": "", "2019-06-30": "", "2019-03-31": "172.00000", "2018-12-31": "", "2018-09-30": "200.00000", "2018-06-30": "155.00000", "2018-03-31": "168.00000", "2017-12-31": "191.00000", "2017-09-30": "157.00000", "2017-06-30": "142.00000", "2017-03-31": "118.00000", "2016-12-31": "109.00000", "2016-09-30": "78.00000", "2016-06-30": "55.00000", "2016-03-31": "252.00000", "2015-12-31": "248.00000", "2015-09-30": "219.00000", "2015-06-30": "", "2015-03-31": "", "2014-12-31": "48.00000", "2014-09-30": "", "2014-06-30": "", "2014-03-31": "", "2013-12-31": "", "2013-09-30": "", "2013-06-30": "", "2013-03-31": "", "2012-12-31": "", "2012-09-30": "", "2012-06-30": "", "2012-03-31": "", "2011-12-31": "", "2011-09-30": "", "2011-06-30": "", "2011-03-31": "", "2010-12-31": "", "2010-09-30": "", "2010-06-30": "", "2010-03-31": "", "2009-12-31": "", "2009-09-30": "", "2009-06-30": "", "2009-03-31": "", "2008-12-31": "", "2008-09-30": "", "2008-06-30": "", "2008-03-31": "", "2007-12-31": "", "2007-09-30": "", "2007-06-30": "", "2007-03-31": "", "2006-12-31": "", "2006-09-30": "", "2006-06-30": "", "2006-03-31": "", "2005-12-31": "", "2005-09-30": "", "2005-06-30": "", "2005-03-31": ""}, "Total Current Assets": {"2020-12-31": "6143.00000", "2020-09-30": "5500.00000", "2020-06-30": "5109.00000", "2020-03-31": "4390.00000", "2019-12-31": "4597.00000", "2019-09-30": "3912.00000", "2019-06-30": "3754.00000", "2019-03-31": "3677.00000", "2018-12-31": "3540.00000", "2018-09-30": "3314.00000", "2018-06-30": "3099.00000", "2018-03-31": "2751.00000", "2017-12-31": "2634.00000", "2017-09-30": "2699.00000", "2017-06-30": "2511.00000", "2017-03-31": "2498.00000", "2016-12-31": "2530.00000", "2016-09-30": "2824.00000", "2016-06-30": "2506.00000", "2016-03-31": "2226.00000", "2015-12-31": "2320.00000", "2015-09-30": "2466.00000", "2015-06-30": "2451.00000", "2015-03-31": "2497.00000", "2014-12-31": "2736.00000", "2014-09-30": "3020.00000", "2014-06-30": "2932.00000", "2014-03-31": "2690.00000", "2013-12-31": "2884.00000", "2013-09-30": "2939.00000", "2013-06-30": "2458.00000", "2013-03-31": "2338.00000", "2012-12-31": "2265.00000", "2012-09-30": "2815.00000", "2012-06-30": "3233.00000", "2012-03-31": "3195.00000", "2011-12-31": "3229.00000", "2011-09-30": "3412.00000", "2011-06-30": "3438.00000", "2011-03-31": "3411.00000", "2010-12-31": "3594.00000", "2010-09-30": "3212.00000", "2010-06-30": "3313.00000", "2010-03-31": "3331.00000", "2009-12-31": "4275.00000", "2009-09-30": "3918.00000", "2009-06-30": "3713.00000", "2009-03-31": "3971.00000", "2008-12-31": "2379.00000", "2008-09-30": "3297.00000", "2008-06-30": "3431.00000", "2008-03-31": "3513.00000", "2007-12-31": "4563.00000", "2007-09-30": "3543.00000", "2007-06-30": "3598.00000", "2007-03-31": "3187.00000", "2006-12-31": "3963.00000", "2006-09-30": "3911.86100", "2006-06-30": "3905.53200", "2006-03-31": "4216.85300", "2005-12-31": "3559.00000", "2005-09-30": "3462.40300", "2005-06-30": "3248.06100", "2005-03-31": "3127.47400"}, "Property, Plant, And Equipment": {"2020-12-31": "641.00000", "2020-09-30": "595.00000", "2020-06-30": "585.00000", "2020-03-31": "540.00000", "2019-12-31": "500.00000", "2019-09-30": "453.00000", "2019-06-30": "458.00000", "2019-03-31": "377.00000", "2018-12-31": "348.00000", "2018-09-30": "318.00000", "2018-06-30": "295.00000", "2018-03-31": "290.00000", "2017-12-31": "261.00000", "2017-09-30": "236.00000", "2017-06-30": "200.00000", "2017-03-31": "180.00000", "2016-12-31": "164.00000", "2016-09-30": "161.00000", "2016-06-30": "169.00000", "2016-03-31": "176.00000", "2015-12-31": "188.00000", "2015-09-30": "194.00000", "2015-06-30": "289.00000", "2015-03-31": "297.00000", "2014-12-31": "302.00000", "2014-09-30": "328.00000", "2014-06-30": "329.00000", "2014-03-31": "337.00000", "2013-12-31": "346.00000", "2013-09-30": "358.00000", "2013-06-30": "402.00000", "2013-03-31": "411.00000", "2012-12-31": "658.00000", "2012-09-30": "685.00000", "2012-06-30": "707.00000", "2012-03-31": "715.00000", "2011-12-31": "726.00000", "2011-09-30": "697.00000", "2011-06-30": "686.00000", "2011-03-31": "676.00000", "2010-12-31": "700.00000", "2010-09-30": "723.00000", "2010-06-30": "755.00000", "2010-03-31": "789.00000", "2009-12-31": "3809.00000", "2009-09-30": "3895.00000", "2009-06-30": "4042.00000", "2009-03-31": "4137.00000", "2008-12-31": "4296.00000", "2008-09-30": "4440.00000", "2008-06-30": "4599.00000", "2008-03-31": "4765.00000", "2007-12-31": "4716.00000", "2007-09-30": "4725.00000", "2007-06-30": "4575.00000", "2007-03-31": "4405.00000", "2006-12-31": "3987.00000", "2006-09-30": "3403.87900", "2006-06-30": "3163.18100", "2006-03-31": "2874.88700", "2005-12-31": "2701.00000", "2005-09-30": "4321.38400", "2005-06-30": "4145.48300", "2005-03-31": "4316.54800"}, "Long-Term Investments": {"2020-12-31": "63.00000", "2020-09-30": "60.00000", "2020-06-30": "59.00000", "2020-03-31": "58.00000", "2019-12-31": "58.00000", "2019-09-30": "59.00000", "2019-06-30": "58.00000", "2019-03-31": "57.00000", "2018-12-31": "58.00000", "2018-09-30": "58.00000", "2018-06-30": "57.00000", "2018-03-31": "57.00000", "2017-12-31": "58.00000", "2017-09-30": "57.00000", "2017-06-30": "58.00000", "2017-03-31": "58.00000", "2016-12-31": "59.00000", "2016-09-30": "60.00000", "2016-06-30": "62.00000", "2016-03-31": "", "2015-12-31": "", "2015-09-30": "", "2015-06-30": "", "2015-03-31": "", "2014-12-31": "", "2014-09-30": "", "2014-06-30": "", "2014-03-31": "80.00000", "2013-12-31": "90.00000", "2013-09-30": "121.00000", "2013-06-30": "149.00000", "2013-03-31": "180.00000", "2012-12-31": "181.00000", "2012-09-30": "180.00000", "2012-06-30": "180.00000", "2012-03-31": "169.00000", "2011-12-31": "427.00000", "2011-09-30": "536.00000", "2011-06-30": "486.00000", "2011-03-31": "486.00000", "2010-12-31": "", "2010-09-30": "", "2010-06-30": "148.00000", "2010-03-31": "270.00000", "2009-12-31": "", "2009-09-30": "", "2009-06-30": "", "2009-03-31": "", "2008-12-31": "", "2008-09-30": "", "2008-06-30": "", "2008-03-31": "", "2007-12-31": "", "2007-09-30": "", "2007-06-30": "326.00000", "2007-03-31": "345.00000", "2006-12-31": "371.00000", "2006-09-30": "671.24900", "2006-06-30": "686.98400", "2006-03-31": "700.32900", "2005-12-31": "721.00000", "2005-09-30": "", "2005-06-30": "", "2005-03-31": ""}, "Goodwill And Intangible Assets": {"2020-12-31": "289.00000", "2020-09-30": "289.00000", "2020-06-30": "289.00000", "2020-03-31": "289.00000", "2019-12-31": "289.00000", "2019-09-30": "289.00000", "2019-06-30": "289.00000", "2019-03-31": "289.00000", "2018-12-31": "289.00000", "2018-09-30": "289.00000", "2018-06-30": "289.00000", "2018-03-31": "289.00000", "2017-12-31": "289.00000", "2017-09-30": "289.00000", "2017-06-30": "289.00000", "2017-03-31": "289.00000", "2016-12-31": "289.00000", "2016-09-30": "289.00000", "2016-06-30": "289.00000", "2016-03-31": "278.00000", "2015-12-31": "278.00000", "2015-09-30": "283.00000", "2015-06-30": "320.00000", "2015-03-31": "320.00000", "2014-12-31": "385.00000", "2014-09-30": "622.00000", "2014-06-30": "625.00000", "2014-03-31": "628.00000", "2013-12-31": "631.00000", "2013-09-30": "635.00000", "2013-06-30": "640.00000", "2013-03-31": "645.00000", "2012-12-31": "649.00000", "2012-09-30": "653.00000", "2012-06-30": "658.00000", "2012-03-31": "662.00000", "2011-12-31": "331.00000", "2011-09-30": "334.00000", "2011-06-30": "342.00000", "2011-03-31": "351.00000", "2010-12-31": "323.00000", "2010-09-30": "371.00000", "2010-06-30": "387.00000", "2010-03-31": "404.00000", "2009-12-31": "421.00000", "2009-09-30": "439.00000", "2009-06-30": "456.00000", "2009-03-31": "473.00000", "2008-12-31": "491.00000", "2008-09-30": "1169.00000", "2008-06-30": "1198.00000", "2008-03-31": "2444.00000", "2007-12-31": "1751.00000", "2007-09-30": "4159.00000", "2007-06-30": "4245.00000", "2007-03-31": "4322.00000", "2006-12-31": "4424.00000", "2006-09-30": "", "2006-06-30": "", "2006-03-31": "", "2005-12-31": "", "2005-09-30": "", "2005-06-30": "", "2005-03-31": ""}, "Other Long-Term Assets": {"2020-12-31": "373.00000", "2020-09-30": "364.00000", "2020-06-30": "326.00000", "2020-03-31": "366.00000", "2019-12-31": "357.00000", "2019-09-30": "335.00000", "2019-06-30": "331.00000", "2019-03-31": "317.00000", "2018-12-31": "321.00000", "2018-09-30": "368.00000", "2018-06-30": "363.00000", "2018-03-31": "376.00000", "2017-12-31": "310.00000", "2017-09-30": "305.00000", "2017-06-30": "312.00000", "2017-03-31": "274.00000", "2016-12-31": "279.00000", "2016-09-30": "282.00000", "2016-06-30": "290.00000", "2016-03-31": "301.00000", "2015-12-31": "298.00000", "2015-09-30": "286.00000", "2015-06-30": "321.00000", "2015-03-31": "314.00000", "2014-12-31": "344.00000", "2014-09-30": "355.00000", "2014-06-30": "360.00000", "2014-03-31": "373.00000", "2013-12-31": "386.00000", "2013-09-30": "264.00000", "2013-06-30": "248.00000", "2013-03-31": "223.00000", "2012-12-31": "247.00000", "2012-09-30": "279.00000", "2012-06-30": "263.00000", "2012-03-31": "247.00000", "2011-12-31": "241.00000", "2011-09-30": "257.00000", "2011-06-30": "272.00000", "2011-03-31": "285.00000", "2010-12-31": "347.00000", "2010-09-30": "289.00000", "2010-06-30": "352.00000", "2010-03-31": "438.00000", "2009-12-31": "573.00000", "2009-09-30": "495.00000", "2009-06-30": "472.00000", "2009-03-31": "471.00000", "2008-12-31": "506.00000", "2008-09-30": "535.00000", "2008-06-30": "556.00000", "2008-03-31": "486.00000", "2007-12-31": "520.00000", "2007-09-30": "507.00000", "2007-06-30": "478.00000", "2007-03-31": "448.00000", "2006-12-31": "402.00000", "2006-09-30": "386.83900", "2006-06-30": "299.53500", "2006-03-31": "252.06600", "2005-12-31": "304.00000", "2005-09-30": "376.16900", "2005-06-30": "379.01800", "2005-03-31": "377.75200"}, "Total Long-Term Assets": {"2020-12-31": "2819.00000", "2020-09-30": "1523.00000", "2020-06-30": "1474.00000", "2020-03-31": "1474.00000", "2019-12-31": "1431.00000", "2019-09-30": "1341.00000", "2019-06-30": "1348.00000", "2019-03-31": "1254.00000", "2018-12-31": "1016.00000", "2018-09-30": "1033.00000", "2018-06-30": "1004.00000", "2018-03-31": "1012.00000", "2017-12-31": "918.00000", "2017-09-30": "887.00000", "2017-06-30": "859.00000", "2017-03-31": "801.00000", "2016-12-31": "791.00000", "2016-09-30": "792.00000", "2016-06-30": "810.00000", "2016-03-31": "755.00000", "2015-12-31": "764.00000", "2015-09-30": "763.00000", "2015-06-30": "930.00000", "2015-03-31": "931.00000", "2014-12-31": "1031.00000", "2014-09-30": "1305.00000", "2014-06-30": "1314.00000", "2014-03-31": "1418.00000", "2013-12-31": "1453.00000", "2013-09-30": "1378.00000", "2013-06-30": "1439.00000", "2013-03-31": "1459.00000", "2012-12-31": "1735.00000", "2012-09-30": "1797.00000", "2012-06-30": "1808.00000", "2012-03-31": "1793.00000", "2011-12-31": "1725.00000", "2011-09-30": "1824.00000", "2011-06-30": "1786.00000", "2011-03-31": "1798.00000", "2010-12-31": "1370.00000", "2010-09-30": "1383.00000", "2010-06-30": "1642.00000", "2010-03-31": "1901.00000", "2009-12-31": "4803.00000", "2009-09-30": "4829.00000", "2009-06-30": "4970.00000", "2009-03-31": "5081.00000", "2008-12-31": "5293.00000", "2008-09-30": "6144.00000", "2008-06-30": "6353.00000", "2008-03-31": "7695.00000", "2007-12-31": "6987.00000", "2007-09-30": "9391.00000", "2007-06-30": "9626.00000", "2007-03-31": "9525.00000", "2006-12-31": "9184.00000", "2006-09-30": "4467.38300", "2006-06-30": "4156.36300", "2006-03-31": "3835.19200", "2005-12-31": "3729.00000", "2005-09-30": "4697.55300", "2005-06-30": "4524.50100", "2005-03-31": "4694.30000"}, "Total Assets": {"2020-12-31": "8962.00000", "2020-09-30": "7023.00000", "2020-06-30": "6583.00000", "2020-03-31": "5864.00000", "2019-12-31": "6028.00000", "2019-09-30": "5253.00000", "2019-06-30": "5102.00000", "2019-03-31": "4931.00000", "2018-12-31": "4556.00000", "2018-09-30": "4347.00000", "2018-06-30": "4103.00000", "2018-03-31": "3763.00000", "2017-12-31": "3552.00000", "2017-09-30": "3586.00000", "2017-06-30": "3370.00000", "2017-03-31": "3299.00000", "2016-12-31": "3321.00000", "2016-09-30": "3616.00000", "2016-06-30": "3316.00000", "2016-03-31": "2981.00000", "2015-12-31": "3084.00000", "2015-09-30": "3229.00000", "2015-06-30": "3381.00000", "2015-03-31": "3428.00000", "2014-12-31": "3767.00000", "2014-09-30": "4325.00000", "2014-06-30": "4246.00000", "2014-03-31": "4108.00000", "2013-12-31": "4337.00000", "2013-09-30": "4317.00000", "2013-06-30": "3897.00000", "2013-03-31": "3797.00000", "2012-12-31": "4000.00000", "2012-09-30": "4612.00000", "2012-06-30": "5041.00000", "2012-03-31": "4988.00000", "2011-12-31": "4954.00000", "2011-09-30": "5236.00000", "2011-06-30": "5224.00000", "2011-03-31": "5209.00000", "2010-12-31": "4964.00000", "2010-09-30": "4595.00000", "2010-06-30": "4955.00000", "2010-03-31": "5232.00000", "2009-12-31": "9078.00000", "2009-09-30": "8747.00000", "2009-06-30": "8683.00000", "2009-03-31": "9052.00000", "2008-12-31": "7672.00000", "2008-09-30": "9441.00000", "2008-06-30": "9784.00000", "2008-03-31": "11208.00000", "2007-12-31": "11550.00000", "2007-09-30": "12934.00000", "2007-06-30": "13224.00000", "2007-03-31": "12712.00000", "2006-12-31": "13147.00000", "2006-09-30": "8379.24400", "2006-06-30": "8061.89500", "2006-03-31": "8052.04500", "2005-12-31": "7288.00000", "2005-09-30": "8159.95600", "2005-06-30": "7772.56200", "2005-03-31": "7821.77400"}, "Total Current Liabilities": {"2020-12-31": "2417.00000", "2020-09-30": "2417.00000", "2020-06-30": "2434.00000", "2020-03-31": "1985.00000", "2019-12-31": "2359.00000", "2019-09-30": "1864.00000", "2019-06-30": "1804.00000", "2019-03-31": "1764.00000", "2018-12-31": "1984.00000", "2018-09-30": "1878.00000", "2018-06-30": "1868.00000", "2018-03-31": "1697.00000", "2017-12-31": "1513.00000", "2017-09-30": "1591.00000", "2017-06-30": "1449.00000", "2017-03-31": "1372.00000", "2016-12-31": "1346.00000", "2016-09-30": "1473.00000", "2016-06-30": "1581.00000", "2016-03-31": "1328.00000", "2015-12-31": "1403.00000", "2015-09-30": "1449.00000", "2015-06-30": "1399.00000", "2015-03-31": "1292.00000", "2014-12-31": "1440.00000", "2014-09-30": "1566.00000", "2014-06-30": "1505.00000", "2014-03-31": "1384.00000", "2013-12-31": "1618.00000", "2013-09-30": "1762.00000", "2013-06-30": "1451.00000", "2013-03-31": "1321.00000", "2012-12-31": "1397.00000", "2012-09-30": "1555.00000", "2012-06-30": "2352.00000", "2012-03-31": "2347.00000", "2011-12-31": "1774.00000", "2011-09-30": "1855.00000", "2011-06-30": "1312.00000", "2011-03-31": "1375.00000", "2010-12-31": "1674.00000", "2010-09-30": "1665.00000", "2010-06-30": "1630.00000", "2010-03-31": "1645.00000", "2009-12-31": "2210.00000", "2009-09-30": "2076.00000", "2009-06-30": "2022.00000", "2009-03-31": "2079.00000", "2008-12-31": "2226.00000", "2008-09-30": "2392.00000", "2008-06-30": "2468.00000", "2008-03-31": "2738.00000", "2007-12-31": "2625.00000", "2007-09-30": "2702.00000", "2007-06-30": "2476.00000", "2007-03-31": "2911.00000", "2006-12-31": "2905.00000", "2006-09-30": "1892.21100", "2006-06-30": "1754.48900", "2006-03-31": "1948.52400", "2005-12-31": "1822.00000", "2005-09-30": "2212.35500", "2005-06-30": "1997.68400", "2005-03-31": "1903.47400"}, "Long Term Debt": {"2020-12-31": "330.00000", "2020-09-30": "373.00000", "2020-06-30": "490.00000", "2020-03-31": "488.00000", "2019-12-31": "486.00000", "2019-09-30": "872.00000", "2019-06-30": "1031.00000", "2019-03-31": "1024.00000", "2018-12-31": "1114.00000", "2018-09-30": "1167.00000", "2018-06-30": "1170.00000", "2018-03-31": "1165.00000", "2017-12-31": "1325.00000", "2017-09-30": "1356.00000", "2017-06-30": "1375.00000", "2017-03-31": "1408.00000", "2016-12-31": "1435.00000", "2016-09-30": "1632.00000", "2016-06-30": "2012.00000", "2016-03-31": "2006.00000", "2015-12-31": "2007.00000", "2015-09-30": "2030.00000", "2015-06-30": "2034.00000", "2015-03-31": "2033.00000", "2014-12-31": "2035.00000", "2014-09-30": "2106.00000", "2014-06-30": "2109.00000", "2014-03-31": "2078.00000", "2013-12-31": "1998.00000", "2013-09-30": "2044.00000", "2013-06-30": "2042.00000", "2013-03-31": "2039.00000", "2012-12-31": "2037.00000", "2012-09-30": "2035.00000", "2012-06-30": "1532.00000", "2012-03-31": "1529.00000", "2011-12-31": "1527.00000", "2011-09-30": "1571.00000", "2011-06-30": "2195.00000", "2011-03-31": "2192.00000", "2010-12-31": "2188.00000", "2010-09-30": "2185.00000", "2010-06-30": "2418.00000", "2010-03-31": "2601.00000", "2009-12-31": "4252.00000", "2009-09-30": "5275.00000", "2009-06-30": "5243.00000", "2009-03-31": "5282.00000", "2008-12-31": "4490.00000", "2008-09-30": "4874.00000", "2008-06-30": "4955.00000", "2008-03-31": "5025.00000", "2007-12-31": "5031.00000", "2007-09-30": "5117.00000", "2007-06-30": "5318.00000", "2007-03-31": "3659.00000", "2006-12-31": "3672.00000", "2006-09-30": "644.35700", "2006-06-30": "647.10900", "2006-03-31": "615.87400", "2005-12-31": "1327.00000", "2005-09-30": "1708.87200", "2005-06-30": "1591.58400", "2005-03-31": "1622.04600"}, "Other Non-Current Liabilities": {"2020-12-31": "177.00000", "2020-09-30": "161.00000", "2020-06-30": "150.00000", "2020-03-31": "143.00000", "2019-12-31": "157.00000", "2019-09-30": "140.00000", "2019-06-30": "155.00000", "2019-03-31": "142.00000", "2018-12-31": "192.00000", "2018-09-30": "177.00000", "2018-06-30": "186.00000", "2018-03-31": "186.00000", "2017-12-31": "118.00000", "2017-09-30": "119.00000", "2017-06-30": "129.00000", "2017-03-31": "110.00000", "2016-12-31": "124.00000", "2016-09-30": "126.00000", "2016-06-30": "136.00000", "2016-03-31": "150.00000", "2015-12-31": "86.00000", "2015-09-30": "86.00000", "2015-06-30": "89.00000", "2015-03-31": "86.00000", "2014-12-31": "105.00000", "2014-09-30": "118.00000", "2014-06-30": "131.00000", "2014-03-31": "135.00000", "2013-12-31": "177.00000", "2013-09-30": "77.00000", "2013-06-30": "45.00000", "2013-03-31": "22.00000", "2012-12-31": "28.00000", "2012-09-30": "33.00000", "2012-06-30": "40.00000", "2012-03-31": "60.00000", "2011-12-31": "63.00000", "2011-09-30": "66.00000", "2011-06-30": "76.00000", "2011-03-31": "84.00000", "2010-12-31": "89.00000", "2010-09-30": "131.00000", "2010-06-30": "154.00000", "2010-03-31": "189.00000", "2009-12-31": "892.00000", "2009-09-30": "645.00000", "2009-06-30": "577.00000", "2009-03-31": "546.00000", "2008-12-31": "569.00000", "2008-09-30": "657.00000", "2008-06-30": "695.00000", "2008-03-31": "615.00000", "2007-12-31": "633.00000", "2007-09-30": "650.00000", "2007-06-30": "610.00000", "2007-03-31": "591.00000", "2006-12-31": "517.00000", "2006-09-30": "482.20400", "2006-06-30": "450.28900", "2006-03-31": "428.07400", "2005-12-31": "459.00000", "2005-09-30": "436.80200", "2005-06-30": "462.31400", "2005-03-31": "488.03500"}, "Total Long Term Liabilities": {"2020-12-31": "708.00000", "2020-09-30": "739.00000", "2020-06-30": "844.00000", "2020-03-31": "842.00000", "2019-12-31": "842.00000", "2019-09-30": "1213.00000", "2019-06-30": "1397.00000", "2019-03-31": "1379.00000", "2018-12-31": "1306.00000", "2018-09-30": "1344.00000", "2018-06-30": "1356.00000", "2018-03-31": "1351.00000", "2017-12-31": "1443.00000", "2017-09-30": "1475.00000", "2017-06-30": "1504.00000", "2017-03-31": "1518.00000", "2016-12-31": "1559.00000", "2016-09-30": "1758.00000", "2016-06-30": "2148.00000", "2016-03-31": "2156.00000", "2015-12-31": "2093.00000", "2015-09-30": "2116.00000", "2015-06-30": "2123.00000", "2015-03-31": "2119.00000", "2014-12-31": "2140.00000", "2014-09-30": "2224.00000", "2014-06-30": "2240.00000", "2014-03-31": "2213.00000", "2013-12-31": "2175.00000", "2013-09-30": "2121.00000", "2013-06-30": "2087.00000", "2013-03-31": "2061.00000", "2012-12-31": "2065.00000", "2012-09-30": "2068.00000", "2012-06-30": "1572.00000", "2012-03-31": "1589.00000", "2011-12-31": "1590.00000", "2011-09-30": "1637.00000", "2011-06-30": "2271.00000", "2011-03-31": "2276.00000", "2010-12-31": "2277.00000", "2010-09-30": "2316.00000", "2010-06-30": "2573.00000", "2010-03-31": "2791.00000", "2009-12-31": "6220.00000", "2009-09-30": "7240.00000", "2009-06-30": "7126.00000", "2009-03-31": "7136.00000", "2008-12-31": "5319.00000", "2008-09-30": "5710.00000", "2008-06-30": "5842.00000", "2008-03-31": "5833.00000", "2007-12-31": "5935.00000", "2007-09-30": "6107.00000", "2007-06-30": "6276.00000", "2007-03-31": "4596.00000", "2006-12-31": "4457.00000", "2006-09-30": "1474.53800", "2006-06-30": "1454.81600", "2006-03-31": "1393.60000", "2005-12-31": "2114.00000", "2005-09-30": "2973.35600", "2005-06-30": "2928.26900", "2005-03-31": "2983.60300"}, "Total Liabilities": {"2020-12-31": "3125.00000", "2020-09-30": "3156.00000", "2020-06-30": "3278.00000", "2020-03-31": "2827.00000", "2019-12-31": "3201.00000", "2019-09-30": "3077.00000", "2019-06-30": "3201.00000", "2019-03-31": "3143.00000", "2018-12-31": "3290.00000", "2018-09-30": "3222.00000", "2018-06-30": "3224.00000", "2018-03-31": "3048.00000", "2017-12-31": "2956.00000", "2017-09-30": "3066.00000", "2017-06-30": "2953.00000", "2017-03-31": "2890.00000", "2016-12-31": "2905.00000", "2016-09-30": "3231.00000", "2016-06-30": "3729.00000", "2016-03-31": "3484.00000", "2015-12-31": "3496.00000", "2015-09-30": "3565.00000", "2015-06-30": "3522.00000", "2015-03-31": "3411.00000", "2014-12-31": "3580.00000", "2014-09-30": "3790.00000", "2014-06-30": "3745.00000", "2014-03-31": "3597.00000", "2013-12-31": "3793.00000", "2013-09-30": "3883.00000", "2013-06-30": "3538.00000", "2013-03-31": "3382.00000", "2012-12-31": "3462.00000", "2012-09-30": "3623.00000", "2012-06-30": "3924.00000", "2012-03-31": "3936.00000", "2011-12-31": "3364.00000", "2011-09-30": "3492.00000", "2011-06-30": "3583.00000", "2011-03-31": "3651.00000", "2010-12-31": "3951.00000", "2010-09-30": "3981.00000", "2010-06-30": "4203.00000", "2010-03-31": "4436.00000", "2009-12-31": "8430.00000", "2009-09-30": "9316.00000", "2009-06-30": "9148.00000", "2009-03-31": "9215.00000", "2008-12-31": "7545.00000", "2008-09-30": "8102.00000", "2008-06-30": "8310.00000", "2008-03-31": "8571.00000", "2007-12-31": "8560.00000", "2007-09-30": "8809.00000", "2007-06-30": "8752.00000", "2007-03-31": "7507.00000", "2006-12-31": "7362.00000", "2006-09-30": "3366.74900", "2006-06-30": "3209.30500", "2006-03-31": "3342.12400", "2005-12-31": "3936.00000", "2005-09-30": "5185.71100", "2005-06-30": "4925.95300", "2005-03-31": "4887.07700"}, "Common Stock Net": {"2020-12-31": "12.00000", "2020-09-30": "12.00000", "2020-06-30": "12.00000", "2020-03-31": "12.00000", "2019-12-31": "12.00000", "2019-09-30": "11.00000", "2019-06-30": "11.00000", "2019-03-31": "11.00000", "2018-12-31": "10.00000", "2018-09-30": "10.00000", "2018-06-30": "10.00000", "2018-03-31": "10.00000", "2017-12-31": "9.00000", "2017-09-30": "10.00000", "2017-06-30": "9.00000", "2017-03-31": "9.00000", "2016-12-31": "9.00000", "2016-09-30": "9.00000", "2016-06-30": "8.00000", "2016-03-31": "8.00000", "2015-12-31": "8.00000", "2015-09-30": "8.00000", "2015-06-30": "8.00000", "2015-03-31": "8.00000", "2014-12-31": "8.00000", "2014-09-30": "8.00000", "2014-06-30": "8.00000", "2014-03-31": "8.00000", "2013-12-31": "7.00000", "2013-09-30": "7.00000", "2013-06-30": "7.00000", "2013-03-31": "7.00000", "2012-12-31": "7.00000", "2012-09-30": "7.00000", "2012-06-30": "7.00000", "2012-03-31": "7.00000", "2011-12-31": "7.00000", "2011-09-30": "7.00000", "2011-06-30": "7.00000", "2011-03-31": "7.00000", "2010-12-31": "7.00000", "2010-09-30": "7.00000", "2010-06-30": "7.00000", "2010-03-31": "7.00000", "2009-12-31": "7.00000", "2009-09-30": "7.00000", "2009-06-30": "7.00000", "2009-03-31": "7.00000", "2008-12-31": "6.00000", "2008-09-30": "6.00000", "2008-06-30": "6.00000", "2008-03-31": "6.00000", "2007-12-31": "6.00000", "2007-09-30": "6.00000", "2007-06-30": "6.00000", "2007-03-31": "6.00000", "2006-12-31": "5.00000", "2006-09-30": "4.87100", "2006-06-30": "4.85600", "2006-03-31": "4.83200", "2005-12-31": "4.00000", "2005-09-30": "4.02000", "2005-06-30": "3.96300", "2005-03-31": "3.94700"}, "Retained Earnings (Accumulated Deficit)": {"2020-12-31": "-4605.00000", "2020-09-30": "-6386.00000", "2020-06-30": "-6776.00000", "2020-03-31": "-6933.00000", "2019-12-31": "-7095.00000", "2019-09-30": "-7265.00000", "2019-06-30": "-7385.00000", "2019-03-31": "-7420.00000", "2018-12-31": "-7436.00000", "2018-09-30": "-7474.00000", "2018-06-30": "-7576.00000", "2018-03-31": "-7692.00000", "2017-12-31": "-7775.00000", "2017-09-30": "-7821.00000", "2017-06-30": "-7892.00000", "2017-03-31": "-7876.00000", "2016-12-31": "-7803.00000", "2016-09-30": "-7752.00000", "2016-06-30": "-7346.00000", "2016-03-31": "-7415.00000", "2015-12-31": "-7306.00000", "2015-09-30": "-7204.00000", "2015-06-30": "-7007.00000", "2015-03-31": "-6826.00000", "2014-12-31": "-6646.00000", "2014-09-30": "-6282.00000", "2014-06-30": "-6299.00000", "2014-03-31": "-6263.00000", "2013-12-31": "-6243.00000", "2013-09-30": "-6332.00000", "2013-06-30": "-6380.00000", "2013-03-31": "-6306.00000", "2012-12-31": "-6160.00000", "2012-09-30": "-5687.00000", "2012-06-30": "-5530.00000", "2012-03-31": "-5567.00000", "2011-12-31": "-4977.00000", "2011-09-30": "-4800.00000", "2011-06-30": "-4897.00000", "2011-03-31": "-4958.00000", "2010-12-31": "-5468.00000", "2010-09-30": "-5843.00000", "2010-06-30": "-5725.00000", "2010-03-31": "-5682.00000", "2009-12-31": "-5939.00000", "2009-09-30": "-7125.00000", "2009-06-30": "-6997.00000", "2009-03-31": "-6667.00000", "2008-12-31": "-6244.00000", "2008-09-30": "-4774.00000", "2008-06-30": "-4647.00000", "2008-03-31": "-3458.00000", "2007-12-31": "-3100.00000", "2007-09-30": "-1328.00000", "2007-06-30": "-932.00000", "2007-03-31": "-332.00000", "2006-12-31": "308.00000", "2006-09-30": "881.63200", "2006-06-30": "747.16000", "2006-03-31": "658.26200", "2005-12-31": "474.00000", "2005-09-30": "378.06700", "2005-06-30": "302.20800", "2005-03-31": "290.91700"}, "Comprehensive Income": {"2020-12-31": "17.00000", "2020-09-30": "5.00000", "2020-06-30": "-4.00000", "2020-03-31": "-14.00000", "2019-12-31": "", "2019-09-30": "-7.00000", "2019-06-30": "", "2019-03-31": "-1.00000", "2018-12-31": "-8.00000", "2018-09-30": "-10.00000", "2018-06-30": "-10.00000", "2018-03-31": "3.00000", "2017-12-31": "6.00000", "2017-09-30": "2.00000", "2017-06-30": "0.00000", "2017-03-31": "-4.00000", "2016-12-31": "-5.00000", "2016-09-30": "-3.00000", "2016-06-30": "-3.00000", "2016-03-31": "-6.00000", "2015-12-31": "-8.00000", "2015-09-30": "-15.00000", "2015-06-30": "-5.00000", "2015-03-31": "-12.00000", "2014-12-31": "-5.00000", "2014-09-30": "-1.00000", "2014-06-30": "1.00000", "2014-03-31": "-3.00000", "2013-12-31": "-2.00000", "2013-09-30": "-2.00000", "2013-06-30": "-6.00000", "2013-03-31": "-4.00000", "2012-12-31": "-3.00000", "2012-09-30": "-2.00000", "2012-06-30": "-4.00000", "2012-03-31": "-3.00000", "2011-12-31": "-5.00000", "2011-09-30": "-8.00000", "2011-06-30": "0.00000", "2011-03-31": "2.00000", "2010-12-31": "1.00000", "2010-09-30": "12.00000", "2010-06-30": "7.00000", "2010-03-31": "22.00000", "2009-12-31": "154.00000", "2009-09-30": "137.00000", "2009-06-30": "127.00000", "2009-03-31": "117.00000", "2008-12-31": "108.00000", "2008-09-30": "126.00000", "2008-06-30": "153.00000", "2008-03-31": "148.00000", "2007-12-31": "163.00000", "2007-09-30": "167.00000", "2007-06-30": "161.00000", "2007-03-31": "159.00000", "2006-12-31": "156.00000", "2006-09-30": "167.31300", "2006-06-30": "178.79000", "2006-03-31": "177.20700", "2005-12-31": "164.00000", "2005-09-30": "153.65400", "2005-06-30": "170.09900", "2005-03-31": "287.70100"}, "Other Share Holders Equity": {"2020-12-31": "", "2020-09-30": "", "2020-06-30": "", "2020-03-31": "", "2019-12-31": "", "2019-09-30": "", "2019-06-30": "", "2019-03-31": "", "2018-12-31": "", "2018-09-30": "", "2018-06-30": "", "2018-03-31": "", "2017-12-31": "", "2017-09-30": "", "2017-06-30": "", "2017-03-31": "", "2016-12-31": "", "2016-09-30": "", "2016-06-30": "", "2016-03-31": "", "2015-12-31": "", "2015-09-30": "", "2015-06-30": "", "2015-03-31": "", "2014-12-31": "", "2014-09-30": "", "2014-06-30": "", "2014-03-31": "", "2013-12-31": "", "2013-09-30": "", "2013-06-30": "", "2013-03-31": "", "2012-12-31": "", "2012-09-30": "", "2012-06-30": "", "2012-03-31": "", "2011-12-31": "", "2011-09-30": "", "2011-06-30": "", "2011-03-31": "", "2010-12-31": "", "2010-09-30": "", "2010-06-30": "", "2010-03-31": "", "2009-12-31": "", "2009-09-30": "", "2009-06-30": "", "2009-03-31": "", "2008-12-31": "", "2008-09-30": "", "2008-06-30": "", "2008-03-31": "", "2007-12-31": "", "2007-09-30": "", "2007-06-30": "", "2007-03-31": "", "2006-12-31": "", "2006-09-30": "", "2006-06-30": "", "2006-03-31": "", "2005-12-31": "", "2005-09-30": "", "2005-06-30": "", "2005-03-31": ""}, "Share Holder Equity": {"2020-12-31": "5837.00000", "2020-09-30": "3867.00000", "2020-06-30": "3305.00000", "2020-03-31": "3037.00000", "2019-12-31": "2827.00000", "2019-09-30": "2176.00000", "2019-06-30": "1901.00000", "2019-03-31": "1788.00000", "2018-12-31": "1266.00000", "2018-09-30": "1125.00000", "2018-06-30": "879.00000", "2018-03-31": "715.00000", "2017-12-31": "596.00000", "2017-09-30": "520.00000", "2017-06-30": "417.00000", "2017-03-31": "409.00000", "2016-12-31": "416.00000", "2016-09-30": "385.00000", "2016-06-30": "-413.00000", "2016-03-31": "-503.00000", "2015-12-31": "-412.00000", "2015-09-30": "-336.00000", "2015-06-30": "-141.00000", "2015-03-31": "17.00000", "2014-12-31": "187.00000", "2014-09-30": "535.00000", "2014-06-30": "501.00000", "2014-03-31": "511.00000", "2013-12-31": "544.00000", "2013-09-30": "434.00000", "2013-06-30": "359.00000", "2013-03-31": "415.00000", "2012-12-31": "538.00000", "2012-09-30": "989.00000", "2012-06-30": "1117.00000", "2012-03-31": "1052.00000", "2011-12-31": "1590.00000", "2011-09-30": "1744.00000", "2011-06-30": "1641.00000", "2011-03-31": "1558.00000", "2010-12-31": "1013.00000", "2010-09-30": "614.00000", "2010-06-30": "752.00000", "2010-03-31": "796.00000", "2009-12-31": "648.00000", "2009-09-30": "-569.00000", "2009-06-30": "-465.00000", "2009-03-31": "-163.00000", "2008-12-31": "127.00000", "2008-09-30": "1339.00000", "2008-06-30": "1474.00000", "2008-03-31": "2637.00000", "2007-12-31": "2990.00000", "2007-09-30": "4125.00000", "2007-06-30": "4472.00000", "2007-03-31": "5205.00000", "2006-12-31": "5785.00000", "2006-09-30": "5012.49500", "2006-06-30": "4852.59000", "2006-03-31": "4709.92100", "2005-12-31": "3352.00000", "2005-09-30": "2974.24500", "2005-06-30": "2846.60900", "2005-03-31": "2934.69700"}, "Total Liabilities And Share Holders Equity": {"2020-12-31": "8962.00000", "2020-09-30": "7023.00000", "2020-06-30": "6583.00000", "2020-03-31": "5864.00000", "2019-12-31": "6028.00000", "2019-09-30": "5253.00000", "2019-06-30": "5102.00000", "2019-03-31": "4931.00000", "2018-12-31": "4556.00000", "2018-09-30": "4347.00000", "2018-06-30": "4103.00000", "2018-03-31": "3763.00000", "2017-12-31": "3552.00000", "2017-09-30": "3586.00000", "2017-06-30": "3370.00000", "2017-03-31": "3299.00000", "2016-12-31": "3321.00000", "2016-09-30": "3616.00000", "2016-06-30": "3316.00000", "2016-03-31": "2981.00000", "2015-12-31": "3084.00000", "2015-09-30": "3229.00000", "2015-06-30": "3381.00000", "2015-03-31": "3428.00000", "2014-12-31": "3767.00000", "2014-09-30": "4325.00000", "2014-06-30": "4246.00000", "2014-03-31": "4108.00000", "2013-12-31": "4337.00000", "2013-09-30": "4317.00000", "2013-06-30": "3897.00000", "2013-03-31": "3797.00000", "2012-12-31": "4000.00000", "2012-09-30": "4612.00000", "2012-06-30": "5041.00000", "2012-03-31": "4988.00000", "2011-12-31": "4954.00000", "2011-09-30": "5236.00000", "2011-06-30": "5224.00000", "2011-03-31": "5209.00000", "2010-12-31": "4964.00000", "2010-09-30": "4595.00000", "2010-06-30": "4955.00000", "2010-03-31": "5232.00000", "2009-12-31": "9078.00000", "2009-09-30": "8747.00000", "2009-06-30": "8683.00000", "2009-03-31": "9052.00000", "2008-12-31": "7672.00000", "2008-09-30": "9441.00000", "2008-06-30": "9784.00000", "2008-03-31": "11208.00000", "2007-12-31": "11550.00000", "2007-09-30": "12934.00000", "2007-06-30": "13224.00000", "2007-03-31": "12712.00000", "2006-12-31": "13147.00000", "2006-09-30": "8379.24400", "2006-06-30": "8061.89500", "2006-03-31": "8052.04500", "2005-12-31": "7288.00000", "2005-09-30": "8159.95600", "2005-06-30": "7772.56200", "2005-03-31": "7821.77400"}}, "cash flow statement": {"Net Income/Loss": {"2020-12-31": "2490.00000", "2019-12-31": "341.00000", "2018-12-31": "337.00000", "2017-12-31": "-33.00000", "2016-12-31": "-498.00000", "2015-12-31": "-660.00000", "2014-12-31": "-403.00000", "2013-12-31": "-83.00000", "2012-12-31": "-1183.00000", "2011-12-31": "491.00000", "2010-12-31": "471.00000", "2009-12-31": "293.00000", "2008-12-31": "-3096.00000", "2007-12-31": "-3359.00000", "2006-12-31": "-166.00000", "2005-12-31": "165.00000"}, "Total Depreciation And Amortization - Cash Flow": {"2020-12-31": "368.00000", "2019-12-31": "288.00000", "2018-12-31": "208.00000", "2017-12-31": "180.00000", "2016-12-31": "154.00000", "2015-12-31": "178.00000", "2014-12-31": "203.00000", "2013-12-31": "236.00000", "2012-12-31": "260.00000", "2011-12-31": "317.00000", "2010-12-31": "383.00000", "2009-12-31": "1018.00000", "2008-12-31": "2803.00000", "2007-12-31": "2746.00000", "2006-12-31": "686.00000", "2005-12-31": "1125.00000"}, "Other Non-Cash Items": {"2020-12-31": "-856.00000", "2019-12-31": "406.00000", "2018-12-31": "216.00000", "2017-12-31": "109.00000", "2016-12-31": "253.00000", "2015-12-31": "143.00000", "2014-12-31": "280.00000", "2013-12-31": "147.00000", "2012-12-31": "365.00000", "2011-12-31": "-174.00000", "2010-12-31": "229.00000", "2009-12-31": "201.00000", "2008-12-31": "1.00000", "2007-12-31": "287.00000", "2006-12-31": "595.00000", "2005-12-31": "-27.00000"}, "Total Non-Cash Items": {"2020-12-31": "-488.00000", "2019-12-31": "694.00000", "2018-12-31": "424.00000", "2017-12-31": "289.00000", "2016-12-31": "407.00000", "2015-12-31": "321.00000", "2014-12-31": "483.00000", "2013-12-31": "383.00000", "2012-12-31": "625.00000", "2011-12-31": "143.00000", "2010-12-31": "612.00000", "2009-12-31": "1219.00000", "2008-12-31": "2804.00000", "2007-12-31": "3033.00000", "2006-12-31": "1281.00000", "2005-12-31": "1098.00000"}, "Change In Accounts Receivable": {"2020-12-31": "-209.00000", "2019-12-31": "-609.00000", "2018-12-31": "-834.00000", "2017-12-31": "-103.00000", "2016-12-31": "179.00000", "2015-12-31": "280.00000", "2014-12-31": "7.00000", "2013-12-31": "-200.00000", "2012-12-31": "290.00000", "2011-12-31": "-347.00000", "2010-12-31": "-1138.00000", "2009-12-31": "-960.00000", "2008-12-31": "101.00000", "2007-12-31": "503.00000", "2006-12-31": "-55.00000", "2005-12-31": "-276.00000"}, "Change In Inventories": {"2020-12-31": "-417.00000", "2019-12-31": "-137.00000", "2018-12-31": "-151.00000", "2017-12-31": "-3.00000", "2016-12-31": "-48.00000", "2015-12-31": "-11.00000", "2014-12-31": "199.00000", "2013-12-31": "-322.00000", "2012-12-31": "-83.00000", "2011-12-31": "157.00000", "2010-12-31": "-144.00000", "2009-12-31": "89.00000", "2008-12-31": "152.00000", "2007-12-31": "4.00000", "2006-12-31": "6.00000", "2005-12-31": "-28.00000"}, "Change In Accounts Payable": {"2020-12-31": "-135.00000", "2019-12-31": "7.00000", "2018-12-31": "35.00000", "2017-12-31": "43.00000", "2016-12-31": "", "2015-12-31": "27.00000", "2014-12-31": "-146.00000", "2013-12-31": "-89.00000", "2012-12-31": "277.00000", "2011-12-31": "-28.00000", "2010-12-31": "55.00000", "2009-12-31": "", "2008-12-31": "", "2007-12-31": "", "2006-12-31": "", "2005-12-31": ""}, "Change In Assets/Liabilities": {"2020-12-31": "-231.00000", "2019-12-31": "-176.00000", "2018-12-31": "-70.00000", "2017-12-31": "-173.00000", "2016-12-31": "-163.00000", "2015-12-31": "-27.00000", "2014-12-31": "-7.00000", "2013-12-31": "-103.00000", "2012-12-31": "-32.00000", "2011-12-31": "114.00000", "2010-12-31": "-86.00000", "2009-12-31": "-35.00000", "2008-12-31": "23.00000", "2007-12-31": "-86.00000", "2006-12-31": "-79.00000", "2005-12-31": "34.00000"}, "Total Change In Assets/Liabilities": {"2020-12-31": "-931.00000", "2019-12-31": "-542.00000", "2018-12-31": "-727.00000", "2017-12-31": "-244.00000", "2016-12-31": "172.00000", "2015-12-31": "113.00000", "2014-12-31": "-178.00000", "2013-12-31": "-448.00000", "2012-12-31": "220.00000", "2011-12-31": "-252.00000", "2010-12-31": "-1495.00000", "2009-12-31": "-1039.00000", "2008-12-31": "-400.00000", "2007-12-31": "16.00000", "2006-12-31": "172.00000", "2005-12-31": "220.00000"}, "Cash Flow From Operating Activities": {"2020-12-31": "1071.00000", "2019-12-31": "493.00000", "2018-12-31": "34.00000", "2017-12-31": "12.00000", "2016-12-31": "81.00000", "2015-12-31": "-226.00000", "2014-12-31": "-98.00000", "2013-12-31": "-148.00000", "2012-12-31": "-338.00000", "2011-12-31": "382.00000", "2010-12-31": "-412.00000", "2009-12-31": "473.00000", "2008-12-31": "-692.00000", "2007-12-31": "-310.00000", "2006-12-31": "1287.00000", "2005-12-31": "1483.00000"}, "Net Change In Property, Plant, And Equipment": {"2020-12-31": "-294.00000", "2019-12-31": "-217.00000", "2018-12-31": "-163.00000", "2017-12-31": "-113.00000", "2016-12-31": "-77.00000", "2015-12-31": "-88.00000", "2014-12-31": "-95.00000", "2013-12-31": "154.00000", "2012-12-31": "-133.00000", "2011-12-31": "-234.00000", "2010-12-31": "-147.00000", "2009-12-31": "-466.00000", "2008-12-31": "-281.00000", "2007-12-31": "-1612.00000", "2006-12-31": "-1834.00000", "2005-12-31": "-1503.00000"}, "Net Change In Intangible Assets": {"2020-12-31": "", "2019-12-31": "", "2018-12-31": "", "2017-12-31": "", "2016-12-31": "", "2015-12-31": "", "2014-12-31": "", "2013-12-31": "", "2012-12-31": "", "2011-12-31": "", "2010-12-31": "", "2009-12-31": "", "2008-12-31": "", "2007-12-31": "", "2006-12-31": "", "2005-12-31": ""}, "Net Acquisitions/Divestitures": {"2020-12-31": "", "2019-12-31": "", "2018-12-31": "", "2017-12-31": "", "2016-12-31": "", "2015-12-31": "", "2014-12-31": "", "2013-12-31": "", "2012-12-31": "-281.00000", "2011-12-31": "", "2010-12-31": "", "2009-12-31": "", "2008-12-31": "32.00000", "2007-12-31": "157.00000", "2006-12-31": "-3615.00000", "2005-12-31": ""}, "Net Change In Short-term Investments": {"2020-12-31": "-658.00000", "2019-12-31": "41.00000", "2018-12-31": "-78.00000", "2017-12-31": "", "2016-12-31": "", "2015-12-31": "", "2014-12-31": "", "2013-12-31": "", "2012-12-31": "", "2011-12-31": "", "2010-12-31": "", "2009-12-31": "", "2008-12-31": "", "2007-12-31": "", "2006-12-31": "", "2005-12-31": ""}, "Net Change In Long-Term Investments": {"2020-12-31": "", "2019-12-31": "", "2018-12-31": "", "2017-12-31": "", "2016-12-31": "342.00000", "2015-12-31": "235.00000", "2014-12-31": "83.00000", "2013-12-31": "301.00000", "2012-12-31": "404.00000", "2011-12-31": "140.00000", "2010-12-31": "-91.00000", "2009-12-31": "-869.00000", "2008-12-31": "216.00000", "2007-12-31": "-238.00000", "2006-12-31": "969.00000", "2005-12-31": "-624.00000"}, "Net Change In Investments - Total": {"2020-12-31": "-658.00000", "2019-12-31": "41.00000", "2018-12-31": "-78.00000", "2017-12-31": "", "2016-12-31": "342.00000", "2015-12-31": "235.00000", "2014-12-31": "83.00000", "2013-12-31": "301.00000", "2012-12-31": "404.00000", "2011-12-31": "140.00000", "2010-12-31": "-91.00000", "2009-12-31": "-869.00000", "2008-12-31": "216.00000", "2007-12-31": "-238.00000", "2006-12-31": "969.00000", "2005-12-31": "-624.00000"}, "Investing Activities - Other": {"2020-12-31": "", "2019-12-31": "27.00000", "2018-12-31": "71.00000", "2017-12-31": "59.00000", "2016-12-31": "12.00000", "2015-12-31": "", "2014-12-31": "", "2013-12-31": "", "2012-12-31": "-9.00000", "2011-12-31": "-19.00000", "2010-12-31": "-885.00000", "2009-12-31": "62.00000", "2008-12-31": "6.00000", "2007-12-31": "18.00000", "2006-12-31": "177.00000", "2005-12-31": "-143.00000"}, "Cash Flow From Investing Activities": {"2020-12-31": "-952.00000", "2019-12-31": "-149.00000", "2018-12-31": "-170.00000", "2017-12-31": "-54.00000", "2016-12-31": "277.00000", "2015-12-31": "147.00000", "2014-12-31": "-12.00000", "2013-12-31": "455.00000", "2012-12-31": "-19.00000", "2011-12-31": "-113.00000", "2010-12-31": "-1123.00000", "2009-12-31": "-1273.00000", "2008-12-31": "-27.00000", "2007-12-31": "-1675.00000", "2006-12-31": "-4303.00000", "2005-12-31": "-2270.00000"}, "Net Long-Term Debt": {"2020-12-31": "-200.00000", "2019-12-31": "-473.00000", "2018-12-31": "-41.00000", "2017-12-31": "-110.00000", "2016-12-31": "-331.00000", "2015-12-31": "-44.00000", "2014-12-31": "40.00000", "2013-12-31": "", "2012-12-31": "2.00000", "2011-12-31": "-39.00000", "2010-12-31": "-1074.00000", "2009-12-31": "509.00000", "2008-12-31": "142.00000", "2007-12-31": "1358.00000", "2006-12-31": "2827.00000", "2005-12-31": "-147.00000"}, "Net Current Debt": {"2020-12-31": "200.00000", "2019-12-31": "", "2018-12-31": "", "2017-12-31": "70.00000", "2016-12-31": "-230.00000", "2015-12-31": "100.00000", "2014-12-31": "", "2013-12-31": "", "2012-12-31": "", "2011-12-31": "", "2010-12-31": "", "2009-12-31": "", "2008-12-31": "", "2007-12-31": "", "2006-12-31": "", "2005-12-31": "77.00000"}, "Debt Issuance/Retirement Net - Total": {"2020-12-31": "", "2019-12-31": "-473.00000", "2018-12-31": "-41.00000", "2017-12-31": "-40.00000", "2016-12-31": "-561.00000", "2015-12-31": "56.00000", "2014-12-31": "40.00000", "2013-12-31": "", "2012-12-31": "2.00000", "2011-12-31": "-39.00000", "2010-12-31": "-1074.00000", "2009-12-31": "509.00000", "2008-12-31": "142.00000", "2007-12-31": "1358.00000", "2006-12-31": "2827.00000", "2005-12-31": "-70.00000"}, "Net Common Equity Issued/Repurchased": {"2020-12-31": "7.00000", "2019-12-31": "68.00000", "2018-12-31": "64.00000", "2017-12-31": "20.00000", "2016-12-31": "687.00000", "2015-12-31": "5.00000", "2014-12-31": "4.00000", "2013-12-31": "3.00000", "2012-12-31": "14.00000", "2011-12-31": "18.00000", "2010-12-31": "1535.00000", "2009-12-31": "125.00000", "2008-12-31": "", "2007-12-31": "504.00000", "2006-12-31": "726.00000", "2005-12-31": "189.00000"}, "Net Total Equity Issued/Repurchased": {"2020-12-31": "7.00000", "2019-12-31": "68.00000", "2018-12-31": "64.00000", "2017-12-31": "20.00000", "2016-12-31": "687.00000", "2015-12-31": "5.00000", "2014-12-31": "4.00000", "2013-12-31": "3.00000", "2012-12-31": "14.00000", "2011-12-31": "18.00000", "2010-12-31": "1535.00000", "2009-12-31": "1216.00000", "2008-12-31": "", "2007-12-31": "504.00000", "2006-12-31": "726.00000", "2005-12-31": "189.00000"}, "Total Common And Preferred Stock Dividends Paid": {"2020-12-31": "", "2019-12-31": "", "2018-12-31": "", "2017-12-31": "", "2016-12-31": "", "2015-12-31": "", "2014-12-31": "", "2013-12-31": "", "2012-12-31": "", "2011-12-31": "", "2010-12-31": "", "2009-12-31": "", "2008-12-31": "", "2007-12-31": "", "2006-12-31": "", "2005-12-31": ""}, "Financial Activities - Other": {"2020-12-31": "-1.00000", "2019-12-31": "448.00000", "2018-12-31": "5.00000", "2017-12-31": "-13.00000", "2016-12-31": "-4.00000", "2015-12-31": "-2.00000", "2014-12-31": "2.00000", "2013-12-31": "10.00000", "2012-12-31": "21.00000", "2011-12-31": "15.00000", "2010-12-31": "23.00000", "2009-12-31": "-201.00000", "2008-12-31": "78.00000", "2007-12-31": "175.00000", "2006-12-31": "210.00000", "2005-12-31": "375.00000"}, "Cash Flow From Financial Activities": {"2020-12-31": "6.00000", "2019-12-31": "43.00000", "2018-12-31": "28.00000", "2017-12-31": "-33.00000", "2016-12-31": "122.00000", "2015-12-31": "59.00000", "2014-12-31": "46.00000", "2013-12-31": "13.00000", "2012-12-31": "37.00000", "2011-12-31": "-6.00000", "2010-12-31": "484.00000", "2009-12-31": "1524.00000", "2008-12-31": "220.00000", "2007-12-31": "2037.00000", "2006-12-31": "3763.00000", "2005-12-31": "494.00000"}, "Net Cash Flow": {"2020-12-31": "125.00000", "2019-12-31": "387.00000", "2018-12-31": "-108.00000", "2017-12-31": "-75.00000", "2016-12-31": "480.00000", "2015-12-31": "-20.00000", "2014-12-31": "-64.00000", "2013-12-31": "320.00000", "2012-12-31": "-320.00000", "2011-12-31": "263.00000", "2010-12-31": "-1051.00000", "2009-12-31": "724.00000", "2008-12-31": "-499.00000", "2007-12-31": "52.00000", "2006-12-31": "747.00000", "2005-12-31": "-286.00000"}, "Stock-Based Compensation": {"2020-12-31": "274.00000", "2019-12-31": "197.00000", "2018-12-31": "137.00000", "2017-12-31": "97.00000", "2016-12-31": "86.00000", "2015-12-31": "63.00000", "2014-12-31": "81.00000", "2013-12-31": "91.00000", "2012-12-31": "97.00000", "2011-12-31": "90.00000", "2010-12-31": "87.00000", "2009-12-31": "75.00000", "2008-12-31": "83.00000", "2007-12-31": "112.00000", "2006-12-31": "77.00000", "2005-12-31": "5.00000"}, "Common Stock Dividends Paid": {"2020-12-31": "", "2019-12-31": "", "2018-12-31": "", "2017-12-31": "", "2016-12-31": "", "2015-12-31": "", "2014-12-31": "", "2013-12-31": "", "2012-12-31": "", "2011-12-31": "", "2010-12-31": "", "2009-12-31": "", "2008-12-31": "", "2007-12-31": "", "2006-12-31": "", "2005-12-31": ""}}, "cash flow statement, quarterly": {"Net Income/Loss": {"2020-12-31": 1781, "2020-09-30": 390, "2020-06-30": 157, "2020-03-31": "162.00000", "2019-12-31": 170, "2019-09-30": 120, "2019-06-30": 35, "2019-03-31": "16.00000", "2018-12-31": 38, "2018-09-30": 102, "2018-06-30": 116, "2018-03-31": "81.00000", "2017-12-31": -19, "2017-09-30": 61, "2017-06-30": -42, "2017-03-31": "-33.00000", "2016-12-31": -52, "2016-09-30": -406, "2016-06-30": 69, "2016-03-31": "-109.00000", "2015-12-31": -102, "2015-09-30": -197, "2015-06-30": -181, "2015-03-31": "-180.00000", "2014-12-31": -364, "2014-09-30": 17, "2014-06-30": -36, "2014-03-31": "-20.00000", "2013-12-31": 89, "2013-09-30": 48, "2013-06-30": -74, "2013-03-31": "-146.00000", "2012-12-31": -473, "2012-09-30": -157, "2012-06-30": 37, "2012-03-31": "-590.00000", "2011-12-31": -177, "2011-09-30": 97, "2011-06-30": 61, "2011-03-31": "510.00000", "2010-12-31": 375, "2010-09-30": -118, "2010-06-30": -43, "2010-03-31": "257.00000", "2009-12-31": 1177, "2009-09-30": -135, "2009-06-30": -335, "2009-03-31": "-414.00000", "2008-12-31": -1430, "2008-09-30": -127, "2008-06-30": -1188, "2008-03-31": "-351.00000", "2007-12-31": -1752, "2007-09-30": -396, "2007-06-30": -600, "2007-03-31": "-611.00000", "2006-12-31": -576, "2006-09-30": 136, "2006-06-30": 89, "2006-03-31": "185.00000", "2005-12-31": 95.104, "2005-09-30": 76, "2005-06-30": 11.319, "2005-03-31": "-17.42300"}, "Total Depreciation And Amortization - Cash Flow": {"2020-12-31": 103, "2020-09-30": 97, "2020-06-30": 86, "2020-03-31": "82.00000", "2019-12-31": 78, "2019-09-30": 76, "2019-06-30": 70, "2019-03-31": "64.00000", "2018-12-31": 52, "2018-09-30": 50, "2018-06-30": 52, "2018-03-31": "54.00000", "2017-12-31": 48, "2017-09-30": 45, "2017-06-30": 44, "2017-03-31": "43.00000", "2016-12-31": 55, "2016-09-30": 33, "2016-06-30": 33, "2016-03-31": "33.00000", "2015-12-31": 45, "2015-09-30": 42, "2015-06-30": 45, "2015-03-31": "46.00000", "2014-12-31": 48, "2014-09-30": 49, "2014-06-30": 53, "2014-03-31": "53.00000", "2013-12-31": 54, "2013-09-30": 57, "2013-06-30": 59, "2013-03-31": "66.00000", "2012-12-31": 66, "2012-09-30": 66, "2012-06-30": 65, "2012-03-31": "63.00000", "2011-12-31": 70, "2011-09-30": 79, "2011-06-30": 80, "2011-03-31": "88.00000", "2010-12-31": 89, "2010-09-30": 94, "2010-06-30": 100, "2010-03-31": "100.00000", "2009-12-31": 252, "2009-09-30": 257, "2009-06-30": 255, "2009-03-31": "254.00000", "2008-12-31": 952, "2008-09-30": 394, "2008-06-30": 1162, "2008-03-31": "295.00000", "2007-12-31": 1899, "2007-09-30": 287, "2007-06-30": 246, "2007-03-31": "314.00000", "2006-12-31": 119, "2006-09-30": 201, "2006-06-30": 192, "2006-03-31": "174.00000", "2005-12-31": 182.914, "2005-09-30": 290.75, "2005-06-30": 318.455, "2005-03-31": "332.88100"}, "Other Non-Cash Items": {"2020-12-31": -1129, "2020-09-30": 128, "2020-06-30": 65, "2020-03-31": "80.00000", "2019-12-31": 197, "2019-09-30": 107, "2019-06-30": 48, "2019-03-31": "54.00000", "2018-12-31": 106, "2018-09-30": 45, "2018-06-30": 31, "2018-03-31": "34.00000", "2017-12-31": 21, "2017-09-30": 33, "2017-06-30": 23, "2017-03-31": "32.00000", "2016-12-31": 23, "2016-09-30": 328, "2016-06-30": -118, "2016-03-31": "20.00000", "2015-12-31": -104, "2015-09-30": 41, "2015-06-30": 47, "2015-03-31": "159.00000", "2014-12-31": 149, "2014-09-30": 13, "2014-06-30": 78, "2014-03-31": "40.00000", "2013-12-31": 31, "2013-09-30": 11, "2013-06-30": 27, "2013-03-31": "78.00000", "2012-12-31": 38, "2012-09-30": 31, "2012-06-30": 30, "2012-03-31": "266.00000", "2011-12-31": 229, "2011-09-30": 22, "2011-06-30": 25, "2011-03-31": "-450.00000", "2010-12-31": -27, "2010-09-30": 233, "2010-06-30": 133, "2010-03-31": "-110.00000", "2009-12-31": 85, "2009-09-30": 29, "2009-06-30": 65, "2009-03-31": "22.00000", "2008-12-31": 157, "2008-09-30": 3, "2008-06-30": -126, "2008-03-31": "-33.00000", "2007-12-31": 33, "2007-09-30": 93, "2007-06-30": 129, "2007-03-31": "32.00000", "2006-12-31": 592, "2006-09-30": -13, "2006-06-30": 2, "2006-03-31": "14.00000", "2005-12-31": 174.876, "2005-09-30": -48.15, "2005-06-30": -77.869, "2005-03-31": "-75.85700"}, "Total Non-Cash Items": {"2020-12-31": -1026, "2020-09-30": 225, "2020-06-30": 151, "2020-03-31": "162.00000", "2019-12-31": 275, "2019-09-30": 183, "2019-06-30": 118, "2019-03-31": "118.00000", "2018-12-31": 158, "2018-09-30": 95, "2018-06-30": 83, "2018-03-31": "88.00000", "2017-12-31": 69, "2017-09-30": 78, "2017-06-30": 67, "2017-03-31": "75.00000", "2016-12-31": 78, "2016-09-30": 361, "2016-06-30": -85, "2016-03-31": "53.00000", "2015-12-31": -59, "2015-09-30": 83, "2015-06-30": 92, "2015-03-31": "205.00000", "2014-12-31": 197, "2014-09-30": 62, "2014-06-30": 131, "2014-03-31": "93.00000", "2013-12-31": 85, "2013-09-30": 68, "2013-06-30": 86, "2013-03-31": "144.00000", "2012-12-31": 104, "2012-09-30": 97, "2012-06-30": 95, "2012-03-31": "329.00000", "2011-12-31": 299, "2011-09-30": 101, "2011-06-30": 105, "2011-03-31": "-362.00000", "2010-12-31": 62, "2010-09-30": 327, "2010-06-30": 233, "2010-03-31": "-10.00000", "2009-12-31": 337, "2009-09-30": 286, "2009-06-30": 320, "2009-03-31": "276.00000", "2008-12-31": 1109, "2008-09-30": 397, "2008-06-30": 1036, "2008-03-31": "262.00000", "2007-12-31": 1932, "2007-09-30": 380, "2007-06-30": 375, "2007-03-31": "346.00000", "2006-12-31": 711, "2006-09-30": 188, "2006-06-30": 194, "2006-03-31": "188.00000", "2005-12-31": 357.79, "2005-09-30": 242.6, "2005-06-30": 240.586, "2005-03-31": "257.02400"}, "Change In Accounts Receivable": {"2020-12-31": 62, "2020-09-30": -345, "2020-06-30": -94, "2020-03-31": "168.00000", "2019-12-31": -468, "2019-09-30": -47, "2019-06-30": -89, "2019-03-31": "-5.00000", "2018-12-31": 6, "2018-09-30": -136, "2018-06-30": -424, "2018-03-31": "-280.00000", "2017-12-31": 418, "2017-09-30": -105, "2017-06-30": -22, "2017-03-31": "-394.00000", "2016-12-31": 266, "2016-09-30": 30, "2016-06-30": -150, "2016-03-31": "33.00000", "2015-12-31": 116, "2015-09-30": 35, "2015-06-30": 83, "2015-03-31": "46.00000", "2014-12-31": 151, "2014-09-30": -104, "2014-06-30": -32, "2014-03-31": "-8.00000", "2013-12-31": 42, "2013-09-30": -203, "2013-06-30": -25, "2013-03-31": "-14.00000", "2012-12-31": 53, "2012-09-30": 60, "2012-06-30": 217, "2012-03-31": "-40.00000", "2011-12-31": -10, "2011-09-30": -150, "2011-06-30": 2, "2011-03-31": "-189.00000", "2010-12-31": -465, "2010-09-30": -285, "2010-06-30": -254, "2010-03-31": "-134.00000", "2009-12-31": -349, "2009-09-30": -316, "2009-06-30": -108, "2009-03-31": "-187.00000", "2008-12-31": 177, "2008-09-30": -261, "2008-06-30": 81, "2008-03-31": "104.00000", "2007-12-31": 24, "2007-09-30": -16, "2007-06-30": 19, "2007-03-31": "476.00000", "2006-12-31": -268, "2006-09-30": -116, "2006-06-30": 262, "2006-03-31": "67.00000", "2005-12-31": -127.251, "2005-09-30": -136.827, "2005-06-30": -35.563, "2005-03-31": "23.64100"}, "Change In Inventories": {"2020-12-31": -107, "2020-09-30": 32, "2020-06-30": -268, "2020-03-31": "-74.00000", "2019-12-31": 58, "2019-09-30": -25, "2019-06-30": -60, "2019-03-31": "-110.00000", "2018-12-31": -107, "2018-09-30": 12, "2018-06-30": -35, "2018-03-31": "-21.00000", "2017-12-31": -8, "2017-09-30": -28, "2017-06-30": -43, "2017-03-31": "76.00000", "2016-12-31": 46, "2016-09-30": -28, "2016-06-30": -69, "2016-03-31": "3.00000", "2015-12-31": 82, "2015-09-30": 24, "2015-06-30": -111, "2015-03-31": "-6.00000", "2014-12-31": 213, "2014-09-30": 62, "2014-06-30": -90, "2014-03-31": "14.00000", "2013-12-31": 38, "2013-09-30": -211, "2013-06-30": -97, "2013-03-31": "-52.00000", "2012-12-31": 183, "2012-09-30": 89, "2012-06-30": -249, "2012-03-31": "-106.00000", "2011-12-31": 65, "2011-09-30": 102, "2011-06-30": 6, "2011-03-31": "-16.00000", "2010-12-31": -10, "2010-09-30": -41, "2010-06-30": -4, "2010-03-31": "-89.00000", "2009-12-31": -52, "2009-09-30": -22, "2009-06-30": 46, "2009-03-31": "117.00000", "2008-12-31": 195, "2008-09-30": -56, "2008-06-30": -23, "2008-03-31": "36.00000", "2007-12-31": 27, "2007-09-30": 55, "2007-06-30": 46, "2007-03-31": "-124.00000", "2006-12-31": 82, "2006-09-30": -63, "2006-06-30": -65, "2006-03-31": "52.00000", "2005-12-31": 27.935, "2005-09-30": -20.6, "2005-06-30": -63.973, "2005-03-31": "28.63800"}, "Change In Accounts Payable": {"2020-12-31": -37, "2020-09-30": -77, "2020-06-30": 5, "2020-03-31": "-26.00000", "2019-12-31": -1, "2019-09-30": 14, "2019-06-30": 0, "2019-03-31": "-6.00000", "2018-12-31": -5, "2018-09-30": 40, "2018-06-30": 38, "2018-03-31": "-38.00000", "2017-12-31": -18, "2017-09-30": 70, "2017-06-30": -15, "2017-03-31": "6.00000", "2016-12-31": -183, "2016-09-30": 184, "2016-06-30": 11, "2016-03-31": "-12.00000", "2015-12-31": 18, "2015-09-30": 30, "2015-06-30": 76, "2015-03-31": "-97.00000", "2014-12-31": -99, "2014-09-30": 22, "2014-06-30": 82, "2014-03-31": "-151.00000", "2013-12-31": -130, "2013-09-30": 81, "2013-06-30": 34, "2013-03-31": "-74.00000", "2012-12-31": 6, "2012-09-30": -213, "2012-06-30": 100, "2012-03-31": "384.00000", "2011-12-31": 26, "2011-09-30": 34, "2011-06-30": -10, "2011-03-31": "-78.00000", "2010-12-31": -11, "2010-09-30": 3, "2010-06-30": 32, "2010-03-31": "31.00000", "2009-12-31": 0, "2009-09-30": 0, "2009-06-30": 0, "2009-03-31": "", "2008-12-31": 0, "2008-09-30": 0, "2008-06-30": 0, "2008-03-31": "", "2007-12-31": 0, "2007-09-30": 0, "2007-06-30": 0, "2007-03-31": "", "2006-12-31": 194, "2006-09-30": -7, "2006-06-30": -200, "2006-03-31": "13.00000", "2005-12-31": -21.049, "2005-09-30": 8.725, "2005-06-30": 4.641, "2005-03-31": "7.68300"}, "Change In Assets/Liabilities": {"2020-12-31": -59, "2020-09-30": -168, "2020-06-30": 24, "2020-03-31": "-28.00000", "2019-12-31": -144, "2019-09-30": -19, "2019-06-30": 5, "2019-03-31": "-18.00000", "2018-12-31": -61, "2018-09-30": -102, "2018-06-30": 69, "2018-03-31": "24.00000", "2017-12-31": -99, "2017-09-30": -20, "2017-06-30": -25, "2017-03-31": "-29.00000", "2016-12-31": -29, "2016-09-30": -10, "2016-06-30": -141, "2016-03-31": "17.00000", "2015-12-31": 86, "2015-09-30": -43, "2015-06-30": -54, "2015-03-31": "-16.00000", "2014-12-31": 149, "2014-09-30": -67, "2014-06-30": -81, "2014-03-31": "-8.00000", "2013-12-31": -18, "2013-09-30": -10, "2013-06-30": -74, "2013-03-31": "-1.00000", "2012-12-31": 11, "2012-09-30": -9, "2012-06-30": 23, "2012-03-31": "-57.00000", "2011-12-31": 75, "2011-09-30": 2, "2011-06-30": 38, "2011-03-31": "-1.00000", "2010-12-31": -107, "2010-09-30": 3, "2010-06-30": 11, "2010-03-31": "7.00000", "2009-12-31": 9, "2009-09-30": 26, "2009-06-30": -36, "2009-03-31": "-34.00000", "2008-12-31": -31, "2008-09-30": 33, "2008-06-30": 70, "2008-03-31": "-49.00000", "2007-12-31": 88, "2007-09-30": 6, "2007-06-30": -62, "2007-03-31": "-118.00000", "2006-12-31": 112, "2006-09-30": -73, "2006-06-30": -89, "2006-03-31": "-29.00000", "2005-12-31": 27.097, "2005-09-30": 42.472, "2005-06-30": 44.756, "2005-03-31": "-80.32500"}, "Total Change In Assets/Liabilities": {"2020-12-31": -201, "2020-09-30": -276, "2020-06-30": -65, "2020-03-31": "-389.00000", "2019-12-31": -3, "2019-09-30": -69, "2019-06-30": -123, "2019-03-31": "-347.00000", "2018-12-31": -76, "2018-09-30": -121, "2018-06-30": -254, "2018-03-31": "-276.00000", "2017-12-31": 274, "2017-09-30": -70, "2017-06-30": -107, "2017-03-31": "-341.00000", "2016-12-31": 153, "2016-09-30": 74, "2016-06-30": -69, "2016-03-31": "14.00000", "2015-12-31": 220, "2015-09-30": 58, "2015-06-30": 32, "2015-03-31": "-197.00000", "2014-12-31": 283, "2014-09-30": -61, "2014-06-30": -123, "2014-03-31": "-277.00000", "2013-12-31": -153, "2013-09-30": -95, "2013-06-30": -47, "2013-03-31": "-153.00000", "2012-12-31": 83, "2012-09-30": -180, "2012-06-30": -51, "2012-03-31": "368.00000", "2011-12-31": 65, "2011-09-30": -9, "2011-06-30": 8, "2011-03-31": "-316.00000", "2010-12-31": -650, "2010-09-30": -333, "2010-06-30": -288, "2010-03-31": "-224.00000", "2009-12-31": -364, "2009-09-30": -293, "2009-06-30": -129, "2009-03-31": "-253.00000", "2008-12-31": 71, "2008-09-30": -486, "2008-06-30": -90, "2008-03-31": "105.00000", "2007-12-31": -119, "2007-09-30": 239, "2007-06-30": -410, "2007-03-31": "306.00000", "2006-12-31": 137, "2006-09-30": -94, "2006-06-30": -70, "2006-03-31": "199.00000", "2005-12-31": 84.53, "2005-09-30": 110.486, "2005-06-30": 13.258, "2005-03-31": "11.72600"}, "Cash Flow From Operating Activities": {"2020-12-31": 554, "2020-09-30": 339, "2020-06-30": 243, "2020-03-31": "-65.00000", "2019-12-31": 442, "2019-09-30": 234, "2019-06-30": 30, "2019-03-31": "-213.00000", "2018-12-31": 120, "2018-09-30": 76, "2018-06-30": -55, "2018-03-31": "-107.00000", "2017-12-31": 324, "2017-09-30": 69, "2017-06-30": -82, "2017-03-31": "-299.00000", "2016-12-31": 179, "2016-09-30": 29, "2016-06-30": -85, "2016-03-31": "-42.00000", "2015-12-31": 59, "2015-09-30": -56, "2015-06-30": -57, "2015-03-31": "-172.00000", "2014-12-31": 116, "2014-09-30": 18, "2014-06-30": -28, "2014-03-31": "-204.00000", "2013-12-31": 21, "2013-09-30": 21, "2013-06-30": -35, "2013-03-31": "-155.00000", "2012-12-31": -286, "2012-09-30": -240, "2012-06-30": 81, "2012-03-31": "107.00000", "2011-12-31": 187, "2011-09-30": 189, "2011-06-30": 174, "2011-03-31": "-168.00000", "2010-12-31": -213, "2010-09-30": -124, "2010-06-30": -98, "2010-03-31": "23.00000", "2009-12-31": 1150, "2009-09-30": -142, "2009-06-30": -144, "2009-03-31": "-391.00000", "2008-12-31": -250, "2008-09-30": -216, "2008-06-30": -242, "2008-03-31": "16.00000", "2007-12-31": 61, "2007-09-30": 223, "2007-06-30": -635, "2007-03-31": "41.00000", "2006-12-31": 272, "2006-09-30": 230, "2006-06-30": 213, "2006-03-31": "572.00000", "2005-12-31": 537.424, "2005-09-30": 429.086, "2005-06-30": 265.163, "2005-03-31": "251.32700"}, "Net Change In Property, Plant, And Equipment": {"2020-12-31": -74, "2020-09-30": -74, "2020-06-30": -91, "2020-03-31": "-55.00000", "2019-12-31": -42, "2019-09-30": -55, "2019-06-30": -58, "2019-03-31": "-62.00000", "2018-12-31": -41, "2018-09-30": -33, "2018-06-30": -43, "2018-03-31": "-46.00000", "2017-12-31": -44, "2017-09-30": -34, "2017-06-30": -12, "2017-03-31": "-23.00000", "2016-12-31": -21, "2016-09-30": -9, "2016-06-30": -21, "2016-03-31": "-26.00000", "2015-12-31": -32, "2015-09-30": -17, "2015-06-30": -17, "2015-03-31": "-22.00000", "2014-12-31": -22, "2014-09-30": -29, "2014-06-30": -23, "2014-03-31": "-21.00000", "2013-12-31": -21, "2013-09-30": 42, "2013-06-30": -25, "2013-03-31": "158.00000", "2012-12-31": -133, "2012-09-30": 79, "2012-06-30": -39, "2012-03-31": "-40.00000", "2011-12-31": -87, "2011-09-30": -42, "2011-06-30": -67, "2011-03-31": "-38.00000", "2010-12-31": -38, "2010-09-30": -30, "2010-06-30": -31, "2010-03-31": "-48.00000", "2009-12-31": -174, "2009-09-30": -96, "2009-06-30": -112, "2009-03-31": "-84.00000", "2008-12-31": -113, "2008-09-30": -82, "2008-06-30": 184, "2008-03-31": "-270.00000", "2007-12-31": -235, "2007-09-30": -378, "2007-06-30": -414, "2007-03-31": "-585.00000", "2006-12-31": -647, "2006-09-30": -424, "2006-06-30": -455, "2006-03-31": "-308.00000", "2005-12-31": -326.099, "2005-09-30": -360.953, "2005-06-30": -297.692, "2005-03-31": "-518.25600"}, "Net Change In Intangible Assets": {"2020-12-31": 0, "2020-09-30": 0, "2020-06-30": 0, "2020-03-31": "", "2019-12-31": 0, "2019-09-30": 0, "2019-06-30": 0, "2019-03-31": "", "2018-12-31": 0, "2018-09-30": 0, "2018-06-30": 0, "2018-03-31": "", "2017-12-31": 0, "2017-09-30": 0, "2017-06-30": 0, "2017-03-31": "", "2016-12-31": 0, "2016-09-30": 0, "2016-06-30": 0, "2016-03-31": "", "2015-12-31": 0, "2015-09-30": 0, "2015-06-30": 0, "2015-03-31": "", "2014-12-31": 0, "2014-09-30": 0, "2014-06-30": 0, "2014-03-31": "", "2013-12-31": 0, "2013-09-30": 0, "2013-06-30": 0, "2013-03-31": "", "2012-12-31": 0, "2012-09-30": 0, "2012-06-30": 0, "2012-03-31": "", "2011-12-31": 0, "2011-09-30": 0, "2011-06-30": 0, "2011-03-31": "", "2010-12-31": 0, "2010-09-30": 0, "2010-06-30": 0, "2010-03-31": "", "2009-12-31": 0, "2009-09-30": 0, "2009-06-30": 0, "2009-03-31": "", "2008-12-31": 0, "2008-09-30": 0, "2008-06-30": 0, "2008-03-31": "", "2007-12-31": 0, "2007-09-30": 0, "2007-06-30": 0, "2007-03-31": "", "2006-12-31": 0, "2006-09-30": 0, "2006-06-30": 0, "2006-03-31": "", "2005-12-31": 0, "2005-09-30": 0, "2005-06-30": 0, "2005-03-31": ""}, "Net Acquisitions/Divestitures": {"2020-12-31": 0, "2020-09-30": 0, "2020-06-30": 0, "2020-03-31": "", "2019-12-31": 0, "2019-09-30": 0, "2019-06-30": 0, "2019-03-31": "", "2018-12-31": 0, "2018-09-30": 0, "2018-06-30": 0, "2018-03-31": "", "2017-12-31": 0, "2017-09-30": 0, "2017-06-30": 0, "2017-03-31": "", "2016-12-31": 0, "2016-09-30": 0, "2016-06-30": 0, "2016-03-31": "", "2015-12-31": 0, "2015-09-30": 0, "2015-06-30": 0, "2015-03-31": "", "2014-12-31": 0, "2014-09-30": 0, "2014-06-30": 0, "2014-03-31": "", "2013-12-31": 0, "2013-09-30": 0, "2013-06-30": 0, "2013-03-31": "", "2012-12-31": 111, "2012-09-30": -111, "2012-06-30": 0, "2012-03-31": "-281.00000", "2011-12-31": 0, "2011-09-30": 0, "2011-06-30": 0, "2011-03-31": "", "2010-12-31": 0, "2010-09-30": 0, "2010-06-30": 0, "2010-03-31": "", "2009-12-31": 0, "2009-09-30": 0, "2009-06-30": 0, "2009-03-31": "", "2008-12-31": 127, "2008-09-30": -95, "2008-06-30": 0, "2008-03-31": "", "2007-12-31": 0, "2007-09-30": 144, "2007-06-30": 0, "2007-03-31": "13.00000", "2006-12-31": -3615, "2006-09-30": 0, "2006-06-30": 0, "2006-03-31": "", "2005-12-31": 0, "2005-09-30": 0, "2005-06-30": 0, "2005-03-31": ""}, "Net Change In Short-term Investments": {"2020-12-31": -220, "2020-09-30": -438, "2020-06-30": 0, "2020-03-31": "", "2019-12-31": 16, "2019-09-30": 25, "2019-06-30": 0, "2019-03-31": "", "2018-12-31": -78, "2018-09-30": 0, "2018-06-30": 0, "2018-03-31": "", "2017-12-31": 0, "2017-09-30": 0, "2017-06-30": 0, "2017-03-31": "", "2016-12-31": 0, "2016-09-30": 0, "2016-06-30": 0, "2016-03-31": "", "2015-12-31": 0, "2015-09-30": 0, "2015-06-30": 0, "2015-03-31": "", "2014-12-31": 0, "2014-09-30": 0, "2014-06-30": 0, "2014-03-31": "", "2013-12-31": 0, "2013-09-30": 0, "2013-06-30": 0, "2013-03-31": "", "2012-12-31": 0, "2012-09-30": 0, "2012-06-30": 0, "2012-03-31": "", "2011-12-31": 0, "2011-09-30": 0, "2011-06-30": 0, "2011-03-31": "", "2010-12-31": 0, "2010-09-30": 0, "2010-06-30": 0, "2010-03-31": "", "2009-12-31": 0, "2009-09-30": 0, "2009-06-30": 0, "2009-03-31": "", "2008-12-31": 0, "2008-09-30": 0, "2008-06-30": 0, "2008-03-31": "", "2007-12-31": 0, "2007-09-30": 0, "2007-06-30": 0, "2007-03-31": "", "2006-12-31": 0, "2006-09-30": 0, "2006-06-30": 0, "2006-03-31": "", "2005-12-31": 0, "2005-09-30": 0, "2005-06-30": 0, "2005-03-31": ""}, "Net Change In Long-Term Investments": {"2020-12-31": 0, "2020-09-30": -37, "2020-06-30": 55, "2020-03-31": "-18.00000", "2019-12-31": 0, "2019-09-30": 87, "2019-06-30": 51, "2019-03-31": "-138.00000", "2018-12-31": 10, "2018-09-30": 25, "2018-06-30": -35, "2018-03-31": "", "2017-12-31": 0, "2017-09-30": 84, "2017-06-30": 137, "2017-03-31": "-221.00000", "2016-12-31": -4, "2016-09-30": -5, "2016-06-30": 351, "2016-03-31": "", "2015-12-31": 0, "2015-09-30": 0, "2015-06-30": 228, "2015-03-31": "7.00000", "2014-12-31": 65, "2014-09-30": 148, "2014-06-30": -20, "2014-03-31": "-110.00000", "2013-12-31": 317, "2013-09-30": 144, "2013-06-30": -49, "2013-03-31": "-111.00000", "2012-12-31": 62, "2012-09-30": 40, "2012-06-30": -223, "2012-03-31": "525.00000", "2011-12-31": 186, "2011-09-30": 76, "2011-06-30": -163, "2011-03-31": "41.00000", "2010-12-31": -61, "2010-09-30": -296, "2010-06-30": 530, "2010-03-31": "-264.00000", "2009-12-31": -383, "2009-09-30": -122, "2009-06-30": -207, "2009-03-31": "-157.00000", "2008-12-31": 37, "2008-09-30": 15, "2008-06-30": 75, "2008-03-31": "89.00000", "2007-12-31": -87, "2007-09-30": -22, "2007-06-30": -113, "2007-03-31": "-16.00000", "2006-12-31": 939, "2006-09-30": 872, "2006-06-30": -208, "2006-03-31": "-634.00000", "2005-12-31": -365.042, "2005-09-30": -27.209, "2005-06-30": -86.018, "2005-03-31": "-145.73100"}, "Net Change In Investments - Total": {"2020-12-31": -220, "2020-09-30": -475, "2020-06-30": 55, "2020-03-31": "-18.00000", "2019-12-31": 16, "2019-09-30": 112, "2019-06-30": 51, "2019-03-31": "-138.00000", "2018-12-31": -68, "2018-09-30": 25, "2018-06-30": -35, "2018-03-31": "", "2017-12-31": 0, "2017-09-30": 84, "2017-06-30": 137, "2017-03-31": "-221.00000", "2016-12-31": -4, "2016-09-30": -5, "2016-06-30": 351, "2016-03-31": "", "2015-12-31": 0, "2015-09-30": 0, "2015-06-30": 228, "2015-03-31": "7.00000", "2014-12-31": 65, "2014-09-30": 148, "2014-06-30": -20, "2014-03-31": "-110.00000", "2013-12-31": 317, "2013-09-30": 144, "2013-06-30": -49, "2013-03-31": "-111.00000", "2012-12-31": 62, "2012-09-30": 40, "2012-06-30": -223, "2012-03-31": "525.00000", "2011-12-31": 186, "2011-09-30": 76, "2011-06-30": -163, "2011-03-31": "41.00000", "2010-12-31": -61, "2010-09-30": -296, "2010-06-30": 530, "2010-03-31": "-264.00000", "2009-12-31": -383, "2009-09-30": -122, "2009-06-30": -207, "2009-03-31": "-157.00000", "2008-12-31": 37, "2008-09-30": 15, "2008-06-30": 75, "2008-03-31": "89.00000", "2007-12-31": -87, "2007-09-30": -22, "2007-06-30": -113, "2007-03-31": "-16.00000", "2006-12-31": 939, "2006-09-30": 872, "2006-06-30": -208, "2006-03-31": "-634.00000", "2005-12-31": -365.042, "2005-09-30": -27.209, "2005-06-30": -86.018, "2005-03-31": "-145.73100"}, "Investing Activities - Other": {"2020-12-31": 0, "2020-09-30": 0, "2020-06-30": 0, "2020-03-31": "", "2019-12-31": 0, "2019-09-30": 0, "2019-06-30": 0, "2019-03-31": "27.00000", "2018-12-31": 21, "2018-09-30": 19, "2018-06-30": 10, "2018-03-31": "21.00000", "2017-12-31": 61, "2017-09-30": 1, "2017-06-30": -1, "2017-03-31": "-2.00000", "2016-12-31": 9, "2016-09-30": 4, "2016-06-30": -1, "2016-03-31": "", "2015-12-31": 0, "2015-09-30": 0, "2015-06-30": 0, "2015-03-31": "", "2014-12-31": 0, "2014-09-30": 0, "2014-06-30": 0, "2014-03-31": "", "2013-12-31": 0, "2013-09-30": 0, "2013-06-30": 0, "2013-03-31": "", "2012-12-31": 14, "2012-09-30": -18, "2012-06-30": -1, "2012-03-31": "-4.00000", "2011-12-31": -2, "2011-09-30": 0, "2011-06-30": 0, "2011-03-31": "-17.00000", "2010-12-31": -4, "2010-09-30": 5, "2010-06-30": 17, "2010-03-31": "-903.00000", "2009-12-31": 0, "2009-09-30": -2, "2009-06-30": 2, "2009-03-31": "62.00000", "2008-12-31": 0, "2008-09-30": 20, "2008-06-30": 3, "2008-03-31": "-17.00000", "2007-12-31": -4, "2007-09-30": 25, "2007-06-30": 1, "2007-03-31": "-4.00000", "2006-12-31": -22, "2006-09-30": 0, "2006-06-30": 182, "2006-03-31": "17.00000", "2005-12-31": -133.875, "2005-09-30": 0, "2005-06-30": -3.5, "2005-03-31": "-5.62500"}, "Cash Flow From Investing Activities": {"2020-12-31": -294, "2020-09-30": -549, "2020-06-30": -36, "2020-03-31": "-73.00000", "2019-12-31": -26, "2019-09-30": 57, "2019-06-30": -7, "2019-03-31": "-173.00000", "2018-12-31": -88, "2018-09-30": 11, "2018-06-30": -68, "2018-03-31": "-25.00000", "2017-12-31": 17, "2017-09-30": 51, "2017-06-30": 124, "2017-03-31": "-246.00000", "2016-12-31": -16, "2016-09-30": -10, "2016-06-30": 329, "2016-03-31": "-26.00000", "2015-12-31": -32, "2015-09-30": -17, "2015-06-30": 211, "2015-03-31": "-15.00000", "2014-12-31": 43, "2014-09-30": 119, "2014-06-30": -43, "2014-03-31": "-131.00000", "2013-12-31": 296, "2013-09-30": 186, "2013-06-30": -74, "2013-03-31": "47.00000", "2012-12-31": 54, "2012-09-30": -10, "2012-06-30": -263, "2012-03-31": "200.00000", "2011-12-31": 97, "2011-09-30": 34, "2011-06-30": -230, "2011-03-31": "-14.00000", "2010-12-31": -103, "2010-09-30": -321, "2010-06-30": 516, "2010-03-31": "-1215.00000", "2009-12-31": -557, "2009-09-30": -220, "2009-06-30": -317, "2009-03-31": "-179.00000", "2008-12-31": 51, "2008-09-30": -142, "2008-06-30": 262, "2008-03-31": "-198.00000", "2007-12-31": -326, "2007-09-30": -231, "2007-06-30": -526, "2007-03-31": "-592.00000", "2006-12-31": -3345, "2006-09-30": 448, "2006-06-30": -481, "2006-03-31": "-925.00000", "2005-12-31": -825.016, "2005-09-30": -388.162, "2005-06-30": -387.21, "2005-03-31": "-669.61200"}, "Net Long-Term Debt": {"2020-12-31": 0, "2020-09-30": -200, "2020-06-30": 0, "2020-03-31": "", "2019-12-31": -142, "2019-09-30": -97, "2019-06-30": -70, "2019-03-31": "-164.00000", "2018-12-31": -26, "2018-09-30": 0, "2018-06-30": -1, "2018-03-31": "-14.00000", "2017-12-31": -110, "2017-09-30": 42, "2017-06-30": -42, "2017-03-31": "", "2016-12-31": 66, "2016-09-30": -393, "2016-06-30": -4, "2016-03-31": "", "2015-12-31": -100, "2015-09-30": 0, "2015-06-30": -1, "2015-03-31": "57.00000", "2014-12-31": 3, "2014-09-30": -1, "2014-06-30": 18, "2014-03-31": "20.00000", "2013-12-31": 4, "2013-09-30": -2, "2013-06-30": -1, "2013-03-31": "-1.00000", "2012-12-31": -1, "2012-09-30": 5, "2012-06-30": -1, "2012-03-31": "-1.00000", "2011-12-31": -51, "2011-09-30": -153, "2011-06-30": 1, "2011-03-31": "164.00000", "2010-12-31": -1239, "2010-09-30": -18, "2010-06-30": 9, "2010-03-31": "174.00000", "2009-12-31": -622, "2009-09-30": 52, "2009-06-30": 33, "2009-03-31": "1046.00000", "2008-12-31": 58, "2008-09-30": 70, "2008-06-30": 17, "2008-03-31": "-3.00000", "2007-12-31": 146, "2007-09-30": -244, "2007-06-30": 1477, "2007-03-31": "-21.00000", "2006-12-31": 3040, "2006-09-30": -1, "2006-06-30": -1, "2006-03-31": "-211.00000", "2005-12-31": -133.047, "2005-09-30": -0.258, "2005-06-30": 40.637, "2005-03-31": "-54.33200"}, "Net Current Debt": {"2020-12-31": 0, "2020-09-30": 0, "2020-06-30": 200, "2020-03-31": "", "2019-12-31": 0, "2019-09-30": 0, "2019-06-30": 0, "2019-03-31": "", "2018-12-31": 0, "2018-09-30": 0, "2018-06-30": 0, "2018-03-31": "", "2017-12-31": 70, "2017-09-30": -42, "2017-06-30": 42, "2017-03-31": "", "2016-12-31": -230, "2016-09-30": 0, "2016-06-30": 0, "2016-03-31": "", "2015-12-31": 100, "2015-09-30": 0, "2015-06-30": 0, "2015-03-31": "", "2014-12-31": 0, "2014-09-30": 0, "2014-06-30": 0, "2014-03-31": "", "2013-12-31": 0, "2013-09-30": 0, "2013-06-30": 0, "2013-03-31": "", "2012-12-31": 0, "2012-09-30": 0, "2012-06-30": 0, "2012-03-31": "", "2011-12-31": 0, "2011-09-30": 0, "2011-06-30": 0, "2011-03-31": "", "2010-12-31": 0, "2010-09-30": 0, "2010-06-30": 0, "2010-03-31": "", "2009-12-31": 0, "2009-09-30": 0, "2009-06-30": 0, "2009-03-31": "", "2008-12-31": 0, "2008-09-30": 0, "2008-06-30": 0, "2008-03-31": "", "2007-12-31": 0, "2007-09-30": 0, "2007-06-30": 0, "2007-03-31": "", "2006-12-31": 0, "2006-09-30": 0, "2006-06-30": 0, "2006-03-31": "", "2005-12-31": 77, "2005-09-30": 0, "2005-06-30": 0, "2005-03-31": ""}, "Debt Issuance/Retirement Net - Total": {"2020-12-31": 0, "2020-09-30": -200, "2020-06-30": 200, "2020-03-31": "", "2019-12-31": -142, "2019-09-30": -97, "2019-06-30": -70, "2019-03-31": "-164.00000", "2018-12-31": -26, "2018-09-30": 0, "2018-06-30": -1, "2018-03-31": "-14.00000", "2017-12-31": -40, "2017-09-30": 0, "2017-06-30": 0, "2017-03-31": "", "2016-12-31": -164, "2016-09-30": -393, "2016-06-30": -4, "2016-03-31": "", "2015-12-31": 0, "2015-09-30": 0, "2015-06-30": -1, "2015-03-31": "57.00000", "2014-12-31": 3, "2014-09-30": -1, "2014-06-30": 18, "2014-03-31": "20.00000", "2013-12-31": 4, "2013-09-30": -2, "2013-06-30": -1, "2013-03-31": "-1.00000", "2012-12-31": -1, "2012-09-30": 5, "2012-06-30": -1, "2012-03-31": "-1.00000", "2011-12-31": -51, "2011-09-30": -153, "2011-06-30": 1, "2011-03-31": "164.00000", "2010-12-31": -1239, "2010-09-30": -18, "2010-06-30": 9, "2010-03-31": "174.00000", "2009-12-31": -622, "2009-09-30": 52, "2009-06-30": 33, "2009-03-31": "1046.00000", "2008-12-31": 58, "2008-09-30": 70, "2008-06-30": 17, "2008-03-31": "-3.00000", "2007-12-31": 146, "2007-09-30": -244, "2007-06-30": 1477, "2007-03-31": "-21.00000", "2006-12-31": 3040, "2006-09-30": -1, "2006-06-30": -1, "2006-03-31": "-211.00000", "2005-12-31": -56.047, "2005-09-30": -0.258, "2005-06-30": 40.637, "2005-03-31": "-54.33200"}, "Net Common Equity Issued/Repurchased": {"2020-12-31": 35, "2020-09-30": -70, "2020-06-30": 39, "2020-03-31": "3.00000", "2019-12-31": -413, "2019-09-30": -3, "2019-06-30": 483, "2019-03-31": "1.00000", "2018-12-31": 20, "2018-09-30": 9, "2018-06-30": 29, "2018-03-31": "6.00000", "2017-12-31": 5, "2017-09-30": 5, "2017-06-30": 2, "2017-03-31": "8.00000", "2016-12-31": 7, "2016-09-30": 678, "2016-06-30": 2, "2016-03-31": "", "2015-12-31": 4, "2015-09-30": 0, "2015-06-30": 1, "2015-03-31": "", "2014-12-31": 0, "2014-09-30": 2, "2014-06-30": 1, "2014-03-31": "1.00000", "2013-12-31": 0, "2013-09-30": 1, "2013-06-30": 1, "2013-03-31": "1.00000", "2012-12-31": 2, "2012-09-30": 0, "2012-06-30": 3, "2012-03-31": "9.00000", "2011-12-31": 1, "2011-09-30": 2, "2011-06-30": 6, "2011-03-31": "9.00000", "2010-12-31": 1526, "2010-09-30": 2, "2010-06-30": 4, "2010-03-31": "3.00000", "2009-12-31": 0, "2009-09-30": 0, "2009-06-30": 0, "2009-03-31": "125.00000", "2008-12-31": 0, "2008-09-30": 0, "2008-06-30": 0, "2008-03-31": "", "2007-12-31": 442, "2007-09-30": 16, "2007-06-30": 46, "2007-03-31": "", "2006-12-31": 18, "2006-09-30": 21, "2006-06-30": 32, "2006-03-31": "655.00000", "2005-12-31": 68.13, "2005-09-30": 67.805, "2005-06-30": 17.874, "2005-03-31": "35.19100"}, "Net Total Equity Issued/Repurchased": {"2020-12-31": 35, "2020-09-30": -70, "2020-06-30": 39, "2020-03-31": "3.00000", "2019-12-31": -413, "2019-09-30": -3, "2019-06-30": 483, "2019-03-31": "1.00000", "2018-12-31": 20, "2018-09-30": 9, "2018-06-30": 29, "2018-03-31": "6.00000", "2017-12-31": 5, "2017-09-30": 5, "2017-06-30": 2, "2017-03-31": "8.00000", "2016-12-31": 7, "2016-09-30": 678, "2016-06-30": 2, "2016-03-31": "", "2015-12-31": 4, "2015-09-30": 0, "2015-06-30": 1, "2015-03-31": "", "2014-12-31": 0, "2014-09-30": 2, "2014-06-30": 1, "2014-03-31": "1.00000", "2013-12-31": 0, "2013-09-30": 1, "2013-06-30": 1, "2013-03-31": "1.00000", "2012-12-31": 2, "2012-09-30": 0, "2012-06-30": 3, "2012-03-31": "9.00000", "2011-12-31": 1, "2011-09-30": 2, "2011-06-30": 6, "2011-03-31": "9.00000", "2010-12-31": 1526, "2010-09-30": 2, "2010-06-30": 4, "2010-03-31": "3.00000", "2009-12-31": -178, "2009-09-30": 178, "2009-06-30": 0, "2009-03-31": "1216.00000", "2008-12-31": 0, "2008-09-30": 0, "2008-06-30": 0, "2008-03-31": "", "2007-12-31": 442, "2007-09-30": 16, "2007-06-30": 46, "2007-03-31": "", "2006-12-31": 18, "2006-09-30": 21, "2006-06-30": 32, "2006-03-31": "655.00000", "2005-12-31": 68.13, "2005-09-30": 67.805, "2005-06-30": 17.874, "2005-03-31": "35.19100"}, "Total Common And Preferred Stock Dividends Paid": {"2020-12-31": 0, "2020-09-30": 0, "2020-06-30": 0, "2020-03-31": "", "2019-12-31": 0, "2019-09-30": 0, "2019-06-30": 0, "2019-03-31": "", "2018-12-31": 0, "2018-09-30": 0, "2018-06-30": 0, "2018-03-31": "", "2017-12-31": 0, "2017-09-30": 0, "2017-06-30": 0, "2017-03-31": "", "2016-12-31": 0, "2016-09-30": 0, "2016-06-30": 0, "2016-03-31": "", "2015-12-31": 0, "2015-09-30": 0, "2015-06-30": 0, "2015-03-31": "", "2014-12-31": 0, "2014-09-30": 0, "2014-06-30": 0, "2014-03-31": "", "2013-12-31": 0, "2013-09-30": 0, "2013-06-30": 0, "2013-03-31": "", "2012-12-31": 0, "2012-09-30": 0, "2012-06-30": 0, "2012-03-31": "", "2011-12-31": 0, "2011-09-30": 0, "2011-06-30": 0, "2011-03-31": "", "2010-12-31": 0, "2010-09-30": 0, "2010-06-30": 0, "2010-03-31": "", "2009-12-31": 0, "2009-09-30": 0, "2009-06-30": 0, "2009-03-31": "", "2008-12-31": 0, "2008-09-30": 0, "2008-06-30": 0, "2008-03-31": "", "2007-12-31": 0, "2007-09-30": 0, "2007-06-30": 0, "2007-03-31": "", "2006-12-31": 0, "2006-09-30": 0, "2006-06-30": 0, "2006-03-31": "", "2005-12-31": 0, "2005-09-30": 0, "2005-06-30": 0, "2005-03-31": ""}, "Financial Activities - Other": {"2020-12-31": 0, "2020-09-30": 1, "2020-06-30": -1, "2020-03-31": "-1.00000", "2019-12-31": 448, "2019-09-30": 2, "2019-06-30": -451, "2019-03-31": "449.00000", "2018-12-31": 6, "2018-09-30": -1, "2018-06-30": 0, "2018-03-31": "", "2017-12-31": 1, "2017-09-30": -3, "2017-06-30": -6, "2017-03-31": "-5.00000", "2016-12-31": 1, "2016-09-30": -3, "2016-06-30": -1, "2016-03-31": "-1.00000", "2015-12-31": -1, "2015-09-30": -1, "2015-06-30": -2, "2015-03-31": "2.00000", "2014-12-31": 3, "2014-09-30": -1, "2014-06-30": 1, "2014-03-31": "-1.00000", "2013-12-31": 5, "2013-09-30": 3, "2013-06-30": 2, "2013-03-31": "", "2012-12-31": 4, "2012-09-30": 6, "2012-06-30": 2, "2012-03-31": "9.00000", "2011-12-31": 10, "2011-09-30": -1, "2011-06-30": 1, "2011-03-31": "5.00000", "2010-12-31": 15, "2010-09-30": -3, "2010-06-30": 11, "2010-03-31": "", "2009-12-31": 17, "2009-09-30": 0, "2009-06-30": 5, "2009-03-31": "-223.00000", "2008-12-31": -34, "2008-09-30": 86, "2008-06-30": -131, "2008-03-31": "157.00000", "2007-12-31": 13, "2007-09-30": 28, "2007-06-30": -49, "2007-03-31": "183.00000", "2006-12-31": 11, "2006-09-30": -2, "2006-06-30": 96, "2006-03-31": "105.00000", "2005-12-31": 90.535, "2005-09-30": -8.013, "2005-06-30": 115.29, "2005-03-31": "177.18800"}, "Cash Flow From Financial Activities": {"2020-12-31": 35, "2020-09-30": -269, "2020-06-30": 238, "2020-03-31": "2.00000", "2019-12-31": -107, "2019-09-30": -98, "2019-06-30": -38, "2019-03-31": "286.00000", "2018-12-31": 0, "2018-09-30": 8, "2018-06-30": 28, "2018-03-31": "-8.00000", "2017-12-31": -34, "2017-09-30": 2, "2017-06-30": -4, "2017-03-31": "3.00000", "2016-12-31": -156, "2016-09-30": 282, "2016-06-30": -3, "2016-03-31": "-1.00000", "2015-12-31": 3, "2015-09-30": -1, "2015-06-30": -2, "2015-03-31": "59.00000", "2014-12-31": 6, "2014-09-30": 0, "2014-06-30": 20, "2014-03-31": "20.00000", "2013-12-31": 9, "2013-09-30": 2, "2013-06-30": 2, "2013-03-31": "0.00000", "2012-12-31": 5, "2012-09-30": 11, "2012-06-30": 4, "2012-03-31": "17.00000", "2011-12-31": -40, "2011-09-30": -152, "2011-06-30": 8, "2011-03-31": "178.00000", "2010-12-31": 302, "2010-09-30": -19, "2010-06-30": 24, "2010-03-31": "177.00000", "2009-12-31": -783, "2009-09-30": 230, "2009-06-30": 38, "2009-03-31": "2039.00000", "2008-12-31": 24, "2008-09-30": 156, "2008-06-30": -114, "2008-03-31": "154.00000", "2007-12-31": 601, "2007-09-30": -200, "2007-06-30": 1474, "2007-03-31": "162.00000", "2006-12-31": 3069, "2006-09-30": 18, "2006-06-30": 127, "2006-03-31": "549.00000", "2005-12-31": 102.618, "2005-09-30": 59.534, "2005-06-30": 173.801, "2005-03-31": "158.04700"}, "Net Cash Flow": {"2020-12-31": 295, "2020-09-30": -479, "2020-06-30": 445, "2020-03-31": "-136.00000", "2019-12-31": 309, "2019-09-30": 193, "2019-06-30": -15, "2019-03-31": "-100.00000", "2018-12-31": 32, "2018-09-30": 95, "2018-06-30": -95, "2018-03-31": "-140.00000", "2017-12-31": 307, "2017-09-30": 122, "2017-06-30": 38, "2017-03-31": "-542.00000", "2016-12-31": 7, "2016-09-30": 301, "2016-06-30": 241, "2016-03-31": "-69.00000", "2015-12-31": 30, "2015-09-30": -74, "2015-06-30": 152, "2015-03-31": "-128.00000", "2014-12-31": 165, "2014-09-30": 137, "2014-06-30": -51, "2014-03-31": "-315.00000", "2013-12-31": 326, "2013-09-30": 209, "2013-06-30": -107, "2013-03-31": "-108.00000", "2012-12-31": -227, "2012-09-30": -239, "2012-06-30": -178, "2012-03-31": "324.00000", "2011-12-31": 244, "2011-09-30": 71, "2011-06-30": -48, "2011-03-31": "-4.00000", "2010-12-31": -14, "2010-09-30": -464, "2010-06-30": 442, "2010-03-31": "-1015.00000", "2009-12-31": -190, "2009-09-30": -132, "2009-06-30": -423, "2009-03-31": "1469.00000", "2008-12-31": -175, "2008-09-30": -202, "2008-06-30": -94, "2008-03-31": "-28.00000", "2007-12-31": 336, "2007-09-30": -208, "2007-06-30": 313, "2007-03-31": "-389.00000", "2006-12-31": -4, "2006-09-30": 696, "2006-06-30": -141, "2006-03-31": "196.00000", "2005-12-31": -173.738, "2005-09-30": 94.894, "2005-06-30": 49.237, "2005-03-31": "-256.39300"}, "Stock-Based Compensation": {"2020-12-31": 79, "2020-09-30": 76, "2020-06-30": 60, "2020-03-31": "59.00000", "2019-12-31": 57, "2019-09-30": 54, "2019-06-30": 45, "2019-03-31": "41.00000", "2018-12-31": 36, "2018-09-30": 36, "2018-06-30": 33, "2018-03-31": "32.00000", "2017-12-31": 21, "2017-09-30": 29, "2017-06-30": 24, "2017-03-31": "23.00000", "2016-12-31": 29, "2016-09-30": 23, "2016-06-30": 18, "2016-03-31": "16.00000", "2015-12-31": 16, "2015-09-30": 13, "2015-06-30": 17, "2015-03-31": "17.00000", "2014-12-31": 16, "2014-09-30": 21, "2014-06-30": 21, "2014-03-31": "23.00000", "2013-12-31": 24, "2013-09-30": 23, "2013-06-30": 20, "2013-03-31": "24.00000", "2012-12-31": 23, "2012-09-30": 27, "2012-06-30": 26, "2012-03-31": "21.00000", "2011-12-31": 21, "2011-09-30": 22, "2011-06-30": 20, "2011-03-31": "27.00000", "2010-12-31": 22, "2010-09-30": 22, "2010-06-30": 23, "2010-03-31": "20.00000", "2009-12-31": 18, "2009-09-30": 17, "2009-06-30": 19, "2009-03-31": "21.00000", "2008-12-31": 21, "2008-09-30": 21, "2008-06-30": 20, "2008-03-31": "21.00000", "2007-12-31": 26, "2007-09-30": 27, "2007-06-30": 31, "2007-03-31": "28.00000", "2006-12-31": 27, "2006-09-30": 17, "2006-06-30": 18, "2006-03-31": "15.00000", "2005-12-31": 4.257, "2005-09-30": 0.277, "2005-06-30": 0.32, "2005-03-31": "0.14600"}, "Common Stock Dividends Paid": {"2020-12-31": 0, "2020-09-30": 0, "2020-06-30": 0, "2020-03-31": "", "2019-12-31": 0, "2019-09-30": 0, "2019-06-30": 0, "2019-03-31": "", "2018-12-31": 0, "2018-09-30": 0, "2018-06-30": 0, "2018-03-31": "", "2017-12-31": 0, "2017-09-30": 0, "2017-06-30": 0, "2017-03-31": "", "2016-12-31": 0, "2016-09-30": 0, "2016-06-30": 0, "2016-03-31": "", "2015-12-31": 0, "2015-09-30": 0, "2015-06-30": 0, "2015-03-31": "", "2014-12-31": 0, "2014-09-30": 0, "2014-06-30": 0, "2014-03-31": "", "2013-12-31": 0, "2013-09-30": 0, "2013-06-30": 0, "2013-03-31": "", "2012-12-31": 0, "2012-09-30": 0, "2012-06-30": 0, "2012-03-31": "", "2011-12-31": 0, "2011-09-30": 0, "2011-06-30": 0, "2011-03-31": "", "2010-12-31": 0, "2010-09-30": 0, "2010-06-30": 0, "2010-03-31": "", "2009-12-31": 0, "2009-09-30": 0, "2009-06-30": 0, "2009-03-31": "", "2008-12-31": 0, "2008-09-30": 0, "2008-06-30": 0, "2008-03-31": "", "2007-12-31": 0, "2007-09-30": 0, "2007-06-30": 0, "2007-03-31": "", "2006-12-31": 0, "2006-09-30": 0, "2006-06-30": 0, "2006-03-31": "", "2005-12-31": 0, "2005-09-30": 0, "2005-06-30": 0, "2005-03-31": ""}}, "financial ratios": {"Current Ratio": {"2020-12-31": "2.54160", "2019-12-31": "1.94870", "2018-12-31": "1.78430", "2017-12-31": "1.74090", "2016-12-31": "1.87960", "2015-12-31": "1.65360", "2014-12-31": "1.90000", "2013-12-31": "1.78240", "2012-12-31": "1.62130", "2011-12-31": "1.82020", "2010-12-31": "2.14700", "2009-12-31": "1.93440", "2008-12-31": "1.06870", "2007-12-31": "1.73830", "2006-12-31": "1.36420", "2005-12-31": "1.95330"}, "Long-term Debt / Capital": {"2020-12-31": "0.05350", "2019-12-31": "0.14670", "2018-12-31": "0.46810", "2017-12-31": "0.68970", "2016-12-31": "0.77530", "2015-12-31": "1.25830", "2014-12-31": "0.91580", "2013-12-31": "0.78600", "2012-12-31": "0.79110", "2011-12-31": "0.48990", "2010-12-31": "0.68350", "2009-12-31": "0.86780", "2008-12-31": "0.97250", "2007-12-31": "0.62720", "2006-12-31": "0.38830", "2005-12-31": "0.28360"}, "Debt/Equity Ratio": {"2020-12-31": "0.05650", "2019-12-31": "0.17190", "2018-12-31": "0.98740", "2017-12-31": "2.34060", "2016-12-31": "3.44950", "2015-12-31": "-5.42960", "2014-12-31": "11.82890", "2013-12-31": "3.78310", "2012-12-31": "3.79550", "2011-12-31": "1.26790", "2010-12-31": "2.38990", "2009-12-31": "7.30090", "2008-12-31": "38.28350", "2007-12-31": "1.76220", "2006-12-31": "0.65640", "2005-12-31": "0.40870"}, "Gross Margin": {"2020-12-31": "44.52530", "2019-12-31": "42.60880", "2018-12-31": "37.79150", "2017-12-31": "34.01870", "2016-12-31": "23.22300", "2015-12-31": "27.06090", "2014-12-31": "33.39990", "2013-12-31": "37.32780", "2012-12-31": "22.77760", "2011-12-31": "44.76250", "2010-12-31": "45.59590", "2009-12-31": "42.05070", "2008-12-31": "39.94490", "2007-12-31": "37.36770", "2006-12-31": "49.65350", "2005-12-31": "40.90290"}, "Operating Margin": {"2020-12-31": "14.02230", "2019-12-31": "9.37450", "2018-12-31": "6.96530", "2017-12-31": "2.41770", "2016-12-31": "-8.63630", "2015-12-31": "-12.05210", "2014-12-31": "-2.81510", "2013-12-31": "1.94380", "2012-12-31": "-19.47620", "2011-12-31": "5.60290", "2010-12-31": "13.05820", "2009-12-31": "12.28950", "2008-12-31": "-33.66050", "2007-12-31": "-39.43330", "2006-12-31": "-0.30210", "2005-12-31": "3.96720"}, "EBIT Margin": {"2020-12-31": "14.02230", "2019-12-31": "9.37450", "2018-12-31": "6.96530", "2017-12-31": "2.41770", "2016-12-31": "-8.63630", "2015-12-31": "-12.05210", "2014-12-31": "-2.81510", "2013-12-31": "1.94380", "2012-12-31": "-19.47620", "2011-12-31": "5.60290", "2010-12-31": "13.05820", "2009-12-31": "12.28950", "2008-12-31": "-33.66050", "2007-12-31": "-39.43330", "2006-12-31": "-0.30210", "2005-12-31": "3.96720"}, "EBITDA Margin": {"2020-12-31": "17.79170", "2019-12-31": "13.65330", "2018-12-31": "10.17760", "2017-12-31": "5.84430", "2016-12-31": "-5.07060", "2015-12-31": "-7.59210", "2014-12-31": "0.87180", "2013-12-31": "6.39740", "2012-12-31": "-14.68090", "2011-12-31": "10.42940", "2010-12-31": "18.95600", "2009-12-31": "31.13090", "2008-12-31": "14.60060", "2007-12-31": "7.44280", "2006-12-31": "11.88910", "2005-12-31": "23.20450"}, "Pre-Tax Profit Margin": {"2020-12-31": "13.05950", "2019-12-31": "5.52670", "2018-12-31": "5.09650", "2017-12-31": "-0.15230", "2016-12-31": "-10.39590", "2015-12-31": "-16.18640", "2014-12-31": "-7.22850", "2013-12-31": "-1.39650", "2012-12-31": "-22.44560", "2011-12-31": "-0.01520", "2010-12-31": "14.95230", "2009-12-31": "7.55140", "2008-12-31": "-40.35810", "2007-12-31": "-46.72240", "2006-12-31": "-0.71090", "2005-12-31": "2.39400"}, "Net Profit Margin": {"2020-12-31": "25.50450", "2019-12-31": "5.06610", "2018-12-31": "5.20460", "2017-12-31": "-0.62820", "2016-12-31": "-11.53050", "2015-12-31": "-16.53720", "2014-12-31": "-7.31930", "2013-12-31": "-1.56630", "2012-12-31": "-21.81850", "2011-12-31": "7.47560", "2010-12-31": "7.25280", "2009-12-31": "5.62650", "2008-12-31": "-53.87400", "2007-12-31": "-57.93790", "2006-12-31": "-2.95010", "2005-12-31": "2.82150"}, "Asset Turnover": {"2020-12-31": "1.08940", "2019-12-31": "1.11660", "2018-12-31": "1.42120", "2017-12-31": "1.47890", "2016-12-31": "1.30050", "2015-12-31": "1.29410", "2014-12-31": "1.46160", "2013-12-31": "1.22180", "2012-12-31": "1.35550", "2011-12-31": "1.32580", "2010-12-31": "1.30820", "2009-12-31": "0.59520", "2008-12-31": "0.75700", "2007-12-31": "0.50720", "2006-12-31": "0.42800", "2005-12-31": "0.80240"}, "Inventory Turnover Ratio": {"2020-12-31": "3.87130", "2019-12-31": "3.93380", "2018-12-31": "4.76690", "2017-12-31": "4.99420", "2016-12-31": "4.41540", "2015-12-31": "4.29350", "2014-12-31": "5.35330", "2013-12-31": "3.75680", "2012-12-31": "7.45020", "2011-12-31": "7.62180", "2010-12-31": "5.59020", "2009-12-31": "5.52200", "2008-12-31": "5.31710", "2007-12-31": "4.52960", "2006-12-31": "3.48030", "2005-12-31": "8.88430"}, "Receiveable Turnover": {"2020-12-31": "4.70280", "2019-12-31": "3.58220", "2018-12-31": "5.24290", "2017-12-31": "11.57050", "2016-12-31": "13.88750", "2015-12-31": "7.48780", "2014-12-31": "6.73110", "2013-12-31": "6.36900", "2012-12-31": "8.60630", "2011-12-31": "7.14690", "2010-12-31": "6.70870", "2009-12-31": "7.25230", "2008-12-31": "18.15000", "2007-12-31": "9.15310", "2006-12-31": "4.93600", "2005-12-31": "6.16880"}, "Days Sales In Receivables": {"2020-12-31": "77.61340", "2019-12-31": "101.89200", "2018-12-31": "69.61780", "2017-12-31": "31.54580", "2016-12-31": "26.28270", "2015-12-31": "48.74590", "2014-12-31": "54.22630", "2013-12-31": "57.30890", "2012-12-31": "42.41060", "2011-12-31": "51.07110", "2010-12-31": "54.40710", "2009-12-31": "50.32850", "2008-12-31": "20.11020", "2007-12-31": "39.87710", "2006-12-31": "73.94700", "2005-12-31": "59.16900"}, "ROE - Return On Equity": {"2020-12-31": "42.65890", "2019-12-31": "12.06230", "2018-12-31": "26.61930", "2017-12-31": "-5.53690", "2016-12-31": "-119.71150", "2015-12-31": "160.19420", "2014-12-31": "-215.50800", "2013-12-31": "-15.25740", "2012-12-31": "-219.88850", "2011-12-31": "31.13210", "2010-12-31": "46.49560", "2009-12-31": "45.67900", "2008-12-31": "-1899.21300", "2007-12-31": "-93.91300", "2006-12-31": "-2.35090", "2005-12-31": "4.92240"}, "Return On Tangible Equity": {"2020-12-31": "44.88100", "2019-12-31": "13.43580", "2018-12-31": "34.49340", "2017-12-31": "-10.74920", "2016-12-31": "-392.12600", "2015-12-31": "95.65220", "2014-12-31": "203.53530", "2013-12-31": "95.40230", "2012-12-31": "1065.76600", "2011-12-31": "39.31690", "2010-12-31": "68.26090", "2009-12-31": "130.39650", "2008-12-31": "662.63740", "2007-12-31": "-226.63440", "2006-12-31": "-9.99270", "2005-12-31": "4.92240"}, "ROA - Return On Assets": {"2020-12-31": "27.78400", "2019-12-31": "5.65690", "2018-12-31": "7.39680", "2017-12-31": "-0.92910", "2016-12-31": "-14.99550", "2015-12-31": "-21.40080", "2014-12-31": "-10.69820", "2013-12-31": "-1.91380", "2012-12-31": "-29.57500", "2011-12-31": "9.99190", "2010-12-31": "9.48830", "2009-12-31": "3.26060", "2008-12-31": "-31.43900", "2007-12-31": "-24.31170", "2006-12-31": "-1.03450", "2005-12-31": "2.26400"}, "ROI - Return On Investment": {"2020-12-31": "40.37620", "2019-12-31": "10.29280", "2018-12-31": "14.15970", "2017-12-31": "-1.71790", "2016-12-31": "-26.90440", "2015-12-31": "-41.37930", "2014-12-31": "-18.13680", "2013-12-31": "-3.26510", "2012-12-31": "-45.94180", "2011-12-31": "15.88070", "2010-12-31": "14.71420", "2009-12-31": "6.04080", "2008-12-31": "-52.24170", "2007-12-31": "-35.00810", "2006-12-31": "-1.43810", "2005-12-31": "3.52640"}, "Book Value Per Share": {"2020-12-31": "4.82000", "2019-12-31": "2.41620", "2018-12-31": "1.25970", "2017-12-31": "0.61630", "2016-12-31": "0.44490", "2015-12-31": "-0.52020", "2014-12-31": "0.24100", "2013-12-31": "0.75030", "2012-12-31": "0.75460", "2011-12-31": "2.27790", "2010-12-31": "1.48320", "2009-12-31": "0.96570", "2008-12-31": "0.20850", "2007-12-31": "4.93400", "2006-12-31": "10.57590", "2005-12-31": "7.68810"}, "Operating Cash Flow Per Share": {"2020-12-31": 0.4471, "2019-12-31": 0.4082, "2018-12-31": 0.0194, "2017-12-31": -0.0844, "2016-12-31": 0.3856, "2015-12-31": -0.161, "2014-12-31": 0.0687, "2013-12-31": 0.2598, "2012-12-31": -0.9709, "2011-12-31": 1.0769, "2010-12-31": -1.2597, "2009-12-31": 1.8376, "2008-12-31": -0.5844, "2007-12-31": -3.1715, "2006-12-31": -0.7469, "2005-12-31": 3.3628}, "Free Cash Flow Per Share": {"2020-12-31": 0.3973, "2019-12-31": 0.3676, "2018-12-31": -0.0151, "2017-12-31": -0.1109, "2016-12-31": 0.4058, "2015-12-31": -0.1497, "2014-12-31": -0.2593, "2013-12-31": 0.6436, "2012-12-31": -0.8351, "2011-12-31": 0.9621, "2010-12-31": -0.7729, "2009-12-31": 1.6133, "2008-12-31": 1.8414, "2007-12-31": -2.3326, "2006-12-31": -1.0664, "2005-12-31": -0.0454}}, "financial ratios, quarterly": {"Current Ratio": {"2020-12-31": "2.54160", "2020-09-30": "2.27550", "2020-06-30": "2.09900", "2020-03-31": "2.21160", "2019-12-31": "1.94870", "2019-09-30": "2.09870", "2019-06-30": "2.08090", "2019-03-31": "2.08450", "2018-12-31": "1.78430", "2018-09-30": "1.76460", "2018-06-30": "1.65900", "2018-03-31": "1.62110", "2017-12-31": "1.74090", "2017-09-30": "1.69640", "2017-06-30": "1.73290", "2017-03-31": "1.82070", "2016-12-31": "1.87960", "2016-09-30": "1.91720", "2016-06-30": "1.58510", "2016-03-31": "1.67620", "2015-12-31": "1.65360", "2015-09-30": "1.70190", "2015-06-30": "1.75200", "2015-03-31": "1.93270", "2014-12-31": "1.90000", "2014-09-30": "1.92850", "2014-06-30": "1.94820", "2014-03-31": "1.94360", "2013-12-31": "1.78240", "2013-09-30": "1.66800", "2013-06-30": "1.69400", "2013-03-31": "1.76990", "2012-12-31": "1.62130", "2012-09-30": "1.81030", "2012-06-30": "1.37460", "2012-03-31": "1.36130", "2011-12-31": "1.82020", "2011-09-30": "1.83940", "2011-06-30": "2.62040", "2011-03-31": "2.48070", "2010-12-31": "2.14700", "2010-09-30": "1.92910", "2010-06-30": "2.03250", "2010-03-31": "2.02490", "2009-12-31": "1.93440", "2009-09-30": "1.88730", "2009-06-30": "1.83630", "2009-03-31": "1.91010", "2008-12-31": "1.06870", "2008-09-30": "1.37830", "2008-06-30": "1.39020", "2008-03-31": "1.28310", "2007-12-31": "1.73830", "2007-09-30": "1.31130", "2007-06-30": "1.45320", "2007-03-31": "1.09480", "2006-12-31": "1.36420", "2006-09-30": "2.06730", "2006-06-30": "2.22600", "2006-03-31": "2.16410", "2005-12-31": "1.95330", "2005-09-30": "1.56500", "2005-06-30": "1.62590", "2005-03-31": "1.64300"}, "Long-term Debt / Capital": {"2020-12-31": "0.05350", "2020-09-30": "0.08800", "2020-06-30": "0.12910", "2020-03-31": "0.13840", "2019-12-31": "0.14670", "2019-09-30": "0.28610", "2019-06-30": "0.35160", "2019-03-31": "0.36420", "2018-12-31": "0.46810", "2018-09-30": "0.50920", "2018-06-30": "0.57100", "2018-03-31": "0.61970", "2017-12-31": "0.68970", "2017-09-30": "0.72280", "2017-06-30": "0.76730", "2017-03-31": "0.77490", "2016-12-31": "0.77530", "2016-09-30": "0.80910", "2016-06-30": "1.25830", "2016-03-31": "1.33470", "2015-12-31": "1.25830", "2015-09-30": "1.19830", "2015-06-30": "1.07450", "2015-03-31": "0.99170", "2014-12-31": "0.91580", "2014-09-30": "0.79740", "2014-06-30": "0.80800", "2014-03-31": "0.80260", "2013-12-31": "0.78600", "2013-09-30": "0.82490", "2013-06-30": "0.85050", "2013-03-31": "0.83090", "2012-12-31": "0.79110", "2012-09-30": "0.67290", "2012-06-30": "0.57830", "2012-03-31": "0.59240", "2011-12-31": "0.48990", "2011-09-30": "0.47390", "2011-06-30": "0.57220", "2011-03-31": "0.58450", "2010-12-31": "0.68350", "2010-09-30": "0.78060", "2010-06-30": "0.76280", "2010-03-31": "0.76570", "2009-12-31": "0.86780", "2009-09-30": "1.12090", "2009-06-30": "1.09730", "2009-03-31": "1.03180", "2008-12-31": "0.97250", "2008-09-30": "0.78450", "2008-06-30": "0.77070", "2008-03-31": "0.65580", "2007-12-31": "0.62720", "2007-09-30": "0.55370", "2007-06-30": "0.54320", "2007-03-31": "0.41280", "2006-12-31": "0.38830", "2006-09-30": "0.11390", "2006-06-30": "0.11770", "2006-03-31": "0.11560", "2005-12-31": "0.28360", "2005-09-30": "0.36490", "2005-06-30": "0.35860", "2005-03-31": "0.35600"}, "Debt/Equity Ratio": {"2020-12-31": "0.05650", "2020-09-30": "0.09650", "2020-06-30": "0.20880", "2020-03-31": "0.16070", "2019-12-31": "0.17190", "2019-09-30": "0.40070", "2019-06-30": "0.54230", "2019-03-31": "0.61190", "2018-12-31": "0.98740", "2018-09-30": "1.15820", "2018-06-30": "1.58480", "2018-03-31": "1.94130", "2017-12-31": "2.34060", "2017-09-30": "2.74230", "2017-06-30": "3.39810", "2017-03-31": "3.44250", "2016-12-31": "3.44950", "2016-09-30": "4.23900", "2016-06-30": "-5.41890", "2016-03-31": "-4.44530", "2015-12-31": "-5.42960", "2015-09-30": "-6.72620", "2015-06-30": "-16.09220", "2015-03-31": "133.41180", "2014-12-31": "11.82890", "2014-09-30": "4.12710", "2014-06-30": "4.41120", "2014-03-31": "4.18400", "2013-12-31": "3.78310", "2013-09-30": "4.72120", "2013-06-30": "5.70200", "2013-03-31": "4.92530", "2012-12-31": "3.79550", "2012-09-30": "2.06270", "2012-06-30": "1.80930", "2012-03-31": "1.91920", "2011-12-31": "1.26790", "2011-09-30": "1.18120", "2011-06-30": "1.34000", "2011-03-31": "1.43130", "2010-12-31": "2.38990", "2010-09-30": "3.90390", "2010-06-30": "3.43090", "2010-03-31": "3.46480", "2009-12-31": "7.30090", "2009-09-30": "-10.00880", "2009-06-30": "-12.08820", "2009-03-31": "-34.95090", "2008-12-31": "38.28350", "2008-09-30": "3.90890", "2008-06-30": "3.56920", "2008-03-31": "2.00490", "2007-12-31": "1.76220", "2007-09-30": "1.29330", "2007-06-30": "1.23810", "2007-03-31": "0.73790", "2006-12-31": "0.65640", "2006-09-30": "0.13750", "2006-06-30": "0.14270", "2006-03-31": "0.13980", "2005-12-31": "0.40870", "2005-09-30": "0.67560", "2005-06-30": "0.66610", "2005-03-31": "0.63720"}, "Gross Margin": {"2020-12-31": "44.72870", "2020-09-30": "43.91290", "2020-06-30": "43.89230", "2020-03-31": "45.80070", "2019-12-31": "44.61680", "2019-09-30": "43.14270", "2019-06-30": "40.56170", "2019-03-31": "40.95910", "2018-12-31": "37.84360", "2018-09-30": "39.98790", "2018-06-30": "37.12980", "2018-03-31": "36.24770", "2017-12-31": "33.73140", "2017-09-30": "36.04800", "2017-06-30": "33.53610", "2017-03-31": "32.08830", "2016-12-31": "30.87600", "2016-09-30": "4.51420", "2016-06-30": "31.06130", "2016-03-31": "32.33170", "2015-12-31": "29.54070", "2015-09-30": "22.52590", "2015-06-30": "24.62850", "2015-03-31": "31.65050", "2014-12-31": "29.05570", "2014-09-30": "34.56960", "2014-06-30": "34.55930", "2014-03-31": "34.86040", "2013-12-31": "34.80180", "2013-09-30": "35.66050", "2013-06-30": "39.53490", "2013-03-31": "40.90070", "2012-12-31": "15.41130", "2012-09-30": "30.89050", "2012-06-30": "45.15220", "2012-03-31": "1.70350", "2011-12-31": "45.71260", "2011-09-30": "44.73370", "2011-06-30": "45.74330", "2011-03-31": "42.83940", "2010-12-31": "45.05760", "2010-09-30": "45.67370", "2010-06-30": "44.64610", "2010-03-31": "47.07750", "2009-12-31": "44.65370", "2009-09-30": "41.90550", "2009-06-30": "37.24660", "2009-03-31": "43.41550", "2008-12-31": "23.40790", "2008-09-30": "50.97390", "2008-06-30": "37.51840", "2008-03-31": "41.76190", "2007-12-31": "43.68600", "2007-09-30": "40.75740", "2007-06-30": "33.53710", "2007-03-31": "28.14270", "2006-12-31": "36.66480", "2006-09-30": "51.43070", "2006-06-30": "56.74340", "2006-03-31": "58.48350", "2005-12-31": "46.35690", "2005-09-30": "41.14210", "2005-06-30": "39.20600", "2005-03-31": "34.17330"}, "Operating Margin": {"2020-12-31": "17.57090", "2020-09-30": "16.03000", "2020-06-30": "8.95450", "2020-03-31": "9.91040", "2019-12-31": "16.36110", "2019-09-30": "10.32760", "2019-06-30": "3.85370", "2019-03-31": "2.98740", "2018-12-31": "1.97320", "2018-09-30": "9.07440", "2018-06-30": "8.71300", "2018-03-31": "7.28600", "2017-12-31": "-0.14930", "2017-09-30": "7.51260", "2017-06-30": "-0.08690", "2017-03-31": "0.93380", "2016-12-31": "-0.34690", "2016-09-30": "-22.41780", "2016-06-30": "-0.77900", "2016-03-31": "-8.17310", "2015-12-31": "-5.11480", "2015-09-30": "-14.89160", "2015-06-30": "-14.54350", "2015-03-31": "-13.30100", "2014-12-31": "-26.63440", "2014-09-30": "4.40870", "2014-06-30": "4.37200", "2014-03-31": "3.50750", "2013-12-31": "8.49590", "2013-09-30": "6.50240", "2013-06-30": "-2.49780", "2013-03-31": "-9.00740", "2012-12-31": "-36.53680", "2012-09-30": "-10.32310", "2012-06-30": "5.44940", "2012-03-31": "-36.59310", "2011-12-31": "4.19870", "2011-09-30": "8.16570", "2011-06-30": "6.67090", "2011-03-31": "3.34780", "2010-12-31": "25.04550", "2010-09-30": "7.91100", "2010-06-30": "7.56200", "2010-03-31": "11.56290", "2009-12-31": "78.25030", "2009-09-30": "-5.51580", "2009-06-30": "-21.03040", "2009-03-31": "-25.31860", "2008-12-31": "-109.63860", "2008-09-30": "6.78910", "2008-06-30": "-41.77680", "2008-03-31": "-15.73640", "2007-12-31": "-69.90900", "2007-09-30": "-11.61750", "2007-06-30": "-30.25210", "2007-03-31": "-40.87590", "2006-12-31": "-28.49800", "2006-09-30": "9.11140", "2006-06-30": "8.38820", "2006-03-31": "19.44440", "2005-12-31": "11.20690", "2005-09-30": "5.17010", "2005-06-30": "-0.56600", "2005-03-31": "-3.72210"}, "EBIT Margin": {"2020-12-31": "17.57090", "2020-09-30": "16.03000", "2020-06-30": "8.95450", "2020-03-31": "9.91040", "2019-12-31": "16.36110", "2019-09-30": "10.32760", "2019-06-30": "3.85370", "2019-03-31": "2.98740", "2018-12-31": "1.97320", "2018-09-30": "9.07440", "2018-06-30": "8.71300", "2018-03-31": "7.28600", "2017-12-31": "-0.14930", "2017-09-30": "7.51260", "2017-06-30": "-0.08690", "2017-03-31": "0.93380", "2016-12-31": "-0.34690", "2016-09-30": "-22.41780", "2016-06-30": "-0.77900", "2016-03-31": "-8.17310", "2015-12-31": "-5.11480", "2015-09-30": "-14.89160", "2015-06-30": "-14.54350", "2015-03-31": "-13.30100", "2014-12-31": "-26.63440", "2014-09-30": "4.40870", "2014-06-30": "4.37200", "2014-03-31": "3.50750", "2013-12-31": "8.49590", "2013-09-30": "6.50240", "2013-06-30": "-2.49780", "2013-03-31": "-9.00740", "2012-12-31": "-36.53680", "2012-09-30": "-10.32310", "2012-06-30": "5.44940", "2012-03-31": "-36.59310", "2011-12-31": "4.19870", "2011-09-30": "8.16570", "2011-06-30": "6.67090", "2011-03-31": "3.34780", "2010-12-31": "25.04550", "2010-09-30": "7.91100", "2010-06-30": "7.56200", "2010-03-31": "11.56290", "2009-12-31": "78.25030", "2009-09-30": "-5.51580", "2009-06-30": "-21.03040", "2009-03-31": "-25.31860", "2008-12-31": "-109.63860", "2008-09-30": "6.78910", "2008-06-30": "-41.77680", "2008-03-31": "-15.73640", "2007-12-31": "-69.90900", "2007-09-30": "-11.61750", "2007-06-30": "-30.25210", "2007-03-31": "-40.87590", "2006-12-31": "-28.49800", "2006-09-30": "9.11140", "2006-06-30": "8.38820", "2006-03-31": "19.44440", "2005-12-31": "11.20680", "2005-09-30": "5.17010", "2005-06-30": "-0.56600", "2005-03-31": "-3.72210"}, "EBITDA Margin": {"2020-12-31": "", "2020-09-30": "", "2020-06-30": "", "2020-03-31": "", "2019-12-31": "", "2019-09-30": "", "2019-06-30": "", "2019-03-31": "", "2018-12-31": "", "2018-09-30": "", "2018-06-30": "", "2018-03-31": "", "2017-12-31": "", "2017-09-30": "", "2017-06-30": "", "2017-03-31": "", "2016-12-31": "", "2016-09-30": "", "2016-06-30": "", "2016-03-31": "", "2015-12-31": "", "2015-09-30": "", "2015-06-30": "", "2015-03-31": "", "2014-12-31": "", "2014-09-30": "", "2014-06-30": "", "2014-03-31": "", "2013-12-31": "", "2013-09-30": "", "2013-06-30": "", "2013-03-31": "", "2012-12-31": "", "2012-09-30": "", "2012-06-30": "", "2012-03-31": "", "2011-12-31": "", "2011-09-30": "", "2011-06-30": "", "2011-03-31": "", "2010-12-31": "", "2010-09-30": "", "2010-06-30": "", "2010-03-31": "", "2009-12-31": "", "2009-09-30": "", "2009-06-30": "", "2009-03-31": "", "2008-12-31": "", "2008-09-30": "", "2008-06-30": "", "2008-03-31": "", "2007-12-31": "", "2007-09-30": "", "2007-06-30": "", "2007-03-31": "", "2006-12-31": "", "2006-09-30": "", "2006-06-30": "", "2006-03-31": "", "2005-12-31": "", "2005-09-30": "", "2005-06-30": "", "2005-03-31": ""}, "Pre-Tax Profit Margin": {"2020-12-31": "16.83110", "2020-09-30": "14.31630", "2020-06-30": "8.28160", "2020-03-31": "9.40650", "2019-12-31": "9.63800", "2019-09-30": "6.99610", "2019-06-30": "2.41670", "2019-03-31": "0.31450", "2018-12-31": "0.21140", "2018-09-30": "6.89660", "2018-06-30": "7.00460", "2018-03-31": "5.46450", "2017-12-31": "-2.31340", "2017-09-30": "5.36620", "2017-06-30": "-3.12770", "2017-03-31": "-2.20710", "2016-12-31": "-3.90290", "2016-09-30": "-30.37490", "2016-06-30": "9.83450", "2016-03-31": "-12.98080", "2015-12-31": "-9.60330", "2015-09-30": "-18.56740", "2015-06-30": "-19.10830", "2015-03-31": "-17.18450", "2014-12-31": "-29.62070", "2014-09-30": "1.32960", "2014-06-30": "-2.22070", "2014-03-31": "-1.28850", "2013-12-31": "5.66390", "2013-09-30": "3.49080", "2013-06-30": "-6.11540", "2013-03-31": "-13.23530", "2012-12-31": "-40.60610", "2012-09-30": "-12.37200", "2012-06-30": "2.19390", "2012-03-31": "-39.24290", "2011-12-31": "-10.46720", "2011-09-30": "5.44380", "2011-06-30": "4.06610", "2011-03-31": "1.23990", "2010-12-31": "23.65070", "2010-09-30": "4.26450", "2010-06-30": "4.35570", "2010-03-31": "27.95430", "2009-12-31": "72.35720", "2009-09-30": "-10.02870", "2009-06-30": "-29.13850", "2009-03-31": "-25.31860", "2008-12-31": "-116.26510", "2008-09-30": "1.22430", "2008-06-30": "-50.95450", "2008-03-31": "-21.58710", "2007-12-31": "-74.97160", "2007-09-30": "-20.79590", "2007-06-30": "-38.73190", "2007-03-31": "-47.68860", "2006-12-31": "-27.52710", "2006-09-30": "8.65960", "2006-06-30": "8.79930", "2006-03-31": "16.51650", "2005-12-31": "6.65230", "2005-09-30": "4.95120", "2005-06-30": "0.65230", "2005-03-31": "-5.37470"}, "Net Profit Margin": {"2020-12-31": "54.90140", "2020-09-30": "13.92360", "2020-06-30": "8.12630", "2020-03-31": "9.07050", "2019-12-31": "7.99250", "2019-09-30": "6.66300", "2019-06-30": "2.28610", "2019-03-31": "1.25790", "2018-12-31": "2.67790", "2018-09-30": "6.17060", "2018-06-30": "6.60590", "2018-03-31": "4.91800", "2017-12-31": "-1.41790", "2017-09-30": "3.85100", "2017-06-30": "-3.64900", "2017-03-31": "-2.80140", "2016-12-31": "-4.51000", "2016-09-30": "-31.06350", "2016-06-30": "6.71860", "2016-03-31": "-13.10100", "2015-12-31": "-10.64720", "2015-09-30": "-18.56740", "2015-06-30": "-19.21440", "2015-03-31": "-17.47570", "2014-12-31": "-29.37850", "2014-09-30": "1.18960", "2014-06-30": "-2.49830", "2014-03-31": "-1.43160", "2013-12-31": "5.60100", "2013-09-30": "3.28540", "2013-06-30": "-6.37380", "2013-03-31": "-13.41910", "2012-12-31": "-40.95240", "2012-09-30": "-12.37200", "2012-06-30": "2.61850", "2012-03-31": "-37.22400", "2011-12-31": "-10.46720", "2011-09-30": "5.73960", "2011-06-30": "3.87550", "2011-03-31": "31.61810", "2010-12-31": "22.74110", "2010-09-30": "-7.29300", "2010-06-30": "-2.60130", "2010-03-31": "16.32780", "2009-12-31": "71.56740", "2009-09-30": "-9.16910", "2009-06-30": "-27.87160", "2009-03-31": "-35.34410", "2008-12-31": "-123.58000", "2008-09-30": "-7.45690", "2008-06-30": "-87.73860", "2008-03-31": "-24.47880", "2007-12-31": "-101.64960", "2007-09-30": "-25.41720", "2007-06-30": "-45.83650", "2007-03-31": "-49.55390", "2006-12-31": "-32.89550", "2006-09-30": "10.24100", "2006-06-30": "7.31910", "2006-03-31": "13.88890", "2005-12-31": "5.17240", "2005-09-30": "4.99100", "2005-06-30": "0.89840", "2005-03-31": "-1.42040"}, "Asset Turnover": {"2020-12-31": "0.36200", "2020-09-30": "0.39880", "2020-06-30": "0.29350", "2020-03-31": "0.30460", "2019-12-31": "0.35290", "2019-09-30": "0.34290", "2019-06-30": "0.30010", "2019-03-31": "0.25800", "2018-12-31": "0.31150", "2018-09-30": "0.38030", "2018-06-30": "0.42800", "2018-03-31": "0.43770", "2017-12-31": "0.37730", "2017-09-30": "0.44170", "2017-06-30": "0.34150", "2017-03-31": "0.35710", "2016-12-31": "0.34720", "2016-09-30": "0.36140", "2016-06-30": "0.30970", "2016-03-31": "0.27910", "2015-12-31": "0.31060", "2015-09-30": "0.32860", "2015-06-30": "0.27860", "2015-03-31": "0.30050", "2014-12-31": "0.32890", "2014-09-30": "0.33040", "2014-06-30": "0.33940", "2014-03-31": "0.34010", "2013-12-31": "0.36640", "2013-09-30": "0.33840", "2013-06-30": "0.29790", "2013-03-31": "0.28650", "2012-12-31": "0.28880", "2012-09-30": "0.27520", "2012-06-30": "0.28030", "2012-03-31": "0.31780", "2011-12-31": "0.34130", "2011-09-30": "0.32280", "2011-06-30": "0.30130", "2011-03-31": "0.30970", "2010-12-31": "0.33220", "2010-09-30": "0.35210", "2010-06-30": "0.33360", "2010-03-31": "0.30080", "2009-12-31": "0.18130", "2009-09-30": "0.15960", "2009-06-30": "0.13640", "2009-03-31": "0.13000", "2008-12-31": "0.15150", "2008-09-30": "0.19030", "2008-06-30": "0.13920", "2008-03-31": "0.13270", "2007-12-31": "0.15220", "2007-09-30": "0.12050", "2007-06-30": "0.09900", "2007-03-31": "0.09700", "2006-12-31": "0.13320", "2006-09-30": "0.15850", "2006-06-30": "0.15080", "2006-03-31": "0.16540", "2005-12-31": "0.25230", "2005-09-30": "0.18660", "2005-06-30": "0.16210", "2005-03-31": "0.15680"}, "Inventory Turnover Ratio": {"2020-12-31": "1.28160", "2020-09-30": "1.21590", "2020-06-30": "0.81870", "2020-03-31": "0.91670", "2019-12-31": "1.19960", "2019-09-30": "0.98460", "2019-06-30": "0.89660", "2019-03-31": "0.78640", "2018-12-31": "1.04380", "2018-09-30": "1.34420", "2018-06-30": "1.47200", "2018-03-31": "1.46850", "2017-12-31": "1.27950", "2017-09-30": "1.27580", "2017-06-30": "0.91840", "2017-03-31": "0.95350", "2016-12-31": "1.06130", "2016-09-30": "1.61660", "2016-06-30": "0.95290", "2016-03-31": "0.83410", "2015-12-31": "0.99560", "2015-09-30": "1.08020", "2015-06-30": "0.88860", "2015-03-31": "1.02330", "2014-12-31": "1.28320", "2014-09-30": "1.04240", "2014-06-30": "0.98230", "2014-03-31": "1.04720", "2013-12-31": "1.17190", "2013-09-30": "1.01950", "2013-06-30": "0.98730", "2013-03-31": "1.04890", "2012-12-31": "1.73840", "2012-09-30": "1.17880", "2012-06-30": "0.93040", "2012-03-31": "2.66320", "2011-12-31": "1.92860", "2011-09-30": "1.72960", "2011-06-30": "1.33020", "2011-03-31": "1.42280", "2010-12-31": "1.43350", "2010-09-30": "1.41320", "2010-06-30": "1.57490", "2010-03-31": "1.44370", "2009-12-31": "1.60670", "2009-09-30": "1.57480", "2009-06-30": "1.50710", "2009-03-31": "1.23560", "2008-12-31": "1.35670", "2008-09-30": "1.04380", "2008-06-30": "1.07590", "2008-03-31": "1.10320", "2007-12-31": "1.22220", "2007-09-30": "1.10010", "2007-06-30": "0.97530", "2007-03-31": "0.94460", "2006-12-31": "1.36240", "2006-09-30": "1.38500", "2006-06-30": "1.29790", "2006-03-31": "1.63990", "2005-12-31": "2.53560", "2005-09-30": "0.96190", "2005-06-30": "0.84060", "2005-03-31": "0.95430"}, "Receiveable Turnover": {"2020-12-31": "1.56260", "2020-09-30": "1.31010", "2020-06-30": "1.07390", "2020-03-31": "1.05620", "2019-12-31": "1.13200", "2019-09-30": "1.29290", "2019-06-30": "1.14850", "2019-03-31": "1.02500", "2018-12-31": "1.14900", "2018-09-30": "1.36950", "2018-06-30": "1.57070", "2018-03-31": "2.23170", "2017-12-31": "2.95150", "2017-09-30": "2.05450", "2017-06-30": "1.87460", "2017-03-31": "2.38460", "2016-12-31": "3.70740", "2016-09-30": "2.04220", "2016-06-30": "1.53060", "2016-03-31": "1.63780", "2015-12-31": "1.79740", "2015-09-30": "1.63730", "2015-06-30": "1.37120", "2015-03-31": "1.33590", "2014-12-31": "1.51470", "2014-09-30": "1.46870", "2014-06-30": "1.65250", "2014-03-31": "1.66310", "2013-12-31": "1.90990", "2013-09-30": "1.67350", "2013-06-30": "1.73280", "2013-03-31": "1.68680", "2012-12-31": "1.83330", "2012-09-30": "1.85800", "2012-06-30": "1.89920", "2012-03-31": "1.64760", "2011-12-31": "1.84000", "2011-09-30": "1.86120", "2011-06-30": "2.07380", "2011-03-31": "2.02380", "2010-12-31": "1.70350", "2010-09-30": "2.11500", "2010-06-30": "2.28000", "2010-03-31": "2.33190", "2009-12-31": "2.20940", "2009-09-30": "2.44060", "2009-06-30": "3.23500", "2009-03-31": "2.84300", "2008-12-31": "3.63130", "2008-09-30": "2.89840", "2008-06-30": "3.11670", "2008-03-31": "2.76390", "2007-12-31": "2.74690", "2007-09-30": "2.28450", "2007-06-30": "1.96840", "2007-03-31": "1.81320", "2006-12-31": "1.53600", "2006-09-30": "1.87250", "2006-06-30": "2.05310", "2006-03-31": "1.55100", "2005-12-31": "1.93960", "2005-09-30": "1.74960", "2005-06-30": "1.71260", "2005-03-31": "1.75660"}, "Days Sales In Receivables": {"2020-12-31": "57.59560", "2020-09-30": "68.69690", "2020-06-30": "83.80440", "2020-03-31": "85.21280", "2019-12-31": "79.50640", "2019-09-30": "69.61130", "2019-06-30": "78.36060", "2019-03-31": "87.80660", "2018-12-31": "78.32980", "2018-09-30": "65.71690", "2018-06-30": "57.30070", "2018-03-31": "40.32790", "2017-12-31": "30.49250", "2017-09-30": "43.80680", "2017-06-30": "48.01040", "2017-03-31": "37.74190", "2016-12-31": "24.27580", "2016-09-30": "44.07040", "2016-06-30": "58.80230", "2016-03-31": "54.95190", "2015-12-31": "50.07310", "2015-09-30": "54.96700", "2015-06-30": "65.63700", "2015-03-31": "67.36890", "2014-12-31": "59.41890", "2014-09-30": "61.28060", "2014-06-30": "54.46220", "2014-03-31": "54.11600", "2013-12-31": "47.12400", "2013-09-30": "53.77820", "2013-06-30": "51.93800", "2013-03-31": "53.35480", "2012-12-31": "49.09090", "2012-09-30": "48.43970", "2012-06-30": "47.38850", "2012-03-31": "54.62460", "2011-12-31": "48.91190", "2011-09-30": "48.35500", "2011-06-30": "43.39900", "2011-03-31": "44.46990", "2010-12-31": "52.83200", "2010-09-30": "42.55250", "2010-06-30": "39.47370", "2010-03-31": "38.59590", "2009-12-31": "40.73510", "2009-09-30": "36.87680", "2009-06-30": "27.82100", "2009-03-31": "31.65680", "2008-12-31": "24.78490", "2008-09-30": "31.05180", "2008-06-30": "28.87670", "2008-03-31": "32.56220", "2007-12-31": "32.76450", "2007-09-30": "39.39670", "2007-06-30": "45.72190", "2007-03-31": "49.63500", "2006-12-31": "58.59510", "2006-09-30": "48.06430", "2006-06-30": "43.83530", "2006-03-31": "58.02860", "2005-12-31": "46.40240", "2005-09-30": "51.44140", "2005-06-30": "52.55250", "2005-03-31": "51.23620"}, "ROE - Return On Equity": {"2020-12-31": "30.51230", "2020-09-30": "10.08530", "2020-06-30": "4.75040", "2020-03-31": "5.33420", "2019-12-31": "6.01340", "2019-09-30": "5.51470", "2019-06-30": "1.84110", "2019-03-31": "0.89490", "2018-12-31": "3.00160", "2018-09-30": "9.06670", "2018-06-30": "13.19680", "2018-03-31": "11.32870", "2017-12-31": "-3.18790", "2017-09-30": "11.73080", "2017-06-30": "-10.07190", "2017-03-31": "-8.06850", "2016-12-31": "-12.50000", "2016-09-30": "-105.45450", "2016-06-30": "-16.70700", "2016-03-31": "21.67000", "2015-12-31": "24.75730", "2015-09-30": "58.63100", "2015-06-30": "128.36880", "2015-03-31": "-1058.82300", "2014-12-31": "-194.65240", "2014-09-30": "3.17760", "2014-06-30": "-7.18560", "2014-03-31": "-3.91390", "2013-12-31": "16.36030", "2013-09-30": "11.05990", "2013-06-30": "-20.61280", "2013-03-31": "-35.18070", "2012-12-31": "-87.91820", "2012-09-30": "-15.87460", "2012-06-30": "3.31240", "2012-03-31": "-56.08370", "2011-12-31": "-10.88050", "2011-09-30": "5.56190", "2011-06-30": "3.71720", "2011-03-31": "32.73430", "2010-12-31": "37.01880", "2010-09-30": "-19.21820", "2010-06-30": "-5.71810", "2010-03-31": "32.28640", "2009-12-31": "182.09880", "2009-09-30": "23.72580", "2009-06-30": "72.04300", "2009-03-31": "253.98770", "2008-12-31": "-1118.11000", "2008-09-30": "1.71770", "2008-06-30": "-47.08280", "2008-03-31": "-12.17290", "2007-12-31": "-44.21410", "2007-09-30": "-8.33940", "2007-06-30": "-11.87390", "2007-03-31": "-11.73870", "2006-12-31": "-9.43820", "2006-09-30": "2.71320", "2006-06-30": "1.83410", "2006-03-31": "3.92790", "2005-12-31": "2.83720", "2005-09-30": "2.55530", "2005-06-30": "0.39760", "2005-03-31": "-0.59370"}, "Return On Tangible Equity": {"2020-12-31": "32.10170", "2020-09-30": "10.89990", "2020-06-30": "5.20560", "2020-03-31": "5.89520", "2019-12-31": "6.69820", "2019-09-30": "6.35930", "2019-06-30": "2.17120", "2019-03-31": "1.06740", "2018-12-31": "3.88950", "2018-09-30": "12.20100", "2018-06-30": "19.66100", "2018-03-31": "19.01410", "2017-12-31": "-6.18890", "2017-09-30": "26.40690", "2017-06-30": "-32.81250", "2017-03-31": "-27.50000", "2016-12-31": "-40.94490", "2016-09-30": "-422.91670", "2016-06-30": "-9.82910", "2016-03-31": "13.95650", "2015-12-31": "14.78260", "2015-09-30": "31.82550", "2015-06-30": "39.26250", "2015-03-31": "59.40590", "2014-12-31": "183.83840", "2014-09-30": "-19.54020", "2014-06-30": "29.03230", "2014-03-31": "17.09400", "2013-12-31": "-102.29890", "2013-09-30": "-23.88060", "2013-06-30": "26.33450", "2013-03-31": "63.47830", "2012-12-31": "426.12620", "2012-09-30": "-46.72620", "2012-06-30": "8.06100", "2012-03-31": "-151.28200", "2011-12-31": "-13.74110", "2011-09-30": "6.87940", "2011-06-30": "4.69590", "2011-03-31": "42.25350", "2010-12-31": "54.34780", "2010-09-30": "-48.55970", "2010-06-30": "-11.78080", "2010-03-31": "65.56120", "2009-12-31": "519.82380", "2009-09-30": "13.39290", "2009-06-30": "36.37350", "2009-03-31": "65.09430", "2008-12-31": "390.10990", "2008-09-30": "13.52940", "2008-06-30": "-251.44930", "2008-03-31": "-166.32120", "2007-12-31": "-106.69900", "2007-09-30": "1011.76500", "2007-06-30": "-233.92070", "2007-03-31": "-69.19590", "2006-12-31": "-40.11760", "2006-09-30": "2.71320", "2006-06-30": "1.83410", "2006-03-31": "3.92790", "2005-12-31": "2.83720", "2005-09-30": "2.55530", "2005-06-30": "0.39760", "2005-03-31": "-0.59370"}, "ROA - Return On Assets": {"2020-12-31": "19.87280", "2020-09-30": "5.55320", "2020-06-30": "2.38490", "2020-03-31": "2.76260", "2019-12-31": "2.82020", "2019-09-30": "2.28440", "2019-06-30": "0.68600", "2019-03-31": "0.32450", "2018-12-31": "0.83410", "2018-09-30": "2.34640", "2018-06-30": "2.82720", "2018-03-31": "2.15250", "2017-12-31": "-0.53490", "2017-09-30": "1.70110", "2017-06-30": "-1.24630", "2017-03-31": "-1.00030", "2016-12-31": "-1.56580", "2016-09-30": "-11.22790", "2016-06-30": "2.08080", "2016-03-31": "-3.65650", "2015-12-31": "-3.30740", "2015-09-30": "-6.10100", "2015-06-30": "-5.35340", "2015-03-31": "-5.25090", "2014-12-31": "-9.66290", "2014-09-30": "0.39310", "2014-06-30": "-0.84790", "2014-03-31": "-0.48690", "2013-12-31": "2.05210", "2013-09-30": "1.11190", "2013-06-30": "-1.89890", "2013-03-31": "-3.84510", "2012-12-31": "-11.82500", "2012-09-30": "-3.40420", "2012-06-30": "0.73400", "2012-03-31": "-11.82840", "2011-12-31": "-3.49210", "2011-09-30": "1.85260", "2011-06-30": "1.16770", "2011-03-31": "9.79070", "2010-12-31": "7.55440", "2010-09-30": "-2.56800", "2010-06-30": "-0.86780", "2010-03-31": "4.91210", "2009-12-31": "12.99850", "2009-09-30": "-1.54340", "2009-06-30": "-3.85810", "2009-03-31": "-4.57360", "2008-12-31": "-18.50890", "2008-09-30": "0.24360", "2008-06-30": "-7.09320", "2008-03-31": "-2.86400", "2007-12-31": "-11.44590", "2007-09-30": "-2.65970", "2007-06-30": "-4.01540", "2007-03-31": "-4.80650", "2006-12-31": "-4.15300", "2006-09-30": "1.62310", "2006-06-30": "1.10400", "2006-03-31": "2.29760", "2005-12-31": "1.30490", "2005-09-30": "0.93140", "2005-06-30": "0.14560", "2005-03-31": "-0.22280"}, "ROI - Return On Investment": {"2020-12-31": "28.87950", "2020-09-30": "9.19810", "2020-06-30": "4.13700", "2020-03-31": "4.59570", "2019-12-31": "5.13130", "2019-09-30": "3.93700", "2019-06-30": "1.19370", "2019-03-31": "0.56900", "2018-12-31": "1.59660", "2018-09-30": "4.45030", "2018-06-30": "5.66130", "2018-03-31": "4.30850", "2017-12-31": "-0.98910", "2017-09-30": "3.25160", "2017-06-30": "-2.34380", "2017-03-31": "-1.81620", "2016-12-31": "-2.80930", "2016-09-30": "-20.12890", "2016-06-30": "4.31520", "2016-03-31": "-7.25220", "2015-12-31": "-6.39500", "2015-09-30": "-11.62930", "2015-06-30": "-9.56150", "2015-03-31": "-8.78050", "2014-12-31": "-16.38160", "2014-09-30": "0.64370", "2014-06-30": "-1.37930", "2014-03-31": "-0.77250", "2013-12-31": "3.50120", "2013-09-30": "1.93700", "2013-06-30": "-3.08200", "2013-03-31": "-5.94950", "2012-12-31": "-18.36890", "2012-09-30": "-5.19180", "2012-06-30": "1.39680", "2012-03-31": "-22.85940", "2011-12-31": "-5.55020", "2011-09-30": "2.92610", "2011-06-30": "1.59020", "2011-03-31": "13.60000", "2010-12-31": "11.71510", "2010-09-30": "-4.21580", "2010-06-30": "-1.35650", "2010-03-31": "7.56550", "2009-12-31": "24.08160", "2009-09-30": "-2.86870", "2009-06-30": "-7.01130", "2009-03-31": "-8.08750", "2008-12-31": "-30.75590", "2008-09-30": "0.37020", "2008-06-30": "-10.79480", "2008-03-31": "-4.18950", "2007-12-31": "-16.48170", "2007-09-30": "-3.72210", "2007-06-30": "-5.42390", "2007-03-31": "-6.89310", "2006-12-31": "-5.77350", "2006-09-30": "2.40420", "2006-06-30": "1.61830", "2006-03-31": "3.47370", "2005-12-31": "2.03260", "2005-09-30": "1.62290", "2005-06-30": "0.25500", "2005-03-31": "-0.38240"}, "Book Value Per Share": {"2020-12-31": "4.82000", "2020-09-30": "3.21710", "2020-06-30": "2.81520", "2020-03-31": "2.59350", "2019-12-31": "2.41620", "2019-09-30": "1.95330", "2019-06-30": "1.75050", "2019-03-31": "1.65250", "2018-12-31": "1.25970", "2018-09-30": "1.12610", "2018-06-30": "0.90150", "2018-03-31": "0.73790", "2017-12-31": "0.61630", "2017-09-30": "0.53890", "2017-06-30": "0.44030", "2017-03-31": "0.43420", "2016-12-31": "0.44490", "2016-09-30": "0.41580", "2016-06-30": "-0.51950", "2016-03-31": "-0.63430", "2015-12-31": "-0.52020", "2015-09-30": "-0.42530", "2015-06-30": "-0.18100", "2015-03-31": "0.02190", "2014-12-31": "0.24100", "2014-09-30": "0.69030", "2014-06-30": "0.65490", "2014-03-31": "0.67060", "2013-12-31": "0.75030", "2013-09-30": "0.60030", "2013-06-30": "0.49860", "2013-03-31": "0.58120", "2012-12-31": "0.75460", "2012-09-30": "1.38900", "2012-06-30": "1.57990", "2012-03-31": "1.50290", "2011-12-31": "2.27790", "2011-09-30": "2.50220", "2011-06-30": "2.37480", "2011-03-31": "2.26780", "2010-12-31": "1.48320", "2010-09-30": "0.90160", "2010-06-30": "1.11570", "2010-03-31": "1.18280", "2009-12-31": "0.96570", "2009-09-30": "-0.84930", "2009-06-30": "-0.69610", "2009-03-31": "-0.24440", "2008-12-31": "0.20850", "2008-09-30": "2.20230", "2008-06-30": "2.42830", "2008-03-31": "4.35150", "2007-12-31": "4.93400", "2007-09-30": "7.43240", "2007-06-30": "8.08680", "2007-03-31": "9.46360", "2006-12-31": "10.57590", "2006-09-30": "10.29010", "2006-06-30": "9.99370", "2006-03-31": "9.74350", "2005-12-31": "7.68810", "2005-09-30": "7.39930", "2005-06-30": "7.18240", "2005-03-31": "7.43520"}, "Operating Cash Flow Per Share": {"2020-12-31": 0.4618, "2020-09-30": 0.2804, "2020-06-30": 0.1982, "2020-03-31": "-0.05310", "2019-12-31": 0.3945, "2019-09-30": 0.2107, "2019-06-30": 0.0297, "2019-03-31": "-0.19470", "2018-12-31": 0.1119, "2018-09-30": 0.0613, "2018-06-30": -0.0382, "2018-03-31": "-0.10300", "2017-12-31": 0.312, "2017-09-30": 0.1038, "2017-06-30": -0.0848, "2017-03-31": "-0.31840", "2016-12-31": 0.2172, "2016-09-30": 0.0345, "2016-06-30": -0.1017, "2016-03-31": "-0.05300", "2015-12-31": 0.0745, "2015-09-30": -0.0688, "2015-06-30": -0.0729, "2015-03-31": "-0.22140", "2014-12-31": 0.145, "2014-09-30": 0.0311, "2014-06-30": -0.0356, "2014-03-31": "-0.26810", "2013-12-31": 0.0249, "2013-09-30": 0.0315, "2013-06-30": -0.0458, "2013-03-31": "-0.20690", "2012-12-31": -0.3863, "2012-09-30": -0.3188, "2012-06-30": 0.1032, "2012-03-31": "0.14580", "2011-12-31": 0.2516, "2011-09-30": 0.2551, "2011-06-30": 0.228, "2011-03-31": "-0.21990", "2010-12-31": -0.283, "2010-09-30": -0.1733, "2010-06-30": -0.1363, "2010-03-31": "0.03050", "2009-12-31": 1.6731, "2009-09-30": -0.1734, "2009-06-30": -0.1775, "2009-03-31": "-0.62460", "2008-12-31": -0.413, "2008-09-30": -0.3547, "2008-06-30": -0.3987, "2008-03-31": "0.02640", "2007-12-31": 0.1141, "2007-09-30": 0.4064, "2007-06-30": -1.1508, "2007-03-31": "0.07470", "2006-12-31": 0.5736, "2006-09-30": 0.4723, "2006-06-30": 0.4144, "2006-03-31": "1.15560", "2005-12-31": 1.2316, "2005-09-30": 0.8582, "2005-06-30": 0.6336, "2005-03-31": "0.63940"}, "Free Cash Flow Per Share": {"2020-12-31": 0.3993, "2020-09-30": 0.2183, "2020-06-30": 0.1241, "2020-03-31": "-0.09800", "2019-12-31": 0.3574, "2019-09-30": 0.1622, "2019-06-30": -0.0218, "2019-03-31": "-0.25140", "2018-12-31": 0.0721, "2018-09-30": 0.0255, "2018-06-30": -0.0715, "2018-03-31": "-0.14730", "2017-12-31": 0.2595, "2017-09-30": 0.0746, "2017-06-30": -0.0973, "2017-03-31": "-0.34290", "2016-12-31": 0.1938, "2016-09-30": 0.0229, "2016-06-30": -0.1261, "2016-03-31": "-0.08580", "2015-12-31": 0.0334, "2015-09-30": -0.0899, "2015-06-30": -0.0948, "2015-03-31": "-0.24970", "2014-12-31": 0.1143, "2014-09-30": -0.0043, "2014-06-30": -0.0656, "2014-03-31": "-0.29570", "2013-12-31": 0.0001, "2013-09-30": 0.0837, "2013-06-30": -0.0798, "2013-03-31": "0.00400", "2012-12-31": -0.5658, "2012-09-30": -0.2142, "2012-06-30": 0.0531, "2012-03-31": "0.09130", "2011-12-31": 0.1347, "2011-09-30": 0.198, "2011-06-30": 0.1364, "2011-03-31": "-0.26960", "2010-12-31": -0.3306, "2010-09-30": -0.2148, "2010-06-30": -0.184, "2010-03-31": "-0.03320", "2009-12-31": 1.4066, "2009-09-30": -0.3003, "2009-06-30": -0.3372, "2009-03-31": "-0.75880", "2008-12-31": -0.5997, "2008-09-30": -0.4893, "2008-06-30": -0.0949, "2008-03-31": "-0.41910", "2007-12-31": -0.2892, "2007-09-30": -0.2693, "2007-06-30": -1.895, "2007-03-31": "-0.99090", "2006-12-31": -0.7657, "2006-09-30": -0.3901, "2006-06-30": -0.4893, "2006-03-31": "0.53330", "2005-12-31": 0.476, "2005-09-30": 0.2167, "2005-06-30": -0.059, "2005-03-31": "-0.67910"}}, "revenue": {"AMD Annual Revenue (Millions of US $)": {"2020": "$9,763", "2019": "$6,731", "2018": "$6,475", "2017": "$5,253", "2016": "$4,319", "2015": "$3,991", "2014": "$5,506", "2013": "$5,299", "2012": "$5,422", "2011": "$6,568", "2010": "$6,494", "2009": "$5,403", "2008": "$5,808", "2007": "$5,858", "2006": "$5,627", "2005": "$5,848"}, "AMD Quarterly Revenue (Millions of US $)": {"2020-12-31": "$3,244", "2020-09-30": "$2,801", "2020-06-30": "$1,932", "2020-03-31": "$1,786", "2019-12-31": "$2,127", "2019-09-30": "$1,801", "2019-06-30": "$1,531", "2019-03-31": "$1,272", "2018-12-31": "$1,419", "2018-09-30": "$1,653", "2018-06-30": "$1,756", "2018-03-31": "$1,647", "2017-12-31": "$1,340", "2017-09-30": "$1,584", "2017-06-30": "$1,151", "2017-03-31": "$1,178", "2016-12-31": "$1,153", "2016-09-30": "$1,307", "2016-06-30": "$1,027", "2016-03-31": "$832", "2015-12-31": "$958", "2015-09-30": "$1,061", "2015-06-30": "$942", "2015-03-31": "$1,030", "2014-12-31": "$1,239", "2014-09-30": "$1,429", "2014-06-30": "$1,441", "2014-03-31": "$1,397", "2013-12-31": "$1,589", "2013-09-30": "$1,461", "2013-06-30": "$1,161", "2013-03-31": "$1,088", "2012-12-31": "$1,155", "2012-09-30": "$1,269", "2012-06-30": "$1,413", "2012-03-31": "$1,585", "2011-12-31": "$1,691", "2011-09-30": "$1,690", "2011-06-30": "$1,574", "2011-03-31": "$1,613", "2010-12-31": "$1,649", "2010-09-30": "$1,618", "2010-06-30": "$1,653", "2010-03-31": "$1,574", "2009-12-31": "$1,646", "2009-09-30": "$1,396", "2009-06-30": "$1,184", "2009-03-31": "$1,177", "2008-12-31": "$1,162", "2008-09-30": "$1,797", "2008-06-30": "$1,362", "2008-03-31": "$1,487", "2007-12-31": "$1,758", "2007-09-30": "$1,558", "2007-06-30": "$1,309", "2007-03-31": "$1,233", "2006-12-31": "$1,751", "2006-09-30": "$1,328", "2006-06-30": "$1,216", "2006-03-31": "$1,332", "2005-12-31": "$1,839", "2005-09-30": "$1,523", "2005-06-30": "$1,260", "2005-03-31": "$1,227"}}, "gross-profit": {"AMD Annual Gross Profit (Millions of US $)": {"2020": "$4,347", "2019": "$2,868", "2018": "$2,447", "2017": "$1,787", "2016": "$1,003", "2015": "$1,080", "2014": "$1,839", "2013": "$1,978", "2012": "$1,235", "2011": "$2,940", "2010": "$2,961", "2009": "$2,272", "2008": "$2,320", "2007": "$2,189", "2006": "$2,794", "2005": "$2,392"}, "AMD Quarterly Gross Profit (Millions of US $)": {"2020-12-31": "$1,451", "2020-09-30": "$1,230", "2020-06-30": "$848", "2020-03-31": "$818", "2019-12-31": "$949", "2019-09-30": "$777", "2019-06-30": "$621", "2019-03-31": "$521", "2018-12-31": "$537", "2018-09-30": "$661", "2018-06-30": "$652", "2018-03-31": "$597", "2017-12-31": "$452", "2017-09-30": "$571", "2017-06-30": "$386", "2017-03-31": "$378", "2016-12-31": "$356", "2016-09-30": "$59", "2016-06-30": "$319", "2016-03-31": "$269", "2015-12-31": "$283", "2015-09-30": "$239", "2015-06-30": "$232", "2015-03-31": "$326", "2014-12-31": "$360", "2014-09-30": "$494", "2014-06-30": "$498", "2014-03-31": "$487", "2013-12-31": "$553", "2013-09-30": "$521", "2013-06-30": "$459", "2013-03-31": "$445", "2012-12-31": "$178", "2012-09-30": "$392", "2012-06-30": "$638", "2012-03-31": "$27", "2011-12-31": "$773", "2011-09-30": "$756", "2011-06-30": "$720", "2011-03-31": "$691", "2010-12-31": "$743", "2010-09-30": "$739", "2010-06-30": "$738", "2010-03-31": "$741", "2009-12-31": "$735", "2009-09-30": "$585", "2009-06-30": "$441", "2009-03-31": "$511", "2008-12-31": "$272", "2008-09-30": "$916", "2008-06-30": "$511", "2008-03-31": "$621", "2007-12-31": "$768", "2007-09-30": "$635", "2007-06-30": "$439", "2007-03-31": "$347", "2006-12-31": "$642", "2006-09-30": "$683", "2006-06-30": "$690", "2006-03-31": "$779", "2005-12-31": "$852", "2005-09-30": "$626", "2005-06-30": "$494", "2005-03-31": "$419"}}, "operating-income": {"AMD Annual Operating Income (Millions of US $)": {"2020": "$1,369", "2019": "$631", "2018": "$451", "2017": "$127", "2016": "$-373", "2015": "$-481", "2014": "$-155", "2013": "$103", "2012": "$-1,056", "2011": "$368", "2010": "$848", "2009": "$664", "2008": "$-1,955", "2007": "$-2,310", "2006": "$-17", "2005": "$232"}, "AMD Quarterly Operating Income (Millions of US $)": {"2020-12-31": "$570", "2020-09-30": "$449", "2020-06-30": "$173", "2020-03-31": "$177", "2019-12-31": "$348", "2019-09-30": "$186", "2019-06-30": "$59", "2019-03-31": "$38", "2018-12-31": "$28", "2018-09-30": "$150", "2018-06-30": "$153", "2018-03-31": "$120", "2017-12-31": "$-2", "2017-09-30": "$119", "2017-06-30": "$-1", "2017-03-31": "$11", "2016-12-31": "$-4", "2016-09-30": "$-293", "2016-06-30": "$-8", "2016-03-31": "$-68", "2015-12-31": "$-49", "2015-09-30": "$-158", "2015-06-30": "$-137", "2015-03-31": "$-137", "2014-12-31": "$-330", "2014-09-30": "$63", "2014-06-30": "$63", "2014-03-31": "$49", "2013-12-31": "$135", "2013-09-30": "$95", "2013-06-30": "$-29", "2013-03-31": "$-98", "2012-12-31": "$-422", "2012-09-30": "$-131", "2012-06-30": "$77", "2012-03-31": "$-580", "2011-12-31": "$71", "2011-09-30": "$138", "2011-06-30": "$105", "2011-03-31": "$54", "2010-12-31": "$413", "2010-09-30": "$128", "2010-06-30": "$125", "2010-03-31": "$182", "2009-12-31": "$1,288", "2009-09-30": "$-77", "2009-06-30": "$-249", "2009-03-31": "$-298", "2008-12-31": "$-1,274", "2008-09-30": "$122", "2008-06-30": "$-569", "2008-03-31": "$-234", "2007-12-31": "$-1,229", "2007-09-30": "$-181", "2007-06-30": "$-396", "2007-03-31": "$-504", "2006-12-31": "$-499", "2006-09-30": "$121", "2006-06-30": "$102", "2006-03-31": "$259", "2005-12-31": "$206", "2005-09-30": "$79", "2005-06-30": "$-7", "2005-03-31": "$-46"}}, "ebitda": {"AMD Annual EBITDA (Millions of US $)": {"2020": "$1,737", "2019": "$919", "2018": "$659", "2017": "$307", "2016": "$-219", "2015": "$-303", "2014": "$48", "2013": "$339", "2012": "$-796", "2011": "$685", "2010": "$1,231", "2009": "$1,682", "2008": "$848", "2007": "$436", "2006": "$669", "2005": "$1,357"}, "AMD Quarterly EBITDA (Millions of US $)": {"2020-12-31": "$673", "2020-09-30": "$546", "2020-06-30": "$259", "2020-03-31": "$259", "2019-12-31": "$426", "2019-09-30": "$262", "2019-06-30": "$129", "2019-03-31": "$102", "2018-12-31": "$80", "2018-09-30": "$200", "2018-06-30": "$205", "2018-03-31": "$174", "2017-12-31": "$46", "2017-09-30": "$164", "2017-06-30": "$43", "2017-03-31": "$54", "2016-12-31": "$51", "2016-09-30": "$-260", "2016-06-30": "$25", "2016-03-31": "$-35", "2015-12-31": "$-4", "2015-09-30": "$-116", "2015-06-30": "$-92", "2015-03-31": "$-91", "2014-12-31": "$-282", "2014-09-30": "$112", "2014-06-30": "$116", "2014-03-31": "$102", "2013-12-31": "$189", "2013-09-30": "$152", "2013-06-30": "$30", "2013-03-31": "$-32", "2012-12-31": "$-356", "2012-09-30": "$-65", "2012-06-30": "$142", "2012-03-31": "$-517", "2011-12-31": "$141", "2011-09-30": "$217", "2011-06-30": "$185", "2011-03-31": "$142", "2010-12-31": "$502", "2010-09-30": "$222", "2010-06-30": "$225", "2010-03-31": "$282", "2009-12-31": "$1,540", "2009-09-30": "$180", "2009-06-30": "$6", "2009-03-31": "$-44", "2008-12-31": "$-322", "2008-09-30": "$516", "2008-06-30": "$593", "2008-03-31": "$61", "2007-12-31": "$670", "2007-09-30": "$106", "2007-06-30": "$-150", "2007-03-31": "$-190", "2006-12-31": "$-380", "2006-09-30": "$322", "2006-06-30": "$294", "2006-03-31": "$433", "2005-12-31": "$389", "2005-09-30": "$369", "2005-06-30": "$311", "2005-03-31": "$287"}}, "net-income": {"AMD Annual Net Income (Millions of US $)": {"2020": "$2,490", "2019": "$341", "2018": "$337", "2017": "$-33", "2016": "$-498", "2015": "$-660", "2014": "$-403", "2013": "$-83", "2012": "$-1,183", "2011": "$491", "2010": "$471", "2009": "$304", "2008": "$-3,129", "2007": "$-3,394", "2006": "$-166", "2005": "$165"}, "AMD Quarterly Net Income (Millions of US $)": {"2020-12-31": "$1,781", "2020-09-30": "$390", "2020-06-30": "$157", "2020-03-31": "$162", "2019-12-31": "$170", "2019-09-30": "$120", "2019-06-30": "$35", "2019-03-31": "$16", "2018-12-31": "$38", "2018-09-30": "$102", "2018-06-30": "$116", "2018-03-31": "$81", "2017-12-31": "$-19", "2017-09-30": "$61", "2017-06-30": "$-42", "2017-03-31": "$-33", "2016-12-31": "$-52", "2016-09-30": "$-406", "2016-06-30": "$69", "2016-03-31": "$-109", "2015-12-31": "$-102", "2015-09-30": "$-197", "2015-06-30": "$-181", "2015-03-31": "$-180", "2014-12-31": "$-364", "2014-09-30": "$17", "2014-06-30": "$-36", "2014-03-31": "$-20", "2013-12-31": "$89", "2013-09-30": "$48", "2013-06-30": "$-74", "2013-03-31": "$-146", "2012-12-31": "$-473", "2012-09-30": "$-157", "2012-06-30": "$37", "2012-03-31": "$-590", "2011-12-31": "$-177", "2011-09-30": "$97", "2011-06-30": "$61", "2011-03-31": "$510", "2010-12-31": "$375", "2010-09-30": "$-118", "2010-06-30": "$-43", "2010-03-31": "$257", "2009-12-31": "$1,178", "2009-09-30": "$-128", "2009-06-30": "$-330", "2009-03-31": "$-416", "2008-12-31": "$-1,436", "2008-09-30": "$-134", "2008-06-30": "$-1,195", "2008-03-31": "$-364", "2007-12-31": "$-1,787", "2007-09-30": "$-396", "2007-06-30": "$-600", "2007-03-31": "$-611", "2006-12-31": "$-576", "2006-09-30": "$136", "2006-06-30": "$89", "2006-03-31": "$185", "2005-12-31": "$95", "2005-09-30": "$76", "2005-06-30": "$11", "2005-03-31": "$-17"}}, "eps-earnings-per-share-diluted": {"AMD Annual EPS": {"2020": "$2.06", "2019": "$0.30", "2018": "$0.32", "2017": "$-0.03", "2016": "$-0.60", "2015": "$-0.84", "2014": "$-0.53", "2013": "$-0.11", "2012": "$-1.60", "2011": "$0.66", "2010": "$0.64", "2009": "$0.45", "2008": "$-5.15", "2007": "$-6.08", "2006": "$-0.34", "2005": "$0.40"}, "AMD Quarterly EPS": {"2020-12-31": "$1.47", "2020-09-30": "$0.32", "2020-06-30": "$0.13", "2020-03-31": "$0.14", "2019-12-31": "$0.15", "2019-09-30": "$0.11", "2019-06-30": "$0.03", "2019-03-31": "$0.01", "2018-12-31": "$0.04", "2018-09-30": "$0.09", "2018-06-30": "$0.11", "2018-03-31": "$0.08", "2017-12-31": "$-0.01", "2017-09-30": "$0.06", "2017-06-30": "$-0.04", "2017-03-31": "$-0.04", "2016-12-31": "$-0.04", "2016-09-30": "$-0.50", "2016-06-30": "$0.08", "2016-03-31": "$-0.14", "2015-12-31": "$-0.13", "2015-09-30": "$-0.25", "2015-06-30": "$-0.23", "2015-03-31": "$-0.23", "2014-12-31": "$-0.47", "2014-09-30": "$0.02", "2014-06-30": "$-0.05", "2014-03-31": "$-0.03", "2013-12-31": "$0.12", "2013-09-30": "$0.06", "2013-06-30": "$-0.10", "2013-03-31": "$-0.19", "2012-12-31": "$-0.64", "2012-09-30": "$-0.21", "2012-06-30": "$0.05", "2012-03-31": "$-0.80", "2011-12-31": "$-0.23", "2011-09-30": "$0.13", "2011-06-30": "$0.08", "2011-03-31": "$0.68", "2010-12-31": "$0.52", "2010-09-30": "$-0.17", "2010-06-30": "$-0.06", "2010-03-31": "$0.35", "2009-12-31": "$1.78", "2009-09-30": "$-0.18", "2009-06-30": "$-0.49", "2009-03-31": "$-0.66", "2008-12-31": "$-2.36", "2008-09-30": "$-0.22", "2008-06-30": "$-1.97", "2008-03-31": "$-0.60", "2007-12-31": "$-3.17", "2007-09-30": "$-0.71", "2007-06-30": "$-1.09", "2007-03-31": "$-1.11", "2006-12-31": "$-1.17", "2006-09-30": "$0.27", "2006-06-30": "$0.18", "2006-03-31": "$0.38", "2005-12-31": "$0.23", "2005-09-30": "$0.18", "2005-06-30": "$0.03", "2005-03-31": "$-0.04"}}, "shares-outstanding": {"AMD Annual Shares Outstanding (Millions of Shares)": {"2020": "1,207", "2019": "1,120", "2018": "1,064", "2017": "952", "2016": "835", "2015": "783", "2014": "768", "2013": "754", "2012": "741", "2011": "742", "2010": "733", "2009": "678", "2008": "607", "2007": "558", "2006": "492", "2005": "441"}, "AMD Quarterly Shares Outstanding (Millions of Shares)": {"2020-12-31": "1,207", "2020-09-30": "1,215", "2020-06-30": "1,227", "2020-03-31": "1,224", "2019-12-31": "1,120", "2019-09-30": "1,117", "2019-06-30": "1,109", "2019-03-31": "1,094", "2018-12-31": "1,064", "2018-09-30": "1,076", "2018-06-30": "1,147", "2018-03-31": "1,039", "2017-12-31": "952", "2017-09-30": "1,042", "2017-06-30": "945", "2017-03-31": "939", "2016-12-31": "835", "2016-09-30": "815", "2016-06-30": "821", "2016-03-31": "793", "2015-12-31": "783", "2015-09-30": "785", "2015-06-30": "778", "2015-03-31": "777", "2014-12-31": "768", "2014-09-30": "785", "2014-06-30": "764", "2014-03-31": "761", "2013-12-31": "754", "2013-09-30": "764", "2013-06-30": "752", "2013-03-31": "749", "2012-12-31": "741", "2012-09-30": "745", "2012-06-30": "755", "2012-03-31": "734", "2011-12-31": "742", "2011-09-30": "741", "2011-06-30": "743", "2011-03-31": "764", "2010-12-31": "733", "2010-09-30": "713", "2010-06-30": "709", "2010-03-31": "754", "2009-12-31": "678", "2009-09-30": "694", "2009-06-30": "667", "2009-03-31": "626", "2008-12-31": "607", "2008-09-30": "608", "2008-06-30": "607", "2008-03-31": "606", "2007-12-31": "558", "2007-09-30": "554", "2007-06-30": "552", "2007-03-31": "549", "2006-12-31": "492", "2006-09-30": "497", "2006-06-30": "500", "2006-03-31": "495", "2005-12-31": "441", "2005-09-30": "444", "2005-06-30": "406", "2005-03-31": "393"}}, "total-assets": {"AMD Annual Total Assets (Millions of US $)": {"2020": "$8,962", "2019": "$6,028", "2018": "$4,556", "2017": "$3,552", "2016": "$3,321", "2015": "$3,084", "2014": "$3,767", "2013": "$4,337", "2012": "$4,000", "2011": "$4,954", "2010": "$4,964", "2009": "$9,078", "2008": "$7,672", "2007": "$11,550", "2006": "$13,147", "2005": "$7,288"}, "AMD Quarterly Total Assets (Millions of US $)": {"2020-12-31": "$8,962", "2020-09-30": "$7,023", "2020-06-30": "$6,583", "2020-03-31": "$5,864", "2019-12-31": "$6,028", "2019-09-30": "$5,253", "2019-06-30": "$5,102", "2019-03-31": "$4,931", "2018-12-31": "$4,556", "2018-09-30": "$4,347", "2018-06-30": "$4,103", "2018-03-31": "$3,763", "2017-12-31": "$3,552", "2017-09-30": "$3,586", "2017-06-30": "$3,370", "2017-03-31": "$3,299", "2016-12-31": "$3,321", "2016-09-30": "$3,616", "2016-06-30": "$3,316", "2016-03-31": "$2,981", "2015-12-31": "$3,084", "2015-09-30": "$3,229", "2015-06-30": "$3,381", "2015-03-31": "$3,428", "2014-12-31": "$3,767", "2014-09-30": "$4,325", "2014-06-30": "$4,246", "2014-03-31": "$4,108", "2013-12-31": "$4,337", "2013-09-30": "$4,317", "2013-06-30": "$3,897", "2013-03-31": "$3,797", "2012-12-31": "$4,000", "2012-09-30": "$4,612", "2012-06-30": "$5,041", "2012-03-31": "$4,988", "2011-12-31": "$4,954", "2011-09-30": "$5,236", "2011-06-30": "$5,224", "2011-03-31": "$5,209", "2010-12-31": "$4,964", "2010-09-30": "$4,595", "2010-06-30": "$4,955", "2010-03-31": "$5,232", "2009-12-31": "$9,078", "2009-09-30": "$8,747", "2009-06-30": "$8,683", "2009-03-31": "$9,052", "2008-12-31": "$7,672", "2008-09-30": "$9,441", "2008-06-30": "$9,784", "2008-03-31": "$11,208", "2007-12-31": "$11,550", "2007-09-30": "$12,934", "2007-06-30": "$13,224", "2007-03-31": "$12,712", "2006-12-31": "$13,147", "2006-09-30": "$8,379", "2006-06-30": "$8,062", "2006-03-31": "$8,052", "2005-12-31": "$7,288", "2005-09-30": "$8,160", "2005-06-30": "$7,773", "2005-03-31": "$7,822"}}, "cash-on-hand": {"AMD Annual Cash on Hand (Millions of US $)": {"2020": "$2,290", "2019": "$1,503", "2018": "$1,156", "2017": "$1,185", "2016": "$1,264", "2015": "$785", "2014": "$1,040", "2013": "$1,097", "2012": "$1,002", "2011": "$1,765", "2010": "$1,789", "2009": "$2,676", "2008": "$1,096", "2007": "$1,889", "2006": "$1,541", "2005": "$1,795"}, "AMD Quarterly Cash on Hand (Millions of US $)": {"2020-12-31": "$2,290", "2020-09-30": "$1,771", "2020-06-30": "$1,775", "2020-03-31": "$1,385", "2019-12-31": "$1,503", "2019-09-30": "$1,209", "2019-06-30": "$1,128", "2019-03-31": "$1,194", "2018-12-31": "$1,156", "2018-09-30": "$1,056", "2018-06-30": "$983", "2018-03-31": "$1,045", "2017-12-31": "$1,185", "2017-09-30": "$879", "2017-06-30": "$844", "2017-03-31": "$943", "2016-12-31": "$1,264", "2016-09-30": "$1,258", "2016-06-30": "$957", "2016-03-31": "$716", "2015-12-31": "$785", "2015-09-30": "$755", "2015-06-30": "$829", "2015-03-31": "$906", "2014-12-31": "$1,040", "2014-09-30": "$938", "2014-06-30": "$948", "2014-03-31": "$902", "2013-12-31": "$1,097", "2013-09-30": "$1,060", "2013-06-30": "$968", "2013-03-31": "$1,003", "2012-12-31": "$1,002", "2012-09-30": "$1,300", "2012-06-30": "$1,579", "2012-03-31": "$1,544", "2011-12-31": "$1,765", "2011-09-30": "$1,807", "2011-06-30": "$1,861", "2011-03-31": "$1,745", "2010-12-31": "$1,789", "2010-09-30": "$1,726", "2010-06-30": "$1,896", "2010-03-31": "$1,932", "2009-12-31": "$2,676", "2009-09-30": "$2,511", "2009-06-30": "$2,514", "2009-03-31": "$2,719", "2008-12-31": "$1,096", "2008-09-30": "$1,341", "2008-06-30": "$1,567", "2008-03-31": "$1,753", "2007-12-31": "$1,889", "2007-09-30": "$1,528", "2007-06-30": "$1,594", "2007-03-31": "$1,167", "2006-12-31": "$1,541", "2006-09-30": "$2,357", "2006-06-30": "$2,530", "2006-03-31": "$2,633", "2005-12-31": "$1,795", "2005-09-30": "$1,342", "2005-06-30": "$1,220", "2005-03-31": "$1,085"}}, "long-term-debt": {"AMD Annual Long Term Debt (Millions of US $)": {"2020": "$330", "2019": "$486", "2018": "$1,114", "2017": "$1,325", "2016": "$1,435", "2015": "$2,007", "2014": "$2,035", "2013": "$1,998", "2012": "$2,037", "2011": "$1,527", "2010": "$2,188", "2009": "$4,252", "2008": "$4,490", "2007": "$5,031", "2006": "$3,672", "2005": "$1,327"}, "AMD Quarterly Long Term Debt (Millions of US $)": {"2020-12-31": "$330", "2020-09-30": "$373", "2020-06-30": "$490", "2020-03-31": "$488", "2019-12-31": "$486", "2019-09-30": "$872", "2019-06-30": "$1,031", "2019-03-31": "$1,024", "2018-12-31": "$1,114", "2018-09-30": "$1,167", "2018-06-30": "$1,170", "2018-03-31": "$1,165", "2017-12-31": "$1,325", "2017-09-30": "$1,356", "2017-06-30": "$1,375", "2017-03-31": "$1,408", "2016-12-31": "$1,435", "2016-09-30": "$1,632", "2016-06-30": "$2,012", "2016-03-31": "$2,006", "2015-12-31": "$2,007", "2015-09-30": "$2,030", "2015-06-30": "$2,034", "2015-03-31": "$2,033", "2014-12-31": "$2,035", "2014-09-30": "$2,106", "2014-06-30": "$2,109", "2014-03-31": "$2,078", "2013-12-31": "$1,998", "2013-09-30": "$2,044", "2013-06-30": "$2,042", "2013-03-31": "$2,039", "2012-12-31": "$2,037", "2012-09-30": "$2,035", "2012-06-30": "$1,532", "2012-03-31": "$1,529", "2011-12-31": "$1,527", "2011-09-30": "$1,571", "2011-06-30": "$2,195", "2011-03-31": "$2,192", "2010-12-31": "$2,188", "2010-09-30": "$2,185", "2010-06-30": "$2,418", "2010-03-31": "$2,601", "2009-12-31": "$4,252", "2009-09-30": "$5,275", "2009-06-30": "$5,243", "2009-03-31": "$5,282", "2008-12-31": "$4,490", "2008-09-30": "$4,874", "2008-06-30": "$4,955", "2008-03-31": "$5,025", "2007-12-31": "$5,031", "2007-09-30": "$5,117", "2007-06-30": "$5,318", "2007-03-31": "$3,659", "2006-12-31": "$3,672", "2006-09-30": "$644", "2006-06-30": "$647", "2006-03-31": "$616", "2005-12-31": "$1,327", "2005-09-30": "$1,709", "2005-06-30": "$1,592", "2005-03-31": "$1,622"}}, "total-liabilities": {"AMD Annual Total Liabilities (Millions of US $)": {"2020": "$3,125", "2019": "$3,201", "2018": "$3,290", "2017": "$2,956", "2016": "$2,905", "2015": "$3,496", "2014": "$3,580", "2013": "$3,793", "2012": "$3,462", "2011": "$3,364", "2010": "$3,951", "2009": "$8,430", "2008": "$7,545", "2007": "$8,560", "2006": "$7,362", "2005": "$3,936"}, "AMD Quarterly Total Liabilities (Millions of US $)": {"2020-12-31": "$3,125", "2020-09-30": "$3,156", "2020-06-30": "$3,278", "2020-03-31": "$2,827", "2019-12-31": "$3,201", "2019-09-30": "$3,077", "2019-06-30": "$3,201", "2019-03-31": "$3,143", "2018-12-31": "$3,290", "2018-09-30": "$3,222", "2018-06-30": "$3,224", "2018-03-31": "$3,048", "2017-12-31": "$2,956", "2017-09-30": "$3,066", "2017-06-30": "$2,953", "2017-03-31": "$2,890", "2016-12-31": "$2,905", "2016-09-30": "$3,231", "2016-06-30": "$3,729", "2016-03-31": "$3,484", "2015-12-31": "$3,496", "2015-09-30": "$3,565", "2015-06-30": "$3,522", "2015-03-31": "$3,411", "2014-12-31": "$3,580", "2014-09-30": "$3,790", "2014-06-30": "$3,745", "2014-03-31": "$3,597", "2013-12-31": "$3,793", "2013-09-30": "$3,883", "2013-06-30": "$3,538", "2013-03-31": "$3,382", "2012-12-31": "$3,462", "2012-09-30": "$3,623", "2012-06-30": "$3,924", "2012-03-31": "$3,936", "2011-12-31": "$3,364", "2011-09-30": "$3,492", "2011-06-30": "$3,583", "2011-03-31": "$3,651", "2010-12-31": "$3,951", "2010-09-30": "$3,981", "2010-06-30": "$4,203", "2010-03-31": "$4,436", "2009-12-31": "$8,430", "2009-09-30": "$9,316", "2009-06-30": "$9,148", "2009-03-31": "$9,215", "2008-12-31": "$7,545", "2008-09-30": "$8,102", "2008-06-30": "$8,310", "2008-03-31": "$8,571", "2007-12-31": "$8,560", "2007-09-30": "$8,809", "2007-06-30": "$8,752", "2007-03-31": "$7,507", "2006-12-31": "$7,362", "2006-09-30": "$3,367", "2006-06-30": "$3,209", "2006-03-31": "$3,342", "2005-12-31": "$3,936", "2005-09-30": "$5,186", "2005-06-30": "$4,926", "2005-03-31": "$4,887"}}, "total-share-holder-equity": {"AMD Annual Share Holder Equity (Millions of US $)": {"2020": "$5,837", "2019": "$2,827", "2018": "$1,266", "2017": "$596", "2016": "$416", "2015": "$-412", "2014": "$187", "2013": "$544", "2012": "$538", "2011": "$1,590", "2010": "$1,013", "2009": "$648", "2008": "$127", "2007": "$2,990", "2006": "$5,785", "2005": "$3,352"}, "AMD Quarterly Share Holder Equity (Millions of US $)": {"2020-12-31": "$5,837", "2020-09-30": "$3,867", "2020-06-30": "$3,305", "2020-03-31": "$3,037", "2019-12-31": "$2,827", "2019-09-30": "$2,176", "2019-06-30": "$1,901", "2019-03-31": "$1,788", "2018-12-31": "$1,266", "2018-09-30": "$1,125", "2018-06-30": "$879", "2018-03-31": "$715", "2017-12-31": "$596", "2017-09-30": "$520", "2017-06-30": "$417", "2017-03-31": "$409", "2016-12-31": "$416", "2016-09-30": "$385", "2016-06-30": "$-413", "2016-03-31": "$-503", "2015-12-31": "$-412", "2015-09-30": "$-336", "2015-06-30": "$-141", "2015-03-31": "$17", "2014-12-31": "$187", "2014-09-30": "$535", "2014-06-30": "$501", "2014-03-31": "$511", "2013-12-31": "$544", "2013-09-30": "$434", "2013-06-30": "$359", "2013-03-31": "$415", "2012-12-31": "$538", "2012-09-30": "$989", "2012-06-30": "$1,117", "2012-03-31": "$1,052", "2011-12-31": "$1,590", "2011-09-30": "$1,744", "2011-06-30": "$1,641", "2011-03-31": "$1,558", "2010-12-31": "$1,013", "2010-09-30": "$614", "2010-06-30": "$752", "2010-03-31": "$796", "2009-12-31": "$648", "2009-09-30": "$-569", "2009-06-30": "$-465", "2009-03-31": "$-163", "2008-12-31": "$127", "2008-09-30": "$1,339", "2008-06-30": "$1,474", "2008-03-31": "$2,637", "2007-12-31": "$2,990", "2007-09-30": "$4,125", "2007-06-30": "$4,472", "2007-03-31": "$5,205", "2006-12-31": "$5,785", "2006-09-30": "$5,012", "2006-06-30": "$4,853", "2006-03-31": "$4,710", "2005-12-31": "$3,352", "2005-09-30": "$2,974", "2005-06-30": "$2,847", "2005-03-31": "$2,935"}}, "profit-margins": {"current": "25.5%"}, "gross margin": {"2020-12-31": "44.53%", "2020-09-30": "44.47%", "2020-06-30": "44.36%", "2020-03-31": "43.69%", "2019-12-31": "42.61%", "2019-09-30": "40.78%", "2019-06-30": "39.83%", "2019-03-31": "38.87%", "2018-12-31": "37.79%", "2018-09-30": "36.93%", "2018-06-30": "35.91%", "2018-03-31": "35.06%", "2017-12-31": "34.02%", "2017-09-30": "33.38%", "2017-06-30": "24.62%", "2017-03-31": "23.84%", "2016-12-31": "23.22%", "2016-09-30": "22.55%", "2016-06-30": "28.62%", "2016-03-31": "26.97%", "2015-12-31": "27.06%", "2015-09-30": "27.08%", "2015-06-30": "30.43%", "2015-03-31": "32.65%", "2014-12-31": "33.40%", "2014-09-30": "34.70%", "2014-06-30": "34.97%", "2014-03-31": "36.02%", "2013-12-31": "37.33%", "2013-09-30": "32.95%", "2013-06-30": "31.54%", "2013-03-31": "33.56%", "2012-12-31": "22.78%", "2012-09-30": "30.72%", "2012-06-30": "34.39%", "2012-03-31": "34.80%", "2011-12-31": "44.76%", "2011-09-30": "44.59%", "2011-06-30": "44.82%", "2011-03-31": "44.56%", "2010-12-31": "45.60%", "2010-09-30": "45.49%", "2010-06-30": "44.65%", "2010-03-31": "43.14%", "2009-12-31": "42.05%", "2009-09-30": "36.78%", "2009-06-30": "40.23%", "2009-03-31": "40.20%", "2008-12-31": "39.94%", "2008-09-30": "43.97%", "2008-06-30": "41.12%", "2008-03-31": "40.30%", "2007-12-31": "37.37%", "2007-09-30": "35.26%", "2007-06-30": "37.56%", "2007-03-31": "42.73%", "2006-12-31": "49.65%", "2006-09-30": "52.56%", "2006-06-30": "49.86%", "2006-03-31": "46.20%", "2005-12-31": "40.88%"}, "operating margin": {"2020-12-31": "14.02%", "2020-09-30": "13.27%", "2020-06-30": "11.56%", "2020-03-31": "10.63%", "2019-12-31": "9.37%", "2019-09-30": "5.16%", "2019-06-30": "4.68%", "2019-03-31": "6.05%", "2018-12-31": "6.97%", "2018-09-30": "6.58%", "2018-06-30": "6.16%", "2018-03-31": "4.12%", "2017-12-31": "2.42%", "2017-09-30": "2.47%", "2017-06-30": "-5.99%", "2017-03-31": "-6.30%", "2016-12-31": "-8.64%", "2016-09-30": "-10.14%", "2016-06-30": "-7.30%", "2016-03-31": "-10.86%", "2015-12-31": "-12.05%", "2015-09-30": "-17.84%", "2015-06-30": "-11.66%", "2015-03-31": "-6.64%", "2014-12-31": "-2.82%", "2014-09-30": "5.29%", "2014-06-30": "5.81%", "2014-03-31": "4.46%", "2013-12-31": "1.94%", "2013-09-30": "-9.33%", "2013-06-30": "-14.55%", "2013-03-31": "-11.65%", "2012-12-31": "-19.48%", "2012-09-30": "-9.45%", "2012-06-30": "-4.61%", "2012-03-31": "-4.07%", "2011-12-31": "5.60%", "2011-09-30": "10.88%", "2011-06-30": "10.85%", "2011-03-31": "11.02%", "2010-12-31": "13.06%", "2010-09-30": "26.54%", "2010-06-30": "24.21%", "2010-03-31": "19.72%", "2009-12-31": "12.29%", "2009-09-30": "-38.59%", "2009-06-30": "-31.94%", "2009-03-31": "-36.72%", "2008-12-31": "-33.66%", "2008-09-30": "-29.83%", "2008-06-30": "-35.90%", "2008-03-31": "-33.38%", "2007-12-31": "-39.43%", "2007-09-30": "-27.00%", "2007-06-30": "-22.74%", "2007-03-31": "-14.11%", "2006-12-31": "-0.30%", "2006-09-30": "12.04%", "2006-06-30": "10.93%", "2006-03-31": "9.02%", "2005-12-31": "3.97%"}, "ebitda margin": {"2020-12-31": "17.79%", "2020-09-30": "17.23%", "2020-06-30": "15.77%", "2020-03-31": "14.85%", "2019-12-31": "13.65%", "2019-09-30": "9.51%", "2019-06-30": "8.70%", "2019-03-31": "9.62%", "2018-12-31": "10.18%", "2018-09-30": "9.77%", "2018-06-30": "9.31%", "2018-03-31": "7.46%", "2017-12-31": "5.84%", "2017-09-30": "6.16%", "2017-06-30": "-2.34%", "2017-03-31": "-2.79%", "2016-12-31": "-5.07%", "2016-09-30": "-6.64%", "2016-06-30": "-3.35%", "2016-03-31": "-6.51%", "2015-12-31": "-7.59%", "2015-09-30": "-13.60%", "2015-06-30": "-7.61%", "2015-03-31": "-2.82%", "2014-12-31": "0.87%", "2014-09-30": "8.86%", "2014-06-30": "9.49%", "2014-03-31": "8.43%", "2013-12-31": "6.40%", "2013-09-30": "-4.23%", "2013-06-30": "-9.05%", "2013-03-31": "-6.31%", "2012-12-31": "-14.68%", "2012-09-30": "-5.02%", "2012-06-30": "-0.27%", "2012-03-31": "0.40%", "2011-12-31": "10.43%", "2011-09-30": "16.03%", "2011-06-30": "16.28%", "2011-03-31": "16.70%", "2010-12-31": "18.96%", "2010-09-30": "34.96%", "2010-06-30": "35.52%", "2010-03-31": "34.62%", "2009-12-31": "31.13%", "2009-09-30": "-3.66%", "2009-06-30": "2.93%", "2009-03-31": "13.51%", "2008-12-31": "14.60%", "2008-09-30": "28.73%", "2008-06-30": "23.20%", "2008-03-31": "11.24%", "2007-12-31": "7.44%", "2007-09-30": "-10.49%", "2007-06-30": "-7.08%", "2007-03-31": "0.83%", "2006-12-31": "11.89%", "2006-09-30": "25.16%", "2006-06-30": "25.13%", "2006-03-31": "25.23%", "2005-12-31": "23.18%"}, "pre tax profit margin": {"2020-12-31": "13.06%", "2020-09-30": "10.80%", "2020-06-30": "8.62%", "2020-03-31": "7.40%", "2019-12-31": "5.53%", "2019-09-30": "2.82%", "2019-06-30": "2.69%", "2019-03-31": "4.00%", "2018-12-31": "5.10%", "2018-09-30": "4.63%", "2018-06-30": "4.22%", "2018-03-31": "1.89%", "2017-12-31": "-0.15%", "2017-09-30": "-0.43%", "2017-06-30": "-10.52%", "2017-03-31": "-7.87%", "2016-12-31": "-10.40%", "2016-09-30": "-12.03%", "2016-06-30": "-7.63%", "2016-03-31": "-15.21%", "2015-12-31": "-16.19%", "2015-09-30": "-21.56%", "2015-06-30": "-15.19%", "2015-03-31": "-10.84%", "2014-12-31": "-7.23%", "2014-09-30": "1.01%", "2014-06-30": "1.55%", "2014-03-31": "0.93%", "2013-12-31": "-1.40%", "2013-09-30": "-13.01%", "2013-06-30": "-18.00%", "2013-03-31": "-15.01%", "2012-12-31": "-22.45%", "2012-09-30": "-15.53%", "2012-06-30": "-10.60%", "2012-03-31": "-9.83%", "2011-12-31": "-0.02%", "2011-09-30": "8.67%", "2011-06-30": "8.41%", "2011-03-31": "8.43%", "2010-12-31": "14.95%", "2010-09-30": "27.30%", "2010-06-30": "24.93%", "2010-03-31": "19.76%", "2009-12-31": "7.55%", "2009-09-30": "-43.38%", "2009-06-30": "-37.07%", "2009-03-31": "-42.22%", "2008-12-31": "-40.36%", "2008-09-30": "-36.09%", "2008-06-30": "-43.10%", "2008-03-31": "-40.41%", "2007-12-31": "-46.72%", "2007-09-30": "-32.49%", "2007-06-30": "-26.01%", "2007-03-31": "-15.34%", "2006-12-31": "-0.71%", "2006-09-30": "9.87%", "2006-06-30": "8.87%", "2006-03-31": "7.14%", "2005-12-31": "2.38%"}, "net profit margin": {"2020-12-31": "25.50%", "2020-09-30": "10.17%", "2020-06-30": "7.96%", "2020-03-31": "6.72%", "2019-12-31": "5.07%", "2019-09-30": "3.47%", "2019-06-30": "3.25%", "2019-03-31": "4.46%", "2018-12-31": "5.20%", "2018-09-30": "4.38%", "2018-06-30": "3.78%", "2018-03-31": "1.42%", "2017-12-31": "-0.63%", "2017-09-30": "-1.30%", "2017-06-30": "-11.13%", "2017-03-31": "-9.05%", "2016-12-31": "-11.53%", "2016-09-30": "-13.29%", "2016-06-30": "-8.74%", "2016-03-31": "-15.53%", "2015-12-31": "-16.54%", "2015-09-30": "-21.58%", "2015-06-30": "-15.26%", "2015-03-31": "-10.96%", "2014-12-31": "-7.32%", "2014-09-30": "0.85%", "2014-06-30": "1.38%", "2014-03-31": "0.77%", "2013-12-31": "-1.57%", "2013-09-30": "-13.26%", "2013-06-30": "-18.19%", "2013-03-31": "-15.01%", "2012-12-31": "-21.82%", "2012-09-30": "-14.89%", "2012-06-30": "-9.92%", "2012-03-31": "-9.31%", "2011-12-31": "7.48%", "2011-09-30": "15.98%", "2011-06-30": "12.83%", "2011-03-31": "11.08%", "2010-12-31": "7.25%", "2010-09-30": "19.63%", "2010-06-30": "20.16%", "2010-03-31": "16.84%", "2009-12-31": "5.63%", "2009-09-30": "-46.96%", "2009-06-30": "-43.53%", "2009-03-31": "-57.86%", "2008-12-31": "-53.87%", "2008-09-30": "-54.34%", "2008-06-30": "-60.70%", "2008-03-31": "-51.49%", "2007-12-31": "-57.94%", "2007-09-30": "-37.31%", "2007-06-30": "-29.37%", "2007-03-31": "-17.40%", "2006-12-31": "-2.95%", "2006-09-30": "8.84%", "2006-06-30": "7.53%", "2006-03-31": "6.16%", "2005-12-31": "2.82%"}, "pe ratio": {"current": "82.15", "2021-02-05": "43.09", "2020-12-31": "44.96", "2020-09-30": "110.80", "2020-06-30": "99.26", "2020-03-31": "105.77", "2019-12-31": "152.87", "2019-09-30": "152.58", "2019-06-30": "178.65", "2019-03-31": "102.08", "2018-12-31": "57.69", "2018-09-30": "90.85", "2018-06-30": "46.84", "2018-03-31": "52.89", "2017-12-31": "342.67", "2017-09-30": "0.00", "2017-06-30": "0.00", "2017-03-31": "0.00", "2016-12-31": "0.00", "2016-09-30": "0.00", "2016-06-30": "0.00", "2016-03-31": "0.00", "2015-12-31": "0.00", "2015-09-30": "0.00", "2015-06-30": "0.00", "2015-03-31": "0.00", "2014-12-31": "0.00", "2014-09-30": "56.83", "2014-06-30": "41.90", "2014-03-31": "80.20", "2013-12-31": "0.00", "2013-09-30": "0.00", "2013-06-30": "0.00", "2013-03-31": "0.00", "2012-12-31": "0.00", "2012-09-30": "0.00", "2012-06-30": "0.00", "2012-03-31": "0.00", "2011-12-31": "8.31", "2011-09-30": "3.65", "2011-06-30": "6.41", "2011-03-31": "9.05", "2010-12-31": "13.19", "2010-09-30": "4.34", "2010-06-30": "4.49", "2010-03-31": "7.79", "2009-12-31": "53.78", "2009-09-30": "0.00", "2009-06-30": "0.00", "2009-03-31": "0.00", "2008-12-31": "0.00", "2008-09-30": "0.00", "2008-06-30": "0.00", "2008-03-31": "0.00", "2007-12-31": "0.00", "2007-09-30": "0.00", "2007-06-30": "0.00", "2007-03-31": "0.00", "2006-12-31": "0.00"}, "price sales": {"2021-02-05": "10.95", "2020-12-31": "11.43", "2020-09-30": "11.33", "2020-06-30": "8.04", "2020-03-31": "7.16", "2019-12-31": "7.57", "2019-09-30": "5.28", "2019-06-30": "5.61", "2019-03-31": "4.59", "2018-12-31": "3.08", "2018-09-30": "5.10", "2018-06-30": "2.48", "2018-03-31": "1.75", "2017-12-31": "1.90", "2017-09-30": "2.37", "2017-06-30": "2.29", "2017-03-31": "2.65", "2016-12-31": "2.15", "2016-09-30": "1.35", "2016-06-30": "1.05", "2016-03-31": "0.59", "2015-12-31": "0.56", "2015-09-30": "0.31", "2015-06-30": "0.40", "2015-03-31": "0.40", "2014-12-31": "0.37", "2014-09-30": "0.45", "2014-06-30": "0.54", "2014-03-31": "0.54", "2013-12-31": "0.55", "2013-09-30": "0.59", "2013-06-30": "0.65", "2013-03-31": "0.39", "2012-12-31": "0.33", "2012-09-30": "0.42", "2012-06-30": "0.67", "2012-03-31": "0.91", "2011-12-31": "0.61", "2011-09-30": "0.58", "2011-06-30": "0.80", "2011-03-31": "0.96", "2010-12-31": "0.92", "2010-09-30": "0.78", "2010-06-30": "0.83", "2010-03-31": "1.12", "2009-12-31": "1.20", "2009-09-30": "0.75", "2009-06-30": "0.45", "2009-03-31": "0.34", "2008-12-31": "0.23", "2008-09-30": "0.49", "2008-06-30": "0.55", "2008-03-31": "0.55", "2007-12-31": "0.71", "2007-09-30": "1.20", "2007-06-30": "1.32", "2007-03-31": "1.20", "2006-12-31": "1.79"}, "price book": {"current": "18.24", "2021-02-05": "18.24", "2020-12-31": "19.03", "2020-09-30": "25.49", "2020-06-30": "18.69", "2020-03-31": "17.54", "2019-12-31": "18.98", "2019-09-30": "14.84", "2019-06-30": "17.35", "2019-03-31": "15.44", "2018-12-31": "14.65", "2018-09-30": "27.43", "2018-06-30": "16.63", "2018-03-31": "13.62", "2017-12-31": "16.68", "2017-09-30": "23.66", "2017-06-30": "28.34", "2017-03-31": "33.51", "2016-12-31": "25.49", "2016-09-30": "16.62", "2016-06-30": "-9.89", "2016-03-31": "-4.49", "2015-12-31": "-5.52", "2015-09-30": "-4.03", "2015-06-30": "-13.26", "2015-03-31": "122.37", "2014-12-31": "11.08", "2014-09-30": "4.94", "2014-06-30": "6.40", "2014-03-31": "5.98", "2013-12-31": "5.16", "2013-09-30": "6.35", "2013-06-30": "8.18", "2013-03-31": "4.39", "2012-12-31": "3.18", "2012-09-30": "2.43", "2012-06-30": "3.63", "2012-03-31": "5.34", "2011-12-31": "2.37", "2011-09-30": "2.03", "2011-06-30": "2.94", "2011-03-31": "3.79", "2010-12-31": "5.52", "2010-09-30": "7.89", "2010-06-30": "6.56", "2010-03-31": "7.84", "2009-12-31": "10.02", "2009-09-30": "-6.66", "2009-06-30": "-5.56", "2009-03-31": "-12.48", "2008-12-31": "10.36", "2008-09-30": "2.38", "2008-06-30": "2.40", "2008-03-31": "1.35", "2007-12-31": "1.52", "2007-09-30": "1.78", "2007-06-30": "1.77", "2007-03-31": "1.38", "2006-12-31": "1.92", "2006-09-30": "2.41", "2006-06-30": "2.44", "2006-03-31": "3.40"}, "price fcf": {"2021-02-05": "", "2020-12-31": "$0.64", "2020-09-30": "$0.60", "2020-06-30": "$0.55", "2020-03-31": "$0.40", "2019-12-31": "$0.25", "2019-09-30": "$-0.04", "2019-06-30": "$-0.18", "2019-03-31": "$-0.23", "2018-12-31": "$-0.12", "2018-09-30": "$0.07", "2018-06-30": "$0.12", "2018-03-31": "$0.09", "2017-12-31": "$-0.11", "2017-09-30": "$-0.17", "2017-06-30": "$-0.22", "2017-03-31": "$-0.25", "2016-12-31": "$0.00", "2016-09-30": "$-0.16", "2016-06-30": "$-0.27", "2016-03-31": "$-0.24", "2015-12-31": "$-0.40", "2015-09-30": "$-0.32", "2015-06-30": "$-0.23", "2015-03-31": "$-0.21", "2014-12-31": "$-0.25", "2014-09-30": "$-0.37", "2014-06-30": "$-0.28", "2014-03-31": "$-0.29", "2013-12-31": "$0.01", "2013-09-30": "$-0.56", "2013-06-30": "$-0.86", "2013-03-31": "$-0.72", "2012-12-31": "$-0.64", "2012-09-30": "$0.06", "2012-06-30": "$0.48", "2012-03-31": "$0.56", "2011-12-31": "$0.20", "2011-09-30": "$-0.27", "2011-06-30": "$-0.68", "2011-03-31": "$-1.00", "2010-12-31": "$-0.76", "2010-09-30": "$0.97", "2010-06-30": "$0.89", "2010-03-31": "$0.74", "2009-12-31": "$0.01", "2009-09-30": "$-2.00", "2009-06-30": "$-2.19", "2009-03-31": "$-1.94", "2008-12-31": "$-1.60", "2008-09-30": "$-1.29", "2008-06-30": "$-1.07", "2008-03-31": "$-2.87", "2007-12-31": "$-3.44", "2007-09-30": "$-3.92", "2007-06-30": "$-4.04", "2007-03-31": "$-2.64", "2006-12-31": "$-1.11"}, "net worth": {"value": "$106.47B"}, "current ratio": {"current": "2.54", "2020-12-31": "2.54", "2020-09-30": "2.28", "2020-06-30": "2.10", "2020-03-31": "2.21", "2019-12-31": "1.95", "2019-09-30": "2.10", "2019-06-30": "2.08", "2019-03-31": "2.08", "2018-12-31": "1.78", "2018-09-30": "1.77", "2018-06-30": "1.66", "2018-03-31": "1.62", "2017-12-31": "1.74", "2017-09-30": "1.70", "2017-06-30": "1.73", "2017-03-31": "1.82", "2016-12-31": "1.88", "2016-09-30": "1.92", "2016-06-30": "1.59", "2016-03-31": "1.68", "2015-12-31": "1.65", "2015-09-30": "1.70", "2015-06-30": "1.75", "2015-03-31": "1.93", "2014-12-31": "1.90", "2014-09-30": "1.93", "2014-06-30": "1.95", "2014-03-31": "1.94", "2013-12-31": "1.78", "2013-09-30": "1.67", "2013-06-30": "1.69", "2013-03-31": "1.77", "2012-12-31": "1.62", "2012-09-30": "1.81", "2012-06-30": "1.38", "2012-03-31": "1.36", "2011-12-31": "1.82", "2011-09-30": "1.84", "2011-06-30": "2.62", "2011-03-31": "2.48", "2010-12-31": "2.15", "2010-09-30": "1.93", "2010-06-30": "2.03", "2010-03-31": "2.03", "2009-12-31": "1.93", "2009-09-30": "1.89", "2009-06-30": "1.84", "2009-03-31": "1.91", "2008-12-31": "1.07", "2008-09-30": "1.38", "2008-06-30": "1.39", "2008-03-31": "1.28", "2007-12-31": "1.74", "2007-09-30": "1.31", "2007-06-30": "1.45", "2007-03-31": "1.10", "2006-12-31": "1.36", "2006-09-30": "2.07", "2006-06-30": "2.23", "2006-03-31": "2.16", "2005-12-31": "1.95", "2005-09-30": "1.57", "2005-06-30": "1.63", "2005-03-31": "1.64"}, "quick ratio": {"2020-12-31": "1.96", "2020-09-30": "1.74", "2020-06-30": "1.56", "2020-03-31": "1.68", "2019-12-31": "1.53", "2019-09-30": "1.54", "2019-06-30": "1.52", "2019-03-31": "1.54", "2018-12-31": "1.36", "2018-09-30": "1.37", "2018-06-30": "1.26", "2018-03-31": "1.20", "2017-12-31": "1.28", "2017-09-30": "1.20", "2017-06-30": "1.16", "2017-03-31": "1.21", "2016-12-31": "1.32", "2016-09-30": "1.39", "2016-06-30": "1.12", "2016-03-31": "1.17", "2015-12-31": "1.17", "2015-09-30": "1.18", "2015-06-30": "1.18", "2015-03-31": "1.40", "2014-12-31": "1.42", "2014-09-30": "1.36", "2014-06-30": "1.31", "2014-03-31": "1.32", "2013-12-31": "1.24", "2013-09-30": "1.15", "2013-06-30": "1.20", "2013-03-31": "1.31", "2012-12-31": "1.22", "2012-09-30": "1.33", "2012-06-30": "1.02", "2012-03-31": "1.11", "2011-12-31": "1.55", "2011-09-30": "1.55", "2011-06-30": "2.13", "2011-03-31": "2.01", "2010-12-31": "1.77", "2010-09-30": "1.56", "2010-06-30": "1.68", "2010-03-31": "1.67", "2009-12-31": "1.68", "2009-09-30": "1.64", "2009-06-30": "1.59", "2009-03-31": "1.65", "2008-12-31": "0.77", "2008-09-30": "1.03", "2008-06-30": "1.07", "2008-03-31": "1.00", "2007-12-31": "1.43", "2007-09-30": "1.00", "2007-06-30": "1.09", "2007-03-31": "0.77", "2006-12-31": "1.08", "2006-09-30": "1.82", "2006-06-30": "2.00", "2006-03-31": "1.99", "2005-12-31": "1.74", "2005-09-30": "1.14", "2005-06-30": "1.17", "2005-03-31": "1.20"}, "debt equity ratio": {"current": "0.06", "2020-12-31": "0.54", "2020-09-30": "0.82", "2020-06-30": "0.99", "2020-03-31": "0.93", "2019-12-31": "1.13", "2019-09-30": "1.41", "2019-06-30": "1.68", "2019-03-31": "1.76", "2018-12-31": "2.60", "2018-09-30": "2.86", "2018-06-30": "3.67", "2018-03-31": "4.26", "2017-12-31": "4.96", "2017-09-30": "5.90", "2017-06-30": "7.08", "2017-03-31": "7.07", "2016-12-31": "6.98", "2016-09-30": "8.39", "2016-06-30": "-9.03", "2016-03-31": "-6.93", "2015-12-31": "-8.49", "2015-09-30": "-10.61", "2015-06-30": "-24.98", "2015-03-31": "200.65", "2014-12-31": "19.14", "2014-09-30": "7.08", "2014-06-30": "7.48", "2014-03-31": "7.04", "2013-12-31": "6.97", "2013-09-30": "8.95", "2013-06-30": "9.86", "2013-03-31": "8.15", "2012-12-31": "6.44", "2012-09-30": "3.66", "2012-06-30": "3.51", "2012-03-31": "3.74", "2011-12-31": "2.12", "2011-09-30": "2.00", "2011-06-30": "2.18", "2011-03-31": "2.34", "2010-12-31": "3.90", "2010-09-30": "6.48", "2010-06-30": "5.59", "2010-03-31": "5.57", "2009-12-31": "13.01", "2009-09-30": "-16.37", "2009-06-30": "-19.67", "2009-03-31": "-56.53", "2008-12-31": "59.41", "2008-09-30": "6.05", "2008-06-30": "5.64", "2008-03-31": "3.25", "2007-12-31": "2.86", "2007-09-30": "2.14", "2007-06-30": "1.96", "2007-03-31": "1.44", "2006-12-31": "1.27", "2006-09-30": "0.67", "2006-06-30": "0.66", "2006-03-31": "0.71", "2005-12-31": "1.17", "2005-09-30": "1.74", "2005-06-30": "1.73", "2005-03-31": "1.67"}, "return on equity": {"2020-12-31": "62.07%", "2020-09-30": "26.97%", "2020-06-30": "21.47%", "2020-03-31": "19.60%", "2019-12-31": "15.69%", "2019-09-30": "11.72%", "2019-06-30": "12.57%", "2019-03-31": "21.51%", "2018-12-31": "33.83%", "2018-09-30": "33.79%", "2018-06-30": "35.28%", "2018-03-31": "14.41%", "2017-12-31": "-6.80%", "2017-09-30": "-14.98%", "2017-06-30": "-131.04%", "2017-03-31": "-211.79%", "2016-12-31": "1732.17%", "2016-09-30": "232.45%", "2016-06-30": "81.49%", "2016-03-31": "169.25%", "2015-12-31": "302.75%", "2015-09-30": "1350.92%", "2015-06-30": "-473.58%", "2015-03-31": "-181.61%", "2014-12-31": "-92.96%", "2014-09-30": "9.56%", "2014-06-30": "16.28%", "2014-03-31": "9.31%", "2013-12-31": "-18.95%", "2013-09-30": "-147.77%", "2013-06-30": "-147.76%", "2013-03-31": "-96.63%", "2012-12-31": "-128.03%", "2012-09-30": "-74.73%", "2012-06-30": "-46.01%", "2012-03-31": "-40.42%", "2011-12-31": "30.06%", "2011-09-30": "70.05%", "2011-06-30": "68.63%", "2011-03-31": "73.56%", "2010-12-31": "59.34%", "2010-09-30": "181.35%", "2010-06-30": "310.76%", "2010-03-31": "953.17%", "2009-12-31": "-221.49%", "2009-09-30": "863.55%", "2009-06-30": "-1105.49%", "2009-03-31": "-458.19%", "2008-12-31": "-224.42%", "2008-09-30": "-164.93%", "2008-06-30": "-133.33%", "2008-03-31": "-88.50%", "2007-12-31": "-80.85%", "2007-09-30": "-44.58%", "2007-06-30": "-32.26%", "2007-03-31": "-18.45%", "2006-12-31": "-3.26%", "2006-09-30": "11.27%", "2006-06-30": "11.20%", "2006-03-31": "10.57%", "2005-12-31": "5.45%"}, "return on assets": {"2020-12-31": "35.03%", "2020-09-30": "13.79%", "2020-06-30": "10.27%", "2020-03-31": "8.76%", "2019-12-31": "6.40%", "2019-09-30": "4.21%", "2019-06-30": "4.03%", "2019-03-31": "6.07%", "2018-12-31": "8.04%", "2018-09-30": "7.10%", "2018-06-30": "6.37%", "2018-03-31": "2.27%", "2017-12-31": "-0.96%", "2017-09-30": "-1.94%", "2017-06-30": "-15.67%", "2017-03-31": "-12.46%", "2016-12-31": "-15.05%", "2016-09-30": "-16.87%", "2016-06-30": "-10.75%", "2016-03-31": "-18.59%", "2015-12-31": "-20.12%", "2015-09-30": "-26.71%", "2015-06-30": "-19.01%", "2015-03-31": "-14.28%", "2014-12-31": "-9.80%", "2014-09-30": "1.18%", "2014-06-30": "1.90%", "2014-03-31": "1.03%", "2013-12-31": "-2.03%", "2013-09-30": "-16.11%", "2013-06-30": "-20.85%", "2013-03-31": "-16.94%", "2012-12-31": "-25.38%", "2012-09-30": "-18.11%", "2012-06-30": "-12.52%", "2012-03-31": "-11.94%", "2011-12-31": "9.52%", "2011-09-30": "20.22%", "2011-06-30": "16.57%", "2011-03-31": "14.68%", "2010-12-31": "9.54%", "2010-09-30": "21.36%", "2010-06-30": "18.05%", "2010-03-31": "12.31%", "2009-12-31": "3.42%", "2009-09-30": "-27.05%", "2009-06-30": "-26.58%", "2009-03-31": "-35.39%", "2008-12-31": "-32.85%", "2008-09-30": "-33.16%", "2008-06-30": "-32.91%", "2008-03-31": "-25.73%", "2007-12-31": "-26.93%", "2007-09-30": "-16.79%", "2007-06-30": "-13.91%", "2007-03-31": "-9.10%", "2006-12-31": "-1.76%", "2006-09-30": "6.36%", "2006-06-30": "5.64%", "2006-03-31": "4.69%", "2005-12-31": "2.13%"}, "return on investments": {"2020-12-31": "30.89%", "2020-09-30": "30.85%", "2020-06-30": "25.85%", "2020-03-31": "24.03%", "2019-12-31": "20.85%", "2019-09-30": "11.13%", "2019-06-30": "10.56%", "2019-03-31": "15.48%", "2018-12-31": "20.97%", "2018-09-30": "20.68%", "2018-06-30": "20.19%", "2018-03-31": "12.64%", "2017-12-31": "6.86%", "2017-09-30": "6.82%", "2017-06-30": "-15.35%", "2017-03-31": "-16.14%", "2016-12-31": "-21.41%", "2016-09-30": "-24.90%", "2016-06-30": "-17.71%", "2016-03-31": "-24.65%", "2015-12-31": "-26.60%", "2015-09-30": "-38.78%", "2015-06-30": "-24.57%", "2015-03-31": "-14.32%", "2014-12-31": "-6.16%", "2014-09-30": "11.94%", "2014-06-30": "13.39%", "2014-03-31": "9.99%", "2013-12-31": "4.17%", "2013-09-30": "-18.33%", "2013-06-30": "-26.02%", "2013-03-31": "-21.45%", "2012-12-31": "-39.01%", "2012-09-30": "-19.80%", "2012-06-30": "-10.08%", "2012-03-31": "-8.28%", "2011-12-31": "10.50%", "2011-09-30": "20.14%", "2011-06-30": "20.61%", "2011-03-31": "22.29%", "2010-12-31": "26.99%", "2010-09-30": "48.31%", "2010-06-30": "37.54%", "2010-03-31": "25.74%", "2009-12-31": "13.62%", "2009-09-30": "-39.50%", "2009-06-30": "-32.79%", "2009-03-31": "-36.09%", "2008-12-31": "-31.38%", "2008-09-30": "-26.97%", "2008-06-30": "-28.23%", "2008-03-31": "-23.51%", "2007-12-31": "-25.73%", "2007-09-30": "-16.92%", "2007-06-30": "-15.14%", "2007-03-31": "-10.58%", "2006-12-31": "-0.26%", "2006-09-30": "13.00%", "2006-06-30": "12.80%", "2006-03-31": "11.23%", "2005-12-31": "5.06%"}, "return on tangible equity": {"2020-12-31": "66.89%", "2020-09-30": "29.60%", "2020-06-30": "23.91%", "2020-03-31": "22.17%", "2019-12-31": "18.10%", "2019-09-30": "13.99%", "2019-06-30": "15.52%", "2019-03-31": "27.88%", "2018-12-31": "47.65%", "2018-09-30": "51.88%", "2018-06-30": "61.52%", "2018-03-31": "29.67%", "2017-12-31": "-16.79%", "2017-09-30": "-43.56%", "2017-06-30": "-452.65%", "2017-03-31": "470.19%", "2016-12-31": "158.10%", "2016-09-30": "105.54%", "2016-06-30": "48.57%", "2016-03-31": "92.36%", "2015-12-31": "127.35%", "2015-09-30": "233.27%", "2015-06-30": "269.97%", "2015-03-31": "316.29%", "2014-12-31": "306.46%", "2014-09-30": "-48.19%", "2014-06-30": "-61.25%", "2014-03-31": "-25.07%", "2013-12-31": "41.55%", "2013-09-30": "313.49%", "2013-06-30": "1188.81%", "2013-03-31": "-651.10%", "2012-12-31": "-440.60%", "2012-09-30": "-145.17%", "2012-06-30": "-71.97%", "2012-03-31": "-55.90%", "2011-12-31": "37.95%", "2011-09-30": "90.58%", "2011-06-30": "96.31%", "2011-03-31": "115.61%", "2010-12-31": "111.48%", "2010-09-30": "415.32%", "2010-06-30": "-21066.67%", "2010-03-31": "-298.32%", "2009-12-31": "-52.01%", "2009-09-30": "315.47%", "2009-06-30": "529.07%", "2009-03-31": "2296.75%", "2008-12-31": "-4551.27%", "2008-09-30": "-741.21%", "2008-06-30": "-894.15%", "2008-03-31": "-774.65%", "2007-12-31": "-586.44%", "2007-09-30": "-358.31%", "2007-06-30": "-88.25%", "2007-03-31": "-31.78%", "2006-12-31": "-4.17%", "2006-09-30": "11.27%", "2006-06-30": "11.20%", "2006-03-31": "10.57%", "2005-12-31": "5.45%"}, "dividend yield history": {"last payout": "$0.00", "last yield": "0.00%"}}