{"ticker": "ACM", "price": {"title": "AECOM Historical Annual Stock Price Data", "value": 54.37, "historical": {"2020": {"Average Stock Price": "41.1340", "Year Open": "42.9800", "Year High": "52.5400", "Year Low": "23.8200", "Year Close": "49.7800", "Annual % Change": "15.42%"}, "2019": {"Average Stock Price": "35.2121", "Year Open": "26.8800", "Year High": "43.8400", "Year Low": "26.3700", "Year Close": "43.1300", "Annual % Change": "62.75%"}, "2018": {"Average Stock Price": "33.6332", "Year Open": "37.7200", "Year High": "39.6200", "Year Low": "24.9200", "Year Close": "26.5000", "Annual % Change": "-28.67%"}, "2017": {"Average Stock Price": "34.7318", "Year Open": "37.0000", "Year High": "39.1300", "Year Low": "30.4700", "Year Close": "37.1500", "Annual % Change": "2.17%"}, "2016": {"Average Stock Price": "31.2345", "Year Open": "29.8600", "Year High": "40.1300", "Year Low": "23.1500", "Year Close": "36.3600", "Annual % Change": "21.08%"}, "2015": {"Average Stock Price": "30.1659", "Year Open": "30.3500", "Year High": "35.3600", "Year Low": "24.9200", "Year Close": "30.0300", "Annual % Change": "-1.12%"}, "2014": {"Average Stock Price": "32.3913", "Year Open": "29.2200", "Year High": "38.1300", "Year Low": "27.6900", "Year Close": "30.3700", "Annual % Change": "3.19%"}, "2013": {"Average Stock Price": "30.1349", "Year Open": "24.7100", "Year High": "35.2000", "Year Low": "24.2800", "Year Close": "29.4300", "Annual % Change": "23.66%"}, "2012": {"Average Stock Price": "20.4678", "Year Open": "20.8000", "Year High": "24.3700", "Year Low": "14.9100", "Year Close": "23.8000", "Annual % Change": "15.70%"}, "2011": {"Average Stock Price": "24.4314", "Year Open": "28.3200", "Year High": "29.9300", "Year Low": "16.8400", "Year Close": "20.5700", "Annual % Change": "-26.46%"}, "2010": {"Average Stock Price": "26.4262", "Year Open": "28.1500", "Year High": "30.7300", "Year Low": "22.0200", "Year Close": "27.9700", "Annual % Change": "1.71%"}, "2009": {"Average Stock Price": "27.5342", "Year Open": "32.3400", "Year High": "32.9900", "Year Low": "20.3000", "Year Close": "27.5000", "Annual % Change": "-10.51%"}, "2008": {"Average Stock Price": "26.5836", "Year Open": "27.4900", "Year High": "34.1300", "Year Low": "15.2200", "Year Close": "30.7300", "Annual % Change": "7.56%"}, "2007": {"Average Stock Price": "28.0022", "Year Open": "21.1000", "Year High": "37.2500", "Year Low": "21.0000", "Year Close": "28.5700", "Annual % Change": "0.00%"}}}, "market cap": {"value": "$8.03B"}, "income statement": {"Revenue": {"2020-09-30": "13239.98000", "2019-09-30": "13642.46000", "2018-09-30": "13878.32000", "2017-09-30": "18203.40000", "2016-09-30": "17410.82000", "2015-09-30": "17989.88000", "2014-09-30": "8356.78300", "2013-09-30": "8153.49500", "2012-09-30": "8218.18000", "2011-09-30": "8037.37400", "2010-09-30": "6545.79100", "2009-09-30": "6119.46500", "2008-09-30": "5194.68200", "2007-09-30": "4237.27000", "2006-09-30": "3421.49200", "2005-09-30": "2395.34000"}, "Cost Of Goods Sold": {"2020-09-30": "12530.42000", "2019-09-30": "13030.80000", "2018-09-30": "13399.28000", "2017-09-30": "17519.68000", "2016-09-30": "16768.00000", "2015-09-30": "17454.69000", "2014-09-30": "7953.60700", "2013-09-30": "7703.50700", "2012-09-30": "7796.32100", "2011-09-30": "7570.67200", "2010-09-30": "6115.52000", "2009-09-30": "5768.26200", "2008-09-30": "4907.78400", "2007-09-30": "4039.31700", "2006-09-30": "3278.43000", "2005-09-30": "1717.86300"}, "Gross Profit": {"2020-09-30": "709.55960", "2019-09-30": "611.65530", "2018-09-30": "479.03320", "2017-09-30": "683.72070", "2016-09-30": "642.82230", "2015-09-30": "535.18950", "2014-09-30": "403.17630", "2013-09-30": "449.98830", "2012-09-30": "421.85890", "2011-09-30": "466.70210", "2010-09-30": "430.27100", "2009-09-30": "351.20260", "2008-09-30": "286.89790", "2007-09-30": "197.95310", "2006-09-30": "143.06200", "2005-09-30": "677.47710"}, "Research And Development Expenses": {"2020-09-30": "", "2019-09-30": "", "2018-09-30": "", "2017-09-30": "", "2016-09-30": "", "2015-09-30": "", "2014-09-30": "", "2013-09-30": "", "2012-09-30": "", "2011-09-30": "", "2010-09-30": "", "2009-09-30": "", "2008-09-30": "", "2007-09-30": "", "2006-09-30": "", "2005-09-30": ""}, "SG&A Expenses": {"2020-09-30": "188.53500", "2019-09-30": "148.12300", "2018-09-30": "135.78700", "2017-09-30": "133.30900", "2016-09-30": "115.08800", "2015-09-30": "113.97500", "2014-09-30": "80.90800", "2013-09-30": "97.31800", "2012-09-30": "80.90300", "2011-09-30": "90.29800", "2010-09-30": "110.46300", "2009-09-30": "86.89400", "2008-09-30": "70.58200", "2007-09-30": "53.84200", "2006-09-30": "46.20700", "2005-09-30": "581.52900"}, "Other Operating Income Or Expenses": {"2020-09-30": "48.78100", "2019-09-30": "28.01000", "2018-09-30": "49.35700", "2017-09-30": "142.15400", "2016-09-30": "61.44300", "2015-09-30": "106.24500", "2014-09-30": "57.92400", "2013-09-30": "24.31900", "2012-09-30": "48.65000", "2011-09-30": "44.81900", "2010-09-30": "20.98700", "2009-09-30": "22.55700", "2008-09-30": "22.19100", "2007-09-30": "11.82800", "2006-09-30": "6.55400", "2005-09-30": "2.35200"}, "Operating Expenses": {"2020-09-30": "12858.51000", "2019-09-30": "13246.36000", "2018-09-30": "13485.71000", "2017-09-30": "17549.54000", "2016-09-30": "17035.29000", "2015-09-30": "17860.86000", "2014-09-30": "8003.90100", "2013-09-30": "7776.50600", "2012-09-30": "8164.57400", "2011-09-30": "7616.15100", "2010-09-30": "6204.99600", "2009-09-30": "5832.59900", "2008-09-30": "4956.17500", "2007-09-30": "4081.33100", "2006-09-30": "3318.08300", "2005-09-30": "2297.04000"}, "Operating Income": {"2020-09-30": "381.46090", "2019-09-30": "396.09570", "2018-09-30": "392.60350", "2017-09-30": "653.85740", "2016-09-30": "375.53520", "2015-09-30": "129.01950", "2014-09-30": "352.88180", "2013-09-30": "376.98930", "2012-09-30": "53.60600", "2011-09-30": "421.22310", "2010-09-30": "340.79490", "2009-09-30": "286.86570", "2008-09-30": "238.50680", "2007-09-30": "155.93900", "2006-09-30": "103.40890", "2005-09-30": "98.30010"}, "Total Non-Operating Income/Expense": {"2020-09-30": "-148.85800", "2019-09-30": "-146.92600", "2018-09-30": "-180.39500", "2017-09-30": "-224.67400", "2016-09-30": "-249.98200", "2015-09-30": "-280.48800", "2014-09-30": "-38.09400", "2013-09-30": "-41.21500", "2012-09-30": "-36.12300", "2011-09-30": "-37.04300", "2010-09-30": "0.32200", "2009-09-30": "-8.97800", "2008-09-30": "-2.10200", "2007-09-30": "-8.43900", "2006-09-30": "-24.50000", "2005-09-30": "-15.50700"}, "Pre-Tax Income": {"2020-09-30": "232.60300", "2019-09-30": "249.17000", "2018-09-30": "212.20800", "2017-09-30": "429.18200", "2016-09-30": "125.55500", "2015-09-30": "-151.47000", "2014-09-30": "314.78800", "2013-09-30": "335.77400", "2012-09-30": "17.48300", "2011-09-30": "384.18000", "2010-09-30": "341.11700", "2009-09-30": "277.88800", "2008-09-30": "236.40500", "2007-09-30": "147.50000", "2006-09-30": "78.90900", "2005-09-30": "82.79300"}, "Income Taxes": {"2020-09-30": "45.75300", "2019-09-30": "13.49800", "2018-09-30": "-3.49400", "2017-09-30": "7.70600", "2016-09-30": "-37.91700", "2015-09-30": "-80.23700", "2014-09-30": "82.02400", "2013-09-30": "92.57800", "2012-09-30": "74.41600", "2011-09-30": "100.09000", "2010-09-30": "91.69600", "2009-09-30": "77.00200", "2008-09-30": "76.49300", "2007-09-30": "47.20300", "2006-09-30": "25.22300", "2005-09-30": "28.97900"}, "Income After Taxes": {"2020-09-30": "186.85000", "2019-09-30": "235.67200", "2018-09-30": "215.70200", "2017-09-30": "421.47600", "2016-09-30": "163.47200", "2015-09-30": "-71.23300", "2014-09-30": "232.76400", "2013-09-30": "243.19600", "2012-09-30": "-56.93300", "2011-09-30": "284.09000", "2010-09-30": "249.42100", "2009-09-30": "200.88600", "2008-09-30": "159.91200", "2007-09-30": "100.29700", "2006-09-30": "53.68600", "2005-09-30": "53.81400"}, "Other Income": {"2020-09-30": "", "2019-09-30": "", "2018-09-30": "", "2017-09-30": "", "2016-09-30": "", "2015-09-30": "", "2014-09-30": "", "2013-09-30": "", "2012-09-30": "", "2011-09-30": "", "2010-09-30": "", "2009-09-30": "", "2008-09-30": "", "2007-09-30": "", "2006-09-30": "", "2005-09-30": ""}, "Income From Continuous Operations": {"2020-09-30": "186.85000", "2019-09-30": "235.67200", "2018-09-30": "215.70200", "2017-09-30": "421.47600", "2016-09-30": "163.47200", "2015-09-30": "-71.23300", "2014-09-30": "232.76400", "2013-09-30": "243.19600", "2012-09-30": "-56.93300", "2011-09-30": "284.09000", "2010-09-30": "249.42100", "2009-09-30": "200.88600", "2008-09-30": "159.91200", "2007-09-30": "100.29700", "2006-09-30": "53.68600", "2005-09-30": "53.81400"}, "Income From Discontinued Operations": {"2020-09-30": "-340.59100", "2019-09-30": "-419.66200", "2018-09-30": "-18.57500", "2017-09-30": "", "2016-09-30": "", "2015-09-30": "", "2014-09-30": "", "2013-09-30": "", "2012-09-30": "", "2011-09-30": "", "2010-09-30": "-0.07700", "2009-09-30": "2.99200", "2008-09-30": "0.70400", "2007-09-30": "", "2006-09-30": "", "2005-09-30": ""}, "Net Income": {"2020-09-30": "-186.37000", "2019-09-30": "-261.05000", "2018-09-30": "136.46800", "2017-09-30": "339.39000", "2016-09-30": "96.10900", "2015-09-30": "-154.84500", "2014-09-30": "229.85400", "2013-09-30": "239.24300", "2012-09-30": "-58.56700", "2011-09-30": "275.79800", "2010-09-30": "236.88700", "2009-09-30": "189.55700", "2008-09-30": "147.05800", "2007-09-30": "100.04800", "2006-09-30": "51.48100", "2005-09-30": "48.30800"}, "EBITDA": {"2020-09-30": "618.83690", "2019-09-30": "657.28070", "2018-09-30": "660.17350", "2017-09-30": "932.48840", "2016-09-30": "774.26510", "2015-09-30": "728.28450", "2014-09-30": "448.27580", "2013-09-30": "471.39530", "2012-09-30": "156.58000", "2011-09-30": "531.52920", "2010-09-30": "419.69390", "2009-09-30": "370.98270", "2008-09-30": "301.25890", "2007-09-30": "201.06500", "2006-09-30": "143.23890", "2005-09-30": "118.22810"}, "EBIT": {"2020-09-30": "381.46090", "2019-09-30": "396.09570", "2018-09-30": "392.60350", "2017-09-30": "653.85740", "2016-09-30": "375.53520", "2015-09-30": "129.01950", "2014-09-30": "352.88180", "2013-09-30": "376.98930", "2012-09-30": "53.60600", "2011-09-30": "421.22310", "2010-09-30": "340.79490", "2009-09-30": "286.86570", "2008-09-30": "238.50680", "2007-09-30": "155.93900", "2006-09-30": "103.40890", "2005-09-30": "98.30010"}, "Basic Shares Outstanding": {"2020-09-30": "159.00500", "2019-09-30": "157.04400", "2018-09-30": "159.10100", "2017-09-30": "155.72800", "2016-09-30": "154.77200", "2015-09-30": "149.60500", "2014-09-30": "97.22600", "2013-09-30": "100.61800", "2012-09-30": "111.87500", "2011-09-30": "117.39600", "2010-09-30": "114.34400", "2009-09-30": "108.00300", "2008-09-30": "101.45600", "2007-09-30": "73.09100", "2006-09-30": "54.85600", "2005-09-30": "51.88000"}, "Shares Outstanding": {"2020-09-30": "161.29200", "2019-09-30": "159.68400", "2018-09-30": "162.26100", "2017-09-30": "159.13500", "2016-09-30": "156.07300", "2015-09-30": "149.60500", "2014-09-30": "98.65700", "2013-09-30": "101.94200", "2012-09-30": "111.87500", "2011-09-30": "118.34500", "2010-09-30": "115.46300", "2009-09-30": "109.70600", "2008-09-30": "104.21500", "2007-09-30": "87.53700", "2006-09-30": "72.65800", "2005-09-30": "63.97800"}, "Basic EPS": {"2020-09-30": "-1.17000", "2019-09-30": "-1.66000", "2018-09-30": "0.86000", "2017-09-30": "2.18000", "2016-09-30": "0.62000", "2015-09-30": "-1.04000", "2014-09-30": "2.36000", "2013-09-30": "2.38000", "2012-09-30": "-0.52000", "2011-09-30": "2.35000", "2010-09-30": "2.07000", "2009-09-30": "1.76000", "2008-09-30": "1.45000", "2007-09-30": "1.37000", "2006-09-30": "0.94000", "2005-09-30": "0.93000"}, "EPS - Earnings Per Share": {"2020-09-30": "-1.16000", "2019-09-30": "-1.63000", "2018-09-30": "0.84000", "2017-09-30": "2.13000", "2016-09-30": "0.62000", "2015-09-30": "-1.04000", "2014-09-30": "2.33000", "2013-09-30": "2.35000", "2012-09-30": "-0.52000", "2011-09-30": "2.33000", "2010-09-30": "2.05000", "2009-09-30": "1.73000", "2008-09-30": "1.41000", "2007-09-30": "1.15000", "2006-09-30": "0.74000", "2005-09-30": "0.84000"}}, "income statement, quarterly": {"Revenue": {"2020-09-30": "3568.94900", "2020-06-30": "3189.67900", "2020-03-31": "3245.73700", "2019-12-31": "3235.61000", "2019-09-30": "3513.48300", "2019-06-30": "3360.02900", "2019-03-31": "3412.60500", "2018-12-31": "3356.33800", "2018-09-30": "-971.34570", "2018-06-30": "5147.92000", "2018-03-31": "4790.91000", "2017-12-31": "4910.83200", "2017-09-30": "4856.38800", "2017-06-30": "4561.46700", "2017-03-31": "4427.19800", "2016-12-31": "4358.34900", "2016-09-30": "4323.09500", "2016-06-30": "4408.78200", "2016-03-31": "4381.29600", "2015-12-31": "4297.65100", "2015-09-30": "4723.63800", "2015-06-30": "4549.57800", "2015-03-31": "4506.19700", "2014-12-31": "4210.46800", "2014-09-30": "2562.52900", "2014-06-30": "1968.15500", "2014-03-31": "1872.22400", "2013-12-31": "1953.87500", "2013-09-30": "2079.08700", "2013-06-30": "2067.49000", "2013-03-31": "1989.64600", "2012-12-31": "2017.27200", "2012-09-30": "2082.91100", "2012-06-30": "2095.13800", "2012-03-31": "2010.95100", "2011-12-31": "2029.18000", "2011-09-30": "2118.04500", "2011-06-30": "2046.72500", "2011-03-31": "1936.42100", "2010-12-31": "1936.18300", "2010-09-30": "1828.65800", "2010-06-30": "1635.18300", "2010-03-31": "1601.16600", "2009-12-31": "1480.78400", "2009-09-30": "1627.49000", "2009-06-30": "1541.28900", "2009-03-31": "1498.05800", "2008-12-31": "1452.62800", "2008-09-30": "1629.10800", "2008-06-30": "1321.20300", "2008-03-31": "1164.12100", "2007-12-31": "1080.25000", "2007-09-30": "1114.35600", "2007-06-30": "1100.65600", "2007-03-31": "1083.70900", "2006-12-31": "938.54900", "2006-06-30": "911.48600", "2006-03-31": "858.93000"}, "Cost Of Goods Sold": {"2020-09-30": "3379.08300", "2020-06-30": "3004.60000", "2020-03-31": "3076.92400", "2019-12-31": "3069.81000", "2019-09-30": "3323.91600", "2019-06-30": "3206.17400", "2019-03-31": "3267.76800", "2018-12-31": "3232.94200", "2018-09-30": "-987.77640", "2018-06-30": "4962.74100", "2018-03-31": "4649.63800", "2017-12-31": "4774.68000", "2017-09-30": "4686.26100", "2017-06-30": "4386.29100", "2017-03-31": "4258.75400", "2016-12-31": "4188.37600", "2016-09-30": "4175.91800", "2016-06-30": "4237.43900", "2016-03-31": "4197.85200", "2015-12-31": "4156.79300", "2015-09-30": "4553.00800", "2015-06-30": "4423.06000", "2015-03-31": "4402.88500", "2014-12-31": "4075.73800", "2014-09-30": "2433.49800", "2014-06-30": "1859.61500", "2014-03-31": "1784.81700", "2013-12-31": "1875.67700", "2013-09-30": "1938.87400", "2013-06-30": "1935.67600", "2013-03-31": "1889.80300", "2012-12-31": "1939.15400", "2012-09-30": "1938.75300", "2012-06-30": "1983.90000", "2012-03-31": "1934.83400", "2011-12-31": "1938.83400", "2011-09-30": "1977.65200", "2011-06-30": "1925.48600", "2011-03-31": "1836.68600", "2010-12-31": "1830.84800", "2010-09-30": "1704.32400", "2010-06-30": "1520.11800", "2010-03-31": "1493.27100", "2009-12-31": "1397.80700", "2009-09-30": "1532.34400", "2009-06-30": "1453.77200", "2009-03-31": "1410.12500", "2008-12-31": "1372.02100", "2008-09-30": "1542.62900", "2008-06-30": "1245.49400", "2008-03-31": "1093.38800", "2007-12-31": "1026.27300", "2007-09-30": "1760.78400", "2007-06-30": "788.56500", "2007-03-31": "799.83800", "2006-12-31": "690.13000", "2006-06-30": "678.58100", "2006-03-31": "629.90700"}, "Gross Profit": {"2020-09-30": "189.86690", "2020-06-30": "185.07890", "2020-03-31": "168.81300", "2019-12-31": "165.80000", "2019-09-30": "189.56690", "2019-06-30": "153.85500", "2019-03-31": "144.83690", "2018-12-31": "123.39600", "2018-09-30": "16.43070", "2018-06-30": "185.17870", "2018-03-31": "141.27200", "2017-12-31": "136.15190", "2017-09-30": "170.12740", "2017-06-30": "175.17580", "2017-03-31": "168.44430", "2016-12-31": "169.97310", "2016-09-30": "147.17720", "2016-06-30": "171.34330", "2016-03-31": "183.44380", "2015-12-31": "140.85790", "2015-09-30": "170.62990", "2015-06-30": "126.51810", "2015-03-31": "103.31200", "2014-12-31": "134.72970", "2014-09-30": "129.03050", "2014-06-30": "108.54000", "2014-03-31": "87.40700", "2013-12-31": "78.19800", "2013-09-30": "140.21290", "2013-06-30": "131.81400", "2013-03-31": "99.84300", "2012-12-31": "78.11790", "2012-09-30": "144.15770", "2012-06-30": "111.23790", "2012-03-31": "76.11710", "2011-12-31": "90.34610", "2011-09-30": "140.39290", "2011-06-30": "121.23900", "2011-03-31": "99.73500", "2010-12-31": "105.33500", "2010-09-30": "124.33400", "2010-06-30": "115.06490", "2010-03-31": "107.89500", "2009-12-31": "82.97710", "2009-09-30": "95.14540", "2009-06-30": "87.51700", "2009-03-31": "87.93300", "2008-12-31": "80.60710", "2008-09-30": "86.47880", "2008-06-30": "75.70900", "2008-03-31": "70.73300", "2007-12-31": "53.97710", "2007-09-30": "-646.42810", "2007-06-30": "312.09100", "2007-03-31": "283.87100", "2006-12-31": "248.41900", "2006-06-30": "232.90500", "2006-03-31": "229.02300"}, "Research And Development Expenses": {"2020-09-30": "", "2020-06-30": "", "2020-03-31": "", "2019-12-31": "", "2019-09-30": "", "2019-06-30": "", "2019-03-31": "", "2018-12-31": "", "2018-09-30": "", "2018-06-30": "", "2018-03-31": "", "2017-12-31": "", "2017-09-30": "", "2017-06-30": "", "2017-03-31": "", "2016-12-31": "", "2016-09-30": "", "2016-06-30": "", "2016-03-31": "", "2015-12-31": "", "2015-09-30": "", "2015-06-30": "", "2015-03-31": "", "2014-12-31": "", "2014-09-30": "", "2014-06-30": "", "2014-03-31": "", "2013-12-31": "", "2013-09-30": "", "2013-06-30": "", "2013-03-31": "", "2012-12-31": "", "2012-09-30": "", "2012-06-30": "", "2012-03-31": "", "2011-12-31": "", "2011-09-30": "", "2011-06-30": "", "2011-03-31": "", "2010-12-31": "", "2010-09-30": "", "2010-06-30": "", "2010-03-31": "", "2009-12-31": "", "2009-09-30": "", "2009-06-30": "", "2009-03-31": "", "2008-12-31": "", "2008-09-30": "", "2008-06-30": "", "2008-03-31": "", "2007-12-31": "", "2007-09-30": "", "2007-06-30": "", "2007-03-31": "", "2006-12-31": "", "2006-06-30": "", "2006-03-31": ""}, "SG&A Expenses": {"2020-09-30": "49.40200", "2020-06-30": "54.48200", "2020-03-31": "41.03700", "2019-12-31": "43.61400", "2019-09-30": "37.25600", "2019-06-30": "37.53400", "2019-03-31": "37.42600", "2018-12-31": "35.90700", "2018-09-30": "35.74100", "2018-06-30": "35.15900", "2018-03-31": "30.21700", "2017-12-31": "34.67000", "2017-09-30": "36.88200", "2017-06-30": "33.94400", "2017-03-31": "29.84400", "2016-12-31": "32.63900", "2016-09-30": "28.13100", "2016-06-30": "28.86300", "2016-03-31": "29.45500", "2015-12-31": "28.63900", "2015-09-30": "25.42200", "2015-06-30": "24.41800", "2015-03-31": "29.79700", "2014-12-31": "34.33800", "2014-09-30": "15.54700", "2014-06-30": "15.06700", "2014-03-31": "26.44900", "2013-12-31": "23.84500", "2013-09-30": "23.95300", "2013-06-30": "24.01000", "2013-03-31": "27.25300", "2012-12-31": "22.10200", "2012-09-30": "17.75300", "2012-06-30": "20.68200", "2012-03-31": "19.85700", "2011-12-31": "22.61100", "2011-09-30": "19.86800", "2011-06-30": "23.56000", "2011-03-31": "23.60800", "2010-12-31": "23.26200", "2010-09-30": "32.37300", "2010-06-30": "28.32700", "2010-03-31": "27.89800", "2009-12-31": "21.86500", "2009-09-30": "25.64600", "2009-06-30": "20.07100", "2009-03-31": "23.93100", "2008-12-31": "17.24600", "2008-09-30": "25.67300", "2008-06-30": "16.84000", "2008-03-31": "15.78200", "2007-12-31": "12.28700", "2007-09-30": "-684.53300", "2007-06-30": "270.40100", "2007-03-31": "248.14600", "2006-12-31": "219.82800", "2006-06-30": "209.34000", "2006-03-31": "204.83800"}, "Other Operating Income Or Expenses": {"2020-09-30": "16.77500", "2020-06-30": "8.57300", "2020-03-31": "13.50500", "2019-12-31": "9.92800", "2019-09-30": "-4.40800", "2019-06-30": "9.18600", "2019-03-31": "16.60000", "2018-12-31": "6.63200", "2018-09-30": "164.06300", "2018-06-30": "10.71400", "2018-03-31": "-155.14000", "2017-12-31": "29.72000", "2017-09-30": "31.91500", "2017-06-30": "66.45800", "2017-03-31": "22.31000", "2016-12-31": "21.47100", "2016-09-30": "21.24000", "2016-06-30": "18.51300", "2016-03-31": "37.48000", "2015-12-31": "-15.79000", "2015-09-30": "29.91700", "2015-06-30": "27.77600", "2015-03-31": "24.62800", "2014-12-31": "23.92400", "2014-09-30": "8.50900", "2014-06-30": "5.89600", "2014-03-31": "7.43600", "2013-12-31": "36.08300", "2013-09-30": "6.46400", "2013-06-30": "4.09400", "2013-03-31": "7.84600", "2012-12-31": "5.91500", "2012-09-30": "10.50900", "2012-06-30": "12.28100", "2012-03-31": "16.89800", "2011-12-31": "8.96200", "2011-09-30": "13.14400", "2011-06-30": "12.24800", "2011-03-31": "11.33000", "2010-12-31": "8.09700", "2010-09-30": "7.21700", "2010-06-30": "5.94100", "2010-03-31": "3.45100", "2009-12-31": "4.37800", "2009-09-30": "5.76400", "2009-06-30": "6.15300", "2009-03-31": "4.90400", "2008-12-31": "5.73600", "2008-09-30": "10.02800", "2008-06-30": "5.31300", "2008-03-31": "4.00800", "2007-12-31": "2.84200", "2007-09-30": "4.20000", "2007-06-30": "3.99200", "2007-03-31": "2.21900", "2006-12-31": "1.41700", "2006-06-30": "1.55400", "2006-03-31": "0.89300"}, "Operating Expenses": {"2020-09-30": "3503.61500", "2020-06-30": "3070.80900", "2020-03-31": "3135.66900", "2019-12-31": "3148.42100", "2019-09-30": "3381.85700", "2019-06-30": "3234.52200", "2019-03-31": "3304.46900", "2018-12-31": "3325.51200", "2018-09-30": "-1116.09900", "2018-06-30": "4987.18700", "2018-03-31": "4834.99500", "2017-12-31": "4779.63000", "2017-09-30": "4694.52600", "2017-06-30": "4353.77700", "2017-03-31": "4286.28500", "2016-12-31": "4214.95600", "2016-09-30": "4254.02400", "2016-06-30": "4298.46700", "2016-03-31": "4240.53800", "2015-12-31": "4242.26000", "2015-09-30": "4628.39600", "2015-06-30": "4508.19700", "2015-03-31": "4499.65300", "2014-12-31": "4224.61500", "2014-09-30": "2460.00900", "2014-06-30": "1876.62300", "2014-03-31": "1803.83000", "2013-12-31": "1863.43900", "2013-09-30": "1956.36300", "2013-06-30": "1955.59200", "2013-03-31": "1909.21000", "2012-12-31": "1955.34100", "2012-09-30": "2281.99700", "2012-06-30": "1992.30100", "2012-03-31": "1937.79300", "2011-12-31": "1952.48300", "2011-09-30": "1984.37600", "2011-06-30": "1936.79800", "2011-03-31": "1848.96400", "2010-12-31": "1846.01300", "2010-09-30": "1729.48000", "2010-06-30": "1542.50400", "2010-03-31": "1517.71800", "2009-12-31": "1415.29400", "2009-09-30": "1552.22600", "2009-06-30": "1467.69000", "2009-03-31": "1429.15200", "2008-12-31": "1383.53100", "2008-09-30": "1558.27500", "2008-06-30": "1257.02100", "2008-03-31": "1105.16200", "2007-12-31": "1035.71800", "2007-09-30": "1072.05100", "2007-06-30": "1054.97400", "2007-03-31": "1045.76500", "2006-12-31": "908.54100", "2006-06-30": "886.36700", "2006-03-31": "833.85200"}, "Operating Income": {"2020-09-30": "65.33450", "2020-06-30": "118.86990", "2020-03-31": "110.06790", "2019-12-31": "87.18900", "2019-09-30": "131.62550", "2019-06-30": "125.50710", "2019-03-31": "108.13600", "2018-12-31": "30.82620", "2018-09-30": "144.75290", "2018-06-30": "160.73340", "2018-03-31": "-44.08500", "2017-12-31": "131.20210", "2017-09-30": "161.86180", "2017-06-30": "207.68990", "2017-03-31": "140.91310", "2016-12-31": "143.39310", "2016-09-30": "69.07130", "2016-06-30": "110.31540", "2016-03-31": "140.75780", "2015-12-31": "55.39060", "2015-09-30": "95.24120", "2015-06-30": "41.38090", "2015-03-31": "6.54390", "2014-12-31": "-14.14750", "2014-09-30": "102.51950", "2014-06-30": "91.53200", "2014-03-31": "68.39400", "2013-12-31": "90.43600", "2013-09-30": "122.72390", "2013-06-30": "111.89790", "2013-03-31": "80.43590", "2012-12-31": "61.93090", "2012-09-30": "-199.08590", "2012-06-30": "102.83690", "2012-03-31": "73.15800", "2011-12-31": "76.69710", "2011-09-30": "133.66890", "2011-06-30": "109.92700", "2011-03-31": "87.45690", "2010-12-31": "90.17000", "2010-09-30": "99.17740", "2010-06-30": "92.67900", "2010-03-31": "83.44810", "2009-12-31": "65.49010", "2009-09-30": "75.26330", "2009-06-30": "73.59890", "2009-03-31": "68.90600", "2008-12-31": "69.09710", "2008-09-30": "70.83340", "2008-06-30": "64.18200", "2008-03-31": "58.95910", "2007-12-31": "44.53210", "2007-09-30": "42.30510", "2007-06-30": "45.68190", "2007-03-31": "37.94400", "2006-12-31": "30.00800", "2006-06-30": "25.11900", "2006-03-31": "25.07800"}, "Total Non-Operating Income/Expense": {"2020-09-30": "-46.00200", "2020-06-30": "-31.80600", "2020-03-31": "-34.68100", "2019-12-31": "-36.36900", "2019-09-30": "-36.67200", "2019-06-30": "-36.16800", "2019-03-31": "-37.64600", "2018-12-31": "-36.44000", "2018-09-30": "14.01800", "2018-06-30": "-52.46100", "2018-03-31": "-88.07000", "2017-12-31": "-53.88200", "2017-09-30": "-51.92600", "2017-06-30": "-59.41100", "2017-03-31": "-60.56000", "2016-12-31": "-52.77700", "2016-09-30": "-70.51100", "2016-06-30": "-61.01800", "2016-03-31": "-61.97700", "2015-12-31": "-56.47600", "2015-09-30": "-52.57600", "2015-06-30": "-50.09200", "2015-03-31": "-61.70100", "2014-12-31": "-116.11900", "2014-09-30": "-8.22800", "2014-06-30": "-8.76300", "2014-03-31": "-10.69300", "2013-12-31": "-10.41000", "2013-09-30": "-8.76200", "2013-06-30": "-10.50400", "2013-03-31": "-11.69900", "2012-12-31": "-10.25000", "2012-09-30": "-9.03600", "2012-06-30": "-11.65900", "2012-03-31": "-6.73300", "2011-12-31": "-8.69500", "2011-09-30": "-8.86400", "2011-06-30": "-12.03700", "2011-03-31": "-8.55800", "2010-12-31": "-7.58400", "2010-09-30": "1.52800", "2010-06-30": "-1.37900", "2010-03-31": "-0.55600", "2009-12-31": "0.72900", "2009-09-30": "2.11400", "2009-06-30": "0.63100", "2009-03-31": "-3.33700", "2008-12-31": "-8.38600", "2008-09-30": "5.59800", "2008-06-30": "-4.30400", "2008-03-31": "-3.55000", "2007-12-31": "0.15400", "2007-09-30": "-1.05200", "2007-06-30": "-10.13600", "2007-03-31": "-5.87600", "2006-12-31": "8.62500", "2006-06-30": "-5.55000", "2006-03-31": "-7.59700"}, "Pre-Tax Income": {"2020-09-30": "19.33200", "2020-06-30": "87.06400", "2020-03-31": "75.38700", "2019-12-31": "50.82000", "2019-09-30": "94.95500", "2019-06-30": "89.33900", "2019-03-31": "70.49000", "2018-12-31": "-5.61400", "2018-09-30": "158.77000", "2018-06-30": "108.27300", "2018-03-31": "-132.15500", "2017-12-31": "77.32000", "2017-09-30": "109.93400", "2017-06-30": "148.27900", "2017-03-31": "80.35300", "2016-12-31": "90.61600", "2016-09-30": "-1.43800", "2016-06-30": "49.29700", "2016-03-31": "78.78100", "2015-12-31": "-1.08500", "2015-09-30": "42.66400", "2015-06-30": "-8.71100", "2015-03-31": "-55.15700", "2014-12-31": "-130.26600", "2014-09-30": "94.29200", "2014-06-30": "82.76900", "2014-03-31": "57.70100", "2013-12-31": "80.02600", "2013-09-30": "113.96200", "2013-06-30": "101.39400", "2013-03-31": "68.73700", "2012-12-31": "51.68100", "2012-09-30": "-208.12200", "2012-06-30": "91.17800", "2012-03-31": "66.42500", "2011-12-31": "68.00200", "2011-09-30": "124.80500", "2011-06-30": "97.89000", "2011-03-31": "78.89900", "2010-12-31": "82.58600", "2010-09-30": "100.70600", "2010-06-30": "91.30000", "2010-03-31": "82.89200", "2009-12-31": "66.21900", "2009-09-30": "77.37800", "2009-06-30": "74.23000", "2009-03-31": "65.56900", "2008-12-31": "60.71100", "2008-09-30": "76.43200", "2008-06-30": "59.87800", "2008-03-31": "55.40900", "2007-12-31": "44.68600", "2007-09-30": "41.25300", "2007-06-30": "35.54600", "2007-03-31": "32.06800", "2006-12-31": "38.63300", "2006-06-30": "19.56900", "2006-03-31": "17.48100"}, "Income Taxes": {"2020-09-30": "15.42700", "2020-06-30": "-7.18400", "2020-03-31": "21.60400", "2019-12-31": "15.90600", "2019-09-30": "16.61200", "2019-06-30": "27.20300", "2019-03-31": "12.21800", "2018-12-31": "-42.53500", "2018-09-30": "34.86800", "2018-06-30": "33.13100", "2018-03-31": "-24.40000", "2017-12-31": "-47.09300", "2017-09-30": "6.15000", "2017-06-30": "12.20500", "2017-03-31": "-35.48700", "2016-12-31": "24.83800", "2016-09-30": "-14.32500", "2016-06-30": "-35.09700", "2016-03-31": "12.18700", "2015-12-31": "-0.68200", "2015-09-30": "16.18700", "2015-06-30": "-8.46400", "2015-03-31": "-75.76100", "2014-12-31": "-12.19900", "2014-09-30": "29.65700", "2014-06-30": "13.67700", "2014-03-31": "15.20500", "2013-12-31": "23.48500", "2013-09-30": "35.73500", "2013-06-30": "30.17900", "2013-03-31": "13.96100", "2012-12-31": "12.70300", "2012-09-30": "16.74600", "2012-06-30": "21.32300", "2012-03-31": "16.76900", "2011-12-31": "19.57800", "2011-09-30": "36.38900", "2011-06-30": "23.95900", "2011-03-31": "19.23900", "2010-12-31": "20.50300", "2010-09-30": "31.51800", "2010-06-30": "22.66500", "2010-03-31": "21.04800", "2009-12-31": "16.46500", "2009-09-30": "19.92400", "2009-06-30": "21.18700", "2009-03-31": "18.43100", "2008-12-31": "17.46000", "2008-09-30": "20.29600", "2008-06-30": "21.42400", "2008-03-31": "19.58000", "2007-12-31": "15.19300", "2007-09-30": "11.86000", "2007-06-30": "11.36000", "2007-03-31": "10.87000", "2006-12-31": "13.11300", "2006-06-30": "6.26200", "2006-03-31": "5.59400"}, "Income After Taxes": {"2020-09-30": "3.90500", "2020-06-30": "94.24800", "2020-03-31": "53.78300", "2019-12-31": "34.91400", "2019-09-30": "78.34300", "2019-06-30": "62.13600", "2019-03-31": "58.27200", "2018-12-31": "36.92100", "2018-09-30": "123.90200", "2018-06-30": "75.14200", "2018-03-31": "-107.75500", "2017-12-31": "124.41300", "2017-09-30": "103.78400", "2017-06-30": "136.07400", "2017-03-31": "115.84000", "2016-12-31": "65.77800", "2016-09-30": "12.88700", "2016-06-30": "84.39400", "2016-03-31": "66.59400", "2015-12-31": "-0.40300", "2015-09-30": "26.47700", "2015-06-30": "-0.24700", "2015-03-31": "20.60400", "2014-12-31": "-118.06700", "2014-09-30": "64.63500", "2014-06-30": "69.09200", "2014-03-31": "42.49600", "2013-12-31": "56.54100", "2013-09-30": "78.22700", "2013-06-30": "71.21500", "2013-03-31": "54.77600", "2012-12-31": "38.97800", "2012-09-30": "-224.86800", "2012-06-30": "69.85500", "2012-03-31": "49.65600", "2011-12-31": "48.42400", "2011-09-30": "88.41600", "2011-06-30": "73.93100", "2011-03-31": "59.66000", "2010-12-31": "62.08300", "2010-09-30": "69.18800", "2010-06-30": "68.63500", "2010-03-31": "61.84400", "2009-12-31": "49.75400", "2009-09-30": "57.45400", "2009-06-30": "53.04300", "2009-03-31": "47.13800", "2008-12-31": "43.25100", "2008-09-30": "56.13600", "2008-06-30": "38.45400", "2008-03-31": "35.82900", "2007-12-31": "29.49300", "2007-09-30": "29.39300", "2007-06-30": "24.18600", "2007-03-31": "21.19800", "2006-12-31": "25.52000", "2006-06-30": "13.30700", "2006-03-31": "11.88700"}, "Other Income": {"2020-09-30": "", "2020-06-30": "", "2020-03-31": "", "2019-12-31": "", "2019-09-30": "", "2019-06-30": "", "2019-03-31": "", "2018-12-31": "", "2018-09-30": "", "2018-06-30": "", "2018-03-31": "", "2017-12-31": "", "2017-09-30": "", "2017-06-30": "", "2017-03-31": "", "2016-12-31": "", "2016-09-30": "", "2016-06-30": "", "2016-03-31": "", "2015-12-31": "", "2015-09-30": "", "2015-06-30": "", "2015-03-31": "", "2014-12-31": "", "2014-09-30": "", "2014-06-30": "", "2014-03-31": "", "2013-12-31": "", "2013-09-30": "", "2013-06-30": "", "2013-03-31": "", "2012-12-31": "", "2012-09-30": "", "2012-06-30": "", "2012-03-31": "", "2011-12-31": "", "2011-09-30": "", "2011-06-30": "", "2011-03-31": "", "2010-12-31": "", "2010-09-30": "", "2010-06-30": "", "2010-03-31": "", "2009-12-31": "", "2009-09-30": "", "2009-06-30": "", "2009-03-31": "", "2008-12-31": "", "2008-09-30": "", "2008-06-30": "", "2008-03-31": "", "2007-12-31": "", "2007-09-30": "", "2007-06-30": "", "2007-03-31": "", "2006-12-31": "", "2006-06-30": "", "2006-03-31": ""}, "Income From Continuous Operations": {"2020-09-30": "3.90500", "2020-06-30": "94.24800", "2020-03-31": "53.78300", "2019-12-31": "34.91400", "2019-09-30": "78.34300", "2019-06-30": "62.13600", "2019-03-31": "58.27200", "2018-12-31": "36.92100", "2018-09-30": "123.90200", "2018-06-30": "75.14200", "2018-03-31": "-107.75500", "2017-12-31": "124.41300", "2017-09-30": "103.78400", "2017-06-30": "136.07400", "2017-03-31": "115.84000", "2016-12-31": "65.77800", "2016-09-30": "12.88700", "2016-06-30": "84.39400", "2016-03-31": "66.59400", "2015-12-31": "-0.40300", "2015-09-30": "26.47700", "2015-06-30": "-0.24700", "2015-03-31": "20.60400", "2014-12-31": "-118.06700", "2014-09-30": "64.63500", "2014-06-30": "69.09200", "2014-03-31": "42.49600", "2013-12-31": "56.54100", "2013-09-30": "78.22700", "2013-06-30": "71.21500", "2013-03-31": "54.77600", "2012-12-31": "38.97800", "2012-09-30": "-224.86800", "2012-06-30": "69.85500", "2012-03-31": "49.65600", "2011-12-31": "48.42400", "2011-09-30": "88.41600", "2011-06-30": "73.93100", "2011-03-31": "59.66000", "2010-12-31": "62.08300", "2010-09-30": "69.18800", "2010-06-30": "68.63500", "2010-03-31": "61.84400", "2009-12-31": "49.75400", "2009-09-30": "57.45400", "2009-06-30": "53.04300", "2009-03-31": "47.13800", "2008-12-31": "43.25100", "2008-09-30": "56.13600", "2008-06-30": "38.45400", "2008-03-31": "35.82900", "2007-12-31": "29.49300", "2007-09-30": "29.39300", "2007-06-30": "24.18600", "2007-03-31": "21.19800", "2006-12-31": "25.52000", "2006-06-30": "13.30700", "2006-03-31": "11.88700"}, "Income From Discontinued Operations": {"2020-09-30": "-227.89600", "2020-06-30": "-0.12600", "2020-03-31": "-130.74900", "2019-12-31": "18.18000", "2019-09-30": "-526.32600", "2019-06-30": "43.25200", "2019-03-31": "35.24700", "2018-12-31": "28.16500", "2018-09-30": "", "2018-06-30": "", "2018-03-31": "", "2017-12-31": "", "2017-09-30": "", "2017-06-30": "", "2017-03-31": "", "2016-12-31": "", "2016-09-30": "", "2016-06-30": "", "2016-03-31": "", "2015-12-31": "", "2015-09-30": "", "2015-06-30": "", "2015-03-31": "", "2014-12-31": "", "2014-09-30": "", "2014-06-30": "", "2014-03-31": "", "2013-12-31": "", "2013-09-30": "", "2013-06-30": "", "2013-03-31": "", "2012-12-31": "", "2012-09-30": "", "2012-06-30": "", "2012-03-31": "", "2011-12-31": "", "2011-09-30": "", "2011-06-30": "", "2011-03-31": "", "2010-12-31": "", "2010-09-30": "", "2010-06-30": "", "2010-03-31": "-0.19000", "2009-12-31": "0.11300", "2009-09-30": "0.18200", "2009-06-30": "1.11800", "2009-03-31": "1.19200", "2008-12-31": "0.50000", "2008-09-30": "", "2008-06-30": "", "2008-03-31": "", "2007-12-31": "", "2007-09-30": "", "2007-06-30": "", "2007-03-31": "", "2006-12-31": "", "2006-06-30": "", "2006-03-31": ""}, "Net Income": {"2020-09-30": "-230.18700", "2020-06-30": "89.33900", "2020-03-31": "-86.12600", "2019-12-31": "40.60400", "2019-09-30": "-474.15200", "2019-06-30": "83.73800", "2019-03-31": "77.84500", "2018-12-31": "51.51900", "2018-09-30": "83.97700", "2018-06-30": "60.91000", "2018-03-31": "-119.73300", "2017-12-31": "111.31400", "2017-09-30": "88.48800", "2017-06-30": "101.32700", "2017-03-31": "102.39600", "2016-12-31": "47.17900", "2016-09-30": "7.20400", "2016-06-30": "67.44400", "2016-03-31": "41.82800", "2015-12-31": "-20.36700", "2015-09-30": "1.05600", "2015-06-30": "-17.19200", "2015-03-31": "0.26600", "2014-12-31": "-138.97500", "2014-09-30": "64.02600", "2014-06-30": "69.24000", "2014-03-31": "40.19200", "2013-12-31": "56.39600", "2013-09-30": "76.56800", "2013-06-30": "70.75500", "2013-03-31": "53.81100", "2012-12-31": "38.10900", "2012-09-30": "-224.90500", "2012-06-30": "69.41300", "2012-03-31": "48.99400", "2011-12-31": "47.93100", "2011-09-30": "87.38100", "2011-06-30": "73.83400", "2011-03-31": "57.71500", "2010-12-31": "56.86800", "2010-09-30": "67.80800", "2010-06-30": "64.80800", "2010-03-31": "58.48900", "2009-12-31": "45.78200", "2009-09-30": "54.13300", "2009-06-30": "51.12100", "2009-03-31": "43.39800", "2008-12-31": "40.90500", "2008-09-30": "43.41300", "2008-06-30": "38.41800", "2008-03-31": "35.79000", "2007-12-31": "29.43700", "2007-09-30": "29.32800", "2007-06-30": "24.11800", "2007-03-31": "21.11100", "2006-12-31": "25.49100", "2006-06-30": "13.22900", "2006-03-31": "11.22400"}, "EBITDA": {"2020-09-30": "121.27050", "2020-06-30": "174.61890", "2020-03-31": "177.88390", "2019-12-31": "145.06400", "2019-09-30": "199.32650", "2019-06-30": "190.27510", "2019-03-31": "173.69200", "2018-12-31": "93.98620", "2018-09-30": "212.18190", "2018-06-30": "227.39140", "2018-03-31": "26.56300", "2017-12-31": "194.03710", "2017-09-30": "234.51480", "2017-06-30": "274.80190", "2017-03-31": "212.86310", "2016-12-31": "210.30910", "2016-09-30": "152.34130", "2016-06-30": "207.57640", "2016-03-31": "247.93880", "2015-12-31": "166.40860", "2015-09-30": "243.36220", "2015-06-30": "176.08090", "2015-03-31": "166.93890", "2014-12-31": "141.90150", "2014-09-30": "127.44350", "2014-06-30": "115.86000", "2014-03-31": "92.33800", "2013-12-31": "112.63400", "2013-09-30": "145.75890", "2013-06-30": "135.42990", "2013-03-31": "104.37290", "2012-12-31": "85.83290", "2012-09-30": "-173.00490", "2012-06-30": "128.92190", "2012-03-31": "98.41800", "2011-12-31": "102.24510", "2011-09-30": "158.72990", "2011-06-30": "138.01800", "2011-03-31": "114.76790", "2010-12-31": "120.01300", "2010-09-30": "120.33140", "2010-06-30": "109.92000", "2010-03-31": "101.61210", "2009-12-31": "87.83010", "2009-09-30": "98.59330", "2009-06-30": "95.25190", "2009-03-31": "88.94500", "2008-12-31": "88.19210", "2008-09-30": "93.50740", "2008-06-30": "82.92000", "2008-03-31": "68.73210", "2007-12-31": "56.09910", "2007-09-30": "56.45110", "2007-06-30": "57.68990", "2007-03-31": "49.94600", "2006-12-31": "36.97800", "2006-06-30": "35.67300", "2006-03-31": "25.07800"}, "EBIT": {"2020-09-30": "65.33420", "2020-06-30": "118.86990", "2020-03-31": "110.06790", "2019-12-31": "87.18900", "2019-09-30": "131.62650", "2019-06-30": "125.50710", "2019-03-31": "108.13600", "2018-12-31": "30.82620", "2018-09-30": "144.75290", "2018-06-30": "160.73340", "2018-03-31": "-44.08500", "2017-12-31": "131.20210", "2017-09-30": "161.86130", "2017-06-30": "207.68990", "2017-03-31": "140.91310", "2016-12-31": "143.39310", "2016-09-30": "69.07130", "2016-06-30": "110.31540", "2016-03-31": "140.75780", "2015-12-31": "55.39060", "2015-09-30": "95.24220", "2015-06-30": "41.38090", "2015-03-31": "6.54390", "2014-12-31": "-14.14750", "2014-09-30": "102.51980", "2014-06-30": "91.53200", "2014-03-31": "68.39400", "2013-12-31": "90.43600", "2013-09-30": "122.72450", "2013-06-30": "111.89790", "2013-03-31": "80.43590", "2012-12-31": "61.93090", "2012-09-30": "-199.08610", "2012-06-30": "102.83690", "2012-03-31": "73.15800", "2011-12-31": "76.69710", "2011-09-30": "133.66920", "2011-06-30": "109.92700", "2011-03-31": "87.45690", "2010-12-31": "90.17000", "2010-09-30": "99.17770", "2010-06-30": "92.67900", "2010-03-31": "83.44810", "2009-12-31": "65.49010", "2009-09-30": "75.26380", "2009-06-30": "73.59890", "2009-03-31": "68.90600", "2008-12-31": "69.09710", "2008-09-30": "70.83360", "2008-06-30": "64.18200", "2008-03-31": "58.95910", "2007-12-31": "44.53210", "2007-09-30": "42.30510", "2007-06-30": "45.68190", "2007-03-31": "37.94400", "2006-12-31": "30.00800", "2006-06-30": "25.11900", "2006-03-31": "25.07800"}, "Basic Shares Outstanding": {"2020-09-30": "159.00500", "2020-06-30": "160.11900", "2020-03-31": "158.55000", "2019-12-31": "157.33200", "2019-09-30": "157.04400", "2019-06-30": "157.42900", "2019-03-31": "156.62100", "2018-12-31": "156.41600", "2018-09-30": "159.10100", "2018-06-30": "160.39500", "2018-03-31": "159.49500", "2017-12-31": "157.90900", "2017-09-30": "155.72800", "2017-06-30": "155.76300", "2017-03-31": "155.36600", "2016-12-31": "154.25500", "2016-09-30": "154.77200", "2016-06-30": "154.85200", "2016-03-31": "154.29500", "2015-12-31": "153.61900", "2015-09-30": "149.60500", "2015-06-30": "151.69700", "2015-03-31": "151.05300", "2014-12-31": "141.89200", "2014-09-30": "97.22600", "2014-06-30": "97.48300", "2014-03-31": "97.01200", "2013-12-31": "96.30200", "2013-09-30": "100.61800", "2013-06-30": "99.25700", "2013-03-31": "100.43000", "2012-12-31": "104.75900", "2012-09-30": "111.87500", "2012-06-30": "110.22100", "2012-03-31": "113.35200", "2011-12-31": "113.96500", "2011-09-30": "117.39600", "2011-06-30": "117.93200", "2011-03-31": "117.28300", "2010-12-31": "118.00100", "2010-09-30": "114.34400", "2010-06-30": "114.53900", "2010-03-31": "113.80100", "2009-12-31": "113.15300", "2009-09-30": "108.00300", "2009-06-30": "109.87200", "2009-03-31": "106.46500", "2008-12-31": "104.52900", "2008-09-30": "101.45600", "2008-06-30": "102.02000", "2008-03-31": "100.57100", "2007-12-31": "99.64400", "2007-09-30": "73.09100", "2007-06-30": "80.91500", "2007-03-31": "56.33100", "2006-12-31": "57.60000", "2006-06-30": "55.76200", "2006-03-31": "53.67600"}, "Shares Outstanding": {"2020-09-30": "161.29200", "2020-06-30": "161.83500", "2020-03-31": "160.71800", "2019-12-31": "160.65700", "2019-09-30": "159.68400", "2019-06-30": "159.78700", "2019-03-31": "158.41600", "2018-12-31": "159.60300", "2018-09-30": "162.26100", "2018-06-30": "163.21300", "2018-03-31": "159.49500", "2017-12-31": "161.84700", "2017-09-30": "159.13500", "2017-06-30": "158.82000", "2017-03-31": "158.65000", "2016-12-31": "157.99300", "2016-09-30": "156.07300", "2016-06-30": "156.17500", "2016-03-31": "155.44800", "2015-12-31": "153.61900", "2015-09-30": "149.60500", "2015-06-30": "151.69700", "2015-03-31": "152.81800", "2014-12-31": "141.89200", "2014-09-30": "98.65700", "2014-06-30": "98.95600", "2014-03-31": "98.33700", "2013-12-31": "97.59000", "2013-09-30": "101.94200", "2013-06-30": "100.76100", "2013-03-31": "100.43000", "2012-12-31": "105.53800", "2012-09-30": "111.87500", "2012-06-30": "110.81900", "2012-03-31": "114.28800", "2011-12-31": "114.59100", "2011-09-30": "118.34500", "2011-06-30": "118.90700", "2011-03-31": "118.27800", "2010-12-31": "119.11500", "2010-09-30": "115.46300", "2010-06-30": "115.62000", "2010-03-31": "115.04400", "2009-12-31": "114.49800", "2009-09-30": "109.70600", "2009-06-30": "111.51500", "2009-03-31": "108.14800", "2008-12-31": "106.62000", "2008-09-30": "104.21500", "2008-06-30": "104.56300", "2008-03-31": "103.45400", "2007-12-31": "103.02500", "2007-09-30": "87.53700", "2007-06-30": "92.03700", "2007-03-31": "77.96400", "2006-12-31": "79.03600", "2006-06-30": "73.88200", "2006-03-31": "70.30600"}, "Basic EPS": {"2020-09-30": "-1.45000", "2020-06-30": "0.56000", "2020-03-31": "-0.54000", "2019-12-31": "0.26000", "2019-09-30": "-3.01000", "2019-06-30": "0.53000", "2019-03-31": "0.50000", "2018-12-31": "0.32000", "2018-09-30": "0.53000", "2018-06-30": "0.38000", "2018-03-31": "-0.75000", "2017-12-31": "0.70000", "2017-09-30": "0.56000", "2017-06-30": "0.65000", "2017-03-31": "0.66000", "2016-12-31": "0.31000", "2016-09-30": "0.04000", "2016-06-30": "0.44000", "2016-03-31": "0.27000", "2015-12-31": "-0.13000", "2015-09-30": "0.04820", "2015-06-30": "-0.11000", "2015-03-31": "0.00180", "2014-12-31": "-0.98000", "2014-09-30": "0.65000", "2014-06-30": "0.71000", "2014-03-31": "0.41000", "2013-12-31": "0.59000", "2013-09-30": "0.77000", "2013-06-30": "0.71000", "2013-03-31": "0.54000", "2012-12-31": "0.36000", "2012-09-30": "-2.00000", "2012-06-30": "0.63000", "2012-03-31": "0.43000", "2011-12-31": "0.42000", "2011-09-30": "0.75000", "2011-06-30": "0.63000", "2011-03-31": "0.49000", "2010-12-31": "0.48000", "2010-09-30": "0.59000", "2010-06-30": "0.57000", "2010-03-31": "0.51000", "2009-12-31": "0.40000", "2009-09-30": "0.50000", "2009-06-30": "0.46000", "2009-03-31": "0.41000", "2008-12-31": "0.39000", "2008-09-30": "0.41000", "2008-06-30": "0.38000", "2008-03-31": "0.36000", "2007-12-31": "0.30000", "2007-09-30": "0.26000", "2007-06-30": "0.30000", "2007-03-31": "0.37000", "2006-12-31": "0.44000", "2006-06-30": "0.24000", "2006-03-31": "0.21000"}, "EPS - Earnings Per Share": {"2020-09-30": "-1.42000", "2020-06-30": "0.55000", "2020-03-31": "-0.54000", "2019-12-31": "0.25000", "2019-09-30": "-2.96000", "2019-06-30": "0.52000", "2019-03-31": "0.49000", "2018-12-31": "0.32000", "2018-09-30": "0.53000", "2018-06-30": "0.37000", "2018-03-31": "-0.75000", "2017-12-31": "0.69000", "2017-09-30": "0.54000", "2017-06-30": "0.64000", "2017-03-31": "0.65000", "2016-12-31": "0.30000", "2016-09-30": "0.05000", "2016-06-30": "0.43000", "2016-03-31": "0.27000", "2015-12-31": "-0.13000", "2015-09-30": "0.04830", "2015-06-30": "-0.11000", "2015-03-31": "0.00170", "2014-12-31": "-0.98000", "2014-09-30": "0.64000", "2014-06-30": "0.70000", "2014-03-31": "0.41000", "2013-12-31": "0.58000", "2013-09-30": "0.76000", "2013-06-30": "0.70000", "2013-03-31": "0.53000", "2012-12-31": "0.36000", "2012-09-30": "-2.00000", "2012-06-30": "0.63000", "2012-03-31": "0.43000", "2011-12-31": "0.42000", "2011-09-30": "0.74000", "2011-06-30": "0.62000", "2011-03-31": "0.49000", "2010-12-31": "0.48000", "2010-09-30": "0.58000", "2010-06-30": "0.56000", "2010-03-31": "0.51000", "2009-12-31": "0.40000", "2009-09-30": "0.49000", "2009-06-30": "0.46000", "2009-03-31": "0.40000", "2008-12-31": "0.38000", "2008-09-30": "0.40000", "2008-06-30": "0.37000", "2008-03-31": "0.35000", "2007-12-31": "0.29000", "2007-09-30": "0.30000", "2007-06-30": "0.26000", "2007-03-31": "0.27000", "2006-12-31": "0.32000", "2006-06-30": "0.18000", "2006-03-31": "0.17000"}}, "balance sheet": {"Cash On Hand": {"2020-09-30": "1708.33200", "2019-09-30": "885.63900", "2018-09-30": "886.73300", "2017-09-30": "802.36200", "2016-09-30": "692.14500", "2015-09-30": "683.89300", "2014-09-30": "574.18800", "2013-09-30": "600.67700", "2012-09-30": "593.77600", "2011-09-30": "456.94000", "2010-09-30": "612.85700", "2009-09-30": "290.77700", "2008-09-30": "278.57100", "2007-09-30": "417.69400", "2006-09-30": "127.87000", "2005-09-30": ""}, "Receivables": {"2020-09-30": "2901.52500", "2019-09-30": "2918.30500", "2018-09-30": "3434.66700", "2017-09-30": "5183.14200", "2016-09-30": "4578.52500", "2015-09-30": "4922.61100", "2014-09-30": "2656.51700", "2013-09-30": "2342.26200", "2012-09-30": "2395.88100", "2011-09-30": "2425.42000", "2010-09-30": "2170.18800", "2009-09-30": "1732.95900", "2008-09-30": "1639.21300", "2007-09-30": "1091.68200", "2006-09-30": "913.17800", "2005-09-30": ""}, "Inventory": {"2020-09-30": "", "2019-09-30": "", "2018-09-30": "", "2017-09-30": "", "2016-09-30": "", "2015-09-30": "", "2014-09-30": "", "2013-09-30": "", "2012-09-30": "", "2011-09-30": "", "2010-09-30": "", "2009-09-30": "", "2008-09-30": "", "2007-09-30": "", "2006-09-30": "", "2005-09-30": ""}, "Pre-Paid Expenses": {"2020-09-30": "667.39300", "2019-09-30": "515.59300", "2018-09-30": "585.15200", "2017-09-30": "696.71800", "2016-09-30": "730.10100", "2015-09-30": "388.98200", "2014-09-30": "177.53600", "2013-09-30": "168.71400", "2012-09-30": "140.76400", "2011-09-30": "100.57500", "2010-09-30": "157.84000", "2009-09-30": "82.19500", "2008-09-30": "74.54300", "2007-09-30": "67.08700", "2006-09-30": "52.82700", "2005-09-30": ""}, "Other Current Assets": {"2020-09-30": "2253.11600", "2019-09-30": "3215.10800", "2018-09-30": "2220.77000", "2017-09-30": "", "2016-09-30": "", "2015-09-30": "", "2014-09-30": "", "2013-09-30": "", "2012-09-30": "", "2011-09-30": "", "2010-09-30": "", "2009-09-30": "74.52700", "2008-09-30": "93.40300", "2007-09-30": "", "2006-09-30": "", "2005-09-30": ""}, "Total Current Assets": {"2020-09-30": "7530.36600", "2019-09-30": "7534.64500", "2018-09-30": "7127.32200", "2017-09-30": "6682.22200", "2016-09-30": "6000.77100", "2015-09-30": "6246.08500", "2014-09-30": "3434.11300", "2013-09-30": "3131.60200", "2012-09-30": "3147.29300", "2011-09-30": "2990.06600", "2010-09-30": "2946.49900", "2009-09-30": "2214.53500", "2008-09-30": "2116.35000", "2007-09-30": "1576.46300", "2006-09-30": "1093.87500", "2005-09-30": ""}, "Property, Plant, And Equipment": {"2020-09-30": "381.67200", "2019-09-30": "405.60500", "2018-09-30": "614.10000", "2017-09-30": "621.35700", "2016-09-30": "645.00000", "2015-09-30": "699.32200", "2014-09-30": "281.97900", "2013-09-30": "270.67200", "2012-09-30": "325.91700", "2011-09-30": "323.82600", "2010-09-30": "258.78400", "2009-09-30": "228.83500", "2008-09-30": "223.21700", "2007-09-30": "118.20200", "2006-09-30": "90.32300", "2005-09-30": ""}, "Long-Term Investments": {"2020-09-30": "229.31200", "2019-09-30": "256.13100", "2018-09-30": "310.66100", "2017-09-30": "364.22300", "2016-09-30": "330.48500", "2015-09-30": "321.62500", "2014-09-30": "142.90100", "2013-09-30": "106.42200", "2012-09-30": "91.04900", "2011-09-30": "71.12400", "2010-09-30": "53.23500", "2009-09-30": "34.50500", "2008-09-30": "46.43200", "2007-09-30": "23.55100", "2006-09-30": "19.94300", "2005-09-30": ""}, "Goodwill And Intangible Assets": {"2020-09-30": "3561.13800", "2019-09-30": "3576.44900", "2018-09-30": "6241.00800", "2017-09-30": "6407.97700", "2016-09-30": "6303.28200", "2015-09-30": "6480.13000", "2014-09-30": "2027.57600", "2013-09-30": "1894.90300", "2012-09-30": "1872.32500", "2011-09-30": "2205.47000", "2010-09-30": "1799.03100", "2009-09-30": "1124.89800", "2008-09-30": "1029.38600", "2007-09-30": "623.16090", "2006-09-30": "484.67600", "2005-09-30": ""}, "Other Long-Term Assets": {"2020-09-30": "287.03000", "2019-09-30": "2489.12900", "2018-09-30": "228.68200", "2017-09-30": "149.84600", "2016-09-30": "218.89800", "2015-09-30": "267.13600", "2014-09-30": "118.77000", "2013-09-30": "118.54600", "2012-09-30": "101.03600", "2011-09-30": "115.87600", "2010-09-30": "80.33000", "2009-09-30": "95.96900", "2008-09-30": "134.91900", "2007-09-30": "88.85000", "2006-09-30": "38.50800", "2005-09-30": ""}, "Total Long-Term Assets": {"2020-09-30": "5468.58400", "2019-09-30": "7016.26300", "2018-09-30": "7553.84800", "2017-09-30": "7714.73400", "2016-09-30": "7669.17200", "2015-09-30": "7768.21300", "2014-09-30": "2689.26400", "2013-09-30": "2534.02100", "2012-09-30": "2517.27500", "2011-09-30": "2799.26200", "2010-09-30": "2296.41000", "2009-09-30": "1575.34600", "2008-09-30": "1479.84000", "2007-09-30": "915.35790", "2006-09-30": "731.89900", "2005-09-30": ""}, "Total Assets": {"2020-09-30": "12998.95000", "2019-09-30": "14550.91000", "2018-09-30": "14681.13000", "2017-09-30": "14396.96000", "2016-09-30": "13669.94000", "2015-09-30": "14014.30000", "2014-09-30": "6123.37700", "2013-09-30": "5665.62300", "2012-09-30": "5664.56800", "2011-09-30": "5789.32800", "2010-09-30": "5242.90900", "2009-09-30": "3789.88100", "2008-09-30": "3596.19000", "2007-09-30": "2491.82100", "2006-09-30": "1825.77400", "2005-09-30": "0.00000"}, "Total Current Liabilities": {"2020-09-30": "6090.45400", "2019-09-30": "6461.75400", "2018-09-30": "6176.95000", "2017-09-30": "5578.37900", "2016-09-30": "5304.75600", "2015-09-30": "4836.05200", "2014-09-30": "2455.76900", "2013-09-30": "2053.54900", "2012-09-30": "2078.40200", "2011-09-30": "1814.44600", "2010-09-30": "1852.26000", "2009-09-30": "1556.73900", "2008-09-30": "1452.47900", "2007-09-30": "978.80800", "2006-09-30": "892.55200", "2005-09-30": ""}, "Long Term Debt": {"2020-09-30": "2041.13600", "2019-09-30": "3217.98500", "2018-09-30": "3483.74600", "2017-09-30": "3702.10900", "2016-09-30": "3702.15700", "2015-09-30": "4446.52700", "2014-09-30": "939.56500", "2013-09-30": "1089.06000", "2012-09-30": "907.14100", "2011-09-30": "1144.72300", "2010-09-30": "914.68600", "2009-09-30": "142.10200", "2008-09-30": "365.97400", "2007-09-30": "39.18600", "2006-09-30": "122.79000", "2005-09-30": ""}, "Other Non-Current Liabilities": {"2020-09-30": "261.57700", "2019-09-30": "580.26600", "2018-09-30": "329.45700", "2017-09-30": "322.19900", "2016-09-30": "403.36400", "2015-09-30": "305.48500", "2014-09-30": "233.97700", "2013-09-30": "448.92000", "2012-09-30": "454.53700", "2011-09-30": "435.02200", "2010-09-30": "337.49400", "2009-09-30": "336.63500", "2008-09-30": "334.69400", "2007-09-30": "174.25300", "2006-09-30": "76.41800", "2005-09-30": ""}, "Total Long Term Liabilities": {"2020-09-30": "3494.95300", "2019-09-30": "4189.80400", "2018-09-30": "4225.80700", "2017-09-30": "4603.89100", "2016-09-30": "4812.69100", "2015-09-30": "5547.30300", "2014-09-30": "1395.12800", "2013-09-30": "1537.98000", "2012-09-30": "1361.67800", "2011-09-30": "1579.74500", "2010-09-30": "1252.18000", "2009-09-30": "478.73700", "2008-09-30": "720.71800", "2007-09-30": "234.52800", "2006-09-30": "1224.11600", "2005-09-30": ""}, "Total Liabilities": {"2020-09-30": "9585.40700", "2019-09-30": "10651.56000", "2018-09-30": "10402.76000", "2017-09-30": "10182.27000", "2016-09-30": "10117.45000", "2015-09-30": "10383.36000", "2014-09-30": "3850.89700", "2013-09-30": "3591.52900", "2012-09-30": "3440.08000", "2011-09-30": "3394.19100", "2010-09-30": "3104.44000", "2009-09-30": "2035.47600", "2008-09-30": "2173.19700", "2007-09-30": "1213.33600", "2006-09-30": "2116.66800", "2005-09-30": ""}, "Common Stock Net": {"2020-09-30": "1.57000", "2019-09-30": "1.57500", "2018-09-30": "1.57000", "2017-09-30": "1.57500", "2016-09-30": "1.53900", "2015-09-30": "1.51300", "2014-09-30": "0.96700", "2013-09-30": "0.96000", "2012-09-30": "1.07000", "2011-09-30": "1.13200", "2010-09-30": "1.15300", "2009-09-30": "1.10900", "2008-09-30": "1.03000", "2007-09-30": "0.99100", "2006-09-30": "", "2005-09-30": ""}, "Retained Earnings (Accumulated Deficit)": {"2020-09-30": "174.24800", "2019-09-30": "599.54800", "2018-09-30": "948.14800", "2017-09-30": "961.64000", "2016-09-30": "618.44500", "2015-09-30": "522.33600", "2014-09-30": "677.18100", "2013-09-30": "472.15500", "2012-09-30": "606.08900", "2011-09-30": "826.94600", "2010-09-30": "651.10500", "2009-09-30": "414.34500", "2008-09-30": "221.37700", "2007-09-30": "74.56300", "2006-09-30": "", "2005-09-30": ""}, "Comprehensive Income": {"2020-09-30": "-918.67400", "2019-09-30": "-864.19700", "2018-09-30": "-703.33000", "2017-09-30": "-700.66100", "2016-09-30": "-857.58200", "2015-09-30": "-635.10000", "2014-09-30": "-356.60200", "2013-09-30": "-261.29900", "2012-09-30": "-179.17300", "2011-09-30": "-187.57400", "2010-09-30": "-147.52100", "2009-09-30": "-146.57500", "2008-09-30": "-111.54900", "2007-09-30": "-26.21100", "2006-09-30": "-36.66900", "2005-09-30": ""}, "Other Share Holders Equity": {"2020-09-30": "", "2019-09-30": "", "2018-09-30": "", "2017-09-30": "", "2016-09-30": "", "2015-09-30": "", "2014-09-30": "", "2013-09-30": "", "2012-09-30": "", "2011-09-30": "", "2010-09-30": "", "2009-09-30": "", "2008-09-30": "", "2007-09-30": "", "2006-09-30": "", "2005-09-30": ""}, "Share Holder Equity": {"2020-09-30": "3413.54400", "2019-09-30": "3899.35000", "2018-09-30": "4278.37400", "2017-09-30": "4214.68600", "2016-09-30": "3552.48900", "2015-09-30": "3630.94300", "2014-09-30": "2272.48000", "2013-09-30": "2074.09400", "2012-09-30": "2224.48800", "2011-09-30": "2395.13700", "2010-09-30": "2138.46900", "2009-09-30": "1754.40500", "2008-09-30": "1422.99300", "2007-09-30": "1278.48500", "2006-09-30": "-290.89400", "2005-09-30": ""}, "Total Liabilities And Share Holders Equity": {"2020-09-30": "12998.95000", "2019-09-30": "14550.91000", "2018-09-30": "14681.13000", "2017-09-30": "14396.96000", "2016-09-30": "13669.94000", "2015-09-30": "14014.30000", "2014-09-30": "6123.37700", "2013-09-30": "5665.62300", "2012-09-30": "5664.56800", "2011-09-30": "5789.32800", "2010-09-30": "5242.90900", "2009-09-30": "3789.88100", "2008-09-30": "3596.19000", "2007-09-30": "2491.82100", "2006-09-30": "1825.77400", "2005-09-30": ""}}, "balance sheet, quarterly": {"Cash On Hand": {"2020-09-30": "1708.33200", "2020-06-30": "1331.26800", "2020-03-31": "1135.06100", "2019-12-31": "725.43600", "2019-09-30": "885.63900", "2019-06-30": "793.56700", "2019-03-31": "826.87800", "2018-12-31": "838.30200", "2018-09-30": "886.73300", "2018-06-30": "801.41900", "2018-03-31": "867.22500", "2017-12-31": "813.16600", "2017-09-30": "802.36200", "2017-06-30": "812.45900", "2017-03-31": "725.97200", "2016-12-31": "697.71700", "2016-09-30": "692.14500", "2016-06-30": "627.99700", "2016-03-31": "669.77800", "2015-12-31": "658.04400", "2015-09-30": "683.89300", "2015-06-30": "605.90000", "2015-03-31": "612.59700", "2014-12-31": "734.64790", "2014-09-30": "574.18800", "2014-06-30": "510.14700", "2014-03-31": "502.54300", "2013-12-31": "681.74300", "2013-09-30": "600.67700", "2013-06-30": "507.59100", "2013-03-31": "627.73200", "2012-12-31": "591.29600", "2012-09-30": "593.77600", "2012-06-30": "398.39400", "2012-03-31": "465.66200", "2011-12-31": "507.48600", "2011-09-30": "456.94000", "2011-06-30": "381.46700", "2011-03-31": "403.38400", "2010-12-31": "421.23800", "2010-09-30": "612.85700", "2010-06-30": "293.88200", "2010-03-31": "206.54900", "2009-12-31": "252.94900", "2009-09-30": "290.77700", "2009-06-30": "275.00600", "2009-03-31": "241.20100", "2008-12-31": "243.09200", "2008-09-30": "278.57100", "2008-06-30": "173.10800", "2008-03-31": "217.67500", "2007-12-31": "330.25600", "2007-09-30": "417.69400", "2007-06-30": "343.07300", "2007-03-31": "116.26400", "2006-12-31": "", "2006-06-30": "", "2006-03-31": ""}, "Receivables": {"2020-09-30": "2901.52500", "2020-06-30": "2866.55300", "2020-03-31": "2950.35900", "2019-12-31": "2895.65400", "2019-09-30": "2918.30500", "2019-06-30": "3415.99000", "2019-03-31": "3339.68100", "2018-12-31": "3407.78900", "2018-09-30": "3434.66700", "2018-06-30": "5527.30400", "2018-03-31": "5291.37800", "2017-12-31": "5351.92300", "2017-09-30": "5183.14200", "2017-06-30": "4802.21200", "2017-03-31": "4751.86200", "2016-12-31": "4579.64600", "2016-09-30": "4578.52500", "2016-06-30": "4691.31600", "2016-03-31": "4844.73500", "2015-12-31": "4852.38800", "2015-09-30": "4922.61100", "2015-06-30": "5084.29900", "2015-03-31": "4879.55300", "2014-12-31": "4896.48200", "2014-09-30": "2656.51700", "2014-06-30": "2440.87200", "2014-03-31": "2347.14700", "2013-12-31": "2420.24800", "2013-09-30": "2342.26200", "2013-06-30": "2341.14600", "2013-03-31": "2344.38100", "2012-12-31": "2493.75000", "2012-09-30": "2395.88100", "2012-06-30": "2496.24400", "2012-03-31": "2584.71500", "2011-12-31": "2568.47900", "2011-09-30": "2425.42000", "2011-06-30": "2581.06800", "2011-03-31": "2433.17900", "2010-12-31": "2436.41800", "2010-09-30": "2170.18800", "2010-06-30": "1902.63300", "2010-03-31": "1950.64500", "2009-12-31": "1794.25700", "2009-09-30": "1732.95900", "2009-06-30": "1684.60100", "2009-03-31": "1655.49700", "2008-12-31": "1647.16400", "2008-09-30": "1639.21300", "2008-06-30": "1405.38800", "2008-03-31": "1335.19100", "2007-12-31": "1168.04700", "2007-09-30": "1091.68200", "2007-06-30": "1051.41400", "2007-03-31": "1040.07900", "2006-12-31": "", "2006-06-30": "", "2006-03-31": ""}, "Inventory": {"2020-09-30": "", "2020-06-30": "", "2020-03-31": "", "2019-12-31": "", "2019-09-30": "", "2019-06-30": "", "2019-03-31": "", "2018-12-31": "", "2018-09-30": "", "2018-06-30": "", "2018-03-31": "", "2017-12-31": "", "2017-09-30": "", "2017-06-30": "", "2017-03-31": "", "2016-12-31": "", "2016-09-30": "", "2016-06-30": "", "2016-03-31": "", "2015-12-31": "", "2015-09-30": "", "2015-06-30": "", "2015-03-31": "", "2014-12-31": "", "2014-09-30": "", "2014-06-30": "", "2014-03-31": "", "2013-12-31": "", "2013-09-30": "", "2013-06-30": "", "2013-03-31": "", "2012-12-31": "", "2012-09-30": "", "2012-06-30": "", "2012-03-31": "", "2011-12-31": "", "2011-09-30": "", "2011-06-30": "", "2011-03-31": "", "2010-12-31": "", "2010-09-30": "", "2010-06-30": "", "2010-03-31": "", "2009-12-31": "", "2009-09-30": "", "2009-06-30": "", "2009-03-31": "", "2008-12-31": "", "2008-09-30": "", "2008-06-30": "", "2008-03-31": "", "2007-12-31": "", "2007-09-30": "", "2007-06-30": "", "2007-03-31": "", "2006-12-31": "", "2006-06-30": "", "2006-03-31": ""}, "Pre-Paid Expenses": {"2020-09-30": "667.39300", "2020-06-30": "668.73900", "2020-03-31": "726.64300", "2019-12-31": "532.36400", "2019-09-30": "515.59300", "2019-06-30": "607.51100", "2019-03-31": "592.18900", "2018-12-31": "681.44900", "2018-09-30": "585.15200", "2018-06-30": "651.81600", "2018-03-31": "648.60200", "2017-12-31": "676.95100", "2017-09-30": "696.71800", "2017-06-30": "718.62000", "2017-03-31": "688.47400", "2016-12-31": "707.73800", "2016-09-30": "730.10100", "2016-06-30": "852.58200", "2016-03-31": "771.42300", "2015-12-31": "386.14200", "2015-09-30": "388.98200", "2015-06-30": "375.24800", "2015-03-31": "383.87000", "2014-12-31": "371.35800", "2014-09-30": "177.53600", "2014-06-30": "150.84200", "2014-03-31": "154.26200", "2013-12-31": "126.90700", "2013-09-30": "168.71400", "2013-06-30": "169.23100", "2013-03-31": "157.67500", "2012-12-31": "156.61300", "2012-09-30": "140.76400", "2012-06-30": "145.15700", "2012-03-31": "109.19600", "2011-12-31": "104.81900", "2011-09-30": "100.57500", "2011-06-30": "129.85000", "2011-03-31": "128.09300", "2010-12-31": "126.60800", "2010-09-30": "157.84000", "2010-06-30": "145.24100", "2010-03-31": "142.05600", "2009-12-31": "146.12700", "2009-09-30": "82.19500", "2009-06-30": "80.47200", "2009-03-31": "73.62900", "2008-12-31": "82.05200", "2008-09-30": "74.54300", "2008-06-30": "80.66600", "2008-03-31": "56.34800", "2007-12-31": "70.97100", "2007-09-30": "67.08700", "2007-06-30": "80.01600", "2007-03-31": "56.66500", "2006-12-31": "", "2006-06-30": "", "2006-03-31": ""}, "Other Current Assets": {"2020-09-30": "2253.11600", "2020-06-30": "2423.80200", "2020-03-31": "2566.19400", "2019-12-31": "3313.47900", "2019-09-30": "3215.10800", "2019-06-30": "2454.75700", "2019-03-31": "2481.89200", "2018-12-31": "2322.19400", "2018-09-30": "2220.77000", "2018-06-30": "63.30300", "2018-03-31": "116.75500", "2017-12-31": "", "2017-09-30": "", "2017-06-30": "", "2017-03-31": "", "2016-12-31": "", "2016-09-30": "", "2016-06-30": "", "2016-03-31": "", "2015-12-31": "", "2015-09-30": "", "2015-06-30": "", "2015-03-31": "", "2014-12-31": "", "2014-09-30": "", "2014-06-30": "", "2014-03-31": "", "2013-12-31": "", "2013-09-30": "", "2013-06-30": "", "2013-03-31": "", "2012-12-31": "", "2012-09-30": "", "2012-06-30": "", "2012-03-31": "", "2011-12-31": "", "2011-09-30": "", "2011-06-30": "", "2011-03-31": "", "2010-12-31": "", "2010-09-30": "", "2010-06-30": "", "2010-03-31": "", "2009-12-31": "3.79100", "2009-09-30": "74.52700", "2009-06-30": "163.94700", "2009-03-31": "81.35900", "2008-12-31": "81.53500", "2008-09-30": "93.40300", "2008-06-30": "", "2008-03-31": "", "2007-12-31": "", "2007-09-30": "", "2007-06-30": "", "2007-03-31": "", "2006-12-31": "", "2006-06-30": "", "2006-03-31": ""}, "Total Current Assets": {"2020-09-30": "7530.36600", "2020-06-30": "7290.36200", "2020-03-31": "7378.25700", "2019-12-31": "7466.93300", "2019-09-30": "7534.64500", "2019-06-30": "7271.82500", "2019-03-31": "7240.64000", "2018-12-31": "7249.73400", "2018-09-30": "7127.32200", "2018-06-30": "7043.84200", "2018-03-31": "6923.96000", "2017-12-31": "6842.04000", "2017-09-30": "6682.22200", "2017-06-30": "6333.29100", "2017-03-31": "6166.30800", "2016-12-31": "5985.10100", "2016-09-30": "6000.77100", "2016-06-30": "6171.89500", "2016-03-31": "6285.93600", "2015-12-31": "5896.57400", "2015-09-30": "6246.08500", "2015-06-30": "6227.37000", "2015-03-31": "5985.18300", "2014-12-31": "6100.78500", "2014-09-30": "3434.11300", "2014-06-30": "3121.81000", "2014-03-31": "3023.90100", "2013-12-31": "3248.84700", "2013-09-30": "3131.60200", "2013-06-30": "3049.68400", "2013-03-31": "3161.80900", "2012-12-31": "3258.53200", "2012-09-30": "3147.29300", "2012-06-30": "3046.92600", "2012-03-31": "3167.47600", "2011-12-31": "3187.91500", "2011-09-30": "2990.06600", "2011-06-30": "3092.38500", "2011-03-31": "2964.65600", "2010-12-31": "2984.26400", "2010-09-30": "2946.49900", "2010-06-30": "2377.94500", "2010-03-31": "2348.56600", "2009-12-31": "2231.80000", "2009-09-30": "2214.53500", "2009-06-30": "2245.11500", "2009-03-31": "2085.84700", "2008-12-31": "2089.61100", "2008-09-30": "2116.35000", "2008-06-30": "1659.16200", "2008-03-31": "1609.21400", "2007-12-31": "1569.27400", "2007-09-30": "1576.46300", "2007-06-30": "1474.50300", "2007-03-31": "1213.00800", "2006-12-31": "", "2006-06-30": "", "2006-03-31": ""}, "Property, Plant, And Equipment": {"2020-09-30": "381.67200", "2020-06-30": "388.86400", "2020-03-31": "383.87100", "2019-12-31": "403.88200", "2019-09-30": "405.60500", "2019-06-30": "603.48000", "2019-03-31": "596.37400", "2018-12-31": "601.00500", "2018-09-30": "614.10000", "2018-06-30": "607.15100", "2018-03-31": "583.41700", "2017-12-31": "631.60100", "2017-09-30": "621.35700", "2017-06-30": "603.32700", "2017-03-31": "619.03200", "2016-12-31": "634.91600", "2016-09-30": "645.00000", "2016-06-30": "624.54500", "2016-03-31": "596.89100", "2015-12-31": "601.78100", "2015-09-30": "699.32200", "2015-06-30": "751.11800", "2015-03-31": "792.55800", "2014-12-31": "862.64000", "2014-09-30": "281.97900", "2014-06-30": "278.78000", "2014-03-31": "277.93400", "2013-12-31": "275.89700", "2013-09-30": "270.67200", "2013-06-30": "270.34400", "2013-03-31": "312.70200", "2012-12-31": "322.71400", "2012-09-30": "325.91700", "2012-06-30": "326.04500", "2012-03-31": "331.37500", "2011-12-31": "333.58500", "2011-09-30": "323.82600", "2011-06-30": "303.33100", "2011-03-31": "280.29700", "2010-12-31": "282.43600", "2010-09-30": "258.78400", "2010-06-30": "226.14300", "2010-03-31": "235.63900", "2009-12-31": "234.77400", "2009-09-30": "228.83500", "2009-06-30": "215.91600", "2009-03-31": "220.08800", "2008-12-31": "218.31100", "2008-09-30": "223.21700", "2008-06-30": "184.34700", "2008-03-31": "136.34100", "2007-12-31": "124.88000", "2007-09-30": "118.20200", "2007-06-30": "114.09900", "2007-03-31": "109.08500", "2006-12-31": "", "2006-06-30": "", "2006-03-31": ""}, "Long-Term Investments": {"2020-09-30": "229.31200", "2020-06-30": "240.52500", "2020-03-31": "256.93200", "2019-12-31": "279.28600", "2019-09-30": "256.13100", "2019-06-30": "391.52000", "2019-03-31": "338.43100", "2018-12-31": "341.00900", "2018-09-30": "310.66100", "2018-06-30": "398.13400", "2018-03-31": "384.89700", "2017-12-31": "370.29400", "2017-09-30": "364.22300", "2017-06-30": "339.26900", "2017-03-31": "354.57100", "2016-12-31": "343.87400", "2016-09-30": "330.48500", "2016-06-30": "341.96700", "2016-03-31": "347.08500", "2015-12-31": "314.42500", "2015-09-30": "321.62500", "2015-06-30": "326.60100", "2015-03-31": "336.22100", "2014-12-31": "348.67100", "2014-09-30": "142.90100", "2014-06-30": "133.76600", "2014-03-31": "124.35900", "2013-12-31": "53.46900", "2013-09-30": "106.42200", "2013-06-30": "83.84300", "2013-03-31": "87.32100", "2012-12-31": "86.32300", "2012-09-30": "91.04900", "2012-06-30": "84.23700", "2012-03-31": "83.48900", "2011-12-31": "66.88800", "2011-09-30": "71.12400", "2011-06-30": "83.65500", "2011-03-31": "79.97200", "2010-12-31": "69.67400", "2010-09-30": "53.23500", "2010-06-30": "33.19400", "2010-03-31": "30.44100", "2009-12-31": "28.56600", "2009-09-30": "34.50500", "2009-06-30": "36.95300", "2009-03-31": "42.76600", "2008-12-31": "41.44400", "2008-09-30": "46.43200", "2008-06-30": "34.08900", "2008-03-31": "26.28000", "2007-12-31": "24.14500", "2007-09-30": "23.55100", "2007-06-30": "22.49300", "2007-03-31": "20.58900", "2006-12-31": "", "2006-06-30": "", "2006-03-31": ""}, "Goodwill And Intangible Assets": {"2020-09-30": "3561.13800", "2020-06-30": "3548.57900", "2020-03-31": "3534.53000", "2019-12-31": "3586.37500", "2019-09-30": "3576.44900", "2019-06-30": "6161.69700", "2019-03-31": "6185.45600", "2018-12-31": "6190.24500", "2018-09-30": "6241.00800", "2018-06-30": "6271.21400", "2018-03-31": "6310.78700", "2017-12-31": "6408.75900", "2017-09-30": "6407.97700", "2017-06-30": "6250.80200", "2017-03-31": "6232.03800", "2016-12-31": "6234.20800", "2016-09-30": "6303.28200", "2016-06-30": "6324.65800", "2016-03-31": "6318.31900", "2015-12-31": "6344.84300", "2015-09-30": "6480.13000", "2015-06-30": "6557.16800", "2015-03-31": "6519.86200", "2014-12-31": "6530.62700", "2014-09-30": "2027.57600", "2014-06-30": "1983.08800", "2014-03-31": "1979.56800", "2013-12-31": "1983.11300", "2013-09-30": "1894.90300", "2013-06-30": "1884.70800", "2013-03-31": "1902.05500", "2012-12-31": "1917.62400", "2012-09-30": "1872.32500", "2012-06-30": "2211.67400", "2012-03-31": "2234.10000", "2011-12-31": "2211.36900", "2011-09-30": "2205.47000", "2011-06-30": "2248.91300", "2011-03-31": "2179.00600", "2010-12-31": "2145.54700", "2010-09-30": "1799.03100", "2010-06-30": "1211.14300", "2010-03-31": "1194.56700", "2009-12-31": "1200.68400", "2009-09-30": "1124.89800", "2009-06-30": "1110.15000", "2009-03-31": "1041.20800", "2008-12-31": "1020.76100", "2008-09-30": "1029.38600", "2008-06-30": "824.48800", "2008-03-31": "707.60700", "2007-12-31": "661.81990", "2007-09-30": "623.16090", "2007-06-30": "582.15900", "2007-03-31": "578.64300", "2006-12-31": "", "2006-06-30": "", "2006-03-31": ""}, "Other Long-Term Assets": {"2020-09-30": "287.03000", "2020-06-30": "548.49800", "2020-03-31": "503.54800", "2019-12-31": "2616.30300", "2019-09-30": "2489.12900", "2019-06-30": "206.40100", "2019-03-31": "212.41500", "2018-12-31": "217.77100", "2018-09-30": "228.68200", "2018-06-30": "225.51200", "2018-03-31": "194.36400", "2017-12-31": "153.51500", "2017-09-30": "149.84600", "2017-06-30": "115.51800", "2017-03-31": "94.42100", "2016-12-31": "174.45500", "2016-09-30": "218.89800", "2016-06-30": "305.12900", "2016-03-31": "314.13800", "2015-12-31": "246.30100", "2015-09-30": "267.13600", "2015-06-30": "293.77200", "2015-03-31": "302.08400", "2014-12-31": "338.51100", "2014-09-30": "118.77000", "2014-06-30": "119.20800", "2014-03-31": "123.02100", "2013-12-31": "165.01100", "2013-09-30": "118.54600", "2013-06-30": "132.65400", "2013-03-31": "104.07400", "2012-12-31": "105.56900", "2012-09-30": "101.03600", "2012-06-30": "120.25100", "2012-03-31": "123.17800", "2011-12-31": "121.19200", "2011-09-30": "115.87600", "2011-06-30": "102.98900", "2011-03-31": "104.72000", "2010-12-31": "97.80000", "2010-09-30": "80.33000", "2010-06-30": "58.61000", "2010-03-31": "44.35300", "2009-12-31": "46.61400", "2009-09-30": "95.96900", "2009-06-30": "83.95900", "2009-03-31": "128.51100", "2008-12-31": "126.04500", "2008-09-30": "134.91900", "2008-06-30": "162.26600", "2008-03-31": "160.92800", "2007-12-31": "90.46800", "2007-09-30": "88.85000", "2007-06-30": "140.41100", "2007-03-31": "43.28900", "2006-12-31": "", "2006-06-30": "", "2006-03-31": ""}, "Total Long-Term Assets": {"2020-09-30": "5468.58400", "2020-06-30": "5754.69100", "2020-03-31": "5737.08900", "2019-12-31": "7762.42600", "2019-09-30": "7016.26300", "2019-06-30": "7523.38700", "2019-03-31": "7496.38300", "2018-12-31": "7517.91700", "2018-09-30": "7553.84800", "2018-06-30": "7683.57500", "2018-03-31": "7693.37200", "2017-12-31": "7780.91100", "2017-09-30": "7714.73400", "2017-06-30": "7502.95100", "2017-03-31": "7474.73300", "2016-12-31": "7523.89500", "2016-09-30": "7669.17200", "2016-06-30": "7706.43200", "2016-03-31": "7703.28000", "2015-12-31": "7632.82900", "2015-09-30": "7768.21300", "2015-06-30": "8008.75600", "2015-03-31": "8030.82300", "2014-12-31": "8152.48400", "2014-09-30": "2689.26400", "2014-06-30": "2631.93200", "2014-03-31": "2621.37700", "2013-12-31": "2588.57400", "2013-09-30": "2534.02100", "2013-06-30": "2489.68400", "2013-03-31": "2523.33500", "2012-12-31": "2549.49300", "2012-09-30": "2517.27500", "2012-06-30": "2816.71400", "2012-03-31": "2845.75600", "2011-12-31": "2806.70000", "2011-09-30": "2799.26200", "2011-06-30": "2794.24600", "2011-03-31": "2700.70200", "2010-12-31": "2635.77600", "2010-09-30": "2296.41000", "2010-06-30": "1621.89500", "2010-03-31": "1590.77700", "2009-12-31": "1601.72500", "2009-09-30": "1575.34600", "2009-06-30": "1490.08200", "2009-03-31": "1473.65200", "2008-12-31": "1445.71400", "2008-09-30": "1479.84000", "2008-06-30": "1261.82900", "2008-03-31": "1092.71900", "2007-12-31": "961.88100", "2007-09-30": "915.35790", "2007-06-30": "962.68600", "2007-03-31": "863.18800", "2006-12-31": "", "2006-06-30": "", "2006-03-31": ""}, "Total Assets": {"2020-09-30": "12998.95000", "2020-06-30": "13045.05000", "2020-03-31": "13115.35000", "2019-12-31": "15229.36000", "2019-09-30": "14550.91000", "2019-06-30": "14795.21000", "2019-03-31": "14737.02000", "2018-12-31": "14767.65000", "2018-09-30": "14681.13000", "2018-06-30": "14727.42000", "2018-03-31": "14617.33000", "2017-12-31": "14622.95000", "2017-09-30": "14396.96000", "2017-06-30": "13836.24000", "2017-03-31": "13641.04000", "2016-12-31": "13509.00000", "2016-09-30": "13669.94000", "2016-06-30": "13878.33000", "2016-03-31": "13989.21000", "2015-12-31": "13529.40000", "2015-09-30": "14014.30000", "2015-06-30": "14236.13000", "2015-03-31": "14016.00000", "2014-12-31": "14253.27000", "2014-09-30": "6123.37700", "2014-06-30": "5753.74200", "2014-03-31": "5645.27800", "2013-12-31": "5837.42100", "2013-09-30": "5665.62300", "2013-06-30": "5539.36800", "2013-03-31": "5685.14400", "2012-12-31": "5808.02500", "2012-09-30": "5664.56800", "2012-06-30": "5863.64000", "2012-03-31": "6013.23200", "2011-12-31": "5994.61500", "2011-09-30": "5789.32800", "2011-06-30": "5886.63100", "2011-03-31": "5665.35800", "2010-12-31": "5620.04000", "2010-09-30": "5242.90900", "2010-06-30": "3999.84000", "2010-03-31": "3939.34300", "2009-12-31": "3833.52500", "2009-09-30": "3789.88100", "2009-06-30": "3735.19700", "2009-03-31": "3559.49900", "2008-12-31": "3535.32500", "2008-09-30": "3596.19000", "2008-06-30": "2920.99100", "2008-03-31": "2701.93300", "2007-12-31": "2531.15500", "2007-09-30": "2491.82100", "2007-06-30": "2437.18900", "2007-03-31": "2076.19600", "2006-12-31": "0.00000", "2006-06-30": "0.00000", "2006-03-31": "0.00000"}, "Total Current Liabilities": {"2020-09-30": "6090.45400", "2020-06-30": "5751.67100", "2020-03-31": "5987.54100", "2019-12-31": "6461.45800", "2019-09-30": "6461.75400", "2019-06-30": "5940.70500", "2019-03-31": "5890.18700", "2018-12-31": "6040.89700", "2018-09-30": "6176.95000", "2018-06-30": "5890.07000", "2018-03-31": "5641.84100", "2017-12-31": "5676.05700", "2017-09-30": "5578.37900", "2017-06-30": "5189.60200", "2017-03-31": "5064.09200", "2016-12-31": "5165.32800", "2016-09-30": "5304.75600", "2016-06-30": "5286.21900", "2016-03-31": "5260.48800", "2015-12-31": "4755.09400", "2015-09-30": "4836.05200", "2015-06-30": "4767.20700", "2015-03-31": "4461.10400", "2014-12-31": "4413.07700", "2014-09-30": "2455.76900", "2014-06-30": "2053.86000", "2014-03-31": "2001.68500", "2013-12-31": "2159.67000", "2013-09-30": "2053.54900", "2013-06-30": "1941.55600", "2013-03-31": "2030.95800", "2012-12-31": "2233.12400", "2012-09-30": "2078.40200", "2012-06-30": "2005.15100", "2012-03-31": "1936.25400", "2011-12-31": "1882.95700", "2011-09-30": "1814.44600", "2011-06-30": "1818.23300", "2011-03-31": "1747.66700", "2010-12-31": "1755.06500", "2010-09-30": "1852.26000", "2010-06-30": "1566.48300", "2010-03-31": "1562.26000", "2009-12-31": "1572.66800", "2009-09-30": "1556.73900", "2009-06-30": "1518.21300", "2009-03-31": "1396.64500", "2008-12-31": "1429.88100", "2008-09-30": "1452.47900", "2008-06-30": "1197.42200", "2008-03-31": "1062.66000", "2007-12-31": "946.90100", "2007-09-30": "978.80800", "2007-06-30": "892.94000", "2007-03-31": "1021.56400", "2006-12-31": "", "2006-06-30": "", "2006-03-31": ""}, "Long Term Debt": {"2020-09-30": "2041.13600", "2020-06-30": "2047.98800", "2020-03-31": "2079.12800", "2019-12-31": "3358.17600", "2019-09-30": "3217.98500", "2019-06-30": "3653.29100", "2019-03-31": "3733.64200", "2018-12-31": "3759.49100", "2018-09-30": "3483.74600", "2018-06-30": "3707.29300", "2018-03-31": "3814.97600", "2017-12-31": "3738.90100", "2017-09-30": "3702.10900", "2017-06-30": "3753.79900", "2017-03-31": "3851.08200", "2016-12-31": "3751.34200", "2016-09-30": "3702.15700", "2016-06-30": "3941.15000", "2016-03-31": "4130.08700", "2015-12-31": "4366.42400", "2015-09-30": "4446.52700", "2015-06-30": "4602.48300", "2015-03-31": "4691.57100", "2014-12-31": "4775.39600", "2014-09-30": "939.56500", "2014-06-30": "976.96300", "2014-03-31": "1008.89100", "2013-12-31": "1113.45200", "2013-09-30": "1089.06000", "2013-06-30": "1135.22600", "2013-03-31": "1123.45600", "2012-12-31": "1021.77200", "2012-09-30": "907.14100", "2012-06-30": "950.62200", "2012-03-31": "1172.27900", "2011-12-31": "1217.72900", "2011-09-30": "1144.72300", "2011-06-30": "1165.36300", "2011-03-31": "1130.12500", "2010-12-31": "1187.59100", "2010-09-30": "914.68600", "2010-06-30": "173.64000", "2010-03-31": "178.06100", "2009-12-31": "140.02500", "2009-09-30": "142.10200", "2009-06-30": "221.04700", "2009-03-31": "275.37700", "2008-12-31": "362.35300", "2008-09-30": "365.97400", "2008-06-30": "58.89400", "2008-03-31": "32.90600", "2007-12-31": "30.16900", "2007-09-30": "39.18600", "2007-06-30": "56.62300", "2007-03-31": "153.11800", "2006-12-31": "", "2006-06-30": "", "2006-03-31": ""}, "Other Non-Current Liabilities": {"2020-09-30": "261.57700", "2020-06-30": "228.96200", "2020-03-31": "200.04200", "2019-12-31": "387.34200", "2019-09-30": "580.26600", "2019-06-30": "326.58800", "2019-03-31": "321.34800", "2018-12-31": "318.94100", "2018-09-30": "329.45700", "2018-06-30": "340.11600", "2018-03-31": "340.93800", "2017-12-31": "296.57800", "2017-09-30": "322.19900", "2017-06-30": "304.26800", "2017-03-31": "337.36800", "2016-12-31": "358.75500", "2016-09-30": "403.36400", "2016-06-30": "377.09500", "2016-03-31": "374.85800", "2015-12-31": "312.27100", "2015-09-30": "305.48500", "2015-06-30": "306.11000", "2015-03-31": "311.59500", "2014-12-31": "332.47300", "2014-09-30": "233.97700", "2014-06-30": "439.44600", "2014-03-31": "444.26500", "2013-12-31": "441.34000", "2013-09-30": "448.92000", "2013-06-30": "420.72100", "2013-03-31": "438.13900", "2012-12-31": "443.00300", "2012-09-30": "454.53700", "2012-06-30": "396.05700", "2012-03-31": "414.39700", "2011-12-31": "419.95400", "2011-09-30": "435.02200", "2011-06-30": "366.80900", "2011-03-31": "351.46400", "2010-12-31": "387.98800", "2010-09-30": "337.49400", "2010-06-30": "244.11800", "2010-03-31": "245.60700", "2009-12-31": "248.22700", "2009-09-30": "336.63500", "2009-06-30": "302.16100", "2009-03-31": "285.00300", "2008-12-31": "267.54700", "2008-09-30": "334.69400", "2008-06-30": "194.44600", "2008-03-31": "192.94500", "2007-12-31": "205.65200", "2007-09-30": "174.25300", "2007-06-30": "185.90300", "2007-03-31": "115.16000", "2006-12-31": "", "2006-06-30": "", "2006-03-31": ""}, "Total Long Term Liabilities": {"2020-09-30": "3494.95300", "2020-06-30": "3407.51300", "2020-03-31": "3462.28200", "2019-12-31": "4908.49700", "2019-09-30": "4189.80400", "2019-06-30": "4357.49500", "2019-03-31": "4451.96200", "2018-12-31": "4476.32400", "2018-09-30": "4225.80700", "2018-06-30": "4577.21300", "2018-03-31": "4710.86600", "2017-12-31": "4616.11300", "2017-09-30": "4603.89100", "2017-06-30": "4730.29100", "2017-03-31": "4848.75900", "2016-12-31": "4783.78100", "2016-09-30": "4812.69100", "2016-06-30": "4832.90100", "2016-03-31": "5064.37600", "2015-12-31": "5255.41400", "2015-09-30": "5547.30300", "2015-06-30": "5728.85200", "2015-03-31": "5834.05600", "2014-12-31": "6000.88000", "2014-09-30": "1395.12800", "2014-06-30": "1416.40900", "2014-03-31": "1453.15600", "2013-12-31": "1554.79200", "2013-09-30": "1537.98000", "2013-06-30": "1555.94700", "2013-03-31": "1561.59500", "2012-12-31": "1464.77500", "2012-09-30": "1361.67800", "2012-06-30": "1346.67900", "2012-03-31": "1586.67600", "2011-12-31": "1637.68300", "2011-09-30": "1579.74500", "2011-06-30": "1532.17200", "2011-03-31": "1481.58900", "2010-12-31": "1575.57900", "2010-09-30": "1252.18000", "2010-06-30": "417.75800", "2010-03-31": "423.66800", "2009-12-31": "388.25200", "2009-09-30": "478.73700", "2009-06-30": "550.68300", "2009-03-31": "611.38900", "2008-12-31": "677.40500", "2008-09-30": "720.71800", "2008-06-30": "274.81800", "2008-03-31": "252.13500", "2007-12-31": "258.06500", "2007-09-30": "234.52800", "2007-06-30": "260.34400", "2007-03-31": "1352.80600", "2006-12-31": "", "2006-06-30": "", "2006-03-31": ""}, "Total Liabilities": {"2020-09-30": "9585.40700", "2020-06-30": "9159.18400", "2020-03-31": "9449.82300", "2019-12-31": "11369.96000", "2019-09-30": "10651.56000", "2019-06-30": "10298.20000", "2019-03-31": "10342.15000", "2018-12-31": "10517.22000", "2018-09-30": "10402.76000", "2018-06-30": "10467.28000", "2018-03-31": "10352.71000", "2017-12-31": "10292.17000", "2017-09-30": "10182.27000", "2017-06-30": "9919.89300", "2017-03-31": "9912.85100", "2016-12-31": "9949.10900", "2016-09-30": "10117.45000", "2016-06-30": "10119.12000", "2016-03-31": "10324.86000", "2015-12-31": "10010.51000", "2015-09-30": "10383.36000", "2015-06-30": "10496.06000", "2015-03-31": "10295.16000", "2014-12-31": "10413.96000", "2014-09-30": "3850.89700", "2014-06-30": "3470.26900", "2014-03-31": "3454.84100", "2013-12-31": "3714.46200", "2013-09-30": "3591.52900", "2013-06-30": "3497.50300", "2013-03-31": "3592.55300", "2012-12-31": "3697.89900", "2012-09-30": "3440.08000", "2012-06-30": "3351.83000", "2012-03-31": "3522.93000", "2011-12-31": "3520.64000", "2011-09-30": "3394.19100", "2011-06-30": "3350.40500", "2011-03-31": "3229.25600", "2010-12-31": "3330.64400", "2010-09-30": "3104.44000", "2010-06-30": "1984.24100", "2010-03-31": "1985.92800", "2009-12-31": "1960.92000", "2009-09-30": "2035.47600", "2009-06-30": "2068.89600", "2009-03-31": "2008.03400", "2008-12-31": "2107.28600", "2008-09-30": "2173.19700", "2008-06-30": "1472.24000", "2008-03-31": "1314.79500", "2007-12-31": "1204.96600", "2007-09-30": "1213.33600", "2007-06-30": "1153.28400", "2007-03-31": "2374.37000", "2006-12-31": "", "2006-06-30": "", "2006-03-31": ""}, "Common Stock Net": {"2020-09-30": "1.57000", "2020-06-30": "1.60200", "2020-03-31": "1.58900", "2019-12-31": "1.58200", "2019-09-30": "1.57500", "2019-06-30": "1.57700", "2019-03-31": "1.57300", "2018-12-31": "1.57000", "2018-09-30": "1.57000", "2018-06-30": "1.60700", "2018-03-31": "1.60200", "2017-12-31": "1.59100", "2017-09-30": "1.57500", "2017-06-30": "1.56000", "2017-03-31": "1.55500", "2016-12-31": "1.55100", "2016-09-30": "1.53900", "2016-06-30": "1.53500", "2016-03-31": "1.52900", "2015-12-31": "1.52500", "2015-09-30": "1.51300", "2015-06-30": "1.50700", "2015-03-31": "1.50000", "2014-12-31": "1.49700", "2014-09-30": "0.96700", "2014-06-30": "0.96400", "2014-03-31": "0.96200", "2013-12-31": "0.95800", "2013-09-30": "0.96000", "2013-06-30": "0.97600", "2013-03-31": "0.99400", "2012-12-31": "1.00900", "2012-09-30": "1.07000", "2012-06-30": "1.09900", "2012-03-31": "1.10800", "2011-12-31": "1.13900", "2011-09-30": "1.13200", "2011-06-30": "1.17600", "2011-03-31": "1.17500", "2010-12-31": "1.16700", "2010-09-30": "1.15300", "2010-06-30": "1.13800", "2010-03-31": "1.13200", "2009-12-31": "1.12600", "2009-09-30": "1.10900", "2009-06-30": "1.09600", "2009-03-31": "1.08300", "2008-12-31": "1.04100", "2008-09-30": "1.03000", "2008-06-30": "1.02300", "2008-03-31": "1.01100", "2007-12-31": "0.99800", "2007-09-30": "0.99100", "2007-06-30": "0.98200", "2007-03-31": "", "2006-12-31": "", "2006-06-30": "", "2006-03-31": ""}, "Retained Earnings (Accumulated Deficit)": {"2020-09-30": "174.24800", "2020-06-30": "540.70300", "2020-03-31": "451.36400", "2019-12-31": "537.49000", "2019-09-30": "599.54800", "2019-06-30": "1088.82400", "2019-03-31": "1005.08600", "2018-12-31": "957.23000", "2018-09-30": "948.14800", "2018-06-30": "1014.13100", "2018-03-31": "953.22100", "2017-12-31": "1072.95400", "2017-09-30": "961.64000", "2017-06-30": "873.15200", "2017-03-31": "771.82500", "2016-12-31": "669.42900", "2016-09-30": "618.44500", "2016-06-30": "611.24100", "2016-03-31": "543.79700", "2015-12-31": "501.96900", "2015-09-30": "522.33600", "2015-06-30": "521.28000", "2015-03-31": "538.47200", "2014-12-31": "573.67800", "2014-09-30": "677.18100", "2014-06-30": "613.15500", "2014-03-31": "543.91600", "2013-12-31": "503.72400", "2013-09-30": "472.15500", "2013-06-30": "457.24900", "2013-03-31": "460.19700", "2012-12-31": "471.19900", "2012-09-30": "606.08900", "2012-06-30": "893.31100", "2012-03-31": "849.16900", "2011-12-31": "867.60500", "2011-09-30": "826.94600", "2011-06-30": "839.52000", "2011-03-31": "765.68600", "2010-12-31": "707.97100", "2010-09-30": "651.10500", "2010-06-30": "583.35500", "2010-03-31": "518.54700", "2009-12-31": "460.09200", "2009-09-30": "414.34500", "2009-06-30": "354.13500", "2009-03-31": "303.16200", "2008-12-31": "259.89300", "2008-09-30": "221.37700", "2008-06-30": "178.01500", "2008-03-31": "139.63100", "2007-12-31": "104.00000", "2007-09-30": "74.56300", "2007-06-30": "45.30100", "2007-03-31": "21.11100", "2006-12-31": "", "2006-06-30": "", "2006-03-31": ""}, "Comprehensive Income": {"2020-09-30": "-918.67400", "2020-06-30": "-805.61300", "2020-03-31": "-881.57400", "2019-12-31": "-822.66600", "2019-09-30": "-864.19700", "2019-06-30": "-718.39600", "2019-03-31": "-711.02100", "2018-12-31": "-726.14500", "2018-09-30": "-703.33000", "2018-06-30": "-758.28700", "2018-03-31": "-707.00000", "2017-12-31": "-704.18400", "2017-09-30": "-700.66100", "2017-06-30": "-831.65900", "2017-03-31": "-871.57800", "2016-12-31": "-912.85800", "2016-09-30": "-857.58200", "2016-06-30": "-645.89800", "2016-03-31": "-651.37100", "2015-12-31": "-725.15500", "2015-09-30": "-635.10000", "2015-06-30": "-538.55800", "2015-03-31": "-582.89300", "2014-12-31": "-475.69100", "2014-09-30": "-356.60200", "2014-06-30": "-264.95100", "2014-03-31": "-284.26600", "2013-12-31": "-287.23700", "2013-09-30": "-261.29900", "2013-06-30": "-270.83000", "2013-03-31": "-208.60700", "2012-12-31": "-182.62100", "2012-09-30": "-179.17300", "2012-06-30": "-170.16300", "2012-03-31": "-141.37100", "2011-12-31": "-168.89400", "2011-09-30": "-187.57400", "2011-06-30": "-52.53400", "2011-03-31": "-61.74700", "2010-12-31": "-135.28500", "2010-09-30": "-147.52100", "2010-06-30": "-156.59900", "2010-03-31": "-127.90900", "2009-12-31": "-132.60100", "2009-09-30": "-146.57500", "2009-06-30": "-129.49500", "2009-03-31": "-162.41000", "2008-12-31": "-167.36300", "2008-09-30": "-111.54900", "2008-06-30": "-18.15700", "2008-03-31": "-25.69300", "2007-12-31": "-27.12100", "2007-09-30": "-26.21100", "2007-06-30": "-20.37300", "2007-03-31": "-29.49500", "2006-12-31": "", "2006-06-30": "", "2006-03-31": ""}, "Other Share Holders Equity": {"2020-09-30": "", "2020-06-30": "", "2020-03-31": "", "2019-12-31": "", "2019-09-30": "", "2019-06-30": "", "2019-03-31": "", "2018-12-31": "", "2018-09-30": "", "2018-06-30": "", "2018-03-31": "", "2017-12-31": "", "2017-09-30": "", "2017-06-30": "", "2017-03-31": "", "2016-12-31": "", "2016-09-30": "", "2016-06-30": "", "2016-03-31": "", "2015-12-31": "", "2015-09-30": "", "2015-06-30": "", "2015-03-31": "", "2014-12-31": "", "2014-09-30": "", "2014-06-30": "", "2014-03-31": "", "2013-12-31": "", "2013-09-30": "", "2013-06-30": "", "2013-03-31": "", "2012-12-31": "", "2012-09-30": "", "2012-06-30": "", "2012-03-31": "", "2011-12-31": "", "2011-09-30": "", "2011-06-30": "", "2011-03-31": "", "2010-12-31": "", "2010-09-30": "", "2010-06-30": "", "2010-03-31": "", "2009-12-31": "", "2009-09-30": "", "2009-06-30": "", "2009-03-31": "", "2008-12-31": "", "2008-09-30": "", "2008-06-30": "", "2008-03-31": "", "2007-12-31": "", "2007-09-30": "", "2007-06-30": "", "2007-03-31": "", "2006-12-31": "", "2006-06-30": "", "2006-03-31": ""}, "Share Holder Equity": {"2020-09-30": "3413.54400", "2020-06-30": "3885.86900", "2020-03-31": "3665.52300", "2019-12-31": "3859.40400", "2019-09-30": "3899.35000", "2019-06-30": "4497.01200", "2019-03-31": "4394.87400", "2018-12-31": "4250.42900", "2018-09-30": "4278.37400", "2018-06-30": "4260.13400", "2018-03-31": "4264.62500", "2017-12-31": "4330.78100", "2017-09-30": "4214.68600", "2017-06-30": "3916.34900", "2017-03-31": "3728.19000", "2016-12-31": "3559.88700", "2016-09-30": "3552.48900", "2016-06-30": "3759.20700", "2016-03-31": "3664.35100", "2015-12-31": "3518.89500", "2015-09-30": "3630.94300", "2015-06-30": "3740.06700", "2015-03-31": "3720.84500", "2014-12-31": "3839.31200", "2014-09-30": "2272.48000", "2014-06-30": "2283.47300", "2014-03-31": "2190.43700", "2013-12-31": "2122.95900", "2013-09-30": "2074.09400", "2013-06-30": "2041.86500", "2013-03-31": "2092.59100", "2012-12-31": "2110.12600", "2012-09-30": "2224.48800", "2012-06-30": "2511.81000", "2012-03-31": "2490.30200", "2011-12-31": "2473.97500", "2011-09-30": "2395.13700", "2011-06-30": "2536.22600", "2011-03-31": "2436.10200", "2010-12-31": "2289.39600", "2010-09-30": "2138.46900", "2010-06-30": "2015.59900", "2010-03-31": "1953.41500", "2009-12-31": "1872.60500", "2009-09-30": "1754.40500", "2009-06-30": "1666.30100", "2009-03-31": "1551.46500", "2008-12-31": "1428.03900", "2008-09-30": "1422.99300", "2008-06-30": "1448.75100", "2008-03-31": "1387.13800", "2007-12-31": "1326.18900", "2007-09-30": "1278.48500", "2007-06-30": "1283.90500", "2007-03-31": "-298.17400", "2006-12-31": "", "2006-06-30": "", "2006-03-31": ""}, "Total Liabilities And Share Holders Equity": {"2020-09-30": "12998.95000", "2020-06-30": "13045.05000", "2020-03-31": "13115.35000", "2019-12-31": "15229.36000", "2019-09-30": "14550.91000", "2019-06-30": "14795.21000", "2019-03-31": "14737.02000", "2018-12-31": "14767.65000", "2018-09-30": "14681.13000", "2018-06-30": "14727.42000", "2018-03-31": "14617.33000", "2017-12-31": "14622.95000", "2017-09-30": "14396.96000", "2017-06-30": "13836.24000", "2017-03-31": "13641.04000", "2016-12-31": "13509.00000", "2016-09-30": "13669.94000", "2016-06-30": "13878.33000", "2016-03-31": "13989.21000", "2015-12-31": "13529.40000", "2015-09-30": "14014.30000", "2015-06-30": "14236.13000", "2015-03-31": "14016.00000", "2014-12-31": "14253.27000", "2014-09-30": "6123.37700", "2014-06-30": "5753.74200", "2014-03-31": "5645.27800", "2013-12-31": "5837.42100", "2013-09-30": "5665.62300", "2013-06-30": "5539.36800", "2013-03-31": "5685.14400", "2012-12-31": "5808.02500", "2012-09-30": "5664.56800", "2012-06-30": "5863.64000", "2012-03-31": "6013.23200", "2011-12-31": "5994.61500", "2011-09-30": "5789.32800", "2011-06-30": "5886.63100", "2011-03-31": "5665.35800", "2010-12-31": "5620.04000", "2010-09-30": "5242.90900", "2010-06-30": "3999.84000", "2010-03-31": "3939.34300", "2009-12-31": "3833.52500", "2009-09-30": "3789.88100", "2009-06-30": "3735.19700", "2009-03-31": "3559.49900", "2008-12-31": "3535.32500", "2008-09-30": "3596.19000", "2008-06-30": "2920.99100", "2008-03-31": "2701.93300", "2007-12-31": "2531.15500", "2007-09-30": "2491.82100", "2007-06-30": "2437.18900", "2007-03-31": "2076.19600", "2006-12-31": "", "2006-06-30": "", "2006-03-31": ""}}, "cash flow statement": {"Net Income/Loss": {"2020-09-30": "-153.74100", "2019-09-30": "-183.99000", "2018-09-30": "197.12700", "2017-09-30": "421.47600", "2016-09-30": "163.47200", "2015-09-30": "-71.23300", "2014-09-30": "232.76400", "2013-09-30": "243.19600", "2012-09-30": "-56.93300", "2011-09-30": "284.09000", "2010-09-30": "249.34400", "2009-09-30": "203.87800", "2008-09-30": "160.61600", "2007-09-30": "100.29700", "2006-09-30": "53.68600", "2005-09-30": "53.81400"}, "Total Depreciation And Amortization - Cash Flow": {"2020-09-30": "237.37600", "2019-09-30": "261.18500", "2018-09-30": "267.57000", "2017-09-30": "278.63100", "2016-09-30": "398.73000", "2015-09-30": "599.26500", "2014-09-30": "95.39400", "2013-09-30": "94.40600", "2012-09-30": "102.97400", "2011-09-30": "110.30600", "2010-09-30": "78.89900", "2009-09-30": "84.11700", "2008-09-30": "62.75200", "2007-09-30": "45.12600", "2006-09-30": "39.83000", "2005-09-30": "19.92800"}, "Other Non-Cash Items": {"2020-09-30": "323.90500", "2019-09-30": "563.34200", "2018-09-30": "311.35700", "2017-09-30": "19.74000", "2016-09-30": "27.92300", "2015-09-30": "107.30300", "2014-09-30": "7.42600", "2013-09-30": "16.24700", "2012-09-30": "323.19400", "2011-09-30": "-19.50100", "2010-09-30": "31.32900", "2009-09-30": "-9.88800", "2008-09-30": "-48.19500", "2007-09-30": "36.23300", "2006-09-30": "8.25100", "2005-09-30": "-22.97100"}, "Total Non-Cash Items": {"2020-09-30": "561.28100", "2019-09-30": "824.52700", "2018-09-30": "578.92700", "2017-09-30": "298.37100", "2016-09-30": "426.65300", "2015-09-30": "706.56800", "2014-09-30": "102.82000", "2013-09-30": "110.65300", "2012-09-30": "426.16800", "2011-09-30": "90.80500", "2010-09-30": "110.22800", "2009-09-30": "74.22900", "2008-09-30": "14.55700", "2007-09-30": "81.35900", "2006-09-30": "48.08100", "2005-09-30": "-3.04300"}, "Change In Accounts Receivable": {"2020-09-30": "-136.95500", "2019-09-30": "-316.48700", "2018-09-30": "-381.78700", "2017-09-30": "-432.76900", "2016-09-30": "337.29100", "2015-09-30": "369.60000", "2014-09-30": "-14.40500", "2013-09-30": "92.15200", "2012-09-30": "-21.54400", "2011-09-30": "-89.05200", "2010-09-30": "-234.24700", "2009-09-30": "-67.85300", "2008-09-30": "-150.93200", "2007-09-30": "-114.54800", "2006-09-30": "-135.41800", "2005-09-30": "-72.40700"}, "Change In Inventories": {"2020-09-30": "", "2019-09-30": "", "2018-09-30": "", "2017-09-30": "", "2016-09-30": "", "2015-09-30": "", "2014-09-30": "", "2013-09-30": "", "2012-09-30": "", "2011-09-30": "", "2010-09-30": "", "2009-09-30": "", "2008-09-30": "", "2007-09-30": "", "2006-09-30": "", "2005-09-30": ""}, "Change In Accounts Payable": {"2020-09-30": "-192.98000", "2019-09-30": "251.41000", "2018-09-30": "474.95000", "2017-09-30": "292.49600", "2016-09-30": "16.61600", "2015-09-30": "142.12600", "2014-09-30": "91.95500", "2013-09-30": "-47.01900", "2012-09-30": "80.99900", "2011-09-30": "76.14400", "2010-09-30": "57.03700", "2009-09-30": "-8.06400", "2008-09-30": "36.11300", "2007-09-30": "-51.15400", "2006-09-30": "47.43300", "2005-09-30": "18.75700"}, "Change In Assets/Liabilities": {"2020-09-30": "133.57600", "2019-09-30": "-57.41600", "2018-09-30": "-113.13800", "2017-09-30": "143.62200", "2016-09-30": "14.20500", "2015-09-30": "-264.14000", "2014-09-30": "-51.71000", "2013-09-30": "-53.80800", "2012-09-30": "-22.19300", "2011-09-30": "-149.09600", "2010-09-30": "-19.06200", "2009-09-30": "13.54100", "2008-09-30": "43.90400", "2007-09-30": "24.41500", "2006-09-30": "3.11200", "2005-09-30": "43.90900"}, "Total Change In Assets/Liabilities": {"2020-09-30": "-77.91800", "2019-09-30": "137.07900", "2018-09-30": "-1.50100", "2017-09-30": "-23.19300", "2016-09-30": "224.03000", "2015-09-30": "129.09800", "2014-09-30": "25.04100", "2013-09-30": "54.74900", "2012-09-30": "64.11700", "2011-09-30": "-242.88300", "2010-09-30": "-200.93700", "2009-09-30": "-49.46700", "2008-09-30": "-6.21800", "2007-09-30": "-44.19300", "2006-09-30": "19.49900", "2005-09-30": "-4.18400"}, "Cash Flow From Operating Activities": {"2020-09-30": "329.62200", "2019-09-30": "777.61600", "2018-09-30": "774.55300", "2017-09-30": "696.65400", "2016-09-30": "814.15500", "2015-09-30": "764.43300", "2014-09-30": "360.62500", "2013-09-30": "408.59800", "2012-09-30": "433.35200", "2011-09-30": "132.01200", "2010-09-30": "158.63500", "2009-09-30": "228.64000", "2008-09-30": "168.95500", "2007-09-30": "137.46300", "2006-09-30": "121.26600", "2005-09-30": "46.58700"}, "Net Change In Property, Plant, And Equipment": {"2020-09-30": "-110.79100", "2019-09-30": "-83.37300", "2018-09-30": "-86.87800", "2017-09-30": "-78.45900", "2016-09-30": "-136.76400", "2015-09-30": "-69.42600", "2014-09-30": "-62.85200", "2013-09-30": "-52.11700", "2012-09-30": "-62.87400", "2011-09-30": "-77.99100", "2010-09-30": "-68.49000", "2009-09-30": "-62.92400", "2008-09-30": "-69.08600", "2007-09-30": "-42.97800", "2006-09-30": "-10.99900", "2005-09-30": "-30.39000"}, "Net Change In Intangible Assets": {"2020-09-30": "", "2019-09-30": "", "2018-09-30": "", "2017-09-30": "", "2016-09-30": "", "2015-09-30": "", "2014-09-30": "", "2013-09-30": "", "2012-09-30": "", "2011-09-30": "", "2010-09-30": "", "2009-09-30": "", "2008-09-30": "", "2007-09-30": "", "2006-09-30": "", "2005-09-30": ""}, "Net Acquisitions/Divestitures": {"2020-09-30": "2218.86600", "2019-09-30": "46.49000", "2018-09-30": "29.37000", "2017-09-30": "-100.87500", "2016-09-30": "34.16500", "2015-09-30": "-3278.15700", "2014-09-30": "-30.49800", "2013-09-30": "-39.28100", "2012-09-30": "-9.92400", "2011-09-30": "-363.10600", "2010-09-30": "-529.56100", "2009-09-30": "-35.71900", "2008-09-30": "-566.90000", "2007-09-30": "-158.74200", "2006-09-30": "-53.29600", "2005-09-30": "-158.89400"}, "Net Change In Short-term Investments": {"2020-09-30": "", "2019-09-30": "", "2018-09-30": "", "2017-09-30": "", "2016-09-30": "", "2015-09-30": "", "2014-09-30": "", "2013-09-30": "", "2012-09-30": "", "2011-09-30": "", "2010-09-30": "", "2009-09-30": "", "2008-09-30": "", "2007-09-30": "", "2006-09-30": "", "2005-09-30": ""}, "Net Change In Long-Term Investments": {"2020-09-30": "40.43900", "2019-09-30": "31.89200", "2018-09-30": "89.45100", "2017-09-30": "36.30700", "2016-09-30": "-65.17600", "2015-09-30": "-10.20100", "2014-09-30": "-49.44600", "2013-09-30": "-48.09200", "2012-09-30": "1.87100", "2011-09-30": "19.18000", "2010-09-30": "-24.82500", "2009-09-30": "81.44900", "2008-09-30": "119.33400", "2007-09-30": "-186.10000", "2006-09-30": "", "2005-09-30": "60.53800"}, "Net Change In Investments - Total": {"2020-09-30": "40.43900", "2019-09-30": "31.89200", "2018-09-30": "89.45100", "2017-09-30": "36.30700", "2016-09-30": "-65.17600", "2015-09-30": "-10.20100", "2014-09-30": "-49.44600", "2013-09-30": "-48.09200", "2012-09-30": "1.87100", "2011-09-30": "19.18000", "2010-09-30": "-24.82500", "2009-09-30": "81.44900", "2008-09-30": "119.33400", "2007-09-30": "-186.10000", "2006-09-30": "", "2005-09-30": "60.53800"}, "Investing Activities - Other": {"2020-09-30": "-111.07700", "2019-09-30": "-141.76900", "2018-09-30": "-91.03000", "2017-09-30": "-59.68400", "2016-09-30": "5.16000", "2015-09-30": "12.05600", "2014-09-30": "", "2013-09-30": "", "2012-09-30": "-2.84600", "2011-09-30": "", "2010-09-30": "8.34900", "2009-09-30": "2.90400", "2008-09-30": "-4.65300", "2007-09-30": "-1.70400", "2006-09-30": "-7.52000", "2005-09-30": "-8.24900"}, "Cash Flow From Investing Activities": {"2020-09-30": "2037.43700", "2019-09-30": "-146.76000", "2018-09-30": "-59.08700", "2017-09-30": "-202.71100", "2016-09-30": "-162.61500", "2015-09-30": "-3345.72800", "2014-09-30": "-142.79600", "2013-09-30": "-139.49000", "2012-09-30": "-73.77300", "2011-09-30": "-421.91700", "2010-09-30": "-614.52700", "2009-09-30": "-14.29000", "2008-09-30": "-521.30500", "2007-09-30": "-389.52400", "2006-09-30": "-71.81500", "2005-09-30": "-136.99500"}, "Net Long-Term Debt": {"2020-09-30": "-1364.76400", "2019-09-30": "-283.85010", "2018-09-30": "-311.24800", "2017-09-30": "-297.56100", "2016-09-30": "-493.73580", "2015-09-30": "2967.81000", "2014-09-30": "-167.16500", "2013-09-30": "95.46610", "2012-09-30": "-96.13500", "2011-09-30": "223.25710", "2010-09-30": "750.12000", "2009-09-30": "-232.62800", "2008-09-30": "312.08500", "2007-09-30": "-92.67100", "2006-09-30": "-99.85200", "2005-09-30": "120.89400"}, "Net Current Debt": {"2020-09-30": "", "2019-09-30": "", "2018-09-30": "", "2017-09-30": "", "2016-09-30": "", "2015-09-30": "", "2014-09-30": "", "2013-09-30": "", "2012-09-30": "", "2011-09-30": "", "2010-09-30": "", "2009-09-30": "", "2008-09-30": "", "2007-09-30": "", "2006-09-30": "", "2005-09-30": ""}, "Debt Issuance/Retirement Net - Total": {"2020-09-30": "-1364.76400", "2019-09-30": "-283.85010", "2018-09-30": "-311.24800", "2017-09-30": "-297.56100", "2016-09-30": "-493.73580", "2015-09-30": "2967.81000", "2014-09-30": "-167.16500", "2013-09-30": "95.46610", "2012-09-30": "-96.13500", "2011-09-30": "223.25710", "2010-09-30": "750.12000", "2009-09-30": "-232.62800", "2008-09-30": "312.08500", "2007-09-30": "-92.67100", "2006-09-30": "-99.85200", "2005-09-30": "120.89400"}, "Net Common Equity Issued/Repurchased": {"2020-09-30": "-160.56500", "2019-09-30": "-67.76000", "2018-09-30": "-141.48300", "2017-09-30": "9.89300", "2016-09-30": "12.24600", "2015-09-30": "13.52100", "2014-09-30": "-7.62100", "2013-09-30": "-359.70700", "2012-09-30": "-141.45000", "2011-09-30": "-145.74400", "2010-09-30": "-3.35900", "2009-09-30": "106.93200", "2008-09-30": "14.28200", "2007-09-30": "476.35900", "2006-09-30": "8.77700", "2005-09-30": "-31.56700"}, "Net Total Equity Issued/Repurchased": {"2020-09-30": "-160.56500", "2019-09-30": "-67.76000", "2018-09-30": "-141.48300", "2017-09-30": "9.89300", "2016-09-30": "12.24600", "2015-09-30": "13.52100", "2014-09-30": "-7.62100", "2013-09-30": "-359.70700", "2012-09-30": "-141.45000", "2011-09-30": "-145.74400", "2010-09-30": "-3.35900", "2009-09-30": "106.93200", "2008-09-30": "14.28200", "2007-09-30": "476.35900", "2006-09-30": "124.41100", "2005-09-30": "-31.56700"}, "Total Common And Preferred Stock Dividends Paid": {"2020-09-30": "-60.64200", "2019-09-30": "-69.98800", "2018-09-30": "-89.78100", "2017-09-30": "-59.03600", "2016-09-30": "-103.16900", "2015-09-30": "-144.26900", "2014-09-30": "-30.25300", "2013-09-30": "-18.48500", "2012-09-30": "-1.28300", "2011-09-30": "-1.30100", "2010-09-30": "6.51200", "2009-09-30": "-10.30900", "2008-09-30": "-11.12800", "2007-09-30": "", "2006-09-30": "-1.90000", "2005-09-30": "-5.25000"}, "Financial Activities - Other": {"2020-09-30": "-41.99900", "2019-09-30": "-11.68100", "2018-09-30": "-82.35600", "2017-09-30": "-39.78600", "2016-09-30": "-53.32000", "2015-09-30": "-117.29800", "2014-09-30": "-28.71800", "2013-09-30": "28.35300", "2012-09-30": "1.25400", "2011-09-30": "61.24800", "2010-09-30": "17.30600", "2009-09-30": "14.96900", "2008-09-30": "20.34200", "2007-09-30": "-45.52500", "2006-09-30": "1.13900", "2005-09-30": ""}, "Cash Flow From Financial Activities": {"2020-09-30": "-1627.97000", "2019-09-30": "-433.27900", "2018-09-30": "-624.86800", "2017-09-30": "-386.49000", "2016-09-30": "-637.97900", "2015-09-30": "2719.76400", "2014-09-30": "-233.75700", "2013-09-30": "-254.37300", "2012-09-30": "-237.61400", "2011-09-30": "137.46000", "2010-09-30": "770.57900", "2009-09-30": "-121.03600", "2008-09-30": "335.58100", "2007-09-30": "338.16300", "2006-09-30": "23.79800", "2005-09-30": "84.07700"}, "Net Cash Flow": {"2020-09-30": "737.89500", "2019-09-30": "193.62100", "2018-09-30": "84.37100", "2017-09-30": "110.21700", "2016-09-30": "8.25200", "2015-09-30": "109.70500", "2014-09-30": "-26.48900", "2013-09-30": "6.90100", "2012-09-30": "136.83600", "2011-09-30": "-155.91700", "2010-09-30": "322.08000", "2009-09-30": "93.65500", "2008-09-30": "-19.78900", "2007-09-30": "89.04100", "2006-09-30": "73.51800", "2005-09-30": "-6.13500"}, "Stock-Based Compensation": {"2020-09-30": "54.22900", "2019-09-30": "63.81200", "2018-09-30": "73.09500", "2017-09-30": "83.77400", "2016-09-30": "73.40600", "2015-09-30": "85.85200", "2014-09-30": "34.43800", "2013-09-30": "32.61100", "2012-09-30": "26.55100", "2011-09-30": "24.93700", "2010-09-30": "34.60600", "2009-09-30": "25.97100", "2008-09-30": "24.14700", "2007-09-30": "24.96600", "2006-09-30": "14.77900", "2005-09-30": "3.21400"}, "Common Stock Dividends Paid": {"2020-09-30": "-60.64200", "2019-09-30": "-69.98800", "2018-09-30": "-89.78100", "2017-09-30": "-59.03600", "2016-09-30": "-103.16900", "2015-09-30": "-144.26900", "2014-09-30": "-30.25300", "2013-09-30": "-18.48500", "2012-09-30": "-1.28300", "2011-09-30": "-1.30100", "2010-09-30": "6.51200", "2009-09-30": "-10.30900", "2008-09-30": "-11.12800", "2007-09-30": "", "2006-09-30": "", "2005-09-30": ""}}, "cash flow statement, quarterly": {"Net Income/Loss": {"2020-09-30": -223.991, "2020-06-30": 94.122, "2020-03-31": -76.966, "2019-12-31": "53.09400", "2019-09-30": -447.983, "2019-06-30": 105.388, "2019-03-31": 93.519, "2018-12-31": "65.08600", "2018-09-30": 105.327, "2018-06-30": 75.142, "2018-03-31": -107.755, "2017-12-31": "124.41300", "2017-09-30": 103.784, "2017-06-30": 136.074, "2017-03-31": 115.84, "2016-12-31": "65.77800", "2016-09-30": 12.887, "2016-06-30": 84.394, "2016-03-31": 66.594, "2015-12-31": "-0.40300", "2015-09-30": 26.477, "2015-06-30": -0.247, "2015-03-31": 20.604, "2014-12-31": "-118.06700", "2014-09-30": 64.635, "2014-06-30": 69.092, "2014-03-31": 42.496, "2013-12-31": "56.54100", "2013-09-30": 78.227, "2013-06-30": 71.215, "2013-03-31": 54.776, "2012-12-31": "38.97800", "2012-09-30": -224.868, "2012-06-30": 69.855, "2012-03-31": 49.656, "2011-12-31": "48.42400", "2011-09-30": 88.416, "2011-06-30": 73.931, "2011-03-31": 59.66, "2010-12-31": "62.08300", "2010-09-30": 69.188, "2010-06-30": 68.635, "2010-03-31": 61.654, "2009-12-31": "49.86700", "2009-09-30": 57.636, "2009-06-30": 54.161, "2009-03-31": 48.33, "2008-12-31": "43.75100", "2008-09-30": 56.84, "2008-06-30": 38.454, "2008-03-31": 35.829, "2007-12-31": "29.49300", "2007-09-30": 29.393, "2007-06-30": 24.186, "2007-03-31": 21.198, "2006-12-31": "25.52000", "2006-06-30": 13.307, "2006-03-31": 24.842}, "Total Depreciation And Amortization - Cash Flow": {"2020-09-30": 55.936, "2020-06-30": 55.749, "2020-03-31": 67.816, "2019-12-31": "57.87500", "2019-09-30": 67.701, "2019-06-30": 64.768, "2019-03-31": 65.556, "2018-12-31": "63.16000", "2018-09-30": 67.429, "2018-06-30": 66.658, "2018-03-31": 70.648, "2017-12-31": "62.83500", "2017-09-30": 72.653, "2017-06-30": 67.112, "2017-03-31": 71.95, "2016-12-31": "66.91600", "2016-09-30": 83.27, "2016-06-30": 97.261, "2016-03-31": 107.181, "2015-12-31": "111.01800", "2015-09-30": 148.121, "2015-06-30": 134.7, "2015-03-31": 160.395, "2014-12-31": "156.04900", "2014-09-30": 24.924, "2014-06-30": 24.328, "2014-03-31": 23.944, "2013-12-31": "22.19800", "2013-09-30": 23.035, "2013-06-30": 23.532, "2013-03-31": 23.937, "2012-12-31": "23.90200", "2012-09-30": 26.081, "2012-06-30": 26.085, "2012-03-31": 25.26, "2011-12-31": "25.54800", "2011-09-30": 25.061, "2011-06-30": 28.091, "2011-03-31": 27.311, "2010-12-31": "29.84300", "2010-09-30": 21.154, "2010-06-30": 17.241, "2010-03-31": 18.164, "2009-12-31": "22.34000", "2009-09-30": 23.33, "2009-06-30": 21.653, "2009-03-31": 20.039, "2008-12-31": "19.09500", "2008-09-30": 22.674, "2008-06-30": 18.738, "2008-03-31": 9.773, "2007-12-31": "11.56700", "2007-09-30": 14.146, "2007-06-30": 12.008, "2007-03-31": 12.002, "2006-12-31": "6.97000", "2006-06-30": 10.554, "2006-03-31": 17.982}, "Other Non-Cash Items": {"2020-09-30": 261.006, "2020-06-30": 65.498, "2020-03-31": -46.125, "2019-12-31": "43.52600", "2019-09-30": 529.669, "2019-06-30": 7.299, "2019-03-31": 18.925, "2018-12-31": "7.44900", "2018-09-30": 63.963, "2018-06-30": -3.118, "2018-03-31": 242.03, "2017-12-31": "8.48200", "2017-09-30": -30.544, "2017-06-30": 32.868, "2017-03-31": 11.644, "2016-12-31": "5.77200", "2016-09-30": -91.386, "2016-06-30": 59.521, "2016-03-31": 45.69, "2015-12-31": "14.09800", "2015-09-30": -45.323, "2015-06-30": 47.13, "2015-03-31": 1.566, "2014-12-31": "103.93000", "2014-09-30": 8.514, "2014-06-30": 11.68, "2014-03-31": 11.933, "2013-12-31": "-24.70100", "2013-09-30": 14.616, "2013-06-30": -7.306, "2013-03-31": -2.014, "2012-12-31": "10.95100", "2012-09-30": 323.148, "2012-06-30": -2.459, "2012-03-31": -7.355, "2011-12-31": "9.86000", "2011-09-30": -16.46, "2011-06-30": 12.772, "2011-03-31": 38.943, "2010-12-31": "-54.75600", "2010-09-30": 36.913, "2010-06-30": -10.421, "2010-03-31": -0.268, "2009-12-31": "5.10500", "2009-09-30": -8.829, "2009-06-30": -1.561, "2009-03-31": 1.467, "2008-12-31": "-0.96500", "2008-09-30": -54.414, "2008-06-30": 1.572, "2008-03-31": 5.072, "2007-12-31": "-0.42500", "2007-09-30": 21.693, "2007-06-30": 11.515, "2007-03-31": 10.058, "2006-12-31": "-7.03300", "2006-06-30": -0.024, "2006-03-31": 12.02}, "Total Non-Cash Items": {"2020-09-30": 316.942, "2020-06-30": 121.247, "2020-03-31": 21.691, "2019-12-31": "101.40100", "2019-09-30": 597.37, "2019-06-30": 72.067, "2019-03-31": 84.481, "2018-12-31": "70.60900", "2018-09-30": 131.392, "2018-06-30": 63.54, "2018-03-31": 312.678, "2017-12-31": "71.31700", "2017-09-30": 42.109, "2017-06-30": 99.98, "2017-03-31": 83.594, "2016-12-31": "72.68800", "2016-09-30": -8.116, "2016-06-30": 156.782, "2016-03-31": 152.871, "2015-12-31": "125.11600", "2015-09-30": 102.798, "2015-06-30": 181.83, "2015-03-31": 161.961, "2014-12-31": "259.97900", "2014-09-30": 33.438, "2014-06-30": 36.008, "2014-03-31": 35.877, "2013-12-31": "-2.50300", "2013-09-30": 37.651, "2013-06-30": 16.226, "2013-03-31": 21.923, "2012-12-31": "34.85300", "2012-09-30": 349.229, "2012-06-30": 23.626, "2012-03-31": 17.905, "2011-12-31": "35.40800", "2011-09-30": 8.601, "2011-06-30": 40.863, "2011-03-31": 66.254, "2010-12-31": "-24.91300", "2010-09-30": 58.067, "2010-06-30": 6.82, "2010-03-31": 17.896, "2009-12-31": "27.44500", "2009-09-30": 14.501, "2009-06-30": 20.092, "2009-03-31": 21.506, "2008-12-31": "18.13000", "2008-09-30": -31.74, "2008-06-30": 20.31, "2008-03-31": 14.845, "2007-12-31": "11.14200", "2007-09-30": 35.839, "2007-06-30": 23.523, "2007-03-31": 22.06, "2006-12-31": "-0.06300", "2006-06-30": 10.53, "2006-03-31": 30.002}, "Change In Accounts Receivable": {"2020-09-30": 179.028, "2020-06-30": 172.702, "2020-03-31": -359.684, "2019-12-31": "-129.00100", "2019-09-30": 23.958, "2019-06-30": -107.564, "2019-03-31": -146.61, "2018-12-31": "-86.27100", "2018-09-30": -16.179, "2018-06-30": -205.736, "2018-03-31": 26.226, "2017-12-31": "-186.09800", "2017-09-30": -285.857, "2017-06-30": -50.317, "2017-03-31": -143.659, "2016-12-31": "47.06400", "2016-09-30": 121.171, "2016-06-30": 180.803, "2016-03-31": 6.198, "2015-12-31": "29.11900", "2015-09-30": 123.624, "2015-06-30": -198.766, "2015-03-31": 95.594, "2014-12-31": "349.14800", "2014-09-30": 9.27, "2014-06-30": -90.573, "2014-03-31": 65.189, "2013-12-31": "1.70900", "2013-09-30": -3.3, "2013-06-30": -10.688, "2013-03-31": 154.532, "2012-12-31": "-48.39200", "2012-09-30": 86.453, "2012-06-30": 70.457, "2012-03-31": -49.842, "2011-12-31": "-128.61200", "2011-09-30": 99.201, "2011-06-30": -166.175, "2011-03-31": -11.93, "2010-12-31": "-10.14800", "2010-09-30": -127.562, "2010-06-30": 62.012, "2010-03-31": -151.997, "2009-12-31": "-16.70000", "2009-09-30": -28.765, "2009-06-30": -10.532, "2009-03-31": -14.939, "2008-12-31": "-13.61700", "2008-09-30": 53.374, "2008-06-30": -38.697, "2008-03-31": -115.944, "2007-12-31": "-49.66500", "2007-09-30": -35.668, "2007-06-30": -3.669, "2007-03-31": -66.585, "2006-12-31": "-8.62600", "2006-06-30": -19.83, "2006-03-31": -101.821}, "Change In Inventories": {"2020-09-30": 0, "2020-06-30": 0, "2020-03-31": 0, "2019-12-31": "", "2019-09-30": 0, "2019-06-30": 0, "2019-03-31": 0, "2018-12-31": "", "2018-09-30": 0, "2018-06-30": 0, "2018-03-31": 0, "2017-12-31": "", "2017-09-30": 0, "2017-06-30": 0, "2017-03-31": 0, "2016-12-31": "", "2016-09-30": 0, "2016-06-30": 0, "2016-03-31": 0, "2015-12-31": "", "2015-09-30": 0, "2015-06-30": 0, "2015-03-31": 0, "2014-12-31": "", "2014-09-30": 0, "2014-06-30": 0, "2014-03-31": 0, "2013-12-31": "", "2013-09-30": 0, "2013-06-30": 0, "2013-03-31": 0, "2012-12-31": "", "2012-09-30": 0, "2012-06-30": 0, "2012-03-31": 0, "2011-12-31": "", "2011-09-30": 0, "2011-06-30": 0, "2011-03-31": 0, "2010-12-31": "", "2010-09-30": 0, "2010-06-30": 0, "2010-03-31": 0, "2009-12-31": "", "2009-09-30": 0, "2009-06-30": 0, "2009-03-31": 0, "2008-12-31": "", "2008-09-30": 0, "2008-06-30": 0, "2008-03-31": 0, "2007-12-31": "", "2007-09-30": 0, "2007-06-30": 0, "2007-03-31": 0, "2006-12-31": "", "2006-06-30": 0, "2006-03-31": 0}, "Change In Accounts Payable": {"2020-09-30": 192.499, "2020-06-30": -118.621, "2020-03-31": -175.483, "2019-12-31": "-91.37500", "2019-09-30": 355.372, "2019-06-30": 27.324, "2019-03-31": -29.827, "2018-12-31": "-101.45900", "2018-09-30": 216.601, "2018-06-30": 209.044, "2018-03-31": -123.176, "2017-12-31": "172.48100", "2017-09-30": 27.798, "2017-06-30": 228.827, "2017-03-31": -19.589, "2016-12-31": "55.46000", "2016-09-30": -6.633, "2016-06-30": -15.687, "2016-03-31": -14.586, "2015-12-31": "53.52200", "2015-09-30": 64.237, "2015-06-30": 154.837, "2015-03-31": -18.674, "2014-12-31": "-58.27400", "2014-09-30": 123.201, "2014-06-30": -48.442, "2014-03-31": -55.24, "2013-12-31": "72.43600", "2013-09-30": 14.767, "2013-06-30": 31.705, "2013-03-31": -20.064, "2012-12-31": "-73.42700", "2012-09-30": 22.835, "2012-06-30": 25.863, "2012-03-31": -25.268, "2011-12-31": "57.56900", "2011-09-30": 82.639, "2011-06-30": 42.62, "2011-03-31": -1.121, "2010-12-31": "-47.99400", "2010-09-30": 77.156, "2010-06-30": -17.783, "2010-03-31": 49.391, "2009-12-31": "-51.72700", "2009-09-30": 36, "2009-06-30": -28.431, "2009-03-31": -26.915, "2008-12-31": "11.28200", "2008-09-30": 20.608, "2008-06-30": -2.895, "2008-03-31": 21.622, "2007-12-31": "-3.22200", "2007-09-30": -20.015, "2007-06-30": -19.744, "2007-03-31": -15.106, "2006-12-31": "3.71100", "2006-06-30": -1.13, "2006-03-31": 49.103}, "Change In Assets/Liabilities": {"2020-09-30": 62.006, "2020-06-30": -63.798, "2020-03-31": 67.232, "2019-12-31": "68.13600", "2019-09-30": -24.668, "2019-06-30": -9.191, "2019-03-31": 49.977, "2018-12-31": "-73.53400", "2018-09-30": -18.262, "2018-06-30": -28.641, "2018-03-31": -125.529, "2017-12-31": "59.29400", "2017-09-30": 230.239, "2017-06-30": -68.546, "2017-03-31": 1.111, "2016-12-31": "-19.18200", "2016-09-30": 175.454, "2016-06-30": -84.785, "2016-03-31": -87.93, "2015-12-31": "11.46600", "2015-09-30": -68.072, "2015-06-30": -1.298, "2015-03-31": -208.427, "2014-12-31": "13.65700", "2014-09-30": -50.365, "2014-06-30": 5.806, "2014-03-31": -39.899, "2013-12-31": "32.74800", "2013-09-30": 3.106, "2013-06-30": -46.562, "2013-03-31": -50.345, "2012-12-31": "39.99300", "2012-09-30": -48.266, "2012-06-30": -29.905, "2012-03-31": 19.052, "2011-12-31": "36.92600", "2011-09-30": 24.028, "2011-06-30": -2.376, "2011-03-31": -68.854, "2010-12-31": "-101.89400", "2010-09-30": 13.301, "2010-06-30": -45.497, "2010-03-31": -2.232, "2009-12-31": "15.36600", "2009-09-30": -36.84, "2009-06-30": 19.589, "2009-03-31": 12.813, "2008-12-31": "17.97900", "2008-09-30": -11.641, "2008-06-30": 7.982, "2008-03-31": 29.528, "2007-12-31": "18.03500", "2007-09-30": 54.744, "2007-06-30": -70.193, "2007-03-31": 22.366, "2006-12-31": "17.49800", "2006-06-30": 17.616, "2006-03-31": 4.262}, "Total Change In Assets/Liabilities": {"2020-09-30": 556.401, "2020-06-30": -29.138, "2020-03-31": -243.756, "2019-12-31": "-361.42500", "2019-09-30": 644.316, "2019-06-30": -100.598, "2019-03-31": -70.562, "2018-12-31": "-336.07700", "2018-09-30": 295.167, "2018-06-30": -66.838, "2018-03-31": -86.528, "2017-12-31": "-143.30200", "2017-09-30": 105.404, "2017-06-30": 177.883, "2017-03-31": -245.521, "2016-12-31": "-60.95900", "2016-09-30": 358.128, "2016-06-30": 18.874, "2016-03-31": -106.314, "2015-12-31": "-46.65800", "2015-09-30": 148.754, "2015-06-30": -27.781, "2015-03-31": -132.605, "2014-12-31": "140.73000", "2014-09-30": 76.843, "2014-06-30": -25.387, "2014-03-31": -109.764, "2013-12-31": "83.34900", "2013-09-30": 44.269, "2013-06-30": 8.676, "2013-03-31": 8.546, "2012-12-31": "-6.74200", "2012-09-30": 102.028, "2012-06-30": 108.484, "2012-03-31": -56.137, "2011-12-31": "-90.25800", "2011-09-30": 165.119, "2011-06-30": -98.883, "2011-03-31": -92.604, "2010-12-31": "-216.51500", "2010-09-30": -12.369, "2010-06-30": 54.775, "2010-03-31": -131.458, "2009-12-31": "-111.88500", "2009-09-30": 48.637, "2009-06-30": 18.919, "2009-03-31": -47.468, "2008-12-31": "-69.55500", "2008-09-30": 51.845, "2008-06-30": 29.979, "2008-03-31": -11.69, "2007-12-31": "-76.35200", "2007-09-30": 51.892, "2007-06-30": -81.1, "2007-03-31": -33.196, "2006-12-31": "18.21100", "2006-06-30": 31.989, "2006-03-31": -56.477}, "Cash Flow From Operating Activities": {"2020-09-30": 649.352, "2020-06-30": 186.231, "2020-03-31": -299.031, "2019-12-31": "-206.93000", "2019-09-30": 793.703, "2019-06-30": 76.857, "2019-03-31": 107.438, "2018-12-31": "-200.38200", "2018-09-30": 531.886, "2018-06-30": 71.844, "2018-03-31": 118.395, "2017-12-31": "52.42800", "2017-09-30": 251.297, "2017-06-30": 413.937, "2017-03-31": -46.087, "2016-12-31": "77.50700", "2016-09-30": 362.899, "2016-06-30": 260.05, "2016-03-31": 113.151, "2015-12-31": "78.05500", "2015-09-30": 278.029, "2015-06-30": 153.802, "2015-03-31": 49.96, "2014-12-31": "282.64200", "2014-09-30": 174.916, "2014-06-30": 79.713, "2014-03-31": -31.391, "2013-12-31": "137.38700", "2013-09-30": 160.147, "2013-06-30": 96.117, "2013-03-31": 85.245, "2012-12-31": "67.08900", "2012-09-30": 226.389, "2012-06-30": 201.965, "2012-03-31": 11.424, "2011-12-31": "-6.42600", "2011-09-30": 262.136, "2011-06-30": 15.911, "2011-03-31": 33.31, "2010-12-31": "-179.34500", "2010-09-30": 114.886, "2010-06-30": 130.23, "2010-03-31": -51.908, "2009-12-31": "-34.57300", "2009-09-30": 120.774, "2009-06-30": 93.172, "2009-03-31": 22.368, "2008-12-31": "-7.67400", "2008-09-30": 76.945, "2008-06-30": 88.743, "2008-03-31": 38.984, "2007-12-31": "-35.71700", "2007-09-30": 117.124, "2007-06-30": -33.391, "2007-03-31": 10.062, "2006-12-31": "43.66800", "2006-06-30": 55.826, "2006-03-31": -1.633}, "Net Change In Property, Plant, And Equipment": {"2020-09-30": -30.035, "2020-06-30": -36.193, "2020-03-31": -13.525, "2019-12-31": "-31.03800", "2019-09-30": -14.258, "2019-06-30": -24.67, "2019-03-31": -22.543, "2018-12-31": "-21.90200", "2018-09-30": -21.248, "2018-06-30": -23.428, "2018-03-31": -23.659, "2017-12-31": "-18.54300", "2017-09-30": -19.96, "2017-06-30": -19.794, "2017-03-31": -17.678, "2016-12-31": "-21.02700", "2016-09-30": -36.913, "2016-06-30": -68.788, "2016-03-31": -30.22, "2015-12-31": "-0.84300", "2015-09-30": -10.17, "2015-06-30": -3.669, "2015-03-31": -30.517, "2014-12-31": "-25.07000", "2014-09-30": -13.274, "2014-06-30": -16.411, "2014-03-31": -12.396, "2013-12-31": "-20.77100", "2013-09-30": -15.05, "2013-06-30": -12.435, "2013-03-31": -11.707, "2012-12-31": "-12.92500", "2012-09-30": -15.069, "2012-06-30": -15.6, "2012-03-31": -13.921, "2011-12-31": "-18.28400", "2011-09-30": -30.708, "2011-06-30": -15.176, "2011-03-31": -16.088, "2010-12-31": "-16.01900", "2010-09-30": -33.312, "2010-06-30": -7.711, "2010-03-31": -12.947, "2009-12-31": "-14.52000", "2009-09-30": -26.137, "2009-06-30": -4.222, "2009-03-31": -13.455, "2008-12-31": "-19.11000", "2008-09-30": -21.352, "2008-06-30": -23.927, "2008-03-31": -12.899, "2007-12-31": "-10.90800", "2007-09-30": -10.037, "2007-06-30": -14.299, "2007-03-31": -8.549, "2006-12-31": "-10.09300", "2006-06-30": 12.211, "2006-03-31": -12.794}, "Net Change In Intangible Assets": {"2020-09-30": 0, "2020-06-30": 0, "2020-03-31": 0, "2019-12-31": "", "2019-09-30": 0, "2019-06-30": 0, "2019-03-31": 0, "2018-12-31": "", "2018-09-30": 0, "2018-06-30": 0, "2018-03-31": 0, "2017-12-31": "", "2017-09-30": 0, "2017-06-30": 0, "2017-03-31": 0, "2016-12-31": "", "2016-09-30": 0, "2016-06-30": 0, "2016-03-31": 0, "2015-12-31": "", "2015-09-30": 0, "2015-06-30": 0, "2015-03-31": 0, "2014-12-31": "", "2014-09-30": 0, "2014-06-30": 0, "2014-03-31": 0, "2013-12-31": "", "2013-09-30": 0, "2013-06-30": 0, "2013-03-31": 0, "2012-12-31": "", "2012-09-30": 0, "2012-06-30": 0, "2012-03-31": 0, "2011-12-31": "", "2011-09-30": 0, "2011-06-30": 0, "2011-03-31": 0, "2010-12-31": "", "2010-09-30": 0, "2010-06-30": 0, "2010-03-31": 0, "2009-12-31": "", "2009-09-30": 0, "2009-06-30": 0, "2009-03-31": 0, "2008-12-31": "", "2008-09-30": 0, "2008-06-30": 0, "2008-03-31": 0, "2007-12-31": "", "2007-09-30": 0, "2007-06-30": 0, "2007-03-31": 0, "2006-12-31": "", "2006-06-30": 0, "2006-03-31": 0}, "Net Acquisitions/Divestitures": {"2020-09-30": 0, "2020-06-30": 122, "2020-03-31": 2096.866, "2019-12-31": "", "2019-09-30": 9.078, "2019-06-30": 37.412, "2019-03-31": 0, "2018-12-31": "", "2018-09-30": 0, "2018-06-30": 19.537, "2018-03-31": -0.003, "2017-12-31": "9.83600", "2017-09-30": -101.342, "2017-06-30": -1.733, "2017-03-31": 2.2, "2016-12-31": "", "2016-09-30": -4.559, "2016-06-30": 0, "2016-03-31": 1.157, "2015-12-31": "37.56700", "2015-09-30": 10.993, "2015-06-30": -9.911, "2015-03-31": -2.128, "2014-12-31": "-3277.11100", "2014-09-30": -48.794, "2014-06-30": 0, "2014-03-31": 0, "2013-12-31": "18.29600", "2013-09-30": -2.012, "2013-06-30": 2.279, "2013-03-31": 2.165, "2012-12-31": "-41.71300", "2012-09-30": 2.647, "2012-06-30": 1.197, "2012-03-31": -4.796, "2011-12-31": "-8.97200", "2011-09-30": 0.344, "2011-06-30": -60.312, "2011-03-31": -4.407, "2010-12-31": "-298.73100", "2010-09-30": -485.36, "2010-06-30": -29.4, "2010-03-31": -1, "2009-12-31": "-13.80100", "2009-09-30": -8.587, "2009-06-30": -9.212, "2009-03-31": -9.799, "2008-12-31": "-8.12100", "2008-09-30": -335.5, "2008-06-30": -128.65, "2008-03-31": -58.098, "2007-12-31": "-44.65200", "2007-09-30": -21.282, "2007-06-30": -11.663, "2007-03-31": -119.597, "2006-12-31": "-6.20000", "2006-06-30": 0, "2006-03-31": -34.089}, "Net Change In Short-term Investments": {"2020-09-30": 0, "2020-06-30": 0, "2020-03-31": 0, "2019-12-31": "", "2019-09-30": 0, "2019-06-30": 0, "2019-03-31": 0, "2018-12-31": "", "2018-09-30": 0, "2018-06-30": 0, "2018-03-31": 0, "2017-12-31": "", "2017-09-30": 0, "2017-06-30": 0, "2017-03-31": 0, "2016-12-31": "", "2016-09-30": 0, "2016-06-30": 0, "2016-03-31": 0, "2015-12-31": "", "2015-09-30": 0, "2015-06-30": 0, "2015-03-31": 0, "2014-12-31": "", "2014-09-30": 0, "2014-06-30": 0, "2014-03-31": 0, "2013-12-31": "", "2013-09-30": 0, "2013-06-30": 0, "2013-03-31": 0, "2012-12-31": "", "2012-09-30": 0, "2012-06-30": 0, "2012-03-31": 0, "2011-12-31": "", "2011-09-30": 0, "2011-06-30": 0, "2011-03-31": 0, "2010-12-31": "", "2010-09-30": 0, "2010-06-30": 0, "2010-03-31": 0, "2009-12-31": "", "2009-09-30": 0, "2009-06-30": 0, "2009-03-31": 0, "2008-12-31": "", "2008-09-30": 0, "2008-06-30": 0, "2008-03-31": 0, "2007-12-31": "", "2007-09-30": 0, "2007-06-30": 0, "2007-03-31": 0, "2006-12-31": "", "2006-06-30": 0, "2006-03-31": 0}, "Net Change In Long-Term Investments": {"2020-09-30": 15.12, "2020-06-30": 86.568, "2020-03-31": -24.162, "2019-12-31": "-37.08700", "2019-09-30": 6.544, "2019-06-30": 86.246, "2019-03-31": -23.103, "2018-12-31": "-37.79500", "2018-09-30": 170.245, "2018-06-30": -25.363, "2018-03-31": -36.636, "2017-12-31": "-18.79500", "2017-09-30": 80.489, "2017-06-30": -47.317, "2017-03-31": 20.968, "2016-12-31": "-17.83300", "2016-09-30": -14.385, "2016-06-30": -16.416, "2016-03-31": -37.638, "2015-12-31": "3.26300", "2015-09-30": 16.438, "2015-06-30": -12.454, "2015-03-31": 2.998, "2014-12-31": "-17.18300", "2014-09-30": -1.922, "2014-06-30": -8.583, "2014-03-31": -20.867, "2013-12-31": "-18.07400", "2013-09-30": -10.009, "2013-06-30": -20.246, "2013-03-31": -20.307, "2012-12-31": "2.47000", "2012-09-30": 30.442, "2012-06-30": -34.649, "2012-03-31": 0.806, "2011-12-31": "5.27200", "2011-09-30": -33.383, "2011-06-30": 86.987, "2011-03-31": -17.829, "2010-12-31": "-16.59500", "2010-09-30": -30.813, "2010-06-30": 0.797, "2010-03-31": 5.191, "2009-12-31": "", "2009-09-30": -0.853, "2009-06-30": -1.23, "2009-03-31": -0.571, "2008-12-31": "84.10300", "2008-09-30": 0, "2008-06-30": 1.247, "2008-03-31": 44.896, "2007-12-31": "73.19100", "2007-09-30": -53.638, "2007-06-30": -147.145, "2007-03-31": 0, "2006-12-31": "14.68300", "2006-06-30": 1.623, "2006-03-31": 0.687}, "Net Change In Investments - Total": {"2020-09-30": 15.12, "2020-06-30": 86.568, "2020-03-31": -24.162, "2019-12-31": "-37.08700", "2019-09-30": 6.544, "2019-06-30": 86.246, "2019-03-31": -23.103, "2018-12-31": "-37.79500", "2018-09-30": 170.245, "2018-06-30": -25.363, "2018-03-31": -36.636, "2017-12-31": "-18.79500", "2017-09-30": 80.489, "2017-06-30": -47.317, "2017-03-31": 20.968, "2016-12-31": "-17.83300", "2016-09-30": -14.385, "2016-06-30": -16.416, "2016-03-31": -37.638, "2015-12-31": "3.26300", "2015-09-30": 16.438, "2015-06-30": -12.454, "2015-03-31": 2.998, "2014-12-31": "-17.18300", "2014-09-30": -1.922, "2014-06-30": -8.583, "2014-03-31": -20.867, "2013-12-31": "-18.07400", "2013-09-30": -10.009, "2013-06-30": -20.246, "2013-03-31": -20.307, "2012-12-31": "2.47000", "2012-09-30": 30.442, "2012-06-30": -34.649, "2012-03-31": 0.806, "2011-12-31": "5.27200", "2011-09-30": -33.383, "2011-06-30": 86.987, "2011-03-31": -17.829, "2010-12-31": "-16.59500", "2010-09-30": -30.813, "2010-06-30": 0.797, "2010-03-31": 5.191, "2009-12-31": "", "2009-09-30": -0.853, "2009-06-30": -1.23, "2009-03-31": -0.571, "2008-12-31": "84.10300", "2008-09-30": 0, "2008-06-30": 1.247, "2008-03-31": 44.896, "2007-12-31": "73.19100", "2007-09-30": -53.638, "2007-06-30": -147.145, "2007-03-31": 0, "2006-12-31": "14.68300", "2006-06-30": 1.623, "2006-03-31": 0.687}, "Investing Activities - Other": {"2020-09-30": -21.794, "2020-06-30": -89.283, "2020-03-31": 0, "2019-12-31": "", "2019-09-30": -24.518, "2019-06-30": -117.251, "2019-03-31": 0, "2018-12-31": "", "2018-09-30": -91.03, "2018-06-30": 0, "2018-03-31": 0, "2017-12-31": "", "2017-09-30": -93.771, "2017-06-30": 58.648, "2017-03-31": -24.561, "2016-12-31": "", "2016-09-30": 5.16, "2016-06-30": 0, "2016-03-31": 0, "2015-12-31": "", "2015-09-30": 12.056, "2015-06-30": 0, "2015-03-31": 0, "2014-12-31": "", "2014-09-30": 0, "2014-06-30": 0, "2014-03-31": 0, "2013-12-31": "", "2013-09-30": -2.724, "2013-06-30": 2.724, "2013-03-31": 0, "2012-12-31": "", "2012-09-30": -2.918, "2012-06-30": -0.951, "2012-03-31": 0.66, "2011-12-31": "0.36300", "2011-09-30": 23.474, "2011-06-30": -25.908, "2011-03-31": 21.331, "2010-12-31": "-18.89700", "2010-09-30": 8.349, "2010-06-30": 0, "2010-03-31": -4.768, "2009-12-31": "4.76800", "2009-09-30": 2.904, "2009-06-30": 0, "2009-03-31": 0, "2008-12-31": "", "2008-09-30": 1.597, "2008-06-30": -6.25, "2008-03-31": 0, "2007-12-31": "", "2007-09-30": -1.467, "2007-06-30": -0.949, "2007-03-31": 3.746, "2006-12-31": "-3.03400", "2006-06-30": 0, "2006-03-31": 0}, "Cash Flow From Investing Activities": {"2020-09-30": -36.709, "2020-06-30": 83.092, "2020-03-31": 2059.179, "2019-12-31": "-68.12500", "2019-09-30": -23.154, "2019-06-30": -18.263, "2019-03-31": -45.646, "2018-12-31": "-59.69700", "2018-09-30": 57.967, "2018-06-30": -29.254, "2018-03-31": -60.298, "2017-12-31": "-27.50200", "2017-09-30": -134.584, "2017-06-30": -10.196, "2017-03-31": -19.071, "2016-12-31": "-38.86000", "2016-09-30": -50.697, "2016-06-30": -85.204, "2016-03-31": -66.701, "2015-12-31": "39.98700", "2015-09-30": 29.317, "2015-06-30": -26.034, "2015-03-31": -29.647, "2014-12-31": "-3319.36400", "2014-09-30": -63.99, "2014-06-30": -24.994, "2014-03-31": -33.263, "2013-12-31": "-20.54900", "2013-09-30": -29.795, "2013-06-30": -27.678, "2013-03-31": -29.849, "2012-12-31": "-52.16800", "2012-09-30": 15.102, "2012-06-30": -50.003, "2012-03-31": -17.251, "2011-12-31": "-21.62100", "2011-09-30": -40.273, "2011-06-30": -14.409, "2011-03-31": -16.993, "2010-12-31": "-350.24200", "2010-09-30": -541.136, "2010-06-30": -36.314, "2010-03-31": -13.524, "2009-12-31": "-23.55300", "2009-09-30": -32.673, "2009-06-30": -14.664, "2009-03-31": -23.825, "2008-12-31": "56.87200", "2008-09-30": -355.255, "2008-06-30": -157.58, "2008-03-31": -26.101, "2007-12-31": "17.63100", "2007-09-30": -86.424, "2007-06-30": -174.056, "2007-03-31": -124.4, "2006-12-31": "-4.64400", "2006-06-30": 13.834, "2006-03-31": -46.196}, "Net Long-Term Debt": {"2020-09-30": -21.265, "2020-06-30": -120.764, "2020-03-31": -1338.511, "2019-12-31": "115.77600", "2019-09-30": -417.313, "2019-06-30": -101.6567, "2019-03-31": -56.1923, "2018-12-31": "291.31190", "2018-09-30": -295.5551, "2018-06-30": -58.0674, "2018-03-31": 2.1654, "2017-12-31": "40.20910", "2017-09-30": -121.8032, "2017-06-30": -295.8066, "2017-03-31": 92.6478, "2016-12-31": "27.40100", "2016-09-30": -178.5676, "2016-06-30": -179.5454, "2016-03-31": -53.4038, "2015-12-31": "-82.21900", "2015-09-30": -170.694, "2015-06-30": -96.267, "2015-03-31": -114.59, "2014-12-31": "3349.36100", "2014-09-30": -39.571, "2014-06-30": -54.926, "2014-03-31": -98.582, "2013-12-31": "25.91400", "2013-09-30": -3.891, "2013-06-30": -120.0599, "2013-03-31": 57.747, "2012-12-31": "161.67000", "2012-09-30": -3.025, "2012-06-30": -189.588, "2012-03-31": 17.508, "2011-12-31": "78.97000", "2011-09-30": -31.6568, "2011-06-30": -34.649, "2011-03-31": -40.0731, "2010-12-31": "329.63600", "2010-09-30": 734.437, "2010-06-30": -11.527, "2010-03-31": 12.255, "2009-12-31": "14.95500", "2009-09-30": -69.707, "2009-06-30": -58.72, "2009-03-31": -99.341, "2008-12-31": "-4.86000", "2008-09-30": 307.377, "2008-06-30": 9.892, "2008-03-31": -2.466, "2007-12-31": "-2.71800", "2007-09-30": -14.786, "2007-06-30": -121.243, "2007-03-31": 47.677, "2006-12-31": "-4.31900", "2006-06-30": -11.403, "2006-03-31": -33.302}, "Net Current Debt": {"2020-09-30": 0, "2020-06-30": 0, "2020-03-31": 0, "2019-12-31": "", "2019-09-30": 0, "2019-06-30": 0, "2019-03-31": 0, "2018-12-31": "", "2018-09-30": 0, "2018-06-30": 0, "2018-03-31": 0, "2017-12-31": "", "2017-09-30": 0, "2017-06-30": 0, "2017-03-31": 0, "2016-12-31": "", "2016-09-30": 0, "2016-06-30": 0, "2016-03-31": 0, "2015-12-31": "", "2015-09-30": 0, "2015-06-30": 0, "2015-03-31": 0, "2014-12-31": "", "2014-09-30": 0, "2014-06-30": 25.272, "2014-03-31": -15.292, "2013-12-31": "-9.98000", "2013-09-30": 0, "2013-06-30": 0, "2013-03-31": 0, "2012-12-31": "", "2012-09-30": 0, "2012-06-30": 0, "2012-03-31": 0, "2011-12-31": "", "2011-09-30": 0, "2011-06-30": 0, "2011-03-31": 0, "2010-12-31": "", "2010-09-30": 0, "2010-06-30": 0, "2010-03-31": 0, "2009-12-31": "", "2009-09-30": 0, "2009-06-30": 0, "2009-03-31": 0, "2008-12-31": "", "2008-09-30": 0, "2008-06-30": 0, "2008-03-31": 0, "2007-12-31": "", "2007-09-30": 0, "2007-06-30": 0, "2007-03-31": 0, "2006-12-31": "", "2006-06-30": 0, "2006-03-31": 0}, "Debt Issuance/Retirement Net - Total": {"2020-09-30": -21.265, "2020-06-30": -120.764, "2020-03-31": -1338.511, "2019-12-31": "115.77600", "2019-09-30": -417.313, "2019-06-30": -101.6567, "2019-03-31": -56.1923, "2018-12-31": "291.31190", "2018-09-30": -295.5551, "2018-06-30": -58.0674, "2018-03-31": 2.1654, "2017-12-31": "40.20910", "2017-09-30": -121.8032, "2017-06-30": -295.8066, "2017-03-31": 92.6478, "2016-12-31": "27.40100", "2016-09-30": -178.5676, "2016-06-30": -179.5454, "2016-03-31": -53.4038, "2015-12-31": "-82.21900", "2015-09-30": -170.694, "2015-06-30": -96.267, "2015-03-31": -114.59, "2014-12-31": "3349.36100", "2014-09-30": -39.571, "2014-06-30": -29.654, "2014-03-31": -113.874, "2013-12-31": "15.93400", "2013-09-30": -3.891, "2013-06-30": -120.0599, "2013-03-31": 57.747, "2012-12-31": "161.67000", "2012-09-30": -3.025, "2012-06-30": -189.588, "2012-03-31": 17.508, "2011-12-31": "78.97000", "2011-09-30": -31.6568, "2011-06-30": -34.649, "2011-03-31": -40.0731, "2010-12-31": "329.63600", "2010-09-30": 734.437, "2010-06-30": -11.527, "2010-03-31": 12.255, "2009-12-31": "14.95500", "2009-09-30": -69.707, "2009-06-30": -58.72, "2009-03-31": -99.341, "2008-12-31": "-4.86000", "2008-09-30": 307.377, "2008-06-30": 9.892, "2008-03-31": -2.466, "2007-12-31": "-2.71800", "2007-09-30": -14.786, "2007-06-30": -121.243, "2007-03-31": 47.677, "2006-12-31": "-4.31900", "2006-06-30": -11.403, "2006-03-31": -33.302}, "Net Common Equity Issued/Repurchased": {"2020-09-30": -127.317, "2020-06-30": 3.408, "2020-03-31": -2.889, "2019-12-31": "-33.76700", "2019-09-30": -9.446, "2019-06-30": 9.718, "2019-03-31": -21.17, "2018-12-31": "-46.86200", "2018-09-30": -142.641, "2018-06-30": 9.631, "2018-03-31": 5.983, "2017-12-31": "-14.45600", "2017-09-30": 3.829, "2017-06-30": 6.01, "2017-03-31": 5.606, "2016-12-31": "-5.55200", "2016-09-30": 6.189, "2016-06-30": 5.547, "2016-03-31": 7.946, "2015-12-31": "-7.43600", "2015-09-30": 14.811, "2015-06-30": -2.942, "2015-03-31": 6.581, "2014-12-31": "-4.92900", "2014-09-30": 8.086, "2014-06-30": 4.59, "2014-03-31": 9.984, "2013-12-31": "-30.28100", "2013-09-30": -59.873, "2013-06-30": -60.852, "2013-03-31": -68.743, "2012-12-31": "-170.23900", "2012-09-30": -49.628, "2012-06-30": -26.932, "2012-03-31": -58.175, "2011-12-31": "-6.71500", "2011-09-30": -97.707, "2011-06-30": 5.318, "2011-03-31": 1.123, "2010-12-31": "-54.47800", "2010-09-30": -4.098, "2010-06-30": 5.399, "2010-03-31": -7.505, "2009-12-31": "2.84500", "2009-09-30": -3.125, "2009-06-30": 5.564, "2009-03-31": 92.273, "2008-12-31": "12.22000", "2008-09-30": 4.581, "2008-06-30": 7.393, "2008-03-31": 0.382, "2007-12-31": "1.92600", "2007-09-30": -3.101, "2007-06-30": 482.825, "2007-03-31": 22.75, "2006-12-31": "-26.11500", "2006-06-30": 7.436, "2006-03-31": -11.278}, "Net Total Equity Issued/Repurchased": {"2020-09-30": -127.317, "2020-06-30": 3.408, "2020-03-31": -2.889, "2019-12-31": "-33.76700", "2019-09-30": -9.446, "2019-06-30": 9.718, "2019-03-31": -21.17, "2018-12-31": "-46.86200", "2018-09-30": -142.641, "2018-06-30": 9.631, "2018-03-31": 5.983, "2017-12-31": "-14.45600", "2017-09-30": 3.829, "2017-06-30": 6.01, "2017-03-31": 5.606, "2016-12-31": "-5.55200", "2016-09-30": 6.189, "2016-06-30": 5.547, "2016-03-31": 7.946, "2015-12-31": "-7.43600", "2015-09-30": 14.811, "2015-06-30": -2.942, "2015-03-31": 6.581, "2014-12-31": "-4.92900", "2014-09-30": 8.086, "2014-06-30": 4.59, "2014-03-31": 9.984, "2013-12-31": "-30.28100", "2013-09-30": -59.873, "2013-06-30": -60.852, "2013-03-31": -68.743, "2012-12-31": "-170.23900", "2012-09-30": -49.628, "2012-06-30": -26.932, "2012-03-31": -58.175, "2011-12-31": "-6.71500", "2011-09-30": -97.707, "2011-06-30": 5.318, "2011-03-31": 1.123, "2010-12-31": "-54.47800", "2010-09-30": -4.098, "2010-06-30": 5.399, "2010-03-31": -7.505, "2009-12-31": "2.84500", "2009-09-30": -3.125, "2009-06-30": 5.564, "2009-03-31": 92.273, "2008-12-31": "12.22000", "2008-09-30": 4.581, "2008-06-30": 7.393, "2008-03-31": 0.382, "2007-12-31": "1.92600", "2007-09-30": -3.101, "2007-06-30": 482.825, "2007-03-31": 22.75, "2006-12-31": "-26.11500", "2006-06-30": 7.436, "2006-03-31": 104.356}, "Total Common And Preferred Stock Dividends Paid": {"2020-09-30": -22.123, "2020-06-30": -1.607, "2020-03-31": -2.129, "2019-12-31": "-34.78300", "2019-09-30": -11.19, "2019-06-30": -22.776, "2019-03-31": -7.245, "2018-12-31": "-28.77700", "2018-09-30": -17.045, "2018-06-30": -48.678, "2018-03-31": -7.263, "2017-12-31": "-16.79500", "2017-09-30": -14.433, "2017-06-30": -11.146, "2017-03-31": -11.519, "2016-12-31": "-21.93800", "2016-09-30": -27.745, "2016-06-30": -14.86, "2016-03-31": -22.779, "2015-12-31": "-37.78500", "2015-09-30": -43.25, "2015-06-30": -42.144, "2015-03-31": -24.201, "2014-12-31": "-34.67400", "2014-09-30": -1.474, "2014-06-30": -4.147, "2014-03-31": -5.264, "2013-12-31": "-19.36800", "2013-09-30": -4.929, "2013-06-30": -0.51, "2013-03-31": -4.044, "2012-12-31": "-9.00200", "2012-09-30": -0.413, "2012-06-30": -0.865, "2012-03-31": 0.239, "2011-12-31": "-0.24400", "2011-09-30": -0.256, "2011-06-30": 2.19, "2011-03-31": -2.173, "2010-12-31": "-1.06200", "2010-09-30": 2.137, "2010-06-30": -1.063, "2010-03-31": 6.411, "2009-12-31": "-0.97300", "2009-09-30": -6.916, "2009-06-30": 0.625, "2009-03-31": -2.127, "2008-12-31": "-1.89100", "2008-09-30": -11.128, "2008-06-30": 0, "2008-03-31": 0, "2007-12-31": "", "2007-09-30": 0, "2007-06-30": 0, "2007-03-31": 0, "2006-12-31": "", "2006-06-30": 0, "2006-03-31": -1.9}, "Financial Activities - Other": {"2020-09-30": -51.729, "2020-06-30": 6.66, "2020-03-31": -29.056, "2019-12-31": "32.12600", "2019-09-30": -41.74, "2019-06-30": 22.489, "2019-03-31": 10.009, "2018-12-31": "-2.43900", "2018-09-30": -45.846, "2018-06-30": -2.402, "2018-03-31": -8.146, "2017-12-31": "-25.96200", "2017-09-30": 2.676, "2017-06-30": -19.893, "2017-03-31": 3.711, "2016-12-31": "-26.28000", "2016-09-30": -47.072, "2016-06-30": -24.714, "2016-03-31": 29.27, "2015-12-31": "-10.80400", "2015-09-30": -21.63, "2015-06-30": 8.03, "2015-03-31": -0.014, "2014-12-31": "-103.68400", "2014-09-30": -7.909, "2014-06-30": -18.81, "2014-03-31": -2.447, "2013-12-31": "0.44800", "2013-09-30": 26.599, "2013-06-30": 0.534, "2013-03-31": 0.535, "2012-12-31": "0.68500", "2012-09-30": 0.121, "2012-06-30": 0.027, "2012-03-31": 0.419, "2011-12-31": "0.68700", "2011-09-30": 0.056, "2011-06-30": 0.156, "2011-03-31": 0.985, "2010-12-31": "60.05100", "2010-09-30": 0.593, "2010-06-30": 7.933, "2010-03-31": 8.012, "2009-12-31": "0.76800", "2009-09-30": 0.975, "2009-06-30": 4.138, "2009-03-31": 5.223, "2008-12-31": "4.63300", "2008-09-30": 5.364, "2008-06-30": 6.426, "2008-03-31": 3.642, "2007-12-31": "4.91000", "2007-09-30": 7.225, "2007-06-30": -75.413, "2007-03-31": 22.008, "2006-12-31": "0.65500", "2006-06-30": 0.267, "2006-03-31": 1.039}, "Cash Flow From Financial Activities": {"2020-09-30": -222.434, "2020-06-30": -112.303, "2020-03-31": -1372.585, "2019-12-31": "79.35200", "2019-09-30": -479.689, "2019-06-30": -92.226, "2019-03-31": -74.598, "2018-12-31": "213.23400", "2018-09-30": -501.087, "2018-06-30": -99.516, "2018-03-31": -7.261, "2017-12-31": "-17.00400", "2017-09-30": -129.731, "2017-06-30": -320.836, "2017-03-31": 90.446, "2016-12-31": "-26.36900", "2016-09-30": -247.196, "2016-06-30": -213.572, "2016-03-31": -38.967, "2015-12-31": "-138.24400", "2015-09-30": -220.763, "2015-06-30": -133.323, "2015-03-31": -132.224, "2014-12-31": "3206.07400", "2014-09-30": -40.868, "2014-06-30": -48.021, "2014-03-31": -111.601, "2013-12-31": "-33.26700", "2013-09-30": -42.094, "2013-06-30": -180.888, "2013-03-31": -14.505, "2012-12-31": "-16.88600", "2012-09-30": -52.945, "2012-06-30": -217.358, "2012-03-31": -40.009, "2011-12-31": "72.69800", "2011-09-30": -129.564, "2011-06-30": -26.985, "2011-03-31": -40.138, "2010-12-31": "334.14700", "2010-09-30": 733.069, "2010-06-30": 0.742, "2010-03-31": 19.173, "2009-12-31": "17.59500", "2009-09-30": -78.773, "2009-06-30": -48.393, "2009-03-31": -3.972, "2008-12-31": "10.10200", "2008-09-30": 306.194, "2008-06-30": 23.711, "2008-03-31": 1.558, "2007-12-31": "4.11800", "2007-09-30": -10.662, "2007-06-30": 286.169, "2007-03-31": 92.435, "2006-12-31": "-29.77900", "2006-06-30": -3.7, "2006-03-31": 70.193}, "Net Cash Flow": {"2020-09-30": 393.9, "2020-06-30": 158.019, "2020-03-31": 378.965, "2019-12-31": "-192.98900", "2019-09-30": 286.787, "2019-06-30": -33.311, "2019-03-31": -11.424, "2018-12-31": "-48.43100", "2018-09-30": 85.314, "2018-06-30": -65.806, "2018-03-31": 54.059, "2017-12-31": "10.80400", "2017-09-30": -10.097, "2017-06-30": 86.487, "2017-03-31": 28.255, "2016-12-31": "5.57200", "2016-09-30": 64.148, "2016-06-30": -41.781, "2016-03-31": 11.734, "2015-12-31": "-25.84900", "2015-09-30": 77.993, "2015-06-30": -6.697, "2015-03-31": -122.051, "2014-12-31": "160.46000", "2014-09-30": 64.041, "2014-06-30": 7.604, "2014-03-31": -179.2, "2013-12-31": "81.06600", "2013-09-30": 93.086, "2013-06-30": -120.141, "2013-03-31": 36.436, "2012-12-31": "-2.48000", "2012-09-30": 195.382, "2012-06-30": -67.268, "2012-03-31": -41.824, "2011-12-31": "50.54600", "2011-09-30": 75.473, "2011-06-30": -21.917, "2011-03-31": -17.854, "2010-12-31": "-191.61900", "2010-09-30": 318.975, "2010-06-30": 87.333, "2010-03-31": -46.4, "2009-12-31": "-37.82800", "2009-09-30": 12.571, "2009-06-30": 35.405, "2009-03-31": -5.891, "2008-12-31": "51.57000", "2008-09-30": 24.014, "2008-06-30": -44.567, "2008-03-31": 14.998, "2007-12-31": "-14.23400", "2007-09-30": 20.983, "2007-06-30": 79.664, "2007-03-31": -21.51, "2006-12-31": "9.90400", "2006-06-30": 66.317, "2006-03-31": 21.981}, "Stock-Based Compensation": {"2020-09-30": 17.192, "2020-06-30": 10.5, "2020-03-31": 5.282, "2019-12-31": "21.25500", "2019-09-30": 16.363, "2019-06-30": 15.656, "2019-03-31": 16.162, "2018-12-31": "15.63100", "2018-09-30": 18.754, "2018-06-30": 17.145, "2018-03-31": 20.656, "2017-12-31": "16.54000", "2017-09-30": 25.1, "2017-06-30": 20.621, "2017-03-31": 16.716, "2016-12-31": "21.33700", "2016-09-30": 17.206, "2016-06-30": 14.167, "2016-03-31": 20.533, "2015-12-31": "21.50000", "2015-09-30": 14.062, "2015-06-30": 20.226, "2015-03-31": 15.547, "2014-12-31": "36.01700", "2014-09-30": 8.452, "2014-06-30": 4.799, "2014-03-31": 10.246, "2013-12-31": "10.94100", "2013-09-30": 5.207, "2013-06-30": 9.24, "2013-03-31": 11.33, "2012-12-31": "6.83400", "2012-09-30": 6.861, "2012-06-30": 2.047, "2012-03-31": 9.009, "2011-12-31": "8.63400", "2011-09-30": 3.726, "2011-06-30": 9.157, "2011-03-31": 4.024, "2010-12-31": "8.03000", "2010-09-30": 9.469, "2010-06-30": 8.672, "2010-03-31": 7.652, "2009-12-31": "8.81300", "2009-09-30": 6.757, "2009-06-30": 6.929, "2009-03-31": 6.828, "2008-12-31": "5.45700", "2008-09-30": 7.044, "2008-06-30": 5.647, "2008-03-31": 6.345, "2007-12-31": "5.11100", "2007-09-30": 5.318, "2007-06-30": 6.505, "2007-03-31": 6.095, "2006-12-31": "7.04800", "2006-06-30": 3.726, "2006-03-31": 6.35}, "Common Stock Dividends Paid": {"2020-09-30": -22.123, "2020-06-30": -1.607, "2020-03-31": -2.129, "2019-12-31": "-34.78300", "2019-09-30": -11.19, "2019-06-30": -22.776, "2019-03-31": -7.245, "2018-12-31": "-28.77700", "2018-09-30": -17.045, "2018-06-30": -48.678, "2018-03-31": -7.263, "2017-12-31": "-16.79500", "2017-09-30": -14.433, "2017-06-30": -11.146, "2017-03-31": -11.519, "2016-12-31": "-21.93800", "2016-09-30": -27.745, "2016-06-30": -14.86, "2016-03-31": -22.779, "2015-12-31": "-37.78500", "2015-09-30": -43.25, "2015-06-30": -42.144, "2015-03-31": -24.201, "2014-12-31": "-34.67400", "2014-09-30": -1.474, "2014-06-30": -4.147, "2014-03-31": -5.264, "2013-12-31": "-19.36800", "2013-09-30": -4.929, "2013-06-30": -0.51, "2013-03-31": -4.044, "2012-12-31": "-9.00200", "2012-09-30": -0.413, "2012-06-30": -0.865, "2012-03-31": 0.239, "2011-12-31": "-0.24400", "2011-09-30": -0.256, "2011-06-30": 2.19, "2011-03-31": -2.173, "2010-12-31": "-1.06200", "2010-09-30": 2.137, "2010-06-30": -1.063, "2010-03-31": 6.411, "2009-12-31": "-0.97300", "2009-09-30": -6.916, "2009-06-30": 0.625, "2009-03-31": -2.127, "2008-12-31": "-1.89100", "2008-09-30": -11.128, "2008-06-30": 0, "2008-03-31": 0, "2007-12-31": "", "2007-09-30": 0, "2007-06-30": 0, "2007-03-31": 0, "2006-12-31": "", "2006-06-30": 0, "2006-03-31": 0}}, "financial ratios": {"Current Ratio": {"2020-09-30": "1.23640", "2019-09-30": "1.16600", "2018-09-30": "1.15390", "2017-09-30": "1.19790", "2016-09-30": "1.13120", "2015-09-30": "1.29160", "2014-09-30": "1.39840", "2013-09-30": "1.52500", "2012-09-30": "1.51430", "2011-09-30": "1.64790", "2010-09-30": "1.59080", "2009-09-30": "1.42250", "2008-09-30": "1.45710", "2007-09-30": "1.61060", "2006-09-30": "1.22560", "2005-09-30": ""}, "Long-term Debt / Capital": {"2020-09-30": "0.37420", "2019-09-30": "0.45210", "2018-09-30": "0.44880", "2017-09-30": "0.46760", "2016-09-30": "0.51030", "2015-09-30": "0.55050", "2014-09-30": "0.29250", "2013-09-30": "0.34430", "2012-09-30": "0.28970", "2011-09-30": "0.32340", "2010-09-30": "0.29960", "2009-09-30": "0.07490", "2008-09-30": "0.20460", "2007-09-30": "0.02970", "2006-09-30": "-0.73040", "2005-09-30": ""}, "Debt/Equity Ratio": {"2020-09-30": "0.60410", "2019-09-30": "0.85050", "2018-09-30": "0.84770", "2017-09-30": "0.91210", "2016-09-30": "1.14520", "2015-09-30": "1.26880", "2014-09-30": "0.44180", "2013-09-30": "0.56570", "2012-09-30": "0.48090", "2011-09-30": "0.48530", "2010-09-30": "0.43540", "2009-09-30": "0.09760", "2008-09-30": "0.27970", "2007-09-30": "0.03750", "2006-09-30": "-0.47250", "2005-09-30": ""}, "Gross Margin": {"2020-09-30": "5.35920", "2019-09-30": "4.48350", "2018-09-30": "3.45170", "2017-09-30": "3.75600", "2016-09-30": "3.69210", "2015-09-30": "2.97490", "2014-09-30": "4.82450", "2013-09-30": "5.51900", "2012-09-30": "5.13320", "2011-09-30": "5.80660", "2010-09-30": "6.57320", "2009-09-30": "5.73910", "2008-09-30": "5.52290", "2007-09-30": "4.67170", "2006-09-30": "4.18130", "2005-09-30": "28.28310"}, "Operating Margin": {"2020-09-30": "2.88110", "2019-09-30": "2.90340", "2018-09-30": "2.82890", "2017-09-30": "3.59200", "2016-09-30": "2.15690", "2015-09-30": "0.71720", "2014-09-30": "4.22270", "2013-09-30": "4.62370", "2012-09-30": "0.65230", "2011-09-30": "5.24080", "2010-09-30": "5.20630", "2009-09-30": "4.68780", "2008-09-30": "4.59140", "2007-09-30": "3.68020", "2006-09-30": "3.02230", "2005-09-30": "4.10380"}, "EBIT Margin": {"2020-09-30": "2.88110", "2019-09-30": "2.90340", "2018-09-30": "2.82890", "2017-09-30": "3.59200", "2016-09-30": "2.15690", "2015-09-30": "0.71720", "2014-09-30": "4.22270", "2013-09-30": "4.62370", "2012-09-30": "0.65230", "2011-09-30": "5.24080", "2010-09-30": "5.20630", "2009-09-30": "4.68780", "2008-09-30": "4.59140", "2007-09-30": "3.68020", "2006-09-30": "3.02230", "2005-09-30": "4.10380"}, "EBITDA Margin": {"2020-09-30": "4.67400", "2019-09-30": "4.81790", "2018-09-30": "4.75690", "2017-09-30": "5.12260", "2016-09-30": "4.44700", "2015-09-30": "4.04830", "2014-09-30": "5.36420", "2013-09-30": "5.78150", "2012-09-30": "1.90530", "2011-09-30": "6.61320", "2010-09-30": "6.41170", "2009-09-30": "6.06230", "2008-09-30": "5.79940", "2007-09-30": "4.74520", "2006-09-30": "4.18640", "2005-09-30": "4.93580"}, "Pre-Tax Profit Margin": {"2020-09-30": "1.75680", "2019-09-30": "1.82640", "2018-09-30": "1.52910", "2017-09-30": "2.35770", "2016-09-30": "0.72110", "2015-09-30": "-0.84200", "2014-09-30": "3.76690", "2013-09-30": "4.11820", "2012-09-30": "0.21270", "2011-09-30": "4.77990", "2010-09-30": "5.21120", "2009-09-30": "4.54110", "2008-09-30": "4.55090", "2007-09-30": "3.48100", "2006-09-30": "2.30630", "2005-09-30": "3.45640"}, "Net Profit Margin": {"2020-09-30": "-1.40760", "2019-09-30": "-1.91350", "2018-09-30": "0.98330", "2017-09-30": "1.86440", "2016-09-30": "0.55200", "2015-09-30": "-0.86070", "2014-09-30": "2.75050", "2013-09-30": "2.93420", "2012-09-30": "-0.71270", "2011-09-30": "3.43140", "2010-09-30": "3.61890", "2009-09-30": "3.09760", "2008-09-30": "2.83090", "2007-09-30": "2.36110", "2006-09-30": "1.50460", "2005-09-30": "2.01670"}, "Asset Turnover": {"2020-09-30": "1.01850", "2019-09-30": "0.93760", "2018-09-30": "0.94530", "2017-09-30": "1.26440", "2016-09-30": "1.27370", "2015-09-30": "1.28370", "2014-09-30": "1.36470", "2013-09-30": "1.43910", "2012-09-30": "1.45080", "2011-09-30": "1.38830", "2010-09-30": "1.24850", "2009-09-30": "1.61470", "2008-09-30": "1.44450", "2007-09-30": "1.70050", "2006-09-30": "1.87400", "2005-09-30": ""}, "Inventory Turnover Ratio": {"2020-09-30": "", "2019-09-30": "", "2018-09-30": "", "2017-09-30": "", "2016-09-30": "", "2015-09-30": "", "2014-09-30": "", "2013-09-30": "", "2012-09-30": "", "2011-09-30": "", "2010-09-30": "", "2009-09-30": "", "2008-09-30": "", "2007-09-30": "", "2006-09-30": "", "2005-09-30": ""}, "Receiveable Turnover": {"2020-09-30": "4.56310", "2019-09-30": "4.67480", "2018-09-30": "4.04070", "2017-09-30": "3.51200", "2016-09-30": "3.80270", "2015-09-30": "3.65450", "2014-09-30": "3.14580", "2013-09-30": "3.48100", "2012-09-30": "3.43010", "2011-09-30": "3.31380", "2010-09-30": "3.01620", "2009-09-30": "3.53120", "2008-09-30": "3.16900", "2007-09-30": "3.88140", "2006-09-30": "3.74680", "2005-09-30": ""}, "Days Sales In Receivables": {"2020-09-30": "79.98930", "2019-09-30": "78.07840", "2018-09-30": "90.33180", "2017-09-30": "103.92820", "2016-09-30": "95.98410", "2015-09-30": "99.87580", "2014-09-30": "116.02890", "2013-09-30": "104.85390", "2012-09-30": "106.41000", "2011-09-30": "110.14520", "2010-09-30": "121.01190", "2009-09-30": "103.36360", "2008-09-30": "115.17790", "2007-09-30": "94.03790", "2006-09-30": "97.41660", "2005-09-30": ""}, "ROE - Return On Equity": {"2020-09-30": "5.47380", "2019-09-30": "6.04390", "2018-09-30": "5.04170", "2017-09-30": "10.00020", "2016-09-30": "4.60160", "2015-09-30": "-1.96180", "2014-09-30": "10.24270", "2013-09-30": "11.72540", "2012-09-30": "-2.55940", "2011-09-30": "11.86110", "2010-09-30": "11.66480", "2009-09-30": "11.46680", "2008-09-30": "11.25860", "2007-09-30": "7.87570", "2006-09-30": "-18.45550", "2005-09-30": ""}, "Return On Tangible Equity": {"2020-09-30": "-126.59730", "2019-09-30": "72.98570", "2018-09-30": "-10.99040", "2017-09-30": "-19.21660", "2016-09-30": "-5.94270", "2015-09-30": "2.50010", "2014-09-30": "95.04300", "2013-09-30": "135.71890", "2012-09-30": "-16.16670", "2011-09-30": "149.78340", "2010-09-30": "73.48050", "2009-09-30": "31.91160", "2008-09-30": "40.62730", "2007-09-30": "15.30500", "2006-09-30": "-6.92210", "2005-09-30": ""}, "ROA - Return On Assets": {"2020-09-30": "1.43740", "2019-09-30": "1.61960", "2018-09-30": "1.46920", "2017-09-30": "2.92750", "2016-09-30": "1.19590", "2015-09-30": "-0.50830", "2014-09-30": "3.80120", "2013-09-30": "4.29250", "2012-09-30": "-1.00510", "2011-09-30": "4.90710", "2010-09-30": "4.75730", "2009-09-30": "5.30060", "2008-09-30": "4.44670", "2007-09-30": "4.02500", "2006-09-30": "2.94050", "2005-09-30": ""}, "ROI - Return On Investment": {"2020-09-30": "3.42550", "2019-09-30": "3.31120", "2018-09-30": "2.77890", "2017-09-30": "5.32380", "2016-09-30": "2.25330", "2015-09-30": "-0.88190", "2014-09-30": "7.24660", "2013-09-30": "7.68840", "2012-09-30": "-1.81800", "2011-09-30": "8.02550", "2010-09-30": "8.16930", "2009-09-30": "10.59240", "2008-09-30": "8.93880", "2007-09-30": "7.61170", "2006-09-30": "-31.93620", "2005-09-30": ""}, "Book Value Per Share": {"2020-09-30": "21.73610", "2019-09-30": "24.76050", "2018-09-30": "27.25370", "2017-09-30": "26.75500", "2016-09-30": "23.08290", "2015-09-30": "24.00410", "2014-09-30": "23.49640", "2013-09-30": "21.60160", "2012-09-30": "20.78160", "2011-09-30": "21.14950", "2010-09-30": "18.54430", "2009-09-30": "15.82110", "2008-09-30": "13.81780", "2007-09-30": "12.90590", "2006-09-30": "-8.50990", "2005-09-30": ""}, "Operating Cash Flow Per Share": {"2020-09-30": -2.8261, "2019-09-30": 0.0962, "2018-09-30": 0.3957, "2017-09-30": -0.8387, "2016-09-30": 0.1068, "2015-09-30": 1.4544, "2014-09-30": -0.3528, "2013-09-30": 0.1346, "2012-09-30": 2.758, "2011-09-30": -0.2584, "2010-09-30": -0.7102, "2009-09-30": 0.4629, "2008-09-30": 0.0509, "2007-09-30": -0.0987, "2006-09-30": 0.9408, "2005-09-30": 0.7282}, "Free Cash Flow Per Share": {"2020-09-30": -2.9909, "2019-09-30": 0.1095, "2018-09-30": 0.3534, "2017-09-30": -0.4555, "2016-09-30": -0.3054, "2015-09-30": 1.6273, "2014-09-30": -0.4786, "2013-09-30": 0.1854, "2012-09-30": 2.855, "2011-09-30": -0.3242, "2010-09-30": -0.7298, "2009-09-30": 0.5522, "2008-09-30": -0.1211, "2007-09-30": -0.4382, "2006-09-30": 1.2644, "2005-09-30": 0.2532}}, "financial ratios, quarterly": {"Current Ratio": {"2020-09-30": "1.23640", "2020-06-30": "1.26750", "2020-03-31": "1.23230", "2019-12-31": "1.15560", "2019-09-30": "1.16600", "2019-06-30": "1.22410", "2019-03-31": "1.22930", "2018-12-31": "1.20010", "2018-09-30": "1.15390", "2018-06-30": "1.19590", "2018-03-31": "1.22730", "2017-12-31": "1.20540", "2017-09-30": "1.19790", "2017-06-30": "1.22040", "2017-03-31": "1.21770", "2016-12-31": "1.15870", "2016-09-30": "1.13120", "2016-06-30": "1.16750", "2016-03-31": "1.19490", "2015-12-31": "1.24010", "2015-09-30": "1.29160", "2015-06-30": "1.30630", "2015-03-31": "1.34160", "2014-12-31": "1.38240", "2014-09-30": "1.39840", "2014-06-30": "1.52000", "2014-03-31": "1.51070", "2013-12-31": "1.50430", "2013-09-30": "1.52500", "2013-06-30": "1.57070", "2013-03-31": "1.55680", "2012-12-31": "1.45920", "2012-09-30": "1.51430", "2012-06-30": "1.51950", "2012-03-31": "1.63590", "2011-12-31": "1.69300", "2011-09-30": "1.64790", "2011-06-30": "1.70080", "2011-03-31": "1.69640", "2010-12-31": "1.70040", "2010-09-30": "1.59080", "2010-06-30": "1.51800", "2010-03-31": "1.50330", "2009-12-31": "1.41910", "2009-09-30": "1.42250", "2009-06-30": "1.47880", "2009-03-31": "1.49350", "2008-12-31": "1.46140", "2008-09-30": "1.45710", "2008-06-30": "1.38560", "2008-03-31": "1.51430", "2007-12-31": "1.65730", "2007-09-30": "1.61060", "2007-06-30": "1.65130", "2007-03-31": "1.18740", "2006-12-31": "", "2006-06-30": "", "2006-03-31": ""}, "Long-term Debt / Capital": {"2020-09-30": "0.37420", "2020-06-30": "0.34510", "2020-03-31": "0.36190", "2019-12-31": "0.46530", "2019-09-30": "0.45210", "2019-06-30": "0.44820", "2019-03-31": "0.45930", "2018-12-31": "0.46940", "2018-09-30": "0.44880", "2018-06-30": "0.46530", "2018-03-31": "0.47220", "2017-12-31": "0.46330", "2017-09-30": "0.46760", "2017-06-30": "0.48940", "2017-03-31": "0.50810", "2016-12-31": "0.51310", "2016-09-30": "0.51030", "2016-06-30": "0.51180", "2016-03-31": "0.52990", "2015-12-31": "0.55370", "2015-09-30": "0.55050", "2015-06-30": "0.55170", "2015-03-31": "0.55770", "2014-12-31": "0.55430", "2014-09-30": "0.29250", "2014-06-30": "0.29960", "2014-03-31": "0.31530", "2013-12-31": "0.34400", "2013-09-30": "0.34430", "2013-06-30": "0.35730", "2013-03-31": "0.34930", "2012-12-31": "0.32620", "2012-09-30": "0.28970", "2012-06-30": "0.27460", "2012-03-31": "0.32010", "2011-12-31": "0.32990", "2011-09-30": "0.32340", "2011-06-30": "0.31480", "2011-03-31": "0.31690", "2010-12-31": "0.34160", "2010-09-30": "0.29960", "2010-06-30": "0.07930", "2010-03-31": "0.08350", "2009-12-31": "0.06960", "2009-09-30": "0.07490", "2009-06-30": "0.11710", "2009-03-31": "0.15070", "2008-12-31": "0.20240", "2008-09-30": "0.20460", "2008-06-30": "0.03910", "2008-03-31": "0.02320", "2007-12-31": "0.02220", "2007-09-30": "0.02970", "2007-06-30": "0.04220", "2007-03-31": "-1.05560", "2006-12-31": "", "2006-06-30": "", "2006-03-31": ""}, "Debt/Equity Ratio": {"2020-09-30": "0.60410", "2020-06-30": "0.53340", "2020-03-31": "0.58150", "2019-12-31": "0.89910", "2019-09-30": "0.85050", "2019-06-30": "0.84790", "2019-03-31": "0.88560", "2018-12-31": "0.92230", "2018-09-30": "0.84770", "2018-06-30": "0.91080", "2018-03-31": "0.92590", "2017-12-31": "0.90100", "2017-09-30": "0.91210", "2017-06-30": "0.99860", "2017-03-31": "1.12760", "2016-12-31": "1.15460", "2016-09-30": "1.14520", "2016-06-30": "1.14260", "2016-03-31": "1.22060", "2015-12-31": "1.28530", "2015-09-30": "1.26880", "2015-06-30": "1.27620", "2015-03-31": "1.30830", "2014-12-31": "1.29650", "2014-09-30": "0.44180", "2014-06-30": "0.45690", "2014-03-31": "0.49820", "2013-12-31": "0.56720", "2013-09-30": "0.56570", "2013-06-30": "0.56190", "2013-03-31": "0.61700", "2012-12-31": "0.58440", "2012-09-30": "0.48090", "2012-06-30": "0.42610", "2012-03-31": "0.50640", "2011-12-31": "0.50180", "2011-09-30": "0.48530", "2011-06-30": "0.47160", "2011-03-31": "0.47990", "2010-12-31": "0.52700", "2010-09-30": "0.43540", "2010-06-30": "0.09370", "2010-03-31": "0.10280", "2009-12-31": "0.09970", "2009-09-30": "0.09760", "2009-06-30": "0.14460", "2009-03-31": "0.18720", "2008-12-31": "0.27430", "2008-09-30": "0.27970", "2008-06-30": "0.06130", "2008-03-31": "0.03720", "2007-12-31": "0.03610", "2007-09-30": "0.03750", "2007-06-30": "0.04940", "2007-03-31": "-0.62510", "2006-12-31": "", "2006-06-30": "", "2006-03-31": ""}, "Gross Margin": {"2020-09-30": "5.32000", "2020-06-30": "5.80240", "2020-03-31": "5.20110", "2019-12-31": "5.12420", "2019-09-30": "5.39540", "2019-06-30": "4.57900", "2019-03-31": "4.24420", "2018-12-31": "3.67650", "2018-09-30": "-1.69150", "2018-06-30": "3.59720", "2018-03-31": "2.94880", "2017-12-31": "2.77250", "2017-09-30": "3.50320", "2017-06-30": "3.84030", "2017-03-31": "3.80480", "2016-12-31": "3.89990", "2016-09-30": "3.40450", "2016-06-30": "3.88640", "2016-03-31": "4.18700", "2015-12-31": "3.27760", "2015-09-30": "3.61220", "2015-06-30": "2.78090", "2015-03-31": "2.29270", "2014-12-31": "3.19990", "2014-09-30": "5.03530", "2014-06-30": "5.51480", "2014-03-31": "4.66860", "2013-12-31": "4.00220", "2013-09-30": "6.74400", "2013-06-30": "6.37560", "2013-03-31": "5.01810", "2012-12-31": "3.87250", "2012-09-30": "6.92100", "2012-06-30": "5.30930", "2012-03-31": "3.78510", "2011-12-31": "4.45230", "2011-09-30": "6.62840", "2011-06-30": "5.92360", "2011-03-31": "5.15050", "2010-12-31": "5.44030", "2010-09-30": "6.79920", "2010-06-30": "7.03680", "2010-03-31": "6.73850", "2009-12-31": "5.60360", "2009-09-30": "5.84620", "2009-06-30": "5.67820", "2009-03-31": "5.86980", "2008-12-31": "5.54900", "2008-09-30": "5.30840", "2008-06-30": "5.73030", "2008-03-31": "6.07610", "2007-12-31": "4.99670", "2007-09-30": "-58.00910", "2007-06-30": "28.35500", "2007-03-31": "26.19440", "2006-12-31": "26.46840", "2006-06-30": "25.55220", "2006-03-31": "26.66380"}, "Operating Margin": {"2020-09-30": "1.83060", "2020-06-30": "3.72670", "2020-03-31": "3.39120", "2019-12-31": "2.69470", "2019-09-30": "3.74630", "2019-06-30": "3.73530", "2019-03-31": "3.16870", "2018-12-31": "0.91840", "2018-09-30": "-14.90230", "2018-06-30": "3.12230", "2018-03-31": "-0.92020", "2017-12-31": "2.67170", "2017-09-30": "3.33300", "2017-06-30": "4.55310", "2017-03-31": "3.18290", "2016-12-31": "3.29010", "2016-09-30": "1.59770", "2016-06-30": "2.50220", "2016-03-31": "3.21270", "2015-12-31": "1.28890", "2015-09-30": "2.01630", "2015-06-30": "0.90960", "2015-03-31": "0.14520", "2014-12-31": "-0.33600", "2014-09-30": "4.00070", "2014-06-30": "4.65060", "2014-03-31": "3.65310", "2013-12-31": "4.62850", "2013-09-30": "5.90280", "2013-06-30": "5.41230", "2013-03-31": "4.04270", "2012-12-31": "3.07000", "2012-09-30": "-9.55810", "2012-06-30": "4.90840", "2012-03-31": "3.63800", "2011-12-31": "3.77970", "2011-09-30": "6.31100", "2011-06-30": "5.37090", "2011-03-31": "4.51640", "2010-12-31": "4.65710", "2010-09-30": "5.42350", "2010-06-30": "5.66780", "2010-03-31": "5.21170", "2009-12-31": "4.42270", "2009-09-30": "4.62450", "2009-06-30": "4.77520", "2009-03-31": "4.59970", "2008-12-31": "4.75670", "2008-09-30": "4.34800", "2008-06-30": "4.85780", "2008-03-31": "5.06470", "2007-12-31": "4.12240", "2007-09-30": "3.79640", "2007-06-30": "4.15040", "2007-03-31": "3.50130", "2006-12-31": "3.19730", "2006-06-30": "2.75580", "2006-03-31": "2.91970"}, "EBIT Margin": {"2020-09-30": "1.83060", "2020-06-30": "3.72670", "2020-03-31": "3.39120", "2019-12-31": "2.69470", "2019-09-30": "3.74630", "2019-06-30": "3.73530", "2019-03-31": "3.16870", "2018-12-31": "0.91840", "2018-09-30": "-14.90230", "2018-06-30": "3.12230", "2018-03-31": "-0.92020", "2017-12-31": "2.67170", "2017-09-30": "3.33300", "2017-06-30": "4.55310", "2017-03-31": "3.18290", "2016-12-31": "3.29010", "2016-09-30": "1.59770", "2016-06-30": "2.50220", "2016-03-31": "3.21270", "2015-12-31": "1.28890", "2015-09-30": "2.01630", "2015-06-30": "0.90960", "2015-03-31": "0.14520", "2014-12-31": "-0.33600", "2014-09-30": "4.00070", "2014-06-30": "4.65060", "2014-03-31": "3.65310", "2013-12-31": "4.62850", "2013-09-30": "5.90280", "2013-06-30": "5.41230", "2013-03-31": "4.04270", "2012-12-31": "3.07000", "2012-09-30": "-9.55810", "2012-06-30": "4.90840", "2012-03-31": "3.63800", "2011-12-31": "3.77970", "2011-09-30": "6.31100", "2011-06-30": "5.37090", "2011-03-31": "4.51640", "2010-12-31": "4.65710", "2010-09-30": "5.42350", "2010-06-30": "5.66780", "2010-03-31": "5.21170", "2009-12-31": "4.42270", "2009-09-30": "4.62450", "2009-06-30": "4.77520", "2009-03-31": "4.59970", "2008-12-31": "4.75670", "2008-09-30": "4.34800", "2008-06-30": "4.85780", "2008-03-31": "5.06470", "2007-12-31": "4.12240", "2007-09-30": "3.79640", "2007-06-30": "4.15040", "2007-03-31": "3.50130", "2006-12-31": "3.19730", "2006-06-30": "2.75580", "2006-03-31": "2.91970"}, "EBITDA Margin": {"2020-09-30": "", "2020-06-30": "", "2020-03-31": "", "2019-12-31": "", "2019-09-30": "", "2019-06-30": "", "2019-03-31": "", "2018-12-31": "", "2018-09-30": "", "2018-06-30": "", "2018-03-31": "", "2017-12-31": "", "2017-09-30": "", "2017-06-30": "", "2017-03-31": "", "2016-12-31": "", "2016-09-30": "", "2016-06-30": "", "2016-03-31": "", "2015-12-31": "", "2015-09-30": "", "2015-06-30": "", "2015-03-31": "", "2014-12-31": "", "2014-09-30": "", "2014-06-30": "", "2014-03-31": "", "2013-12-31": "", "2013-09-30": "", "2013-06-30": "", "2013-03-31": "", "2012-12-31": "", "2012-09-30": "", "2012-06-30": "", "2012-03-31": "", "2011-12-31": "", "2011-09-30": "", "2011-06-30": "", "2011-03-31": "", "2010-12-31": "", "2010-09-30": "", "2010-06-30": "", "2010-03-31": "", "2009-12-31": "", "2009-09-30": "", "2009-06-30": "", "2009-03-31": "", "2008-12-31": "", "2008-09-30": "", "2008-06-30": "", "2008-03-31": "", "2007-12-31": "", "2007-09-30": "", "2007-06-30": "", "2007-03-31": "", "2006-12-31": "", "2006-06-30": "", "2006-03-31": ""}, "Pre-Tax Profit Margin": {"2020-09-30": "0.54170", "2020-06-30": "2.72960", "2020-03-31": "2.32260", "2019-12-31": "1.57060", "2019-09-30": "2.70260", "2019-06-30": "2.65890", "2019-03-31": "2.06560", "2018-12-31": "-0.16730", "2018-09-30": "-16.34540", "2018-06-30": "2.10320", "2018-03-31": "-2.75850", "2017-12-31": "1.57450", "2017-09-30": "2.26370", "2017-06-30": "3.25070", "2017-03-31": "1.81500", "2016-12-31": "2.07910", "2016-09-30": "-0.03330", "2016-06-30": "1.11820", "2016-03-31": "1.79810", "2015-12-31": "-0.02520", "2015-09-30": "0.90320", "2015-06-30": "-0.19150", "2015-03-31": "-1.22400", "2014-12-31": "-3.09390", "2014-09-30": "3.67960", "2014-06-30": "4.20540", "2014-03-31": "3.08200", "2013-12-31": "4.09580", "2013-09-30": "5.48130", "2013-06-30": "4.90420", "2013-03-31": "3.45470", "2012-12-31": "2.56190", "2012-09-30": "-9.99190", "2012-06-30": "4.35190", "2012-03-31": "3.30320", "2011-12-31": "3.35120", "2011-09-30": "5.89250", "2011-06-30": "4.78280", "2011-03-31": "4.07450", "2010-12-31": "4.26540", "2010-09-30": "5.50710", "2010-06-30": "5.58350", "2010-03-31": "5.17700", "2009-12-31": "4.47190", "2009-09-30": "4.75440", "2009-06-30": "4.81610", "2009-03-31": "4.37690", "2008-12-31": "4.17940", "2008-09-30": "4.69160", "2008-06-30": "4.53210", "2008-03-31": "4.75970", "2007-12-31": "4.13660", "2007-09-30": "3.70200", "2007-06-30": "3.22950", "2007-03-31": "2.95910", "2006-12-31": "4.11620", "2006-06-30": "2.14690", "2006-03-31": "2.03520"}, "Net Profit Margin": {"2020-09-30": "-6.44970", "2020-06-30": "2.80090", "2020-03-31": "-2.65350", "2019-12-31": "1.25490", "2019-09-30": "-13.49520", "2019-06-30": "2.49220", "2019-03-31": "2.28110", "2018-12-31": "1.53500", "2018-09-30": "-8.64540", "2018-06-30": "1.18320", "2018-03-31": "-2.49920", "2017-12-31": "2.26670", "2017-09-30": "1.82210", "2017-06-30": "2.22140", "2017-03-31": "2.31290", "2016-12-31": "1.08250", "2016-09-30": "0.16660", "2016-06-30": "1.52980", "2016-03-31": "0.95470", "2015-12-31": "-0.47390", "2015-09-30": "0.02240", "2015-06-30": "-0.37790", "2015-03-31": "0.00590", "2014-12-31": "-3.30070", "2014-09-30": "2.49850", "2014-06-30": "3.51800", "2014-03-31": "2.14680", "2013-12-31": "2.88640", "2013-09-30": "3.68280", "2013-06-30": "3.42230", "2013-03-31": "2.70460", "2012-12-31": "1.88910", "2012-09-30": "-10.79760", "2012-06-30": "3.31310", "2012-03-31": "2.43640", "2011-12-31": "2.36210", "2011-09-30": "4.12560", "2011-06-30": "3.60740", "2011-03-31": "2.98050", "2010-12-31": "2.93710", "2010-09-30": "3.70810", "2010-06-30": "3.96330", "2010-03-31": "3.65290", "2009-12-31": "3.09170", "2009-09-30": "3.32620", "2009-06-30": "3.31680", "2009-03-31": "2.89700", "2008-12-31": "2.81590", "2008-09-30": "2.66480", "2008-06-30": "2.90780", "2008-03-31": "3.07440", "2007-12-31": "2.72500", "2007-09-30": "2.63180", "2007-06-30": "2.19120", "2007-03-31": "1.94800", "2006-12-31": "2.71600", "2006-06-30": "1.45140", "2006-03-31": "1.30670"}, "Asset Turnover": {"2020-09-30": "0.27460", "2020-06-30": "0.24450", "2020-03-31": "0.24750", "2019-12-31": "0.21250", "2019-09-30": "0.24150", "2019-06-30": "0.22710", "2019-03-31": "0.23160", "2018-12-31": "0.22730", "2018-09-30": "-0.06620", "2018-06-30": "0.34950", "2018-03-31": "0.32780", "2017-12-31": "0.33580", "2017-09-30": "0.33730", "2017-06-30": "0.32970", "2017-03-31": "0.32450", "2016-12-31": "0.32260", "2016-09-30": "0.31620", "2016-06-30": "0.31770", "2016-03-31": "0.31320", "2015-12-31": "0.31770", "2015-09-30": "0.33710", "2015-06-30": "0.31960", "2015-03-31": "0.32150", "2014-12-31": "0.29540", "2014-09-30": "0.41850", "2014-06-30": "0.34210", "2014-03-31": "0.33160", "2013-12-31": "0.33470", "2013-09-30": "0.36700", "2013-06-30": "0.37320", "2013-03-31": "0.35000", "2012-12-31": "0.34730", "2012-09-30": "0.36770", "2012-06-30": "0.35730", "2012-03-31": "0.33440", "2011-12-31": "0.33850", "2011-09-30": "0.36590", "2011-06-30": "0.34770", "2011-03-31": "0.34180", "2010-12-31": "0.34450", "2010-09-30": "0.34880", "2010-06-30": "0.40880", "2010-03-31": "0.40650", "2009-12-31": "0.38630", "2009-09-30": "0.42940", "2009-06-30": "0.41260", "2009-03-31": "0.42090", "2008-12-31": "0.41090", "2008-09-30": "0.45300", "2008-06-30": "0.45230", "2008-03-31": "0.43080", "2007-12-31": "0.42680", "2007-09-30": "0.44720", "2007-06-30": "0.45160", "2007-03-31": "0.52200", "2006-12-31": "", "2006-06-30": "", "2006-03-31": ""}, "Inventory Turnover Ratio": {"2020-09-30": "", "2020-06-30": "", "2020-03-31": "", "2019-12-31": "", "2019-09-30": "", "2019-06-30": "", "2019-03-31": "", "2018-12-31": "", "2018-09-30": "", "2018-06-30": "", "2018-03-31": "", "2017-12-31": "", "2017-09-30": "", "2017-06-30": "", "2017-03-31": "", "2016-12-31": "", "2016-09-30": "", "2016-06-30": "", "2016-03-31": "", "2015-12-31": "", "2015-09-30": "", "2015-06-30": "", "2015-03-31": "", "2014-12-31": "", "2014-09-30": "", "2014-06-30": "", "2014-03-31": "", "2013-12-31": "", "2013-09-30": "", "2013-06-30": "", "2013-03-31": "", "2012-12-31": "", "2012-09-30": "", "2012-06-30": "", "2012-03-31": "", "2011-12-31": "", "2011-09-30": "", "2011-06-30": "", "2011-03-31": "", "2010-12-31": "", "2010-09-30": "", "2010-06-30": "", "2010-03-31": "", "2009-12-31": "", "2009-09-30": "", "2009-06-30": "", "2009-03-31": "", "2008-12-31": "", "2008-09-30": "", "2008-06-30": "", "2008-03-31": "", "2007-12-31": "", "2007-09-30": "", "2007-06-30": "", "2007-03-31": "", "2006-12-31": "", "2006-06-30": "", "2006-03-31": ""}, "Receiveable Turnover": {"2020-09-30": "1.23000", "2020-06-30": "1.11270", "2020-03-31": "1.10010", "2019-12-31": "1.11740", "2019-09-30": "1.20390", "2019-06-30": "0.98360", "2019-03-31": "1.02180", "2018-12-31": "0.98490", "2018-09-30": "-0.28280", "2018-06-30": "0.93140", "2018-03-31": "0.90540", "2017-12-31": "0.91760", "2017-09-30": "0.93700", "2017-06-30": "0.94990", "2017-03-31": "0.93170", "2016-12-31": "0.95170", "2016-09-30": "0.94420", "2016-06-30": "0.93980", "2016-03-31": "0.90430", "2015-12-31": "0.88570", "2015-09-30": "0.95960", "2015-06-30": "0.89480", "2015-03-31": "0.92350", "2014-12-31": "0.85990", "2014-09-30": "0.96460", "2014-06-30": "0.80630", "2014-03-31": "0.79770", "2013-12-31": "0.80730", "2013-09-30": "0.88760", "2013-06-30": "0.88310", "2013-03-31": "0.84870", "2012-12-31": "0.80890", "2012-09-30": "0.86940", "2012-06-30": "0.83930", "2012-03-31": "0.77800", "2011-12-31": "0.79000", "2011-09-30": "0.87330", "2011-06-30": "0.79300", "2011-03-31": "0.79580", "2010-12-31": "0.79470", "2010-09-30": "0.84260", "2010-06-30": "0.85940", "2010-03-31": "0.82080", "2009-12-31": "0.82530", "2009-09-30": "0.93910", "2009-06-30": "0.91490", "2009-03-31": "0.90490", "2008-12-31": "0.88190", "2008-09-30": "0.99380", "2008-06-30": "0.94010", "2008-03-31": "0.87190", "2007-12-31": "0.92480", "2007-09-30": "1.02080", "2007-06-30": "1.04680", "2007-03-31": "1.04190", "2006-12-31": "", "2006-06-30": "", "2006-03-31": ""}, "Days Sales In Receivables": {"2020-09-30": "73.16920", "2020-06-30": "80.88270", "2020-03-31": "81.80960", "2019-12-31": "80.54400", "2019-09-30": "74.75420", "2019-06-30": "91.49890", "2019-03-31": "88.07680", "2018-12-31": "91.37970", "2018-09-30": "-318.23900", "2018-06-30": "96.63270", "2018-03-31": "99.40160", "2017-12-31": "98.08380", "2017-09-30": "96.05550", "2017-06-30": "94.75000", "2017-03-31": "96.60000", "2016-12-31": "94.56980", "2016-09-30": "95.31760", "2016-06-30": "95.76760", "2016-03-31": "99.51990", "2015-12-31": "101.61710", "2015-09-30": "93.79110", "2015-06-30": "100.57790", "2015-03-31": "97.45690", "2014-12-31": "104.66380", "2014-09-30": "93.30100", "2014-06-30": "111.61650", "2014-03-31": "112.83010", "2013-12-31": "111.48220", "2013-09-30": "101.39240", "2013-06-30": "101.91250", "2013-03-31": "106.04610", "2012-12-31": "111.25790", "2012-09-30": "103.52310", "2012-06-30": "107.23020", "2012-03-31": "115.67880", "2011-12-31": "113.91950", "2011-09-30": "103.06100", "2011-06-30": "113.49650", "2011-03-31": "113.08810", "2010-12-31": "113.25250", "2010-09-30": "106.80890", "2010-06-30": "104.72040", "2010-03-31": "109.64390", "2009-12-31": "109.05240", "2009-09-30": "95.83240", "2009-06-30": "98.36840", "2009-03-31": "99.45860", "2008-12-31": "102.05280", "2008-09-30": "90.55830", "2008-06-30": "95.73470", "2008-03-31": "103.22570", "2007-12-31": "97.31470", "2007-09-30": "88.16880", "2007-06-30": "85.97350", "2007-03-31": "86.37660", "2006-12-31": "", "2006-06-30": "", "2006-03-31": ""}, "ROE - Return On Equity": {"2020-09-30": "0.11440", "2020-06-30": "2.42540", "2020-03-31": "1.46730", "2019-12-31": "0.90460", "2019-09-30": "2.00910", "2019-06-30": "1.38170", "2019-03-31": "1.32590", "2018-12-31": "0.86860", "2018-09-30": "2.89600", "2018-06-30": "1.76380", "2018-03-31": "-2.52670", "2017-12-31": "2.87280", "2017-09-30": "2.46240", "2017-06-30": "3.47450", "2017-03-31": "3.10710", "2016-12-31": "1.84780", "2016-09-30": "0.36280", "2016-06-30": "2.24500", "2016-03-31": "1.81730", "2015-12-31": "-0.01150", "2015-09-30": "0.72920", "2015-06-30": "-0.00660", "2015-03-31": "0.55370", "2014-12-31": "-3.07520", "2014-09-30": "2.84420", "2014-06-30": "3.02570", "2014-03-31": "1.94010", "2013-12-31": "2.66330", "2013-09-30": "3.77160", "2013-06-30": "3.48770", "2013-03-31": "2.61760", "2012-12-31": "1.84720", "2012-09-30": "-10.10880", "2012-06-30": "2.78110", "2012-03-31": "1.99400", "2011-12-31": "1.95730", "2011-09-30": "3.69150", "2011-06-30": "2.91500", "2011-03-31": "2.44900", "2010-12-31": "2.71180", "2010-09-30": "3.23570", "2010-06-30": "3.40930", "2010-03-31": "3.16990", "2009-12-31": "2.66050", "2009-09-30": "3.27950", "2009-06-30": "3.18800", "2009-03-31": "3.04310", "2008-12-31": "3.03410", "2008-09-30": "3.95230", "2008-06-30": "2.65920", "2008-03-31": "2.58840", "2007-12-31": "2.23100", "2007-09-30": "2.30800", "2007-06-30": "1.89070", "2007-03-31": "-7.10930", "2006-12-31": "", "2006-06-30": "", "2006-03-31": ""}, "Return On Tangible Equity": {"2020-09-30": "-2.64580", "2020-06-30": "27.94270", "2020-03-31": "41.05810", "2019-12-31": "12.78760", "2019-09-30": "24.26220", "2019-06-30": "-3.73260", "2019-03-31": "-3.25440", "2018-12-31": "-1.90330", "2018-09-30": "-6.31300", "2018-06-30": "-3.73640", "2018-03-31": "5.26620", "2017-12-31": "-5.98720", "2017-09-30": "-4.73190", "2017-06-30": "-5.82890", "2017-03-31": "-4.62650", "2016-12-31": "-2.45960", "2016-09-30": "-0.46850", "2016-06-30": "-3.28960", "2016-03-31": "-2.50920", "2015-12-31": "0.01430", "2015-09-30": "-0.92930", "2015-06-30": "0.00880", "2015-03-31": "-0.73610", "2014-12-31": "4.38700", "2014-09-30": "26.39200", "2014-06-30": "23.00110", "2014-03-31": "20.15280", "2013-12-31": "40.43090", "2013-09-30": "43.65570", "2013-06-30": "45.31450", "2013-03-31": "28.74840", "2012-12-31": "20.24810", "2012-09-30": "-63.85340", "2012-06-30": "23.27450", "2012-03-31": "19.38160", "2011-12-31": "18.43980", "2011-09-30": "46.61640", "2011-06-30": "25.73190", "2011-03-31": "23.20540", "2010-12-31": "43.15840", "2010-09-30": "20.38310", "2010-06-30": "8.53190", "2010-03-31": "8.14970", "2009-12-31": "7.40470", "2009-09-30": "9.12680", "2009-06-30": "9.53750", "2009-03-31": "9.23810", "2008-12-31": "10.61950", "2008-09-30": "14.26200", "2008-06-30": "6.15990", "2008-03-31": "5.27260", "2007-12-31": "4.43920", "2007-09-30": "4.48530", "2007-06-30": "3.44650", "2007-03-31": "-2.41760", "2006-12-31": "", "2006-06-30": "", "2006-03-31": ""}, "ROA - Return On Assets": {"2020-09-30": "0.03000", "2020-06-30": "0.72250", "2020-03-31": "0.41010", "2019-12-31": "0.22930", "2019-09-30": "0.53840", "2019-06-30": "0.42000", "2019-03-31": "0.39540", "2018-12-31": "0.25000", "2018-09-30": "0.84400", "2018-06-30": "0.51020", "2018-03-31": "-0.73720", "2017-12-31": "0.85080", "2017-09-30": "0.72090", "2017-06-30": "0.98350", "2017-03-31": "0.84920", "2016-12-31": "0.48690", "2016-09-30": "0.09430", "2016-06-30": "0.60810", "2016-03-31": "0.47600", "2015-12-31": "-0.00300", "2015-09-30": "0.18890", "2015-06-30": "-0.00170", "2015-03-31": "0.14700", "2014-12-31": "-0.82840", "2014-09-30": "1.05550", "2014-06-30": "1.20080", "2014-03-31": "0.75280", "2013-12-31": "0.96860", "2013-09-30": "1.38070", "2013-06-30": "1.28560", "2013-03-31": "0.96350", "2012-12-31": "0.67110", "2012-09-30": "-3.96970", "2012-06-30": "1.19130", "2012-03-31": "0.82580", "2011-12-31": "0.80780", "2011-09-30": "1.52720", "2011-06-30": "1.25590", "2011-03-31": "1.05310", "2010-12-31": "1.10470", "2010-09-30": "1.31960", "2010-06-30": "1.71590", "2010-03-31": "1.56990", "2009-12-31": "1.29790", "2009-09-30": "1.51600", "2009-06-30": "1.42010", "2009-03-31": "1.32430", "2008-12-31": "1.22340", "2008-09-30": "1.56100", "2008-06-30": "1.31650", "2008-03-31": "1.32610", "2007-12-31": "1.16520", "2007-09-30": "1.17960", "2007-06-30": "0.99240", "2007-03-31": "1.02100", "2006-12-31": "", "2006-06-30": "", "2006-03-31": ""}, "ROI - Return On Investment": {"2020-09-30": "0.07160", "2020-06-30": "1.58830", "2020-03-31": "0.93620", "2019-12-31": "0.48370", "2019-09-30": "1.10070", "2019-06-30": "0.76240", "2019-03-31": "0.71690", "2018-12-31": "0.46090", "2018-09-30": "1.59620", "2018-06-30": "0.94310", "2018-03-31": "-1.33370", "2017-12-31": "1.54170", "2017-09-30": "1.31090", "2017-06-30": "1.77410", "2017-03-31": "1.52840", "2016-12-31": "0.89970", "2016-09-30": "0.17760", "2016-06-30": "1.09600", "2016-03-31": "0.85440", "2015-12-31": "-0.00510", "2015-09-30": "0.32780", "2015-06-30": "-0.00300", "2015-03-31": "0.24490", "2014-12-31": "-1.37050", "2014-09-30": "2.01230", "2014-06-30": "2.11910", "2014-03-31": "1.32830", "2013-12-31": "1.74700", "2013-09-30": "2.47310", "2013-06-30": "2.24150", "2013-03-31": "1.70320", "2012-12-31": "1.24450", "2012-09-30": "-7.18050", "2012-06-30": "2.01750", "2012-03-31": "1.35580", "2011-12-31": "1.31170", "2011-09-30": "2.49770", "2011-06-30": "1.99730", "2011-03-31": "1.67290", "2010-12-31": "1.78550", "2010-09-30": "2.26610", "2010-06-30": "3.13510", "2010-03-31": "2.90150", "2009-12-31": "2.47210", "2009-09-30": "3.02950", "2009-06-30": "2.81050", "2009-03-31": "2.58030", "2008-12-31": "2.41570", "2008-09-30": "3.13790", "2008-06-30": "2.55060", "2008-03-31": "2.52310", "2007-12-31": "2.17440", "2007-09-30": "2.23070", "2007-06-30": "1.80420", "2007-03-31": "-14.61370", "2006-12-31": "", "2006-06-30": "", "2006-03-31": ""}, "Book Value Per Share": {"2020-09-30": "21.73610", "2020-06-30": "24.25430", "2020-03-31": "23.06690", "2019-12-31": "24.39690", "2019-09-30": "24.76050", "2019-06-30": "28.52360", "2019-03-31": "27.93260", "2018-12-31": "27.07840", "2018-09-30": "27.25370", "2018-06-30": "26.51090", "2018-03-31": "26.61440", "2017-12-31": "27.21500", "2017-09-30": "26.75500", "2017-06-30": "25.10810", "2017-03-31": "23.97100", "2016-12-31": "22.94580", "2016-09-30": "23.08290", "2016-06-30": "24.48460", "2016-03-31": "23.96360", "2015-12-31": "23.08180", "2015-09-30": "24.00410", "2015-06-30": "24.81250", "2015-03-31": "24.80080", "2014-12-31": "25.64190", "2014-09-30": "23.49640", "2014-06-30": "23.68610", "2014-03-31": "22.76940", "2013-12-31": "22.16470", "2013-09-30": "21.60160", "2013-06-30": "20.91690", "2013-03-31": "21.05960", "2012-12-31": "20.90570", "2012-09-30": "20.78160", "2012-06-30": "22.84960", "2012-03-31": "22.47040", "2011-12-31": "21.72880", "2011-09-30": "21.14950", "2011-06-30": "21.56220", "2011-03-31": "20.74360", "2010-12-31": "19.62120", "2010-09-30": "18.54430", "2010-06-30": "17.71520", "2010-03-31": "17.25240", "2009-12-31": "16.63070", "2009-09-30": "15.82110", "2009-06-30": "15.20310", "2009-03-31": "14.32340", "2008-12-31": "13.71430", "2008-09-30": "13.81780", "2008-06-30": "14.16040", "2008-03-31": "13.71070", "2007-12-31": "13.29410", "2007-09-30": "12.90590", "2007-06-30": "13.07390", "2007-03-31": "-5.18920", "2006-12-31": "", "2006-06-30": "", "2006-03-31": ""}, "Operating Cash Flow Per Share": {"2020-09-30": 4.0193, "2020-06-30": 1.1724, "2020-03-31": -1.8601, "2019-12-31": "-1.28800", "2019-09-30": 4.9704, "2019-06-30": 0.486, "2019-03-31": 0.6688, "2018-12-31": "-1.25550", "2018-09-30": 3.2867, "2018-06-30": 0.4158, "2018-03-31": 0.7471, "2017-12-31": "0.32390", "2017-09-30": 1.5736, "2017-06-30": 2.6062, "2017-03-31": -0.2926, "2016-12-31": "0.49060", "2016-09-30": 2.3271, "2016-06-30": 1.6594, "2016-03-31": 0.7219, "2015-12-31": "0.50810", "2015-09-30": 1.9033, "2015-06-30": 1.0299, "2015-03-31": 0.1845, "2014-12-31": "1.99200", "2014-09-30": 1.7786, "2014-06-30": 0.7988, "2014-03-31": -0.3299, "2013-12-31": "1.40780", "2013-09-30": 1.5424, "2013-06-30": 0.9489, "2013-03-31": 0.8811, "2012-12-31": "0.63570", "2012-09-30": 2.0059, "2012-06-30": 1.8239, "2012-03-31": 0.0998, "2011-12-31": "-0.05610", "2011-09-30": 2.2098, "2011-06-30": 0.1404, "2011-03-31": 0.2709, "2010-12-31": "-1.50560", "2010-09-30": 0.9955, "2010-06-30": 1.1301, "2010-03-31": -0.4497, "2009-12-31": "-0.30200", "2009-09-30": 1.1168, "2009-06-30": 0.8314, "2009-03-31": 0.2079, "2008-12-31": "-0.07200", "2008-09-30": 0.7413, "2008-06-30": 0.8483, "2008-03-31": 0.3783, "2007-12-31": "-0.34670", "2007-09-30": 1.3493, "2007-06-30": -0.4682, "2007-03-31": 0.1367, "2006-12-31": "0.55250", "2006-06-30": 0.7567, "2006-03-31": -0.0232}, "Free Cash Flow Per Share": {"2020-09-30": 3.8314, "2020-06-30": 0.9507, "2020-03-31": -1.9442, "2019-12-31": "-1.48120", "2019-09-30": 4.8808, "2019-06-30": 0.3341, "2019-03-31": 0.5254, "2018-12-31": "-1.39270", "2018-09-30": 3.1534, "2018-06-30": 0.2783, "2018-03-31": 0.597, "2017-12-31": "0.20940", "2017-09-30": 1.4489, "2017-06-30": 2.4817, "2017-03-31": -0.4034, "2016-12-31": "0.35750", "2016-09-30": 2.0901, "2016-06-30": 1.2199, "2016-03-31": 0.5276, "2015-12-31": "0.50260", "2015-09-30": 1.8298, "2015-06-30": 1.0031, "2015-03-31": -0.0026, "2014-12-31": "1.81530", "2014-09-30": 1.6426, "2014-06-30": 0.6351, "2014-03-31": -0.4544, "2013-12-31": "1.19500", "2013-09-30": 1.399, "2013-06-30": 0.8263, "2013-03-31": 0.7584, "2012-12-31": "0.51320", "2012-09-30": 1.8753, "2012-06-30": 1.6743, "2012-03-31": -0.0225, "2011-12-31": "-0.21560", "2011-09-30": 1.9485, "2011-06-30": 0.0141, "2011-03-31": 0.134, "2010-12-31": "-1.64010", "2010-09-30": 0.7066, "2010-06-30": 1.0646, "2010-03-31": -0.5617, "2009-12-31": "-0.42880", "2009-09-30": 0.8731, "2009-06-30": 0.8026, "2009-03-31": 0.086, "2008-12-31": "-0.25120", "2008-09-30": 0.5349, "2008-06-30": 0.6219, "2008-03-31": 0.2541, "2007-12-31": "-0.45260", "2007-09-30": 1.2163, "2007-06-30": -0.587, "2007-03-31": 0.0253, "2006-12-31": "0.42480", "2006-06-30": 0.9308, "2006-03-31": -0.2052}}, "revenue": {"AECOM Annual Revenue (Millions of US $)": {"2020": "$13,240", "2019": "$13,642", "2018": "$13,878", "2017": "$18,203", "2016": "$17,411", "2015": "$17,990", "2014": "$8,357", "2013": "$8,153", "2012": "$8,218", "2011": "$8,037", "2010": "$6,546", "2009": "$6,119", "2008": "$5,195", "2007": "$4,237", "2006": "$3,421", "2005": "$2,395"}, "AECOM Quarterly Revenue (Millions of US $)": {"2020-09-30": "$3,569", "2020-06-30": "$3,190", "2020-03-31": "$3,246", "2019-12-31": "$3,236", "2019-09-30": "$3,513", "2019-06-30": "$3,360", "2019-03-31": "$3,413", "2018-12-31": "$3,356", "2018-09-30": "$-971", "2018-06-30": "$5,148", "2018-03-31": "$4,791", "2017-12-31": "$4,911", "2017-09-30": "$4,856", "2017-06-30": "$4,561", "2017-03-31": "$4,427", "2016-12-31": "$4,358", "2016-09-30": "$4,323", "2016-06-30": "$4,409", "2016-03-31": "$4,381", "2015-12-31": "$4,298", "2015-09-30": "$4,724", "2015-06-30": "$4,550", "2015-03-31": "$4,506", "2014-12-31": "$4,210", "2014-09-30": "$2,563", "2014-06-30": "$1,968", "2014-03-31": "$1,872", "2013-12-31": "$1,954", "2013-09-30": "$2,079", "2013-06-30": "$2,067", "2013-03-31": "$1,990", "2012-12-31": "$2,017", "2012-09-30": "$2,083", "2012-06-30": "$2,095", "2012-03-31": "$2,011", "2011-12-31": "$2,029", "2011-09-30": "$2,118", "2011-06-30": "$2,047", "2011-03-31": "$1,936", "2010-12-31": "$1,936", "2010-09-30": "$1,829", "2010-06-30": "$1,635", "2010-03-31": "$1,601", "2009-12-31": "$1,481", "2009-09-30": "$1,627", "2009-06-30": "$1,541", "2009-03-31": "$1,498", "2008-12-31": "$1,453", "2008-09-30": "$1,629", "2008-06-30": "$1,321", "2008-03-31": "$1,164", "2007-12-31": "$1,080", "2007-09-30": "$1,114", "2007-06-30": "$1,101", "2007-03-31": "$1,084", "2006-12-31": "$939", "2006-06-30": "$911", "2006-03-31": "$859"}}, "gross-profit": {"AECOM Annual Gross Profit (Millions of US $)": {"2020": "$710", "2019": "$612", "2018": "$479", "2017": "$684", "2016": "$643", "2015": "$535", "2014": "$403", "2013": "$450", "2012": "$422", "2011": "$467", "2010": "$430", "2009": "$351", "2008": "$287", "2007": "$198", "2006": "$143", "2005": "$677"}, "AECOM Quarterly Gross Profit (Millions of US $)": {"2020-09-30": "$190", "2020-06-30": "$185", "2020-03-31": "$169", "2019-12-31": "$166", "2019-09-30": "$190", "2019-06-30": "$154", "2019-03-31": "$145", "2018-12-31": "$123", "2018-09-30": "$16", "2018-06-30": "$185", "2018-03-31": "$141", "2017-12-31": "$136", "2017-09-30": "$170", "2017-06-30": "$175", "2017-03-31": "$168", "2016-12-31": "$170", "2016-09-30": "$147", "2016-06-30": "$171", "2016-03-31": "$183", "2015-12-31": "$141", "2015-09-30": "$171", "2015-06-30": "$127", "2015-03-31": "$103", "2014-12-31": "$135", "2014-09-30": "$129", "2014-06-30": "$109", "2014-03-31": "$87", "2013-12-31": "$78", "2013-09-30": "$140", "2013-06-30": "$132", "2013-03-31": "$100", "2012-12-31": "$78", "2012-09-30": "$144", "2012-06-30": "$111", "2012-03-31": "$76", "2011-12-31": "$90", "2011-09-30": "$140", "2011-06-30": "$121", "2011-03-31": "$100", "2010-12-31": "$105", "2010-09-30": "$124", "2010-06-30": "$115", "2010-03-31": "$108", "2009-12-31": "$83", "2009-09-30": "$95", "2009-06-30": "$88", "2009-03-31": "$88", "2008-12-31": "$81", "2008-09-30": "$86", "2008-06-30": "$76", "2008-03-31": "$71", "2007-12-31": "$54", "2007-09-30": "$-646", "2007-06-30": "$312", "2007-03-31": "$284", "2006-12-31": "$248", "2006-06-30": "$233", "2006-03-31": "$229"}}, "operating-income": {"AECOM Annual Operating Income (Millions of US $)": {"2020": "$381", "2019": "$396", "2018": "$393", "2017": "$654", "2016": "$376", "2015": "$129", "2014": "$353", "2013": "$377", "2012": "$54", "2011": "$421", "2010": "$341", "2009": "$287", "2008": "$239", "2007": "$156", "2006": "$103", "2005": "$98"}, "AECOM Quarterly Operating Income (Millions of US $)": {"2020-09-30": "$65", "2020-06-30": "$119", "2020-03-31": "$110", "2019-12-31": "$87", "2019-09-30": "$132", "2019-06-30": "$126", "2019-03-31": "$108", "2018-12-31": "$31", "2018-09-30": "$145", "2018-06-30": "$161", "2018-03-31": "$-44", "2017-12-31": "$131", "2017-09-30": "$162", "2017-06-30": "$208", "2017-03-31": "$141", "2016-12-31": "$143", "2016-09-30": "$69", "2016-06-30": "$110", "2016-03-31": "$141", "2015-12-31": "$55", "2015-09-30": "$95", "2015-06-30": "$41", "2015-03-31": "$7", "2014-12-31": "$-14", "2014-09-30": "$103", "2014-06-30": "$92", "2014-03-31": "$68", "2013-12-31": "$90", "2013-09-30": "$123", "2013-06-30": "$112", "2013-03-31": "$80", "2012-12-31": "$62", "2012-09-30": "$-199", "2012-06-30": "$103", "2012-03-31": "$73", "2011-12-31": "$77", "2011-09-30": "$134", "2011-06-30": "$110", "2011-03-31": "$87", "2010-12-31": "$90", "2010-09-30": "$99", "2010-06-30": "$93", "2010-03-31": "$83", "2009-12-31": "$65", "2009-09-30": "$75", "2009-06-30": "$74", "2009-03-31": "$69", "2008-12-31": "$69", "2008-09-30": "$71", "2008-06-30": "$64", "2008-03-31": "$59", "2007-12-31": "$45", "2007-09-30": "$42", "2007-06-30": "$46", "2007-03-31": "$38", "2006-12-31": "$30", "2006-06-30": "$25", "2006-03-31": "$25"}}, "ebitda": {"AECOM Annual EBITDA (Millions of US $)": {"2020": "$619", "2019": "$657", "2018": "$660", "2017": "$932", "2016": "$774", "2015": "$728", "2014": "$448", "2013": "$471", "2012": "$157", "2011": "$532", "2010": "$420", "2009": "$371", "2008": "$301", "2007": "$201", "2006": "$143", "2005": "$118"}, "AECOM Quarterly EBITDA (Millions of US $)": {"2020-09-30": "$121", "2020-06-30": "$175", "2020-03-31": "$178", "2019-12-31": "$145", "2019-09-30": "$199", "2019-06-30": "$190", "2019-03-31": "$174", "2018-12-31": "$94", "2018-09-30": "$212", "2018-06-30": "$227", "2018-03-31": "$27", "2017-12-31": "$194", "2017-09-30": "$235", "2017-06-30": "$275", "2017-03-31": "$213", "2016-12-31": "$210", "2016-09-30": "$152", "2016-06-30": "$208", "2016-03-31": "$248", "2015-12-31": "$166", "2015-09-30": "$243", "2015-06-30": "$176", "2015-03-31": "$167", "2014-12-31": "$142", "2014-09-30": "$127", "2014-06-30": "$116", "2014-03-31": "$92", "2013-12-31": "$113", "2013-09-30": "$146", "2013-06-30": "$135", "2013-03-31": "$104", "2012-12-31": "$86", "2012-09-30": "$-173", "2012-06-30": "$129", "2012-03-31": "$98", "2011-12-31": "$102", "2011-09-30": "$159", "2011-06-30": "$138", "2011-03-31": "$115", "2010-12-31": "$120", "2010-09-30": "$120", "2010-06-30": "$110", "2010-03-31": "$102", "2009-12-31": "$88", "2009-09-30": "$99", "2009-06-30": "$95", "2009-03-31": "$89", "2008-12-31": "$88", "2008-09-30": "$94", "2008-06-30": "$83", "2008-03-31": "$69", "2007-12-31": "$56", "2007-09-30": "$56", "2007-06-30": "$58", "2007-03-31": "$50", "2006-12-31": "$37", "2006-06-30": "$36", "2006-03-31": "$25"}}, "net-income": {"AECOM Annual Net Income (Millions of US $)": {"2020": "$-186", "2019": "$-261", "2018": "$136", "2017": "$339", "2016": "$96", "2015": "$-155", "2014": "$230", "2013": "$239", "2012": "$-59", "2011": "$276", "2010": "$237", "2009": "$190", "2008": "$147", "2007": "$100", "2006": "$51", "2005": "$48"}, "AECOM Quarterly Net Income (Millions of US $)": {"2020-09-30": "$-230", "2020-06-30": "$89", "2020-03-31": "$-86", "2019-12-31": "$41", "2019-09-30": "$-474", "2019-06-30": "$84", "2019-03-31": "$78", "2018-12-31": "$52", "2018-09-30": "$84", "2018-06-30": "$61", "2018-03-31": "$-120", "2017-12-31": "$111", "2017-09-30": "$88", "2017-06-30": "$101", "2017-03-31": "$102", "2016-12-31": "$47", "2016-09-30": "$7", "2016-06-30": "$67", "2016-03-31": "$42", "2015-12-31": "$-20", "2015-09-30": "$1", "2015-06-30": "$-17", "2015-03-31": "$0", "2014-12-31": "$-139", "2014-09-30": "$64", "2014-06-30": "$69", "2014-03-31": "$40", "2013-12-31": "$56", "2013-09-30": "$77", "2013-06-30": "$71", "2013-03-31": "$54", "2012-12-31": "$38", "2012-09-30": "$-225", "2012-06-30": "$69", "2012-03-31": "$49", "2011-12-31": "$48", "2011-09-30": "$87", "2011-06-30": "$74", "2011-03-31": "$58", "2010-12-31": "$57", "2010-09-30": "$68", "2010-06-30": "$65", "2010-03-31": "$58", "2009-12-31": "$46", "2009-09-30": "$54", "2009-06-30": "$51", "2009-03-31": "$43", "2008-12-31": "$41", "2008-09-30": "$43", "2008-06-30": "$38", "2008-03-31": "$36", "2007-12-31": "$29", "2007-09-30": "$29", "2007-06-30": "$24", "2007-03-31": "$21", "2006-12-31": "$25", "2006-06-30": "$13", "2006-03-31": "$11"}}, "eps-earnings-per-share-diluted": {"AECOM Annual EPS": {"2020": "$-1.16", "2019": "$-1.63", "2018": "$0.84", "2017": "$2.13", "2016": "$0.62", "2015": "$-1.04", "2014": "$2.33", "2013": "$2.35", "2012": "$-0.52", "2011": "$2.33", "2010": "$2.05", "2009": "$1.73", "2008": "$1.41", "2007": "$1.15", "2006": "$0.74", "2005": "$0.84"}, "AECOM Quarterly EPS": {"2020-09-30": "$-1.42", "2020-06-30": "$0.55", "2020-03-31": "$-0.54", "2019-12-31": "$0.25", "2019-09-30": "$-2.96", "2019-06-30": "$0.52", "2019-03-31": "$0.49", "2018-12-31": "$0.32", "2018-09-30": "$0.53", "2018-06-30": "$0.37", "2018-03-31": "$-0.75", "2017-12-31": "$0.69", "2017-09-30": "$0.54", "2017-06-30": "$0.64", "2017-03-31": "$0.65", "2016-12-31": "$0.30", "2016-09-30": "$0.05", "2016-06-30": "$0.43", "2016-03-31": "$0.27", "2015-12-31": "$-0.13", "2015-09-30": "$0.05", "2015-06-30": "$-0.11", "2015-03-31": "$0.00", "2014-12-31": "$-0.98", "2014-09-30": "$0.64", "2014-06-30": "$0.70", "2014-03-31": "$0.41", "2013-12-31": "$0.58", "2013-09-30": "$0.76", "2013-06-30": "$0.70", "2013-03-31": "$0.53", "2012-12-31": "$0.36", "2012-09-30": "$-2.00", "2012-06-30": "$0.63", "2012-03-31": "$0.43", "2011-12-31": "$0.42", "2011-09-30": "$0.74", "2011-06-30": "$0.62", "2011-03-31": "$0.49", "2010-12-31": "$0.48", "2010-09-30": "$0.58", "2010-06-30": "$0.56", "2010-03-31": "$0.51", "2009-12-31": "$0.40", "2009-09-30": "$0.49", "2009-06-30": "$0.46", "2009-03-31": "$0.40", "2008-12-31": "$0.38", "2008-09-30": "$0.40", "2008-06-30": "$0.37", "2008-03-31": "$0.35", "2007-12-31": "$0.29", "2007-09-30": "$0.30", "2007-06-30": "$0.26", "2007-03-31": "$0.27", "2006-12-31": "$0.32", "2006-06-30": "$0.18", "2006-03-31": "$0.17"}}, "shares-outstanding": {"AECOM Annual Shares Outstanding (Millions of Shares)": {"2020": "161", "2019": "160", "2018": "162", "2017": "159", "2016": "156", "2015": "150", "2014": "99", "2013": "102", "2012": "112", "2011": "118", "2010": "115", "2009": "110", "2008": "104", "2007": "88", "2006": "73", "2005": "64"}, "AECOM Quarterly Shares Outstanding (Millions of Shares)": {"2020-09-30": "161", "2020-06-30": "162", "2020-03-31": "161", "2019-12-31": "161", "2019-09-30": "160", "2019-06-30": "160", "2019-03-31": "158", "2018-12-31": "160", "2018-09-30": "162", "2018-06-30": "163", "2018-03-31": "159", "2017-12-31": "162", "2017-09-30": "159", "2017-06-30": "159", "2017-03-31": "159", "2016-12-31": "158", "2016-09-30": "156", "2016-06-30": "156", "2016-03-31": "155", "2015-12-31": "154", "2015-09-30": "150", "2015-06-30": "152", "2015-03-31": "153", "2014-12-31": "142", "2014-09-30": "99", "2014-06-30": "99", "2014-03-31": "98", "2013-12-31": "98", "2013-09-30": "102", "2013-06-30": "101", "2013-03-31": "100", "2012-12-31": "106", "2012-09-30": "112", "2012-06-30": "111", "2012-03-31": "114", "2011-12-31": "115", "2011-09-30": "118", "2011-06-30": "119", "2011-03-31": "118", "2010-12-31": "119", "2010-09-30": "115", "2010-06-30": "116", "2010-03-31": "115", "2009-12-31": "114", "2009-09-30": "110", "2009-06-30": "112", "2009-03-31": "108", "2008-12-31": "107", "2008-09-30": "104", "2008-06-30": "105", "2008-03-31": "103", "2007-12-31": "103", "2007-09-30": "88", "2007-06-30": "92", "2007-03-31": "78", "2006-12-31": "79", "2006-06-30": "74", "2006-03-31": "70"}}, "total-assets": {"AECOM Annual Total Assets (Millions of US $)": {"2020": "$12,999", "2019": "$14,551", "2018": "$14,681", "2017": "$14,397", "2016": "$13,670", "2015": "$14,014", "2014": "$6,123", "2013": "$5,666", "2012": "$5,665", "2011": "$5,789", "2010": "$5,243", "2009": "$3,790", "2008": "$3,596", "2007": "$2,492", "2006": "$1,826", "2005": "$0"}, "AECOM Quarterly Total Assets (Millions of US $)": {"2020-09-30": "$12,999", "2020-06-30": "$13,045", "2020-03-31": "$13,115", "2019-12-31": "$15,229", "2019-09-30": "$14,551", "2019-06-30": "$14,795", "2019-03-31": "$14,737", "2018-12-31": "$14,768", "2018-09-30": "$14,681", "2018-06-30": "$14,727", "2018-03-31": "$14,617", "2017-12-31": "$14,623", "2017-09-30": "$14,397", "2017-06-30": "$13,836", "2017-03-31": "$13,641", "2016-12-31": "$13,509", "2016-09-30": "$13,670", "2016-06-30": "$13,878", "2016-03-31": "$13,989", "2015-12-31": "$13,529", "2015-09-30": "$14,014", "2015-06-30": "$14,236", "2015-03-31": "$14,016", "2014-12-31": "$14,253", "2014-09-30": "$6,123", "2014-06-30": "$5,754", "2014-03-31": "$5,645", "2013-12-31": "$5,837", "2013-09-30": "$5,666", "2013-06-30": "$5,539", "2013-03-31": "$5,685", "2012-12-31": "$5,808", "2012-09-30": "$5,665", "2012-06-30": "$5,864", "2012-03-31": "$6,013", "2011-12-31": "$5,995", "2011-09-30": "$5,789", "2011-06-30": "$5,887", "2011-03-31": "$5,665", "2010-12-31": "$5,620", "2010-09-30": "$5,243", "2010-06-30": "$4,000", "2010-03-31": "$3,939", "2009-12-31": "$3,834", "2009-09-30": "$3,790", "2009-06-30": "$3,735", "2009-03-31": "$3,559", "2008-12-31": "$3,535", "2008-09-30": "$3,596", "2008-06-30": "$2,921", "2008-03-31": "$2,702", "2007-12-31": "$2,531", "2007-09-30": "$2,492", "2007-06-30": "$2,437", "2007-03-31": "$2,076", "2006-12-31": "$0", "2006-06-30": "$0", "2006-03-31": "$0"}}, "cash-on-hand": {"AECOM Annual Cash on Hand (Millions of US $)": {"2020": "$1,708", "2019": "$886", "2018": "$887", "2017": "$802", "2016": "$692", "2015": "$684", "2014": "$574", "2013": "$601", "2012": "$594", "2011": "$457", "2010": "$613", "2009": "$291", "2008": "$279", "2007": "$418", "2006": "$128", "2005": "$"}, "AECOM Quarterly Cash on Hand (Millions of US $)": {"2020-09-30": "$1,708", "2020-06-30": "$1,331", "2020-03-31": "$1,135", "2019-12-31": "$725", "2019-09-30": "$886", "2019-06-30": "$794", "2019-03-31": "$827", "2018-12-31": "$838", "2018-09-30": "$887", "2018-06-30": "$801", "2018-03-31": "$867", "2017-12-31": "$813", "2017-09-30": "$802", "2017-06-30": "$812", "2017-03-31": "$726", "2016-12-31": "$698", "2016-09-30": "$692", "2016-06-30": "$628", "2016-03-31": "$670", "2015-12-31": "$658", "2015-09-30": "$684", "2015-06-30": "$606", "2015-03-31": "$613", "2014-12-31": "$735", "2014-09-30": "$574", "2014-06-30": "$510", "2014-03-31": "$503", "2013-12-31": "$682", "2013-09-30": "$601", "2013-06-30": "$508", "2013-03-31": "$628", "2012-12-31": "$591", "2012-09-30": "$594", "2012-06-30": "$398", "2012-03-31": "$466", "2011-12-31": "$507", "2011-09-30": "$457", "2011-06-30": "$381", "2011-03-31": "$403", "2010-12-31": "$421", "2010-09-30": "$613", "2010-06-30": "$294", "2010-03-31": "$207", "2009-12-31": "$253", "2009-09-30": "$291", "2009-06-30": "$275", "2009-03-31": "$241", "2008-12-31": "$243", "2008-09-30": "$279", "2008-06-30": "$173", "2008-03-31": "$218", "2007-12-31": "$330", "2007-09-30": "$418", "2007-06-30": "$343", "2007-03-31": "$116", "2006-12-31": "", "2006-06-30": "", "2006-03-31": ""}}, "long-term-debt": {"AECOM Annual Long Term Debt (Millions of US $)": {"2020": "$2,041", "2019": "$3,218", "2018": "$3,484", "2017": "$3,702", "2016": "$3,702", "2015": "$4,447", "2014": "$940", "2013": "$1,089", "2012": "$907", "2011": "$1,145", "2010": "$915", "2009": "$142", "2008": "$366", "2007": "$39", "2006": "$123", "2005": "$"}, "AECOM Quarterly Long Term Debt (Millions of US $)": {"2020-09-30": "$2,041", "2020-06-30": "$2,048", "2020-03-31": "$2,079", "2019-12-31": "$3,358", "2019-09-30": "$3,218", "2019-06-30": "$3,653", "2019-03-31": "$3,734", "2018-12-31": "$3,759", "2018-09-30": "$3,484", "2018-06-30": "$3,707", "2018-03-31": "$3,815", "2017-12-31": "$3,739", "2017-09-30": "$3,702", "2017-06-30": "$3,754", "2017-03-31": "$3,851", "2016-12-31": "$3,751", "2016-09-30": "$3,702", "2016-06-30": "$3,941", "2016-03-31": "$4,130", "2015-12-31": "$4,366", "2015-09-30": "$4,447", "2015-06-30": "$4,602", "2015-03-31": "$4,692", "2014-12-31": "$4,775", "2014-09-30": "$940", "2014-06-30": "$977", "2014-03-31": "$1,009", "2013-12-31": "$1,113", "2013-09-30": "$1,089", "2013-06-30": "$1,135", "2013-03-31": "$1,123", "2012-12-31": "$1,022", "2012-09-30": "$907", "2012-06-30": "$951", "2012-03-31": "$1,172", "2011-12-31": "$1,218", "2011-09-30": "$1,145", "2011-06-30": "$1,165", "2011-03-31": "$1,130", "2010-12-31": "$1,188", "2010-09-30": "$915", "2010-06-30": "$174", "2010-03-31": "$178", "2009-12-31": "$140", "2009-09-30": "$142", "2009-06-30": "$221", "2009-03-31": "$275", "2008-12-31": "$362", "2008-09-30": "$366", "2008-06-30": "$59", "2008-03-31": "$33", "2007-12-31": "$30", "2007-09-30": "$39", "2007-06-30": "$57", "2007-03-31": "$153", "2006-12-31": "", "2006-06-30": "", "2006-03-31": ""}}, "total-liabilities": {"AECOM Annual Total Liabilities (Millions of US $)": {"2020": "$9,585", "2019": "$10,652", "2018": "$10,403", "2017": "$10,182", "2016": "$10,117", "2015": "$10,383", "2014": "$3,851", "2013": "$3,592", "2012": "$3,440", "2011": "$3,394", "2010": "$3,104", "2009": "$2,035", "2008": "$2,173", "2007": "$1,213", "2006": "$2,117", "2005": "$"}, "AECOM Quarterly Total Liabilities (Millions of US $)": {"2020-09-30": "$9,585", "2020-06-30": "$9,159", "2020-03-31": "$9,450", "2019-12-31": "$11,370", "2019-09-30": "$10,652", "2019-06-30": "$10,298", "2019-03-31": "$10,342", "2018-12-31": "$10,517", "2018-09-30": "$10,403", "2018-06-30": "$10,467", "2018-03-31": "$10,353", "2017-12-31": "$10,292", "2017-09-30": "$10,182", "2017-06-30": "$9,920", "2017-03-31": "$9,913", "2016-12-31": "$9,949", "2016-09-30": "$10,117", "2016-06-30": "$10,119", "2016-03-31": "$10,325", "2015-12-31": "$10,011", "2015-09-30": "$10,383", "2015-06-30": "$10,496", "2015-03-31": "$10,295", "2014-12-31": "$10,414", "2014-09-30": "$3,851", "2014-06-30": "$3,470", "2014-03-31": "$3,455", "2013-12-31": "$3,714", "2013-09-30": "$3,592", "2013-06-30": "$3,498", "2013-03-31": "$3,593", "2012-12-31": "$3,698", "2012-09-30": "$3,440", "2012-06-30": "$3,352", "2012-03-31": "$3,523", "2011-12-31": "$3,521", "2011-09-30": "$3,394", "2011-06-30": "$3,350", "2011-03-31": "$3,229", "2010-12-31": "$3,331", "2010-09-30": "$3,104", "2010-06-30": "$1,984", "2010-03-31": "$1,986", "2009-12-31": "$1,961", "2009-09-30": "$2,035", "2009-06-30": "$2,069", "2009-03-31": "$2,008", "2008-12-31": "$2,107", "2008-09-30": "$2,173", "2008-06-30": "$1,472", "2008-03-31": "$1,315", "2007-12-31": "$1,205", "2007-09-30": "$1,213", "2007-06-30": "$1,153", "2007-03-31": "$2,374", "2006-12-31": "", "2006-06-30": "", "2006-03-31": ""}}, "total-share-holder-equity": {"AECOM Annual Share Holder Equity (Millions of US $)": {"2020": "$3,414", "2019": "$3,899", "2018": "$4,278", "2017": "$4,215", "2016": "$3,552", "2015": "$3,631", "2014": "$2,272", "2013": "$2,074", "2012": "$2,224", "2011": "$2,395", "2010": "$2,138", "2009": "$1,754", "2008": "$1,423", "2007": "$1,278", "2006": "$-291", "2005": "$"}, "AECOM Quarterly Share Holder Equity (Millions of US $)": {"2020-09-30": "$3,414", "2020-06-30": "$3,886", "2020-03-31": "$3,666", "2019-12-31": "$3,859", "2019-09-30": "$3,899", "2019-06-30": "$4,497", "2019-03-31": "$4,395", "2018-12-31": "$4,250", "2018-09-30": "$4,278", "2018-06-30": "$4,260", "2018-03-31": "$4,265", "2017-12-31": "$4,331", "2017-09-30": "$4,215", "2017-06-30": "$3,916", "2017-03-31": "$3,728", "2016-12-31": "$3,560", "2016-09-30": "$3,552", "2016-06-30": "$3,759", "2016-03-31": "$3,664", "2015-12-31": "$3,519", "2015-09-30": "$3,631", "2015-06-30": "$3,740", "2015-03-31": "$3,721", "2014-12-31": "$3,839", "2014-09-30": "$2,272", "2014-06-30": "$2,283", "2014-03-31": "$2,190", "2013-12-31": "$2,123", "2013-09-30": "$2,074", "2013-06-30": "$2,042", "2013-03-31": "$2,093", "2012-12-31": "$2,110", "2012-09-30": "$2,224", "2012-06-30": "$2,512", "2012-03-31": "$2,490", "2011-12-31": "$2,474", "2011-09-30": "$2,395", "2011-06-30": "$2,536", "2011-03-31": "$2,436", "2010-12-31": "$2,289", "2010-09-30": "$2,138", "2010-06-30": "$2,016", "2010-03-31": "$1,953", "2009-12-31": "$1,873", "2009-09-30": "$1,754", "2009-06-30": "$1,666", "2009-03-31": "$1,551", "2008-12-31": "$1,428", "2008-09-30": "$1,423", "2008-06-30": "$1,449", "2008-03-31": "$1,387", "2007-12-31": "$1,326", "2007-09-30": "$1,278", "2007-06-30": "$1,284", "2007-03-31": "$-298", "2006-12-31": "", "2006-06-30": "", "2006-03-31": ""}}, "profit-margins": {"current": "-1.41%"}, "gross margin": {"2020-09-30": "5.36%", "2020-06-30": "5.38%", "2020-03-31": "5.08%", "2019-12-31": "4.84%", "2019-09-30": "4.49%", "2019-06-30": "4.78%", "2019-03-31": "4.28%", "2018-12-31": "3.77%", "2018-09-30": "3.44%", "2018-06-30": "3.21%", "2018-03-31": "3.25%", "2017-12-31": "3.46%", "2017-09-30": "3.75%", "2017-06-30": "3.74%", "2017-03-31": "3.74%", "2016-12-31": "3.84%", "2016-09-30": "3.69%", "2016-06-30": "3.74%", "2016-03-31": "3.46%", "2015-12-31": "3.00%", "2015-09-30": "2.98%", "2015-06-30": "3.12%", "2015-03-31": "3.59%", "2014-12-31": "4.33%", "2014-09-30": "4.82%", "2014-06-30": "5.26%", "2014-03-31": "5.48%", "2013-12-31": "5.56%", "2013-09-30": "5.52%", "2013-06-30": "5.57%", "2013-03-31": "5.29%", "2012-12-31": "4.98%", "2012-09-30": "5.12%", "2012-06-30": "5.05%", "2012-03-31": "5.20%", "2011-12-31": "5.55%", "2011-09-30": "5.80%", "2011-06-30": "5.81%", "2011-03-31": "6.05%", "2010-12-31": "6.46%", "2010-09-30": "6.57%", "2010-06-30": "6.32%", "2010-03-31": "5.98%", "2009-12-31": "5.76%", "2009-09-30": "5.75%", "2009-06-30": "5.60%", "2009-03-31": "5.61%", "2008-12-31": "5.64%", "2008-09-30": "5.53%", "2008-06-30": "-9.51%", "2008-03-31": "-4.69%", "2007-12-31": "0.09%", "2007-09-30": "4.67%", "2007-06-30": "26.69%", "2007-03-31": "26.21%"}, "operating margin": {"2020-09-30": "2.88%", "2020-06-30": "3.40%", "2020-03-31": "3.41%", "2019-12-31": "3.35%", "2019-09-30": "2.91%", "2019-06-30": "4.48%", "2019-03-31": "4.07%", "2018-12-31": "2.38%", "2018-09-30": "2.83%", "2018-06-30": "2.08%", "2018-03-31": "2.39%", "2017-12-31": "3.42%", "2017-09-30": "3.59%", "2017-06-30": "3.18%", "2017-03-31": "2.64%", "2016-12-31": "2.65%", "2016-09-30": "2.15%", "2016-06-30": "2.25%", "2016-03-31": "1.85%", "2015-12-31": "1.10%", "2015-09-30": "0.72%", "2015-06-30": "0.87%", "2015-03-31": "1.42%", "2014-12-31": "2.35%", "2014-09-30": "4.22%", "2014-06-30": "4.74%", "2014-03-31": "4.93%", "2013-12-31": "5.01%", "2013-09-30": "4.62%", "2013-06-30": "0.67%", "2013-03-31": "0.56%", "2012-12-31": "0.48%", "2012-09-30": "0.66%", "2012-06-30": "4.69%", "2012-03-31": "4.80%", "2011-12-31": "5.02%", "2011-09-30": "5.24%", "2011-06-30": "4.98%", "2011-03-31": "5.03%", "2010-12-31": "5.21%", "2010-09-30": "5.19%", "2010-06-30": "4.98%", "2010-03-31": "4.75%", "2009-12-31": "4.60%", "2009-09-30": "4.69%", "2009-06-30": "4.62%", "2009-03-31": "4.63%", "2008-12-31": "4.72%", "2008-09-30": "4.60%", "2008-06-30": "4.49%", "2008-03-31": "4.31%", "2007-12-31": "3.91%", "2007-09-30": "3.68%", "2007-06-30": "3.44%", "2007-03-31": "3.11%"}, "ebitda margin": {"2020-09-30": "4.67%", "2020-06-30": "5.29%", "2020-03-31": "5.33%", "2019-12-31": "5.24%", "2019-09-30": "4.82%", "2019-06-30": "7.32%", "2019-03-31": "6.46%", "2018-12-31": "4.54%", "2018-09-30": "4.76%", "2018-06-30": "3.47%", "2018-03-31": "3.82%", "2017-12-31": "4.89%", "2017-09-30": "5.13%", "2017-06-30": "4.81%", "2017-03-31": "4.47%", "2016-12-31": "4.68%", "2016-09-30": "4.45%", "2016-06-30": "4.86%", "2016-03-31": "4.64%", "2015-12-31": "4.16%", "2015-09-30": "4.05%", "2015-06-30": "3.87%", "2015-03-31": "4.17%", "2014-12-31": "4.49%", "2014-09-30": "5.36%", "2014-06-30": "5.93%", "2014-03-31": "6.10%", "2013-12-31": "6.16%", "2013-09-30": "5.78%", "2013-06-30": "1.86%", "2013-03-31": "1.78%", "2012-12-31": "1.71%", "2012-09-30": "1.90%", "2012-06-30": "5.91%", "2012-03-31": "6.06%", "2011-12-31": "6.32%", "2011-09-30": "6.62%", "2011-06-30": "6.36%", "2011-03-31": "6.34%", "2010-12-31": "6.46%", "2010-09-30": "6.42%", "2010-06-30": "6.29%", "2010-03-31": "6.14%", "2009-12-31": "6.04%", "2009-09-30": "6.06%", "2009-06-30": "5.98%", "2009-03-31": "6.00%", "2008-12-31": "6.00%", "2008-09-30": "5.81%", "2008-06-30": "5.64%", "2008-03-31": "5.36%", "2007-12-31": "5.02%", "2007-09-30": "4.74%", "2007-06-30": "4.49%", "2007-03-31": "3.90%"}, "pre tax profit margin": {"2020-09-30": "1.75%", "2020-06-30": "2.34%", "2020-03-31": "2.32%", "2019-12-31": "2.26%", "2019-09-30": "1.82%", "2019-06-30": "3.41%", "2019-03-31": "3.02%", "2018-12-31": "1.05%", "2018-09-30": "1.53%", "2018-06-30": "0.83%", "2018-03-31": "1.06%", "2017-12-31": "2.21%", "2017-09-30": "2.36%", "2017-06-30": "1.80%", "2017-03-31": "1.25%", "2016-12-31": "1.25%", "2016-09-30": "0.72%", "2016-06-30": "0.95%", "2016-03-31": "0.62%", "2015-12-31": "-0.12%", "2015-09-30": "-0.84%", "2015-06-30": "-0.63%", "2015-03-31": "-0.06%", "2014-12-31": "0.99%", "2014-09-30": "3.77%", "2014-06-30": "4.26%", "2014-03-31": "4.43%", "2013-12-31": "4.50%", "2013-09-30": "4.12%", "2013-06-30": "0.17%", "2013-03-31": "0.05%", "2012-12-31": "0.01%", "2012-09-30": "0.21%", "2012-06-30": "4.24%", "2012-03-31": "4.35%", "2011-12-31": "4.55%", "2011-09-30": "4.79%", "2011-06-30": "4.66%", "2011-03-31": "4.83%", "2010-12-31": "5.11%", "2010-09-30": "5.21%", "2010-06-30": "5.00%", "2010-03-31": "4.80%", "2009-12-31": "4.60%", "2009-09-30": "4.54%", "2009-06-30": "4.53%", "2009-03-31": "4.46%", "2008-12-31": "4.53%", "2008-09-30": "4.54%", "2008-06-30": "4.30%", "2008-03-31": "3.97%", "2007-12-31": "3.52%", "2007-09-30": "3.49%", "2007-06-30": "3.15%", "2007-03-31": "2.85%"}, "net profit margin": {"2020-09-30": "-1.40%", "2020-06-30": "-3.26%", "2020-03-31": "-3.26%", "2019-12-31": "-2.00%", "2019-09-30": "-1.91%", "2019-06-30": "3.25%", "2019-03-31": "2.51%", "2018-12-31": "0.62%", "2018-09-30": "0.98%", "2018-06-30": "0.71%", "2018-03-31": "0.94%", "2017-12-31": "2.14%", "2017-09-30": "1.86%", "2017-06-30": "1.45%", "2017-03-31": "1.27%", "2016-12-31": "0.93%", "2016-09-30": "0.55%", "2016-06-30": "0.51%", "2016-03-31": "0.03%", "2015-12-31": "-0.20%", "2015-09-30": "-0.86%", "2015-06-30": "-0.58%", "2015-03-31": "-0.05%", "2014-12-31": "0.32%", "2014-09-30": "2.74%", "2014-06-30": "3.07%", "2014-03-31": "3.06%", "2013-12-31": "3.19%", "2013-09-30": "2.94%", "2013-06-30": "-0.76%", "2013-03-31": "-0.78%", "2012-12-31": "-0.84%", "2012-09-30": "-0.72%", "2012-06-30": "3.07%", "2012-03-31": "3.14%", "2011-12-31": "3.28%", "2011-09-30": "3.43%", "2011-06-30": "3.32%", "2011-03-31": "3.38%", "2010-12-31": "3.54%", "2010-09-30": "3.62%", "2010-06-30": "3.52%", "2010-03-31": "3.34%", "2009-12-31": "3.16%", "2009-09-30": "3.09%", "2009-06-30": "2.91%", "2009-03-31": "2.80%", "2008-12-31": "2.84%", "2008-09-30": "2.81%", "2008-06-30": "2.82%", "2008-03-31": "2.65%", "2007-12-31": "2.35%", "2007-09-30": "2.34%", "2007-06-30": "2.06%", "2007-03-31": "1.85%"}, "pe ratio": {"current": "25.17", "2021-02-05": "0.00", "2020-09-30": "0.00", "2020-06-30": "0.00", "2020-03-31": "0.00", "2019-12-31": "0.00", "2019-09-30": "0.00", "2019-06-30": "20.46", "2019-03-31": "17.45", "2018-12-31": "57.61", "2018-09-30": "39.35", "2018-06-30": "38.41", "2018-03-31": "31.53", "2017-12-31": "14.68", "2017-09-30": "17.20", "2017-06-30": "19.71", "2017-03-31": "24.89", "2016-12-31": "34.63", "2016-09-30": "47.95", "2016-06-30": "54.78", "2016-03-31": "769.75", "2015-12-31": "0.00", "2015-09-30": "0.00", "2015-06-30": "0.00", "2015-03-31": "50.52", "2014-12-31": "29.77", "2014-09-30": "14.48", "2014-06-30": "13.09", "2014-03-31": "13.08", "2013-12-31": "11.41", "2013-09-30": "13.25", "2013-06-30": "0.00", "2013-03-31": "0.00", "2012-12-31": "0.00", "2012-09-30": "0.00", "2012-06-30": "7.38", "2012-03-31": "10.08", "2011-12-31": "9.02", "2011-09-30": "7.55", "2011-06-30": "12.60", "2011-03-31": "13.14", "2010-12-31": "13.13", "2010-09-30": "11.83", "2010-06-30": "11.83", "2010-03-31": "15.34", "2009-12-31": "15.80", "2009-09-30": "15.78", "2009-06-30": "19.39", "2009-03-31": "16.72", "2008-12-31": "20.35", "2008-09-30": "17.21", "2008-06-30": "25.02", "2008-03-31": "21.86"}, "price sales": {"2021-02-05": "0.66", "2020-09-30": "0.51", "2020-06-30": "0.46", "2020-03-31": "0.36", "2019-12-31": "0.51", "2019-09-30": "0.44", "2019-06-30": "0.66", "2019-03-31": "0.44", "2018-12-31": "0.35", "2018-09-30": "0.38", "2018-06-30": "0.27", "2018-03-31": "0.30", "2017-12-31": "0.32", "2017-09-30": "0.32", "2017-06-30": "0.29", "2017-03-31": "0.32", "2016-12-31": "0.33", "2016-09-30": "0.27", "2016-06-30": "0.27", "2016-03-31": "0.26", "2015-12-31": "0.25", "2015-09-30": "0.23", "2015-06-30": "0.29", "2015-03-31": "0.29", "2014-12-31": "0.32", "2014-09-30": "0.40", "2014-06-30": "0.41", "2014-03-31": "0.40", "2013-12-31": "0.36", "2013-09-30": "0.39", "2013-06-30": "0.41", "2013-03-31": "0.43", "2012-12-31": "0.32", "2012-09-30": "0.29", "2012-06-30": "0.23", "2012-03-31": "0.32", "2011-12-31": "0.30", "2011-09-30": "0.26", "2011-06-30": "0.42", "2011-03-31": "0.44", "2010-12-31": "0.46", "2010-09-30": "0.43", "2010-06-30": "0.41", "2010-03-31": "0.51", "2009-12-31": "0.50", "2009-09-30": "0.48", "2009-06-30": "0.56", "2009-03-31": "0.47", "2008-12-31": "0.58", "2008-09-30": "0.49", "2008-06-30": "0.69", "2008-03-31": "0.56"}, "price book": {"current": "2.55", "2021-02-05": "2.50", "2020-09-30": "1.92", "2020-06-30": "1.55", "2020-03-31": "1.29", "2019-12-31": "1.77", "2019-09-30": "1.52", "2019-06-30": "1.33", "2019-03-31": "1.06", "2018-12-31": "0.98", "2018-09-30": "1.20", "2018-06-30": "1.25", "2018-03-31": "1.34", "2017-12-31": "1.37", "2017-09-30": "1.38", "2017-06-30": "1.29", "2017-03-31": "1.48", "2016-12-31": "1.58", "2016-09-30": "1.29", "2016-06-30": "1.30", "2016-03-31": "1.28", "2015-12-31": "1.30", "2015-09-30": "1.15", "2015-06-30": "1.33", "2015-03-31": "1.24", "2014-12-31": "1.18", "2014-09-30": "1.44", "2014-06-30": "1.36", "2014-03-31": "1.41", "2013-12-31": "1.33", "2013-09-30": "1.45", "2013-06-30": "1.52", "2013-03-31": "1.56", "2012-12-31": "1.14", "2012-09-30": "1.02", "2012-06-30": "0.72", "2012-03-31": "1.00", "2011-12-31": "0.95", "2011-09-30": "0.84", "2011-06-30": "1.27", "2011-03-31": "1.34", "2010-12-31": "1.43", "2010-09-30": "1.31", "2010-06-30": "1.30", "2010-03-31": "1.64", "2009-12-31": "1.65", "2009-09-30": "1.72", "2009-06-30": "2.10", "2009-03-31": "1.82", "2008-12-31": "2.24", "2008-09-30": "1.77", "2008-06-30": "2.30", "2008-03-31": "1.90", "2007-12-31": "2.15", "2007-09-30": "2.71", "2007-06-30": "1.90"}, "price fcf": {"2021-02-05": "", "2020-09-30": "$1.36", "2020-06-30": "$2.41", "2020-03-31": "$1.79", "2019-12-31": "$4.26", "2019-09-30": "$4.35", "2019-06-30": "$2.62", "2019-03-31": "$2.56", "2018-12-31": "$2.64", "2018-09-30": "$4.24", "2018-06-30": "$2.53", "2018-03-31": "$4.74", "2017-12-31": "$3.74", "2017-09-30": "$3.88", "2017-06-30": "$4.53", "2017-03-31": "$3.26", "2016-12-31": "$4.20", "2016-09-30": "$4.34", "2016-06-30": "$4.08", "2016-03-31": "$3.86", "2015-12-31": "$3.33", "2015-09-30": "$4.65", "2015-06-30": "$4.46", "2015-03-31": "$4.09", "2014-12-31": "$3.64", "2014-09-30": "$3.02", "2014-06-30": "$2.77", "2014-03-31": "$2.97", "2013-12-31": "$4.18", "2013-09-30": "$3.50", "2013-06-30": "$3.97", "2013-03-31": "$4.82", "2012-12-31": "$4.04", "2012-09-30": "$3.31", "2012-06-30": "$3.38", "2012-03-31": "$1.72", "2011-12-31": "$1.88", "2011-09-30": "$0.46", "2011-06-30": "$-0.79", "2011-03-31": "$0.27", "2010-12-31": "$-0.43", "2010-09-30": "$0.78", "2010-06-30": "$0.95", "2010-03-31": "$0.69", "2009-12-31": "$1.33", "2009-09-30": "$1.51", "2009-06-30": "$1.17", "2009-03-31": "$0.99", "2008-12-31": "$1.16", "2008-09-30": "$0.96", "2008-06-30": "$1.64", "2008-03-31": "$0.88"}, "net worth": {"value": "$8.03B"}, "current ratio": {"current": "1.24", "2020-09-30": "1.24", "2020-06-30": "1.27", "2020-03-31": "1.23", "2019-12-31": "1.16", "2019-09-30": "1.17", "2019-06-30": "1.22", "2019-03-31": "1.23", "2018-12-31": "1.20", "2018-09-30": "1.15", "2018-06-30": "1.20", "2018-03-31": "1.23", "2017-12-31": "1.21", "2017-09-30": "1.20", "2017-06-30": "1.22", "2017-03-31": "1.22", "2016-12-31": "1.16", "2016-09-30": "1.13", "2016-06-30": "1.17", "2016-03-31": "1.20", "2015-12-31": "1.24", "2015-09-30": "1.29", "2015-06-30": "1.31", "2015-03-31": "1.34", "2014-12-31": "1.38", "2014-09-30": "1.40", "2014-06-30": "1.52", "2014-03-31": "1.51", "2013-12-31": "1.50", "2013-09-30": "1.53", "2013-06-30": "1.57", "2013-03-31": "1.56", "2012-12-31": "1.46", "2012-09-30": "1.51", "2012-06-30": "1.52", "2012-03-31": "1.64", "2011-12-31": "1.69", "2011-09-30": "1.65", "2011-06-30": "1.70", "2011-03-31": "1.70", "2010-12-31": "1.70", "2010-09-30": "1.59", "2010-06-30": "1.52", "2010-03-31": "1.50", "2009-12-31": "1.42", "2009-09-30": "1.42", "2009-06-30": "1.48", "2009-03-31": "1.49", "2008-12-31": "1.46", "2008-09-30": "1.46", "2008-06-30": "1.39", "2008-03-31": "1.51", "2007-12-31": "1.66", "2007-09-30": "1.61", "2007-06-30": "1.65", "2007-03-31": "1.19", "2006-12-31": "0.00", "2006-06-30": "0.00", "2006-03-31": "0.00"}, "quick ratio": {"2020-09-30": "0.00", "2020-06-30": "0.00", "2020-03-31": "0.00", "2019-12-31": "0.00", "2019-09-30": "0.00", "2019-06-30": "0.00", "2019-03-31": "0.00", "2018-12-31": "0.00", "2018-09-30": "0.00", "2018-06-30": "0.00", "2018-03-31": "0.00", "2017-12-31": "0.00", "2017-09-30": "0.00", "2017-06-30": "0.00", "2017-03-31": "0.00", "2016-12-31": "0.00", "2016-09-30": "0.00", "2016-06-30": "0.00", "2016-03-31": "0.00", "2015-12-31": "0.00", "2015-09-30": "0.00", "2015-06-30": "0.00", "2015-03-31": "0.00", "2014-12-31": "0.00", "2014-09-30": "0.00", "2014-06-30": "0.00", "2014-03-31": "0.00", "2013-12-31": "0.00", "2013-09-30": "0.00", "2013-06-30": "0.00", "2013-03-31": "0.00", "2012-12-31": "0.00", "2012-09-30": "0.00", "2012-06-30": "0.00", "2012-03-31": "0.00", "2011-12-31": "0.00", "2011-09-30": "0.00", "2011-06-30": "0.00", "2011-03-31": "0.00", "2010-12-31": "0.00", "2010-09-30": "0.00", "2010-06-30": "0.00", "2010-03-31": "0.00", "2009-12-31": "0.00", "2009-09-30": "0.00", "2009-06-30": "0.00", "2009-03-31": "0.00", "2008-12-31": "0.00", "2008-09-30": "0.00", "2008-06-30": "0.00", "2008-03-31": "0.00", "2007-12-31": "0.00", "2007-09-30": "0.00", "2007-06-30": "0.00", "2007-03-31": "0.00", "2006-12-31": "0.00", "2006-06-30": "0.00", "2006-03-31": "0.00"}, "debt equity ratio": {"current": "0.60", "2020-09-30": "2.81", "2020-06-30": "2.36", "2020-03-31": "2.58", "2019-12-31": "2.95", "2019-09-30": "2.73", "2019-06-30": "2.29", "2019-03-31": "2.35", "2018-12-31": "2.47", "2018-09-30": "2.43", "2018-06-30": "2.46", "2018-03-31": "2.43", "2017-12-31": "2.38", "2017-09-30": "2.42", "2017-06-30": "2.53", "2017-03-31": "2.66", "2016-12-31": "2.80", "2016-09-30": "2.85", "2016-06-30": "2.69", "2016-03-31": "2.82", "2015-12-31": "2.85", "2015-09-30": "2.86", "2015-06-30": "2.81", "2015-03-31": "2.77", "2014-12-31": "2.71", "2014-09-30": "1.70", "2014-06-30": "1.52", "2014-03-31": "1.58", "2013-12-31": "1.75", "2013-09-30": "1.73", "2013-06-30": "1.71", "2013-03-31": "1.72", "2012-12-31": "1.75", "2012-09-30": "1.55", "2012-06-30": "1.33", "2012-03-31": "1.42", "2011-12-31": "1.42", "2011-09-30": "1.42", "2011-06-30": "1.32", "2011-03-31": "1.33", "2010-12-31": "1.46", "2010-09-30": "1.45", "2010-06-30": "0.98", "2010-03-31": "1.02", "2009-12-31": "1.05", "2009-09-30": "1.16", "2009-06-30": "1.24", "2009-03-31": "1.29", "2008-12-31": "1.48", "2008-09-30": "1.53", "2008-06-30": "1.02", "2008-03-31": "0.95", "2007-12-31": "0.91", "2007-09-30": "0.95", "2007-06-30": "0.90", "2007-03-31": "-7.96", "2006-12-31": "0.00", "2006-06-30": "0.00", "2006-03-31": "0.00"}, "return on equity": {"2020-09-30": "-5.02%", "2020-06-30": "-11.23%", "2020-03-31": "-10.93%", "2019-12-31": "-6.51%", "2019-09-30": "-6.10%", "2019-06-30": "6.84%", "2019-03-31": "6.40%", "2018-12-31": "1.81%", "2018-09-30": "3.17%", "2018-06-30": "3.28%", "2018-03-31": "4.30%", "2017-12-31": "9.93%", "2017-09-30": "8.77%", "2017-06-30": "6.97%", "2017-03-31": "6.11%", "2016-12-31": "4.49%", "2016-09-30": "2.65%", "2016-06-30": "2.47%", "2016-03-31": "0.16%", "2015-12-31": "-0.99%", "2015-09-30": "-4.15%", "2015-06-30": "-2.71%", "2015-03-31": "-0.20%", "2014-12-31": "1.28%", "2014-09-30": "10.33%", "2014-06-30": "11.16%", "2014-03-31": "11.58%", "2013-12-31": "12.39%", "2013-09-30": "11.54%", "2013-06-30": "-2.93%", "2013-03-31": "-2.86%", "2012-12-31": "-2.96%", "2012-09-30": "-2.43%", "2012-06-30": "10.25%", "2012-03-31": "10.43%", "2011-12-31": "10.85%", "2011-09-30": "11.43%", "2011-06-30": "10.94%", "2011-03-31": "11.17%", "2010-12-31": "11.82%", "2010-09-30": "11.88%", "2010-06-30": "11.74%", "2010-03-31": "11.54%", "2009-12-31": "11.34%", "2009-09-30": "11.81%", "2009-06-30": "11.73%", "2009-03-31": "11.28%", "2008-12-31": "11.11%", "2008-09-30": "10.46%", "2008-06-30": "9.71%", "2008-03-31": "8.95%", "2007-12-31": "11.48%", "2007-09-30": "17.49%", "2007-06-30": "33.67%", "2007-03-31": "-93.96%"}, "return on assets": {"2020-09-30": "-1.37%", "2020-06-30": "-3.07%", "2020-03-31": "-3.02%", "2019-12-31": "-1.83%", "2019-09-30": "-1.77%", "2019-06-30": "2.02%", "2019-03-31": "1.87%", "2018-12-31": "0.52%", "2018-09-30": "0.93%", "2018-06-30": "0.96%", "2018-03-31": "1.25%", "2017-12-31": "2.85%", "2017-09-30": "2.44%", "2017-06-30": "1.88%", "2017-03-31": "1.63%", "2016-12-31": "1.18%", "2016-09-30": "0.70%", "2016-06-30": "0.65%", "2016-03-31": "0.04%", "2015-12-31": "-0.26%", "2015-09-30": "-1.10%", "2015-06-30": "-0.76%", "2015-03-31": "-0.06%", "2014-12-31": "0.43%", "2014-09-30": "3.92%", "2014-06-30": "4.23%", "2014-03-31": "4.30%", "2013-12-31": "4.54%", "2013-09-30": "4.23%", "2013-06-30": "-1.09%", "2013-03-31": "-1.11%", "2012-12-31": "-1.18%", "2012-09-30": "-1.00%", "2012-06-30": "4.28%", "2012-03-31": "4.36%", "2011-12-31": "4.58%", "2011-09-30": "4.81%", "2011-06-30": "4.59%", "2011-03-31": "4.83%", "2010-12-31": "5.28%", "2010-09-30": "5.57%", "2010-06-30": "5.73%", "2010-03-31": "5.46%", "2009-12-31": "5.20%", "2009-09-30": "5.17%", "2009-06-30": "4.94%", "2009-03-31": "4.85%", "2008-12-31": "4.96%", "2008-09-30": "4.97%", "2008-06-30": "4.96%", "2008-03-31": "4.64%", "2007-12-31": "4.32%", "2007-09-30": "5.65%", "2007-06-30": "7.36%", "2007-03-31": "13.49%"}, "return on investments": {"2020-09-30": "6.26%", "2020-06-30": "6.89%", "2020-03-31": "6.45%", "2019-12-31": "5.92%", "2019-09-30": "5.06%", "2019-06-30": "5.12%", "2019-03-31": "5.59%", "2018-12-31": "3.68%", "2018-09-30": "4.93%", "2018-06-30": "5.12%", "2018-03-31": "5.76%", "2017-12-31": "8.22%", "2017-09-30": "8.58%", "2017-06-30": "7.53%", "2017-03-31": "6.21%", "2016-12-31": "6.16%", "2016-09-30": "4.90%", "2016-06-30": "5.10%", "2016-03-31": "4.14%", "2015-12-31": "2.42%", "2015-09-30": "1.54%", "2015-06-30": "1.92%", "2015-03-31": "3.20%", "2014-12-31": "5.45%", "2014-09-30": "10.94%", "2014-06-30": "11.60%", "2014-03-31": "12.31%", "2013-12-31": "12.66%", "2013-09-30": "11.89%", "2013-06-30": "1.74%", "2013-03-31": "1.42%", "2012-12-31": "1.17%", "2012-09-30": "1.55%", "2012-06-30": "10.78%", "2012-03-31": "10.80%", "2011-12-31": "11.26%", "2011-09-30": "11.79%", "2011-06-30": "11.19%", "2011-03-31": "12.01%", "2010-12-31": "13.46%", "2010-09-30": "14.49%", "2010-06-30": "15.36%", "2010-03-31": "14.98%", "2009-12-31": "14.85%", "2009-09-30": "15.51%", "2009-06-30": "15.52%", "2009-03-31": "15.79%", "2008-12-31": "16.17%", "2008-09-30": "15.74%", "2008-06-30": "14.99%", "2008-03-31": "14.13%", "2007-12-31": "17.67%", "2007-09-30": "24.82%", "2007-06-30": "46.49%", "2007-03-31": "-325.52%"}, "return on tangible equity": {"2020-09-30": "-125.46%", "2020-06-30": "-161.65%", "2020-03-31": "185.50%", "2019-12-31": "37.90%", "2019-09-30": "20.50%", "2019-06-30": "-16.20%", "2019-03-31": "-14.28%", "2018-12-31": "-3.87%", "2018-09-30": "-6.72%", "2018-06-30": "-6.72%", "2018-03-31": "-8.32%", "2017-12-31": "-17.65%", "2017-09-30": "-13.93%", "2017-06-30": "-10.02%", "2017-03-31": "-8.50%", "2016-12-31": "-6.13%", "2016-09-30": "-3.56%", "2016-06-30": "-3.30%", "2016-03-31": "-0.22%", "2015-12-31": "1.28%", "2015-09-30": "5.56%", "2015-06-30": "4.56%", "2015-03-31": "0.49%", "2014-12-31": "-7.03%", "2014-09-30": "102.23%", "2014-06-30": "116.63%", "2014-03-31": "142.07%", "2013-12-31": "154.72%", "2013-09-30": "133.33%", "2013-06-30": "-27.77%", "2013-03-31": "-24.71%", "2012-12-31": "-25.07%", "2012-09-30": "-20.15%", "2012-06-30": "100.30%", "2012-03-31": "103.61%", "2011-12-31": "107.12%", "2011-09-30": "125.74%", "2011-06-30": "100.10%", "2011-03-31": "64.25%", "2010-12-31": "48.48%", "2010-09-30": "36.83%", "2010-06-30": "31.13%", "2010-03-31": "31.94%", "2009-12-31": "32.77%", "2009-09-30": "35.95%", "2009-06-30": "38.14%", "2009-03-31": "34.11%", "2008-12-31": "30.02%", "2008-09-30": "24.72%", "2008-06-30": "20.13%", "2008-03-31": "17.48%", "2007-12-31": "36.01%", "2007-09-30": "82.50%", "2007-06-30": "-189.71%", "2007-03-31": "-31.93%"}, "dividend yield history": {"last payout": "$0.00", "last yield": "0.00%"}}