{"ticker": "AEE", "price": {"title": "Ameren Historical Annual Stock Price Data", "value": 72.56, "historical": {"2021": {"Average Stock Price": "73.9704", "Year Open": "76.1300", "Year High": "76.3900", "Year Low": "71.7400", "Year Close": "72.5600", "Annual % Change": "-7.05%"}, "2020": {"Average Stock Price": "77.6029", "Year Open": "76.0500", "Year High": "87.0700", "Year Low": "61.3700", "Year Close": "78.0600", "Annual % Change": "1.64%"}, "2019": {"Average Stock Price": "74.0908", "Year Open": "63.5300", "Year High": "80.3800", "Year Low": "63.5300", "Year Close": "76.8000", "Annual % Change": "17.74%"}, "2018": {"Average Stock Price": "60.6516", "Year Open": "58.3900", "Year High": "70.7100", "Year Low": "52.5900", "Year Close": "65.2300", "Annual % Change": "10.58%"}, "2017": {"Average Stock Price": "57.0865", "Year Open": "52.3800", "Year High": "64.5400", "Year Low": "51.6900", "Year Close": "58.9900", "Annual % Change": "12.45%"}, "2016": {"Average Stock Price": "49.0083", "Year Open": "43.0300", "Year High": "53.7700", "Year Low": "42.1300", "Year Close": "52.4600", "Annual % Change": "21.35%"}, "2015": {"Average Stock Price": "41.8181", "Year Open": "45.9900", "Year High": "46.5400", "Year Low": "37.5100", "Year Close": "43.2300", "Annual % Change": "-6.29%"}, "2014": {"Average Stock Price": "40.0178", "Year Open": "35.5300", "Year High": "47.9200", "Year Low": "35.4000", "Year Close": "46.1300", "Annual % Change": "27.57%"}, "2013": {"Average Stock Price": "34.6380", "Year Open": "31.3200", "Year High": "37.0300", "Year Low": "30.8000", "Year Close": "36.1600", "Annual % Change": "17.71%"}, "2012": {"Average Stock Price": "32.2044", "Year Open": "32.7600", "Year High": "34.7100", "Year Low": "28.5500", "Year Close": "30.7200", "Annual % Change": "-7.27%"}, "2011": {"Average Stock Price": "29.4663", "Year Open": "28.2500", "Year High": "33.8100", "Year Low": "25.9700", "Year Close": "33.1300", "Annual % Change": "17.52%"}, "2010": {"Average Stock Price": "26.7073", "Year Open": "27.7600", "Year High": "29.8300", "Year Low": "23.5900", "Year Close": "28.1900", "Annual % Change": "0.86%"}, "2009": {"Average Stock Price": "25.7663", "Year Open": "34.1200", "Year High": "34.9200", "Year Low": "19.7600", "Year Close": "27.9500", "Annual % Change": "-15.97%"}, "2008": {"Average Stock Price": "40.8710", "Year Open": "53.3500", "Year High": "53.6100", "Year Low": "27.5400", "Year Close": "33.2600", "Annual % Change": "-38.65%"}, "2007": {"Average Stock Price": "52.0164", "Year Open": "54.0000", "Year High": "54.9300", "Year Low": "47.5400", "Year Close": "54.2100", "Annual % Change": "0.89%"}, "2006": {"Average Stock Price": "51.5417", "Year Open": "51.8600", "Year High": "55.1200", "Year Low": "48.0400", "Year Close": "53.7300", "Annual % Change": "4.86%"}, "2005": {"Average Stock Price": "52.3488", "Year Open": "49.2100", "Year High": "56.2900", "Year Low": "47.7200", "Year Close": "51.2400", "Annual % Change": "2.19%"}, "2004": {"Average Stock Price": "45.9069", "Year Open": "45.8000", "Year High": "50.1500", "Year Low": "40.7800", "Year Close": "50.1400", "Annual % Change": "9.00%"}, "2003": {"Average Stock Price": "42.3959", "Year Open": "42.2800", "Year High": "46.4900", "Year Low": "37.9500", "Year Close": "46.0000", "Annual % Change": "10.66%"}, "2002": {"Average Stock Price": "41.9454", "Year Open": "42.7500", "Year High": "45.1300", "Year Low": "36.5500", "Year Close": "41.5700", "Annual % Change": "-1.73%"}, "2001": {"Average Stock Price": "41.0548", "Year Open": "45.1900", "Year High": "45.1900", "Year Low": "37.1000", "Year Close": "42.3000", "Annual % Change": "-8.66%"}, "2000": {"Average Stock Price": "36.7141", "Year Open": "32.3100", "Year High": "46.8100", "Year Low": "27.8100", "Year Close": "46.3100", "Annual % Change": "41.40%"}, "1999": {"Average Stock Price": "38.0230", "Year Open": "42.6900", "Year High": "42.6900", "Year Low": "32.3800", "Year Close": "32.7500", "Annual % Change": "-23.28%"}}}, "market cap": {"value": "$18.11B"}, "income statement": {"Revenue": {"2019-12-31": "5910.00000", "2018-12-31": "6291.00000", "2017-12-31": "6174.00000", "2016-12-31": "6076.00000", "2015-12-31": "6098.00000", "2014-12-31": "6053.00000", "2013-12-31": "5838.00000", "2012-12-31": "5781.00000", "2011-12-31": "6148.00000", "2010-12-31": "7638.00000", "2009-12-31": "7135.00000", "2008-12-31": "7869.00000", "2007-12-31": "7562.00000", "2006-12-31": "6895.00000", "2005-12-31": "6780.00000"}, "Cost Of Goods Sold": {"2019-12-31": "1422.00000", "2018-12-31": "1724.00000", "2017-12-31": "1686.00000", "2016-12-31": "1709.00000", "2015-12-31": "1807.00000", "2014-12-31": "1902.00000", "2013-12-31": "1879.00000", "2012-12-31": "1966.00000", "2011-12-31": "2388.00000", "2010-12-31": "3098.00000", "2009-12-31": "2799.00000", "2008-12-31": "3542.00000", "2007-12-31": "3454.00000", "2006-12-31": "3099.00000", "2005-12-31": "3012.00000"}, "Gross Profit": {"2019-12-31": "4488.00000", "2018-12-31": "4567.00000", "2017-12-31": "4488.00000", "2016-12-31": "4367.00000", "2015-12-31": "4291.00000", "2014-12-31": "4151.00000", "2013-12-31": "3959.00000", "2012-12-31": "3815.00000", "2011-12-31": "3760.00000", "2010-12-31": "4540.00000", "2009-12-31": "4336.00000", "2008-12-31": "4327.00000", "2007-12-31": "4108.00000", "2006-12-31": "3796.00000", "2005-12-31": "3768.00000"}, "Research And Development Expenses": {"2019-12-31": "", "2018-12-31": "", "2017-12-31": "", "2016-12-31": "", "2015-12-31": "", "2014-12-31": "", "2013-12-31": "", "2012-12-31": "", "2011-12-31": "", "2010-12-31": "", "2009-12-31": "", "2008-12-31": "", "2007-12-31": "", "2006-12-31": "", "2005-12-31": ""}, "SG&A Expenses": {"2019-12-31": "2226.00000", "2018-12-31": "2255.00000", "2017-12-31": "2182.00000", "2016-12-31": "2200.00000", "2015-12-31": "2167.00000", "2014-12-31": "2152.00000", "2013-12-31": "2069.00000", "2012-12-31": "1954.00000", "2011-12-31": "1995.00000", "2010-12-31": "2270.00000", "2009-12-31": "2188.00000", "2008-12-31": "2266.00000", "2007-12-31": "2068.00000", "2006-12-31": "1947.00000", "2005-12-31": "1852.00000"}, "Other Operating Income Or Expenses": {"2019-12-31": "", "2018-12-31": "", "2017-12-31": "", "2016-12-31": "", "2015-12-31": "-69.00000", "2014-12-31": "0.00000", "2013-12-31": "0.00000", "2012-12-31": "", "2011-12-31": "-89.00000", "2010-12-31": "", "2009-12-31": "", "2008-12-31": "", "2007-12-31": "", "2006-12-31": "", "2005-12-31": ""}, "Operating Expenses": {"2019-12-31": "4643.00000", "2018-12-31": "4934.00000", "2017-12-31": "4764.00000", "2016-12-31": "4754.00000", "2015-12-31": "4839.00000", "2014-12-31": "4799.00000", "2013-12-31": "4654.00000", "2012-12-31": "4593.00000", "2011-12-31": "5115.00000", "2010-12-31": "6722.00000", "2009-12-31": "5719.00000", "2008-12-31": "6507.00000", "2007-12-31": "6203.00000", "2006-12-31": "5707.00000", "2005-12-31": "5496.00000"}, "Operating Income": {"2019-12-31": "1267.00000", "2018-12-31": "1357.00000", "2017-12-31": "1410.00000", "2016-12-31": "1322.00000", "2015-12-31": "1259.00000", "2014-12-31": "1254.00000", "2013-12-31": "1184.00000", "2012-12-31": "1188.00000", "2011-12-31": "1033.00000", "2010-12-31": "916.00000", "2009-12-31": "1416.00000", "2008-12-31": "1362.00000", "2007-12-31": "1359.00000", "2006-12-31": "1188.00000", "2005-12-31": "1284.00000"}, "Total Non-Operating Income/Expense": {"2019-12-31": "-251.00000", "2018-12-31": "-299.00000", "2017-12-31": "-305.00000", "2016-12-31": "-281.00000", "2015-12-31": "-311.00000", "2014-12-31": "-284.00000", "2013-12-31": "-355.00000", "2012-12-31": "-359.00000", "2011-12-31": "-342.00000", "2010-12-31": "-440.00000", "2009-12-31": "-460.00000", "2008-12-31": "-391.00000", "2007-12-31": "-373.00000", "2006-12-31": "-319.00000", "2005-12-31": "-284.00000"}, "Pre-Tax Income": {"2019-12-31": "1016.00000", "2018-12-31": "1058.00000", "2017-12-31": "1105.00000", "2016-12-31": "1041.00000", "2015-12-31": "948.00000", "2014-12-31": "970.00000", "2013-12-31": "829.00000", "2012-12-31": "829.00000", "2011-12-31": "691.00000", "2010-12-31": "476.00000", "2009-12-31": "956.00000", "2008-12-31": "971.00000", "2007-12-31": "986.00000", "2006-12-31": "869.00000", "2005-12-31": "1000.00000"}, "Income Taxes": {"2019-12-31": "182.00000", "2018-12-31": "237.00000", "2017-12-31": "576.00000", "2016-12-31": "382.00000", "2015-12-31": "363.00000", "2014-12-31": "377.00000", "2013-12-31": "311.00000", "2012-12-31": "307.00000", "2011-12-31": "254.00000", "2010-12-31": "325.00000", "2009-12-31": "332.00000", "2008-12-31": "327.00000", "2007-12-31": "330.00000", "2006-12-31": "284.00000", "2005-12-31": "356.00000"}, "Income After Taxes": {"2019-12-31": "834.00000", "2018-12-31": "821.00000", "2017-12-31": "529.00000", "2016-12-31": "659.00000", "2015-12-31": "585.00000", "2014-12-31": "593.00000", "2013-12-31": "518.00000", "2012-12-31": "522.00000", "2011-12-31": "437.00000", "2010-12-31": "151.00000", "2009-12-31": "624.00000", "2008-12-31": "644.00000", "2007-12-31": "656.00000", "2006-12-31": "585.00000", "2005-12-31": "644.00000"}, "Other Income": {"2019-12-31": "", "2018-12-31": "", "2017-12-31": "", "2016-12-31": "", "2015-12-31": "", "2014-12-31": "", "2013-12-31": "", "2012-12-31": "", "2011-12-31": "", "2010-12-31": "", "2009-12-31": "", "2008-12-31": "", "2007-12-31": "", "2006-12-31": "", "2005-12-31": ""}, "Income From Continuous Operations": {"2019-12-31": "834.00000", "2018-12-31": "821.00000", "2017-12-31": "529.00000", "2016-12-31": "659.00000", "2015-12-31": "585.00000", "2014-12-31": "593.00000", "2013-12-31": "518.00000", "2012-12-31": "522.00000", "2011-12-31": "437.00000", "2010-12-31": "151.00000", "2009-12-31": "624.00000", "2008-12-31": "644.00000", "2007-12-31": "656.00000", "2006-12-31": "547.00000", "2005-12-31": "628.00000"}, "Income From Discontinued Operations": {"2019-12-31": "", "2018-12-31": "", "2017-12-31": "", "2016-12-31": "", "2015-12-31": "51.00000", "2014-12-31": "-1.00000", "2013-12-31": "-223.00000", "2012-12-31": "-1496.00000", "2011-12-31": "89.00000", "2010-12-31": "", "2009-12-31": "", "2008-12-31": "", "2007-12-31": "", "2006-12-31": "", "2005-12-31": ""}, "Net Income": {"2019-12-31": "828.00000", "2018-12-31": "815.00000", "2017-12-31": "523.00000", "2016-12-31": "653.00000", "2015-12-31": "630.00000", "2014-12-31": "586.00000", "2013-12-31": "289.00000", "2012-12-31": "-974.00000", "2011-12-31": "519.00000", "2010-12-31": "139.00000", "2009-12-31": "612.00000", "2008-12-31": "605.00000", "2007-12-31": "618.00000", "2006-12-31": "547.00000", "2005-12-31": "606.00000"}, "EBITDA": {"2019-12-31": "2367.00000", "2018-12-31": "2410.00000", "2017-12-31": "2384.00000", "2016-12-31": "2267.00000", "2015-12-31": "2155.00000", "2014-12-31": "2067.00000", "2013-12-31": "1945.00000", "2012-12-31": "1924.00000", "2011-12-31": "1712.00000", "2010-12-31": "1739.00000", "2009-12-31": "2202.00000", "2008-12-31": "2124.00000", "2007-12-31": "2150.00000", "2006-12-31": "1895.00000", "2005-12-31": "1983.00000"}, "EBIT": {"2019-12-31": "1267.00000", "2018-12-31": "1357.00000", "2017-12-31": "1410.00000", "2016-12-31": "1322.00000", "2015-12-31": "1259.00000", "2014-12-31": "1254.00000", "2013-12-31": "1184.00000", "2012-12-31": "1188.00000", "2011-12-31": "1033.00000", "2010-12-31": "916.00000", "2009-12-31": "1416.00000", "2008-12-31": "1362.00000", "2007-12-31": "1359.00000", "2006-12-31": "1188.00000", "2005-12-31": "1284.00000"}, "Basic Shares Outstanding": {"2019-12-31": "245.60000", "2018-12-31": "243.80000", "2017-12-31": "242.60000", "2016-12-31": "242.60000", "2015-12-31": "242.60000", "2014-12-31": "242.60000", "2013-12-31": "242.60000", "2012-12-31": "242.60000", "2011-12-31": "241.50000", "2010-12-31": "238.80000", "2009-12-31": "220.40000", "2008-12-31": "210.10000", "2007-12-31": "207.40000", "2006-12-31": "205.60000", "2005-12-31": "200.80000"}, "Shares Outstanding": {"2019-12-31": "247.10000", "2018-12-31": "245.80000", "2017-12-31": "244.20000", "2016-12-31": "243.40000", "2015-12-31": "243.60000", "2014-12-31": "244.40000", "2013-12-31": "244.50000", "2012-12-31": "243.00000", "2011-12-31": "242.10000", "2010-12-31": "238.80000", "2009-12-31": "220.40000", "2008-12-31": "210.10000", "2007-12-31": "207.40000", "2006-12-31": "205.60000", "2005-12-31": "200.80000"}, "Basic EPS": {"2019-12-31": "3.37000", "2018-12-31": "3.34000", "2017-12-31": "2.16000", "2016-12-31": "2.69000", "2015-12-31": "2.60000", "2014-12-31": "2.42000", "2013-12-31": "1.19000", "2012-12-31": "-4.01000", "2011-12-31": "2.15000", "2010-12-31": "0.58000", "2009-12-31": "2.78000", "2008-12-31": "2.88000", "2007-12-31": "2.98000", "2006-12-31": "2.66000", "2005-12-31": "3.02000"}, "EPS - Earnings Per Share": {"2019-12-31": "3.35000", "2018-12-31": "3.32000", "2017-12-31": "2.14000", "2016-12-31": "2.68000", "2015-12-31": "2.59000", "2014-12-31": "2.40000", "2013-12-31": "1.18000", "2012-12-31": "-4.01000", "2011-12-31": "2.15000", "2010-12-31": "0.58000", "2009-12-31": "2.78000", "2008-12-31": "2.88000", "2007-12-31": "2.98000", "2006-12-31": "2.66000", "2005-12-31": "3.02000"}}, "income statement, quarterly": {"Revenue": {"2020-09-30": "1628.00000", "2020-06-30": "1398.00000", "2020-03-31": "1440.00000", "2019-12-31": "1316.00000", "2019-09-30": "1659.00000", "2019-06-30": "1379.00000", "2019-03-31": "1556.00000", "2018-12-31": "1419.00000", "2018-09-30": "1724.00000", "2018-06-30": "1563.00000", "2018-03-31": "1585.00000", "2017-12-31": "1399.00000", "2017-09-30": "1723.00000", "2017-06-30": "1537.00000", "2017-03-31": "1515.00000", "2016-12-31": "1356.00000", "2016-09-30": "1859.00000", "2016-06-30": "1427.00000", "2016-03-31": "1434.00000", "2015-12-31": "1308.00000", "2015-09-30": "1833.00000", "2015-06-30": "1401.00000", "2015-03-31": "1556.00000", "2014-12-31": "1370.00000", "2014-09-30": "1670.00000", "2014-06-30": "1419.00000", "2014-03-31": "1594.00000", "2013-12-31": "1322.00000", "2013-09-30": "1638.00000", "2013-06-30": "1403.00000", "2013-03-31": "1475.00000", "2012-12-31": "1258.00000", "2012-09-30": "1709.00000", "2012-06-30": "1402.00000", "2012-03-31": "1412.00000", "2011-12-31": "195.00000", "2011-09-30": "2268.00000", "2011-06-30": "1781.00000", "2011-03-31": "1904.00000", "2010-12-31": "1706.00000", "2010-09-30": "2267.00000", "2010-06-30": "1725.00000", "2010-03-31": "1940.00000", "2009-12-31": "1720.00000", "2009-09-30": "1815.00000", "2009-06-30": "1684.00000", "2009-03-31": "1916.00000", "2008-12-31": "1938.00000", "2008-09-30": "2060.00000", "2008-06-30": "1790.00000", "2008-03-31": "2081.00000", "2007-12-31": "1813.00000", "2007-09-30": "1997.00000", "2007-06-30": "1728.00000", "2007-03-31": "2024.00000", "2006-12-31": "1635.00000", "2006-09-30": "1910.00000", "2006-06-30": "1550.00000", "2006-03-31": "1800.00000", "2005-12-31": "1689.00000", "2005-09-30": "1881.00000", "2005-06-30": "1584.00000", "2005-03-31": "1626.00000"}, "Cost Of Goods Sold": {"2020-09-30": "315.00000", "2020-06-30": "270.00000", "2020-03-31": "381.00000", "2019-12-31": "337.00000", "2019-09-30": "326.00000", "2019-06-30": "282.00000", "2019-03-31": "477.00000", "2018-12-31": "429.00000", "2018-09-30": "394.00000", "2018-06-30": "379.00000", "2018-03-31": "522.00000", "2017-12-31": "403.00000", "2017-09-30": "387.00000", "2017-06-30": "380.00000", "2017-03-31": "516.00000", "2016-12-31": "457.00000", "2016-09-30": "417.00000", "2016-06-30": "342.00000", "2016-03-31": "493.00000", "2015-12-31": "424.00000", "2015-09-30": "450.00000", "2015-06-30": "352.00000", "2015-03-31": "581.00000", "2014-12-31": "492.00000", "2014-09-30": "399.00000", "2014-06-30": "389.00000", "2014-03-31": "622.00000", "2013-12-31": "487.00000", "2013-09-30": "392.00000", "2013-06-30": "406.00000", "2013-03-31": "594.00000", "2012-12-31": "482.00000", "2012-09-30": "494.00000", "2012-06-30": "385.00000", "2012-03-31": "605.00000", "2011-12-31": "-38.00000", "2011-09-30": "845.00000", "2011-06-30": "687.00000", "2011-03-31": "894.00000", "2010-12-31": "743.00000", "2010-09-30": "821.00000", "2010-06-30": "637.00000", "2010-03-31": "897.00000", "2009-12-31": "701.00000", "2009-09-30": "619.00000", "2009-06-30": "589.00000", "2009-03-31": "890.00000", "2008-12-31": "918.00000", "2008-09-30": "905.00000", "2008-06-30": "671.00000", "2008-03-31": "1048.00000", "2007-12-31": "862.00000", "2007-09-30": "825.00000", "2007-06-30": "710.00000", "2007-03-31": "1057.00000", "2006-12-31": "786.00000", "2006-09-30": "707.00000", "2006-06-30": "628.00000", "2006-03-31": "978.00000", "2005-12-31": "927.00000", "2005-09-30": "724.00000", "2005-06-30": "591.00000", "2005-03-31": "770.00000"}, "Gross Profit": {"2020-09-30": "1313.00000", "2020-06-30": "1128.00000", "2020-03-31": "1059.00000", "2019-12-31": "979.00000", "2019-09-30": "1333.00000", "2019-06-30": "1097.00000", "2019-03-31": "1079.00000", "2018-12-31": "990.00000", "2018-09-30": "1330.00000", "2018-06-30": "1184.00000", "2018-03-31": "1063.00000", "2017-12-31": "996.00000", "2017-09-30": "1336.00000", "2017-06-30": "1157.00000", "2017-03-31": "999.00000", "2016-12-31": "899.00000", "2016-09-30": "1442.00000", "2016-06-30": "1085.00000", "2016-03-31": "941.00000", "2015-12-31": "884.00000", "2015-09-30": "1383.00000", "2015-06-30": "1049.00000", "2015-03-31": "975.00000", "2014-12-31": "878.00000", "2014-09-30": "1271.00000", "2014-06-30": "1030.00000", "2014-03-31": "972.00000", "2013-12-31": "835.00000", "2013-09-30": "1246.00000", "2013-06-30": "997.00000", "2013-03-31": "881.00000", "2012-12-31": "776.00000", "2012-09-30": "1215.00000", "2012-06-30": "1017.00000", "2012-03-31": "807.00000", "2011-12-31": "233.00000", "2011-09-30": "1423.00000", "2011-06-30": "1094.00000", "2011-03-31": "1010.00000", "2010-12-31": "963.00000", "2010-09-30": "1446.00000", "2010-06-30": "1088.00000", "2010-03-31": "1043.00000", "2009-12-31": "1019.00000", "2009-09-30": "1196.00000", "2009-06-30": "1095.00000", "2009-03-31": "1026.00000", "2008-12-31": "1020.00000", "2008-09-30": "1155.00000", "2008-06-30": "1119.00000", "2008-03-31": "1033.00000", "2007-12-31": "951.00000", "2007-09-30": "1172.00000", "2007-06-30": "1018.00000", "2007-03-31": "967.00000", "2006-12-31": "849.00000", "2006-09-30": "1203.00000", "2006-06-30": "922.00000", "2006-03-31": "822.00000", "2005-12-31": "762.00000", "2005-09-30": "1157.00000", "2005-06-30": "993.00000", "2005-03-31": "856.00000"}, "Research And Development Expenses": {"2020-09-30": "", "2020-06-30": "", "2020-03-31": "", "2019-12-31": "", "2019-09-30": "", "2019-06-30": "", "2019-03-31": "", "2018-12-31": "", "2018-09-30": "", "2018-06-30": "", "2018-03-31": "", "2017-12-31": "", "2017-09-30": "", "2017-06-30": "", "2017-03-31": "", "2016-12-31": "", "2016-09-30": "", "2016-06-30": "", "2016-03-31": "", "2015-12-31": "", "2015-09-30": "", "2015-06-30": "", "2015-03-31": "", "2014-12-31": "", "2014-09-30": "", "2014-06-30": "", "2014-03-31": "", "2013-12-31": "", "2013-09-30": "", "2013-06-30": "", "2013-03-31": "", "2012-12-31": "", "2012-09-30": "", "2012-06-30": "", "2012-03-31": "", "2011-12-31": "", "2011-09-30": "", "2011-06-30": "", "2011-03-31": "", "2010-12-31": "", "2010-09-30": "", "2010-06-30": "", "2010-03-31": "", "2009-12-31": "", "2009-09-30": "", "2009-06-30": "", "2009-03-31": "", "2008-12-31": "", "2008-09-30": "", "2008-06-30": "", "2008-03-31": "", "2007-12-31": "", "2007-09-30": "", "2007-06-30": "", "2007-03-31": "", "2006-12-31": "", "2006-09-30": "", "2006-06-30": "", "2006-03-31": "", "2005-12-31": "", "2005-09-30": "", "2005-06-30": "", "2005-03-31": ""}, "SG&A Expenses": {"2020-09-30": "546.00000", "2020-06-30": "503.00000", "2020-03-31": "563.00000", "2019-12-31": "550.00000", "2019-09-30": "565.00000", "2019-06-30": "568.00000", "2019-03-31": "543.00000", "2018-12-31": "582.00000", "2018-09-30": "556.00000", "2018-06-30": "561.00000", "2018-03-31": "556.00000", "2017-12-31": "556.00000", "2017-09-30": "542.00000", "2017-06-30": "548.00000", "2017-03-31": "536.00000", "2016-12-31": "596.00000", "2016-09-30": "540.00000", "2016-06-30": "550.00000", "2016-03-31": "514.00000", "2015-12-31": "542.00000", "2015-09-30": "556.00000", "2015-06-30": "543.00000", "2015-03-31": "526.00000", "2014-12-31": "559.00000", "2014-09-30": "523.00000", "2014-06-30": "525.00000", "2014-03-31": "545.00000", "2013-12-31": "486.00000", "2013-09-30": "504.00000", "2013-06-30": "558.00000", "2013-03-31": "521.00000", "2012-12-31": "491.00000", "2012-09-30": "476.00000", "2012-06-30": "505.00000", "2012-03-31": "482.00000", "2011-12-31": "272.00000", "2011-09-30": "553.00000", "2011-06-30": "582.00000", "2011-03-31": "588.00000", "2010-12-31": "571.00000", "2010-09-30": "574.00000", "2010-06-30": "567.00000", "2010-03-31": "558.00000", "2009-12-31": "583.00000", "2009-09-30": "526.00000", "2009-06-30": "548.00000", "2009-03-31": "531.00000", "2008-12-31": "604.00000", "2008-09-30": "554.00000", "2008-06-30": "565.00000", "2008-03-31": "543.00000", "2007-12-31": "547.00000", "2007-09-30": "514.00000", "2007-06-30": "516.00000", "2007-03-31": "491.00000", "2006-12-31": "504.00000", "2006-09-30": "494.00000", "2006-06-30": "484.00000", "2006-03-31": "465.00000", "2005-12-31": "456.00000", "2005-09-30": "490.00000", "2005-06-30": "470.00000", "2005-03-31": "436.00000"}, "Other Operating Income Or Expenses": {"2020-09-30": "", "2020-06-30": "", "2020-03-31": "", "2019-12-31": "", "2019-09-30": "", "2019-06-30": "", "2019-03-31": "", "2018-12-31": "", "2018-09-30": "", "2018-06-30": "", "2018-03-31": "", "2017-12-31": "", "2017-09-30": "", "2017-06-30": "", "2017-03-31": "", "2016-12-31": "", "2016-09-30": "", "2016-06-30": "", "2016-03-31": "", "2015-12-31": "", "2015-09-30": "", "2015-06-30": "-69.00000", "2015-03-31": "", "2014-12-31": "", "2014-09-30": "", "2014-06-30": "0.00000", "2014-03-31": "", "2013-12-31": "", "2013-09-30": "", "2013-06-30": "", "2013-03-31": "", "2012-12-31": "", "2012-09-30": "", "2012-06-30": "", "2012-03-31": "", "2011-12-31": "37.00000", "2011-09-30": "-124.00000", "2011-06-30": "-2.00000", "2011-03-31": "", "2010-12-31": "", "2010-09-30": "", "2010-06-30": "", "2010-03-31": "", "2009-12-31": "", "2009-09-30": "", "2009-06-30": "", "2009-03-31": "", "2008-12-31": "", "2008-09-30": "", "2008-06-30": "60.00000", "2008-03-31": "", "2007-12-31": "", "2007-09-30": "", "2007-06-30": "", "2007-03-31": "", "2006-12-31": "", "2006-09-30": "", "2006-06-30": "", "2006-03-31": "", "2005-12-31": "", "2005-09-30": "", "2005-06-30": "", "2005-03-31": ""}, "Operating Expenses": {"2020-09-30": "1134.00000", "2020-06-30": "1044.00000", "2020-03-31": "1199.00000", "2019-12-31": "1137.00000", "2019-09-30": "1139.00000", "2019-06-30": "1099.00000", "2019-03-31": "1268.00000", "2018-12-31": "1253.00000", "2018-09-30": "1191.00000", "2018-06-30": "1178.00000", "2018-03-31": "1312.00000", "2017-12-31": "1187.00000", "2017-09-30": "1154.00000", "2017-06-30": "1150.00000", "2017-03-31": "1273.00000", "2016-12-31": "1270.00000", "2016-09-30": "1168.00000", "2016-06-30": "1102.00000", "2016-03-31": "1214.00000", "2015-12-31": "1168.00000", "2015-09-30": "1207.00000", "2015-06-30": "1164.00000", "2015-03-31": "1300.00000", "2014-12-31": "1245.00000", "2014-09-30": "1109.00000", "2014-06-30": "1097.00000", "2014-03-31": "1348.00000", "2013-12-31": "1151.00000", "2013-09-30": "1071.00000", "2013-06-30": "1142.00000", "2013-03-31": "1290.00000", "2012-12-31": "1150.00000", "2012-09-30": "1131.00000", "2012-06-30": "1058.00000", "2012-03-31": "1254.00000", "2011-12-31": "255.00000", "2011-09-30": "1718.00000", "2011-06-30": "1465.00000", "2011-03-31": "1677.00000", "2010-12-31": "1508.00000", "2010-09-30": "2178.00000", "2010-06-30": "1394.00000", "2010-03-31": "1642.00000", "2009-12-31": "1475.00000", "2009-09-30": "1330.00000", "2009-06-30": "1319.00000", "2009-03-31": "1595.00000", "2008-12-31": "1768.00000", "2008-09-30": "1632.00000", "2008-06-30": "1347.00000", "2008-03-31": "1760.00000", "2007-12-31": "1555.00000", "2007-09-30": "1515.00000", "2007-06-30": "1402.00000", "2007-03-31": "1731.00000", "2006-12-31": "1466.00000", "2006-09-30": "1363.00000", "2006-06-30": "1274.00000", "2006-03-31": "1604.00000", "2005-12-31": "1543.00000", "2005-09-30": "1372.00000", "2005-06-30": "1218.00000", "2005-03-31": "1363.00000"}, "Operating Income": {"2020-09-30": "494.00000", "2020-06-30": "354.00000", "2020-03-31": "241.00000", "2019-12-31": "179.00000", "2019-09-30": "520.00000", "2019-06-30": "280.00000", "2019-03-31": "288.00000", "2018-12-31": "166.00000", "2018-09-30": "533.00000", "2018-06-30": "385.00000", "2018-03-31": "273.00000", "2017-12-31": "212.00000", "2017-09-30": "569.00000", "2017-06-30": "387.00000", "2017-03-31": "242.00000", "2016-12-31": "86.00000", "2016-09-30": "691.00000", "2016-06-30": "325.00000", "2016-03-31": "220.00000", "2015-12-31": "140.00000", "2015-09-30": "626.00000", "2015-06-30": "237.00000", "2015-03-31": "256.00000", "2014-12-31": "125.00000", "2014-09-30": "561.00000", "2014-06-30": "322.00000", "2014-03-31": "246.00000", "2013-12-31": "171.00000", "2013-09-30": "567.00000", "2013-06-30": "261.00000", "2013-03-31": "185.00000", "2012-12-31": "108.00000", "2012-09-30": "578.00000", "2012-06-30": "344.00000", "2012-03-31": "158.00000", "2011-12-31": "-60.00000", "2011-09-30": "550.00000", "2011-06-30": "316.00000", "2011-03-31": "227.00000", "2010-12-31": "198.00000", "2010-09-30": "89.00000", "2010-06-30": "331.00000", "2010-03-31": "298.00000", "2009-12-31": "245.00000", "2009-09-30": "485.00000", "2009-06-30": "365.00000", "2009-03-31": "321.00000", "2008-12-31": "170.00000", "2008-09-30": "428.00000", "2008-06-30": "443.00000", "2008-03-31": "321.00000", "2007-12-31": "258.00000", "2007-09-30": "482.00000", "2007-06-30": "326.00000", "2007-03-31": "293.00000", "2006-12-31": "169.00000", "2006-09-30": "547.00000", "2006-06-30": "276.00000", "2006-03-31": "196.00000", "2005-12-31": "146.00000", "2005-09-30": "509.00000", "2005-06-30": "366.00000", "2005-03-31": "263.00000"}, "Total Non-Operating Income/Expense": {"2020-09-30": "-62.00000", "2020-06-30": "-60.00000", "2020-03-31": "-72.00000", "2019-12-31": "-60.00000", "2019-09-30": "-62.00000", "2019-06-30": "-61.00000", "2019-03-31": "-68.00000", "2018-12-31": "-81.00000", "2018-09-30": "-69.00000", "2018-06-30": "-71.00000", "2018-03-31": "-78.00000", "2017-12-31": "-71.00000", "2017-09-30": "-74.00000", "2017-06-30": "-79.00000", "2017-03-31": "-81.00000", "2016-12-31": "-27.00000", "2016-09-30": "-87.00000", "2016-06-30": "-85.00000", "2016-03-31": "-82.00000", "2015-12-31": "-79.00000", "2015-09-30": "-73.00000", "2015-06-30": "-79.00000", "2015-03-31": "-80.00000", "2014-12-31": "-58.00000", "2014-09-30": "-71.00000", "2014-06-30": "-72.00000", "2014-03-31": "-83.00000", "2013-12-31": "-99.00000", "2013-09-30": "-73.00000", "2013-06-30": "-89.00000", "2013-03-31": "-94.00000", "2012-12-31": "-89.00000", "2012-09-30": "-88.00000", "2012-06-30": "-86.00000", "2012-03-31": "-96.00000", "2011-12-31": "-42.00000", "2011-09-30": "-100.00000", "2011-06-30": "-92.00000", "2011-03-31": "-108.00000", "2010-12-31": "-114.00000", "2010-09-30": "-116.00000", "2010-06-30": "-93.00000", "2010-03-31": "-117.00000", "2009-12-31": "-119.00000", "2009-09-30": "-121.00000", "2009-06-30": "-114.00000", "2009-03-31": "-106.00000", "2008-12-31": "-99.00000", "2008-09-30": "-100.00000", "2008-06-30": "-107.00000", "2008-03-31": "-85.00000", "2007-12-31": "-89.00000", "2007-09-30": "-99.00000", "2007-06-30": "-96.00000", "2007-03-31": "-89.00000", "2006-12-31": "-90.00000", "2006-09-30": "-80.00000", "2006-06-30": "-77.00000", "2006-03-31": "-72.00000", "2005-12-31": "-75.00000", "2005-09-30": "-65.00000", "2005-06-30": "-77.00000", "2005-03-31": "-67.00000"}, "Pre-Tax Income": {"2020-09-30": "432.00000", "2020-06-30": "294.00000", "2020-03-31": "169.00000", "2019-12-31": "119.00000", "2019-09-30": "458.00000", "2019-06-30": "219.00000", "2019-03-31": "220.00000", "2018-12-31": "85.00000", "2018-09-30": "464.00000", "2018-06-30": "314.00000", "2018-03-31": "195.00000", "2017-12-31": "141.00000", "2017-09-30": "495.00000", "2017-06-30": "308.00000", "2017-03-31": "161.00000", "2016-12-31": "59.00000", "2016-09-30": "604.00000", "2016-06-30": "240.00000", "2016-03-31": "138.00000", "2015-12-31": "61.00000", "2015-09-30": "553.00000", "2015-06-30": "158.00000", "2015-03-31": "176.00000", "2014-12-31": "67.00000", "2014-09-30": "490.00000", "2014-06-30": "250.00000", "2014-03-31": "163.00000", "2013-12-31": "72.00000", "2013-09-30": "494.00000", "2013-06-30": "172.00000", "2013-03-31": "91.00000", "2012-12-31": "19.00000", "2012-09-30": "490.00000", "2012-06-30": "258.00000", "2012-03-31": "62.00000", "2011-12-31": "-102.00000", "2011-09-30": "450.00000", "2011-06-30": "224.00000", "2011-03-31": "119.00000", "2010-12-31": "84.00000", "2010-09-30": "-27.00000", "2010-06-30": "238.00000", "2010-03-31": "181.00000", "2009-12-31": "126.00000", "2009-09-30": "364.00000", "2009-06-30": "251.00000", "2009-03-31": "215.00000", "2008-12-31": "71.00000", "2008-09-30": "328.00000", "2008-06-30": "336.00000", "2008-03-31": "236.00000", "2007-12-31": "169.00000", "2007-09-30": "383.00000", "2007-06-30": "230.00000", "2007-03-31": "204.00000", "2006-12-31": "79.00000", "2006-09-30": "467.00000", "2006-06-30": "199.00000", "2006-03-31": "124.00000", "2005-12-31": "71.00000", "2005-09-30": "444.00000", "2005-06-30": "289.00000", "2005-03-31": "196.00000"}, "Income Taxes": {"2020-09-30": "63.00000", "2020-06-30": "50.00000", "2020-03-31": "21.00000", "2019-12-31": "24.00000", "2019-09-30": "92.00000", "2019-06-30": "39.00000", "2019-03-31": "27.00000", "2018-12-31": "16.00000", "2018-09-30": "105.00000", "2018-06-30": "74.00000", "2018-03-31": "42.00000", "2017-12-31": "200.00000", "2017-09-30": "205.00000", "2017-06-30": "114.00000", "2017-03-31": "57.00000", "2016-12-31": "26.00000", "2016-09-30": "233.00000", "2016-06-30": "92.00000", "2016-03-31": "31.00000", "2015-12-31": "30.00000", "2015-09-30": "208.00000", "2015-06-30": "59.00000", "2015-03-31": "66.00000", "2014-12-31": "20.00000", "2014-09-30": "194.00000", "2014-06-30": "99.00000", "2014-03-31": "64.00000", "2013-12-31": "23.00000", "2013-09-30": "187.00000", "2013-06-30": "66.00000", "2013-03-31": "35.00000", "2012-12-31": "9.00000", "2012-09-30": "179.00000", "2012-06-30": "96.00000", "2012-03-31": "23.00000", "2011-12-31": "-39.00000", "2011-09-30": "163.00000", "2011-06-30": "85.00000", "2011-03-31": "45.00000", "2010-12-31": "30.00000", "2010-09-30": "137.00000", "2010-06-30": "83.00000", "2010-03-31": "75.00000", "2009-12-31": "44.00000", "2009-09-30": "135.00000", "2009-06-30": "83.00000", "2009-03-31": "70.00000", "2008-12-31": "8.00000", "2008-09-30": "113.00000", "2008-06-30": "119.00000", "2008-03-31": "87.00000", "2007-12-31": "51.00000", "2007-09-30": "130.00000", "2007-06-30": "78.00000", "2007-03-31": "71.00000", "2006-12-31": "11.00000", "2006-09-30": "161.00000", "2006-06-30": "68.00000", "2006-03-31": "44.00000", "2005-12-31": "26.00000", "2005-09-30": "159.00000", "2005-06-30": "100.00000", "2005-03-31": "71.00000"}, "Income After Taxes": {"2020-09-30": "369.00000", "2020-06-30": "244.00000", "2020-03-31": "148.00000", "2019-12-31": "95.00000", "2019-09-30": "366.00000", "2019-06-30": "180.00000", "2019-03-31": "193.00000", "2018-12-31": "69.00000", "2018-09-30": "359.00000", "2018-06-30": "240.00000", "2018-03-31": "153.00000", "2017-12-31": "-59.00000", "2017-09-30": "290.00000", "2017-06-30": "194.00000", "2017-03-31": "104.00000", "2016-12-31": "33.00000", "2016-09-30": "371.00000", "2016-06-30": "148.00000", "2016-03-31": "107.00000", "2015-12-31": "31.00000", "2015-09-30": "345.00000", "2015-06-30": "99.00000", "2015-03-31": "110.00000", "2014-12-31": "47.00000", "2014-09-30": "296.00000", "2014-06-30": "151.00000", "2014-03-31": "99.00000", "2013-12-31": "49.00000", "2013-09-30": "307.00000", "2013-06-30": "106.00000", "2013-03-31": "56.00000", "2012-12-31": "10.00000", "2012-09-30": "311.00000", "2012-06-30": "162.00000", "2012-03-31": "39.00000", "2011-12-31": "-63.00000", "2011-09-30": "287.00000", "2011-06-30": "139.00000", "2011-03-31": "74.00000", "2010-12-31": "54.00000", "2010-09-30": "-164.00000", "2010-06-30": "155.00000", "2010-03-31": "106.00000", "2009-12-31": "82.00000", "2009-09-30": "229.00000", "2009-06-30": "168.00000", "2009-03-31": "145.00000", "2008-12-31": "63.00000", "2008-09-30": "215.00000", "2008-06-30": "217.00000", "2008-03-31": "149.00000", "2007-12-31": "118.00000", "2007-09-30": "253.00000", "2007-06-30": "152.00000", "2007-03-31": "133.00000", "2006-12-31": "68.00000", "2006-09-30": "306.00000", "2006-06-30": "131.00000", "2006-03-31": "80.00000", "2005-12-31": "45.00000", "2005-09-30": "285.00000", "2005-06-30": "189.00000", "2005-03-31": "125.00000"}, "Other Income": {"2020-09-30": "", "2020-06-30": "", "2020-03-31": "", "2019-12-31": "", "2019-09-30": "", "2019-06-30": "", "2019-03-31": "", "2018-12-31": "", "2018-09-30": "", "2018-06-30": "", "2018-03-31": "", "2017-12-31": "", "2017-09-30": "", "2017-06-30": "", "2017-03-31": "", "2016-12-31": "", "2016-09-30": "", "2016-06-30": "", "2016-03-31": "", "2015-12-31": "", "2015-09-30": "", "2015-06-30": "", "2015-03-31": "", "2014-12-31": "", "2014-09-30": "", "2014-06-30": "", "2014-03-31": "", "2013-12-31": "", "2013-09-30": "", "2013-06-30": "", "2013-03-31": "", "2012-12-31": "", "2012-09-30": "", "2012-06-30": "", "2012-03-31": "", "2011-12-31": "", "2011-09-30": "", "2011-06-30": "", "2011-03-31": "", "2010-12-31": "", "2010-09-30": "", "2010-06-30": "", "2010-03-31": "", "2009-12-31": "", "2009-09-30": "", "2009-06-30": "", "2009-03-31": "", "2008-12-31": "", "2008-09-30": "", "2008-06-30": "", "2008-03-31": "", "2007-12-31": "", "2007-09-30": "", "2007-06-30": "", "2007-03-31": "", "2006-12-31": "", "2006-09-30": "", "2006-06-30": "", "2006-03-31": "", "2005-12-31": "", "2005-09-30": "", "2005-06-30": "", "2005-03-31": ""}, "Income From Continuous Operations": {"2020-09-30": "369.00000", "2020-06-30": "244.00000", "2020-03-31": "148.00000", "2019-12-31": "95.00000", "2019-09-30": "366.00000", "2019-06-30": "180.00000", "2019-03-31": "193.00000", "2018-12-31": "69.00000", "2018-09-30": "359.00000", "2018-06-30": "240.00000", "2018-03-31": "153.00000", "2017-12-31": "-59.00000", "2017-09-30": "290.00000", "2017-06-30": "194.00000", "2017-03-31": "104.00000", "2016-12-31": "33.00000", "2016-09-30": "371.00000", "2016-06-30": "148.00000", "2016-03-31": "107.00000", "2015-12-31": "31.00000", "2015-09-30": "345.00000", "2015-06-30": "99.00000", "2015-03-31": "110.00000", "2014-12-31": "47.00000", "2014-09-30": "296.00000", "2014-06-30": "151.00000", "2014-03-31": "99.00000", "2013-12-31": "49.00000", "2013-09-30": "307.00000", "2013-06-30": "106.00000", "2013-03-31": "56.00000", "2012-12-31": "10.00000", "2012-09-30": "311.00000", "2012-06-30": "162.00000", "2012-03-31": "39.00000", "2011-12-31": "-63.00000", "2011-09-30": "287.00000", "2011-06-30": "139.00000", "2011-03-31": "74.00000", "2010-12-31": "54.00000", "2010-09-30": "-164.00000", "2010-06-30": "155.00000", "2010-03-31": "106.00000", "2009-12-31": "82.00000", "2009-09-30": "229.00000", "2009-06-30": "168.00000", "2009-03-31": "145.00000", "2008-12-31": "63.00000", "2008-09-30": "215.00000", "2008-06-30": "217.00000", "2008-03-31": "149.00000", "2007-12-31": "146.00000", "2007-09-30": "244.00000", "2007-06-30": "143.00000", "2007-03-31": "123.00000", "2006-12-31": "61.00000", "2006-09-30": "293.00000", "2006-06-30": "123.00000", "2006-03-31": "70.00000", "2005-12-31": "42.00000", "2005-09-30": "280.00000", "2005-06-30": "185.00000", "2005-03-31": "121.00000"}, "Income From Discontinued Operations": {"2020-09-30": "", "2020-06-30": "", "2020-03-31": "", "2019-12-31": "", "2019-09-30": "", "2019-06-30": "", "2019-03-31": "", "2018-12-31": "", "2018-09-30": "", "2018-06-30": "", "2018-03-31": "", "2017-12-31": "", "2017-09-30": "", "2017-06-30": "", "2017-03-31": "", "2016-12-31": "", "2016-09-30": "", "2016-06-30": "", "2016-03-31": "", "2015-12-31": "-1.00000", "2015-09-30": "0.00000", "2015-06-30": "52.00000", "2015-03-31": "0.00000", "2014-12-31": "2.00000", "2014-09-30": "-1.00000", "2014-06-30": "-1.00000", "2014-03-31": "-1.00000", "2013-12-31": "-11.00000", "2013-09-30": "-3.00000", "2013-06-30": "-10.00000", "2013-03-31": "-199.00000", "2012-12-31": "-1165.00000", "2012-09-30": "63.00000", "2012-06-30": "48.00000", "2012-03-31": "-442.00000", "2011-12-31": "", "2011-09-30": "", "2011-06-30": "", "2011-03-31": "", "2010-12-31": "", "2010-09-30": "", "2010-06-30": "", "2010-03-31": "", "2009-12-31": "", "2009-09-30": "", "2009-06-30": "", "2009-03-31": "", "2008-12-31": "", "2008-09-30": "", "2008-06-30": "", "2008-03-31": "", "2007-12-31": "", "2007-09-30": "", "2007-06-30": "", "2007-03-31": "", "2006-12-31": "", "2006-09-30": "", "2006-06-30": "", "2006-03-31": "", "2005-12-31": "", "2005-09-30": "", "2005-06-30": "", "2005-03-31": ""}, "Net Income": {"2020-09-30": "367.00000", "2020-06-30": "243.00000", "2020-03-31": "146.00000", "2019-12-31": "94.00000", "2019-09-30": "364.00000", "2019-06-30": "179.00000", "2019-03-31": "191.00000", "2018-12-31": "68.00000", "2018-09-30": "357.00000", "2018-06-30": "239.00000", "2018-03-31": "151.00000", "2017-12-31": "-60.00000", "2017-09-30": "288.00000", "2017-06-30": "193.00000", "2017-03-31": "102.00000", "2016-12-31": "32.00000", "2016-09-30": "369.00000", "2016-06-30": "147.00000", "2016-03-31": "105.00000", "2015-12-31": "29.00000", "2015-09-30": "343.00000", "2015-06-30": "150.00000", "2015-03-31": "108.00000", "2014-12-31": "48.00000", "2014-09-30": "293.00000", "2014-06-30": "149.00000", "2014-03-31": "96.00000", "2013-12-31": "37.00000", "2013-09-30": "302.00000", "2013-06-30": "95.00000", "2013-03-31": "-145.00000", "2012-12-31": "-1156.00000", "2012-09-30": "374.00000", "2012-06-30": "211.00000", "2012-03-31": "-403.00000", "2011-12-31": "25.00000", "2011-09-30": "285.00000", "2011-06-30": "138.00000", "2011-03-31": "71.00000", "2010-12-31": "52.00000", "2010-09-30": "-167.00000", "2010-06-30": "152.00000", "2010-03-31": "102.00000", "2009-12-31": "79.00000", "2009-09-30": "227.00000", "2009-06-30": "165.00000", "2009-03-31": "141.00000", "2008-12-31": "57.00000", "2008-09-30": "204.00000", "2008-06-30": "206.00000", "2008-03-31": "138.00000", "2007-12-31": "108.00000", "2007-09-30": "244.00000", "2007-06-30": "143.00000", "2007-03-31": "123.00000", "2006-12-31": "61.00000", "2006-09-30": "293.00000", "2006-06-30": "123.00000", "2006-03-31": "70.00000", "2005-12-31": "20.00000", "2005-09-30": "280.00000", "2005-06-30": "185.00000", "2005-03-31": "121.00000"}, "EBITDA": {"2020-09-30": "792.00000", "2020-06-30": "651.00000", "2020-03-31": "532.00000", "2019-12-31": "464.00000", "2019-09-30": "799.00000", "2019-06-30": "543.00000", "2019-03-31": "561.00000", "2018-12-31": "433.00000", "2018-09-30": "797.00000", "2018-06-30": "648.00000", "2018-03-31": "532.00000", "2017-12-31": "446.00000", "2017-09-30": "817.00000", "2017-06-30": "632.00000", "2017-03-31": "489.00000", "2016-12-31": "326.00000", "2016-09-30": "928.00000", "2016-06-30": "553.00000", "2016-03-31": "460.00000", "2015-12-31": "367.00000", "2015-09-30": "850.00000", "2015-06-30": "459.00000", "2015-03-31": "479.00000", "2014-12-31": "326.00000", "2014-09-30": "766.00000", "2014-06-30": "524.00000", "2014-03-31": "451.00000", "2013-12-31": "368.00000", "2013-09-30": "756.00000", "2013-06-30": "444.00000", "2013-03-31": "377.00000", "2012-12-31": "302.00000", "2012-09-30": "757.00000", "2012-06-30": "526.00000", "2012-03-31": "339.00000", "2011-12-31": "-7.00000", "2011-09-30": "757.00000", "2011-06-30": "526.00000", "2011-03-31": "436.00000", "2010-12-31": "378.00000", "2010-09-30": "314.00000", "2010-06-30": "537.00000", "2010-03-31": "510.00000", "2009-12-31": "418.00000", "2009-09-30": "702.00000", "2009-06-30": "569.00000", "2009-03-31": "513.00000", "2008-12-31": "359.00000", "2008-09-30": "623.00000", "2008-06-30": "625.00000", "2008-03-31": "517.00000", "2007-12-31": "452.00000", "2007-09-30": "697.00000", "2007-06-30": "512.00000", "2007-03-31": "489.00000", "2006-12-31": "331.00000", "2006-09-30": "729.00000", "2006-06-30": "457.00000", "2006-03-31": "378.00000", "2005-12-31": "310.00000", "2005-09-30": "721.00000", "2005-06-30": "543.00000", "2005-03-31": "409.00000"}, "EBIT": {"2020-09-30": "494.00000", "2020-06-30": "354.00000", "2020-03-31": "241.00000", "2019-12-31": "179.00000", "2019-09-30": "520.00000", "2019-06-30": "280.00000", "2019-03-31": "288.00000", "2018-12-31": "166.00000", "2018-09-30": "533.00000", "2018-06-30": "385.00000", "2018-03-31": "273.00000", "2017-12-31": "212.00000", "2017-09-30": "569.00000", "2017-06-30": "387.00000", "2017-03-31": "242.00000", "2016-12-31": "86.00000", "2016-09-30": "691.00000", "2016-06-30": "325.00000", "2016-03-31": "220.00000", "2015-12-31": "140.00000", "2015-09-30": "626.00000", "2015-06-30": "237.00000", "2015-03-31": "256.00000", "2014-12-31": "125.00000", "2014-09-30": "561.00000", "2014-06-30": "322.00000", "2014-03-31": "246.00000", "2013-12-31": "171.00000", "2013-09-30": "567.00000", "2013-06-30": "261.00000", "2013-03-31": "185.00000", "2012-12-31": "108.00000", "2012-09-30": "578.00000", "2012-06-30": "344.00000", "2012-03-31": "158.00000", "2011-12-31": "-60.00000", "2011-09-30": "550.00000", "2011-06-30": "316.00000", "2011-03-31": "227.00000", "2010-12-31": "198.00000", "2010-09-30": "89.00000", "2010-06-30": "331.00000", "2010-03-31": "298.00000", "2009-12-31": "245.00000", "2009-09-30": "485.00000", "2009-06-30": "365.00000", "2009-03-31": "321.00000", "2008-12-31": "170.00000", "2008-09-30": "428.00000", "2008-06-30": "443.00000", "2008-03-31": "321.00000", "2007-12-31": "258.00000", "2007-09-30": "482.00000", "2007-06-30": "326.00000", "2007-03-31": "293.00000", "2006-12-31": "169.00000", "2006-09-30": "547.00000", "2006-06-30": "276.00000", "2006-03-31": "196.00000", "2005-12-31": "146.00000", "2005-09-30": "509.00000", "2005-06-30": "366.00000", "2005-03-31": "263.00000"}, "Basic Shares Outstanding": {"2020-09-30": "247.10000", "2020-06-30": "246.90000", "2020-03-31": "246.40000", "2019-12-31": "245.60000", "2019-09-30": "245.90000", "2019-06-30": "245.60000", "2019-03-31": "244.90000", "2018-12-31": "243.80000", "2018-09-30": "244.10000", "2018-06-30": "243.70000", "2018-03-31": "242.90000", "2017-12-31": "242.60000", "2017-09-30": "242.60000", "2017-06-30": "242.60000", "2017-03-31": "242.60000", "2016-12-31": "242.60000", "2016-09-30": "242.60000", "2016-06-30": "242.60000", "2016-03-31": "242.60000", "2015-12-31": "242.60000", "2015-09-30": "242.60000", "2015-06-30": "242.60000", "2015-03-31": "242.60000", "2014-12-31": "242.60000", "2014-09-30": "242.60000", "2014-06-30": "242.60000", "2014-03-31": "242.60000", "2013-12-31": "242.60000", "2013-09-30": "242.60000", "2013-06-30": "242.60000", "2013-03-31": "242.60000", "2012-12-31": "242.60000", "2012-09-30": "242.60000", "2012-06-30": "242.60000", "2012-03-31": "242.60000", "2011-12-31": "241.50000", "2011-09-30": "241.70000", "2011-06-30": "241.20000", "2011-03-31": "240.60000", "2010-12-31": "238.80000", "2010-09-30": "239.30000", "2010-06-30": "238.40000", "2010-03-31": "237.60000", "2009-12-31": "220.40000", "2009-09-30": "218.20000", "2009-06-30": "213.60000", "2009-03-31": "212.70000", "2008-12-31": "210.10000", "2008-09-30": "210.30000", "2008-06-30": "209.50000", "2008-03-31": "208.70000", "2007-12-31": "207.40000", "2007-09-30": "207.60000", "2007-06-30": "207.10000", "2007-03-31": "206.60000", "2006-12-31": "205.60000", "2006-09-30": "205.90000", "2006-06-30": "205.40000", "2006-03-31": "204.80000", "2005-12-31": "200.80000", "2005-09-30": "203.80000", "2005-06-30": "199.70000", "2005-03-31": "195.30000"}, "Shares Outstanding": {"2020-09-30": "249.20000", "2020-06-30": "247.90000", "2020-03-31": "248.10000", "2019-12-31": "247.10000", "2019-09-30": "247.50000", "2019-06-30": "247.20000", "2019-03-31": "246.40000", "2018-12-31": "245.80000", "2018-09-30": "246.30000", "2018-06-30": "245.80000", "2018-03-31": "244.40000", "2017-12-31": "244.20000", "2017-09-30": "244.70000", "2017-06-30": "243.50000", "2017-03-31": "242.60000", "2016-12-31": "243.40000", "2016-09-30": "242.90000", "2016-06-30": "242.60000", "2016-03-31": "242.60000", "2015-12-31": "243.60000", "2015-09-30": "243.90000", "2015-06-30": "242.60000", "2015-03-31": "242.60000", "2014-12-31": "244.40000", "2014-09-30": "244.30000", "2014-06-30": "242.60000", "2014-03-31": "242.60000", "2013-12-31": "244.50000", "2013-09-30": "245.10000", "2013-06-30": "242.60000", "2013-03-31": "242.60000", "2012-12-31": "243.00000", "2012-09-30": "242.90000", "2012-06-30": "242.60000", "2012-03-31": "242.60000", "2011-12-31": "242.10000", "2011-09-30": "241.70000", "2011-06-30": "241.20000", "2011-03-31": "240.60000", "2010-12-31": "238.80000", "2010-09-30": "239.30000", "2010-06-30": "238.40000", "2010-03-31": "237.60000", "2009-12-31": "220.40000", "2009-09-30": "218.20000", "2009-06-30": "213.60000", "2009-03-31": "212.70000", "2008-12-31": "210.10000", "2008-09-30": "210.30000", "2008-06-30": "209.50000", "2008-03-31": "208.70000", "2007-12-31": "207.40000", "2007-09-30": "207.60000", "2007-06-30": "207.10000", "2007-03-31": "206.60000", "2006-12-31": "205.60000", "2006-09-30": "205.90000", "2006-06-30": "205.40000", "2006-03-31": "204.80000", "2005-12-31": "200.80000", "2005-09-30": "203.80000", "2005-06-30": "199.70000", "2005-03-31": "195.30000"}, "Basic EPS": {"2020-09-30": "1.48000", "2020-06-30": "0.99000", "2020-03-31": "0.59000", "2019-12-31": "0.38000", "2019-09-30": "1.48000", "2019-06-30": "0.73000", "2019-03-31": "0.78000", "2018-12-31": "0.28000", "2018-09-30": "1.46000", "2018-06-30": "0.98000", "2018-03-31": "0.62000", "2017-12-31": "-0.24000", "2017-09-30": "1.19000", "2017-06-30": "0.79000", "2017-03-31": "0.42000", "2016-12-31": "0.13000", "2016-09-30": "1.52000", "2016-06-30": "0.61000", "2016-03-31": "0.43000", "2015-12-31": "0.12000", "2015-09-30": "1.42000", "2015-06-30": "0.61000", "2015-03-31": "0.45000", "2014-12-31": "0.20000", "2014-09-30": "1.21000", "2014-06-30": "0.61000", "2014-03-31": "0.40000", "2013-12-31": "0.15000", "2013-09-30": "1.25000", "2013-06-30": "0.39000", "2013-03-31": "-0.60000", "2012-12-31": "-4.76000", "2012-09-30": "1.54000", "2012-06-30": "0.87000", "2012-03-31": "-1.66000", "2011-12-31": "0.11000", "2011-09-30": "1.18000", "2011-06-30": "0.57000", "2011-03-31": "0.29000", "2010-12-31": "0.21000", "2010-09-30": "-0.70000", "2010-06-30": "0.64000", "2010-03-31": "0.43000", "2009-12-31": "0.31000", "2009-09-30": "1.04000", "2009-06-30": "0.77000", "2009-03-31": "0.66000", "2008-12-31": "0.27000", "2008-09-30": "0.97000", "2008-06-30": "0.98000", "2008-03-31": "0.66000", "2007-12-31": "0.52000", "2007-09-30": "1.18000", "2007-06-30": "0.69000", "2007-03-31": "0.59000", "2006-12-31": "0.30000", "2006-09-30": "1.42000", "2006-06-30": "0.60000", "2006-03-31": "0.34000", "2005-12-31": "0.10000", "2005-09-30": "1.37000", "2005-06-30": "0.93000", "2005-03-31": "0.62000"}, "EPS - Earnings Per Share": {"2020-09-30": "1.47000", "2020-06-30": "0.98000", "2020-03-31": "0.59000", "2019-12-31": "0.38000", "2019-09-30": "1.47000", "2019-06-30": "0.72000", "2019-03-31": "0.78000", "2018-12-31": "0.28000", "2018-09-30": "1.45000", "2018-06-30": "0.97000", "2018-03-31": "0.62000", "2017-12-31": "-0.25000", "2017-09-30": "1.18000", "2017-06-30": "0.79000", "2017-03-31": "0.42000", "2016-12-31": "0.12000", "2016-09-30": "1.52000", "2016-06-30": "0.61000", "2016-03-31": "0.43000", "2015-12-31": "0.12000", "2015-09-30": "1.41000", "2015-06-30": "0.61000", "2015-03-31": "0.45000", "2014-12-31": "0.19000", "2014-09-30": "1.20000", "2014-06-30": "0.61000", "2014-03-31": "0.40000", "2013-12-31": "0.15000", "2013-09-30": "1.24000", "2013-06-30": "0.39000", "2013-03-31": "-0.60000", "2012-12-31": "-4.76000", "2012-09-30": "1.54000", "2012-06-30": "0.87000", "2012-03-31": "-1.66000", "2011-12-31": "0.11000", "2011-09-30": "1.18000", "2011-06-30": "0.57000", "2011-03-31": "0.29000", "2010-12-31": "0.21000", "2010-09-30": "-0.70000", "2010-06-30": "0.64000", "2010-03-31": "0.43000", "2009-12-31": "0.31000", "2009-09-30": "1.04000", "2009-06-30": "0.77000", "2009-03-31": "0.66000", "2008-12-31": "0.27000", "2008-09-30": "0.97000", "2008-06-30": "0.98000", "2008-03-31": "0.66000", "2007-12-31": "0.52000", "2007-09-30": "1.18000", "2007-06-30": "0.69000", "2007-03-31": "0.59000", "2006-12-31": "0.30000", "2006-09-30": "1.42000", "2006-06-30": "0.60000", "2006-03-31": "0.34000", "2005-12-31": "0.10000", "2005-09-30": "1.37000", "2005-06-30": "0.93000", "2005-03-31": "0.62000"}}, "balance sheet": {"Cash On Hand": {"2019-12-31": "16.00000", "2018-12-31": "16.00000", "2017-12-31": "10.00000", "2016-12-31": "9.00000", "2015-12-31": "292.00000", "2014-12-31": "5.00000", "2013-12-31": "30.00000", "2012-12-31": "184.00000", "2011-12-31": "255.00000", "2010-12-31": "545.00000", "2009-12-31": "622.00000", "2008-12-31": "92.00000", "2007-12-31": "355.00000", "2006-12-31": "137.00000", "2005-12-31": "96.00000"}, "Receivables": {"2019-12-31": "456.00000", "2018-12-31": "542.00000", "2017-12-31": "515.00000", "2016-12-31": "500.00000", "2015-12-31": "486.00000", "2014-12-31": "504.00000", "2013-12-31": "600.00000", "2012-12-31": "425.00000", "2011-12-31": "542.00000", "2010-12-31": "727.00000", "2009-12-31": "742.00000", "2008-12-31": "831.00000", "2007-12-31": "832.00000", "2006-12-31": "578.00000", "2005-12-31": "583.00000"}, "Inventory": {"2019-12-31": "494.00000", "2018-12-31": "483.00000", "2017-12-31": "522.00000", "2016-12-31": "527.00000", "2015-12-31": "538.00000", "2014-12-31": "524.00000", "2013-12-31": "526.00000", "2012-12-31": "570.00000", "2011-12-31": "712.00000", "2010-12-31": "707.00000", "2009-12-31": "782.00000", "2008-12-31": "842.00000", "2007-12-31": "735.00000", "2006-12-31": "647.00000", "2005-12-31": "572.00000"}, "Pre-Paid Expenses": {"2019-12-31": "", "2018-12-31": "", "2017-12-31": "", "2016-12-31": "", "2015-12-31": "", "2014-12-31": "", "2013-12-31": "", "2012-12-31": "", "2011-12-31": "", "2010-12-31": "", "2009-12-31": "", "2008-12-31": "", "2007-12-31": "", "2006-12-31": "", "2005-12-31": ""}, "Other Current Assets": {"2019-12-31": "465.00000", "2018-12-31": "492.00000", "2017-12-31": "565.00000", "2016-12-31": "557.00000", "2015-12-31": "587.00000", "2014-12-31": "646.00000", "2013-12-31": "545.00000", "2012-12-31": "636.00000", "2011-12-31": "766.00000", "2010-12-31": "911.00000", "2009-12-31": "696.00000", "2008-12-31": "843.00000", "2007-12-31": "540.00000", "2006-12-31": "512.00000", "2005-12-31": "567.00000"}, "Total Current Assets": {"2019-12-31": "1431.00000", "2018-12-31": "1533.00000", "2017-12-31": "1612.00000", "2016-12-31": "1593.00000", "2015-12-31": "1917.00000", "2014-12-31": "1694.00000", "2013-12-31": "1972.00000", "2012-12-31": "3596.00000", "2011-12-31": "2295.00000", "2010-12-31": "2890.00000", "2009-12-31": "2842.00000", "2008-12-31": "2608.00000", "2007-12-31": "2462.00000", "2006-12-31": "1874.00000", "2005-12-31": "1818.00000"}, "Property, Plant, And Equipment": {"2019-12-31": "24376.00000", "2018-12-31": "22810.00000", "2017-12-31": "21466.00000", "2016-12-31": "20113.00000", "2015-12-31": "18799.00000", "2014-12-31": "17424.00000", "2013-12-31": "16205.00000", "2012-12-31": "15348.00000", "2011-12-31": "18127.00000", "2010-12-31": "17853.00000", "2009-12-31": "17610.00000", "2008-12-31": "16567.00000", "2007-12-31": "15069.00000", "2006-12-31": "14286.00000", "2005-12-31": "13581.00000"}, "Long-Term Investments": {"2019-12-31": "", "2018-12-31": "", "2017-12-31": "", "2016-12-31": "", "2015-12-31": "", "2014-12-31": "", "2013-12-31": "", "2012-12-31": "", "2011-12-31": "", "2010-12-31": "", "2009-12-31": "", "2008-12-31": "", "2007-12-31": "", "2006-12-31": "", "2005-12-31": "50.00000"}, "Goodwill And Intangible Assets": {"2019-12-31": "411.00000", "2018-12-31": "411.00000", "2017-12-31": "411.00000", "2016-12-31": "411.00000", "2015-12-31": "411.00000", "2014-12-31": "411.00000", "2013-12-31": "411.00000", "2012-12-31": "425.00000", "2011-12-31": "418.00000", "2010-12-31": "418.00000", "2009-12-31": "960.00000", "2008-12-31": "998.00000", "2007-12-31": "1029.00000", "2006-12-31": "1048.00000", "2005-12-31": "1299.00000"}, "Other Long-Term Assets": {"2019-12-31": "876.00000", "2018-12-31": "650.00000", "2017-12-31": "522.00000", "2016-12-31": "538.00000", "2015-12-31": "575.00000", "2014-12-31": "629.00000", "2013-12-31": "720.00000", "2012-12-31": "667.00000", "2011-12-31": "845.00000", "2010-12-31": "750.00000", "2009-12-31": "655.00000", "2008-12-31": "606.00000", "2007-12-31": "703.00000", "2006-12-31": "654.00000", "2005-12-31": "342.00000"}, "Total Long-Term Assets": {"2019-12-31": "27502.00000", "2018-12-31": "25682.00000", "2017-12-31": "24333.00000", "2016-12-31": "23106.00000", "2015-12-31": "21723.00000", "2014-12-31": "20595.00000", "2013-12-31": "19070.00000", "2012-12-31": "18634.00000", "2011-12-31": "21350.00000", "2010-12-31": "20621.00000", "2009-12-31": "20860.00000", "2008-12-31": "20063.00000", "2007-12-31": "18266.00000", "2006-12-31": "17761.00000", "2005-12-31": "16353.00000"}, "Total Assets": {"2019-12-31": "28933.00000", "2018-12-31": "27215.00000", "2017-12-31": "25945.00000", "2016-12-31": "24699.00000", "2015-12-31": "23640.00000", "2014-12-31": "22289.00000", "2013-12-31": "21042.00000", "2012-12-31": "22230.00000", "2011-12-31": "23645.00000", "2010-12-31": "23511.00000", "2009-12-31": "23702.00000", "2008-12-31": "22671.00000", "2007-12-31": "20728.00000", "2006-12-31": "19635.00000", "2005-12-31": "18171.00000"}, "Total Current Liabilities": {"2019-12-31": "2505.00000", "2018-12-31": "2687.00000", "2017-12-31": "2940.00000", "2016-12-31": "2674.00000", "2015-12-31": "2093.00000", "2014-12-31": "2249.00000", "2013-12-31": "2461.00000", "2012-12-31": "2686.00000", "2011-12-31": "1785.00000", "2010-12-31": "1888.00000", "2009-12-31": "1711.00000", "2008-12-31": "3077.00000", "2007-12-31": "2904.00000", "2006-12-31": "2203.00000", "2005-12-31": "1487.00000"}, "Long Term Debt": {"2019-12-31": "8915.00000", "2018-12-31": "7859.00000", "2017-12-31": "7094.00000", "2016-12-31": "6595.00000", "2015-12-31": "6880.00000", "2014-12-31": "6085.00000", "2013-12-31": "5504.00000", "2012-12-31": "5802.00000", "2011-12-31": "6677.00000", "2010-12-31": "7313.00000", "2009-12-31": "7941.00000", "2008-12-31": "6554.00000", "2007-12-31": "5689.00000", "2006-12-31": "5285.00000", "2005-12-31": "5354.00000"}, "Other Non-Current Liabilities": {"2019-12-31": "5525.00000", "2018-12-31": "5264.00000", "2017-12-31": "5025.00000", "2016-12-31": "2620.00000", "2015-12-31": "2523.00000", "2014-12-31": "2246.00000", "2013-12-31": "2074.00000", "2012-12-31": "1938.00000", "2011-12-31": "1930.00000", "2010-12-31": "1794.00000", "2009-12-31": "1686.00000", "2008-12-31": "1697.00000", "2007-12-31": "1802.00000", "2006-12-31": "1726.00000", "2005-12-31": "1659.00000"}, "Total Long Term Liabilities": {"2019-12-31": "18227.00000", "2018-12-31": "16755.00000", "2017-12-31": "15679.00000", "2016-12-31": "14780.00000", "2015-12-31": "14459.00000", "2014-12-31": "13185.00000", "2013-12-31": "11895.00000", "2012-12-31": "12777.00000", "2011-12-31": "13792.00000", "2010-12-31": "13739.00000", "2009-12-31": "13931.00000", "2008-12-31": "12415.00000", "2007-12-31": "11072.00000", "2006-12-31": "10849.00000", "2005-12-31": "10320.00000"}, "Total Liabilities": {"2019-12-31": "20732.00000", "2018-12-31": "19442.00000", "2017-12-31": "18619.00000", "2016-12-31": "17454.00000", "2015-12-31": "16552.00000", "2014-12-31": "15434.00000", "2013-12-31": "14356.00000", "2012-12-31": "15463.00000", "2011-12-31": "15577.00000", "2010-12-31": "15627.00000", "2009-12-31": "15642.00000", "2008-12-31": "15492.00000", "2007-12-31": "13976.00000", "2006-12-31": "13052.00000", "2005-12-31": "11807.00000"}, "Common Stock Net": {"2019-12-31": "2.00000", "2018-12-31": "2.00000", "2017-12-31": "2.00000", "2016-12-31": "2.00000", "2015-12-31": "2.00000", "2014-12-31": "2.00000", "2013-12-31": "2.00000", "2012-12-31": "2.00000", "2011-12-31": "2.00000", "2010-12-31": "2.00000", "2009-12-31": "2.00000", "2008-12-31": "2.00000", "2007-12-31": "2.00000", "2006-12-31": "2.00000", "2005-12-31": "2.00000"}, "Retained Earnings (Accumulated Deficit)": {"2019-12-31": "2380.00000", "2018-12-31": "2024.00000", "2017-12-31": "1660.00000", "2016-12-31": "1568.00000", "2015-12-31": "1331.00000", "2014-12-31": "1103.00000", "2013-12-31": "907.00000", "2012-12-31": "1006.00000", "2011-12-31": "2369.00000", "2010-12-31": "2225.00000", "2009-12-31": "2455.00000", "2008-12-31": "2181.00000", "2007-12-31": "2110.00000", "2006-12-31": "2024.00000", "2005-12-31": "1999.00000"}, "Comprehensive Income": {"2019-12-31": "-17.00000", "2018-12-31": "-22.00000", "2017-12-31": "-18.00000", "2016-12-31": "-23.00000", "2015-12-31": "-3.00000", "2014-12-31": "-9.00000", "2013-12-31": "3.00000", "2012-12-31": "-8.00000", "2011-12-31": "-50.00000", "2010-12-31": "-17.00000", "2009-12-31": "-13.00000", "2008-12-31": "", "2007-12-31": "36.00000", "2006-12-31": "62.00000", "2005-12-31": "-24.00000"}, "Other Share Holders Equity": {"2019-12-31": "", "2018-12-31": "", "2017-12-31": "", "2016-12-31": "", "2015-12-31": "", "2014-12-31": "", "2013-12-31": "", "2012-12-31": "", "2011-12-31": "", "2010-12-31": "", "2009-12-31": "", "2008-12-31": "", "2007-12-31": "", "2006-12-31": "", "2005-12-31": ""}, "Share Holder Equity": {"2019-12-31": "8201.00000", "2018-12-31": "7773.00000", "2017-12-31": "7326.00000", "2016-12-31": "7245.00000", "2015-12-31": "7088.00000", "2014-12-31": "6855.00000", "2013-12-31": "6686.00000", "2012-12-31": "6767.00000", "2011-12-31": "8068.00000", "2010-12-31": "7884.00000", "2009-12-31": "8060.00000", "2008-12-31": "7179.00000", "2007-12-31": "6752.00000", "2006-12-31": "6583.00000", "2005-12-31": "6364.00000"}, "Total Liabilities And Share Holders Equity": {"2019-12-31": "28933.00000", "2018-12-31": "27215.00000", "2017-12-31": "25945.00000", "2016-12-31": "24699.00000", "2015-12-31": "23640.00000", "2014-12-31": "22289.00000", "2013-12-31": "21042.00000", "2012-12-31": "22230.00000", "2011-12-31": "23645.00000", "2010-12-31": "23511.00000", "2009-12-31": "23702.00000", "2008-12-31": "22671.00000", "2007-12-31": "20728.00000", "2006-12-31": "19635.00000", "2005-12-31": "18171.00000"}}, "balance sheet, quarterly": {"Cash On Hand": {"2020-09-30": "6.00000", "2020-06-30": "8.00000", "2020-03-31": "42.00000", "2019-12-31": "16.00000", "2019-09-30": "20.00000", "2019-06-30": "6.00000", "2019-03-31": "8.00000", "2018-12-31": "16.00000", "2018-09-30": "11.00000", "2018-06-30": "29.00000", "2018-03-31": "30.00000", "2017-12-31": "10.00000", "2017-09-30": "9.00000", "2017-06-30": "10.00000", "2017-03-31": "8.00000", "2016-12-31": "9.00000", "2016-09-30": "18.00000", "2016-06-30": "13.00000", "2016-03-31": "13.00000", "2015-12-31": "292.00000", "2015-09-30": "72.00000", "2015-06-30": "2.00000", "2015-03-31": "6.00000", "2014-12-31": "5.00000", "2014-09-30": "13.00000", "2014-06-30": "46.00000", "2014-03-31": "26.00000", "2013-12-31": "30.00000", "2013-09-30": "169.00000", "2013-06-30": "150.00000", "2013-03-31": "161.00000", "2012-12-31": "184.00000", "2012-09-30": "298.00000", "2012-06-30": "117.00000", "2012-03-31": "208.00000", "2011-12-31": "255.00000", "2011-09-30": "522.00000", "2011-06-30": "378.00000", "2011-03-31": "573.00000", "2010-12-31": "545.00000", "2010-09-30": "608.00000", "2010-06-30": "506.00000", "2010-03-31": "360.00000", "2009-12-31": "622.00000", "2009-09-30": "563.00000", "2009-06-30": "251.00000", "2009-03-31": "304.00000", "2008-12-31": "92.00000", "2008-09-30": "206.00000", "2008-06-30": "205.00000", "2008-03-31": "186.00000", "2007-12-31": "355.00000", "2007-09-30": "170.00000", "2007-06-30": "687.00000", "2007-03-31": "161.00000", "2006-12-31": "137.00000", "2006-09-30": "34.00000", "2006-06-30": "51.00000", "2006-03-31": "29.00000", "2005-12-31": "96.00000", "2005-09-30": "278.00000", "2005-06-30": "27.00000", "2005-03-31": "30.00000"}, "Receivables": {"2020-09-30": "596.00000", "2020-06-30": "562.00000", "2020-03-31": "521.00000", "2019-12-31": "456.00000", "2019-09-30": "534.00000", "2019-06-30": "552.00000", "2019-03-31": "591.00000", "2018-12-31": "542.00000", "2018-09-30": "689.00000", "2018-06-30": "634.00000", "2018-03-31": "612.00000", "2017-12-31": "515.00000", "2017-09-30": "592.00000", "2017-06-30": "523.00000", "2017-03-31": "524.00000", "2016-12-31": "500.00000", "2016-09-30": "592.00000", "2016-06-30": "510.00000", "2016-03-31": "484.00000", "2015-12-31": "486.00000", "2015-09-30": "621.00000", "2015-06-30": "568.00000", "2015-03-31": "624.00000", "2014-12-31": "504.00000", "2014-09-30": "584.00000", "2014-06-30": "667.00000", "2014-03-31": "754.00000", "2013-12-31": "600.00000", "2013-09-30": "578.00000", "2013-06-30": "500.00000", "2013-03-31": "549.00000", "2012-12-31": "425.00000", "2012-09-30": "605.00000", "2012-06-30": "486.00000", "2012-03-31": "511.00000", "2011-12-31": "542.00000", "2011-09-30": "722.00000", "2011-06-30": "756.00000", "2011-03-31": "808.00000", "2010-12-31": "727.00000", "2010-09-30": "891.00000", "2010-06-30": "674.00000", "2010-03-31": "819.00000", "2009-12-31": "742.00000", "2009-09-30": "598.00000", "2009-06-30": "787.00000", "2009-03-31": "872.00000", "2008-12-31": "831.00000", "2008-09-30": "797.00000", "2008-06-30": "905.00000", "2008-03-31": "971.00000", "2007-12-31": "832.00000", "2007-09-30": "949.00000", "2007-06-30": "784.00000", "2007-03-31": "864.00000", "2006-12-31": "578.00000", "2006-09-30": "579.00000", "2006-06-30": "480.00000", "2006-03-31": "609.00000", "2005-12-31": "583.00000", "2005-09-30": "501.00000", "2005-06-30": "441.00000", "2005-03-31": "545.00000"}, "Inventory": {"2020-09-30": "557.00000", "2020-06-30": "514.00000", "2020-03-31": "471.00000", "2019-12-31": "494.00000", "2019-09-30": "488.00000", "2019-06-30": "433.00000", "2019-03-31": "402.00000", "2018-12-31": "483.00000", "2018-09-30": "525.00000", "2018-06-30": "475.00000", "2018-03-31": "453.00000", "2017-12-31": "522.00000", "2017-09-30": "547.00000", "2017-06-30": "512.00000", "2017-03-31": "467.00000", "2016-12-31": "527.00000", "2016-09-30": "551.00000", "2016-06-30": "515.00000", "2016-03-31": "483.00000", "2015-12-31": "538.00000", "2015-09-30": "548.00000", "2015-06-30": "500.00000", "2015-03-31": "449.00000", "2014-12-31": "524.00000", "2014-09-30": "561.00000", "2014-06-30": "491.00000", "2014-03-31": "424.00000", "2013-12-31": "526.00000", "2013-09-30": "581.00000", "2013-06-30": "511.00000", "2013-03-31": "461.00000", "2012-12-31": "570.00000", "2012-09-30": "756.00000", "2012-06-30": "686.00000", "2012-03-31": "625.00000", "2011-12-31": "712.00000", "2011-09-30": "734.00000", "2011-06-30": "654.00000", "2011-03-31": "572.00000", "2010-12-31": "707.00000", "2010-09-30": "746.00000", "2010-06-30": "676.00000", "2010-03-31": "635.00000", "2009-12-31": "782.00000", "2009-09-30": "857.00000", "2009-06-30": "733.00000", "2009-03-31": "657.00000", "2008-12-31": "842.00000", "2008-09-30": "956.00000", "2008-06-30": "719.00000", "2008-03-31": "556.00000", "2007-12-31": "735.00000", "2007-09-30": "757.00000", "2007-06-30": "612.00000", "2007-03-31": "489.00000", "2006-12-31": "647.00000", "2006-09-30": "710.00000", "2006-06-30": "549.00000", "2006-03-31": "423.00000", "2005-12-31": "572.00000", "2005-09-30": "840.00000", "2005-06-30": "649.00000", "2005-03-31": "563.00000"}, "Pre-Paid Expenses": {"2020-09-30": "", "2020-06-30": "", "2020-03-31": "", "2019-12-31": "", "2019-09-30": "", "2019-06-30": "", "2019-03-31": "", "2018-12-31": "", "2018-09-30": "", "2018-06-30": "", "2018-03-31": "", "2017-12-31": "", "2017-09-30": "", "2017-06-30": "", "2017-03-31": "", "2016-12-31": "", "2016-09-30": "", "2016-06-30": "", "2016-03-31": "", "2015-12-31": "", "2015-09-30": "", "2015-06-30": "", "2015-03-31": "", "2014-12-31": "", "2014-09-30": "", "2014-06-30": "", "2014-03-31": "", "2013-12-31": "", "2013-09-30": "", "2013-06-30": "", "2013-03-31": "", "2012-12-31": "", "2012-09-30": "", "2012-06-30": "", "2012-03-31": "", "2011-12-31": "", "2011-09-30": "", "2011-06-30": "", "2011-03-31": "", "2010-12-31": "", "2010-09-30": "", "2010-06-30": "", "2010-03-31": "", "2009-12-31": "", "2009-09-30": "", "2009-06-30": "", "2009-03-31": "", "2008-12-31": "", "2008-09-30": "", "2008-06-30": "", "2008-03-31": "", "2007-12-31": "", "2007-09-30": "", "2007-06-30": "", "2007-03-31": "", "2006-12-31": "", "2006-09-30": "", "2006-06-30": "", "2006-03-31": "", "2005-12-31": "", "2005-09-30": "", "2005-06-30": "", "2005-03-31": ""}, "Other Current Assets": {"2020-09-30": "431.00000", "2020-06-30": "536.00000", "2020-03-31": "430.00000", "2019-12-31": "465.00000", "2019-09-30": "453.00000", "2019-06-30": "523.00000", "2019-03-31": "421.00000", "2018-12-31": "492.00000", "2018-09-30": "415.00000", "2018-06-30": "547.00000", "2018-03-31": "472.00000", "2017-12-31": "565.00000", "2017-09-30": "433.00000", "2017-06-30": "526.00000", "2017-03-31": "451.00000", "2016-12-31": "557.00000", "2016-09-30": "423.00000", "2016-06-30": "542.00000", "2016-03-31": "464.00000", "2015-12-31": "587.00000", "2015-09-30": "500.00000", "2015-06-30": "620.00000", "2015-03-31": "568.00000", "2014-12-31": "646.00000", "2014-09-30": "468.00000", "2014-06-30": "569.00000", "2014-03-31": "526.00000", "2013-12-31": "545.00000", "2013-09-30": "507.00000", "2013-06-30": "604.00000", "2013-03-31": "545.00000", "2012-12-31": "636.00000", "2012-09-30": "747.00000", "2012-06-30": "865.00000", "2012-03-31": "780.00000", "2011-12-31": "766.00000", "2011-09-30": "702.00000", "2011-06-30": "815.00000", "2011-03-31": "762.00000", "2010-12-31": "911.00000", "2010-09-30": "875.00000", "2010-06-30": "974.00000", "2010-03-31": "844.00000", "2009-12-31": "696.00000", "2009-09-30": "762.00000", "2009-06-30": "893.00000", "2009-03-31": "924.00000", "2008-12-31": "843.00000", "2008-09-30": "588.00000", "2008-06-30": "937.00000", "2008-03-31": "590.00000", "2007-12-31": "540.00000", "2007-09-30": "465.00000", "2007-06-30": "482.00000", "2007-03-31": "346.00000", "2006-12-31": "512.00000", "2006-09-30": "414.00000", "2006-06-30": "465.00000", "2006-03-31": "402.00000", "2005-12-31": "567.00000", "2005-09-30": "364.00000", "2005-06-30": "448.00000", "2005-03-31": "300.00000"}, "Total Current Assets": {"2020-09-30": "1590.00000", "2020-06-30": "1620.00000", "2020-03-31": "1464.00000", "2019-12-31": "1431.00000", "2019-09-30": "1495.00000", "2019-06-30": "1514.00000", "2019-03-31": "1422.00000", "2018-12-31": "1533.00000", "2018-09-30": "1640.00000", "2018-06-30": "1685.00000", "2018-03-31": "1567.00000", "2017-12-31": "1612.00000", "2017-09-30": "1581.00000", "2017-06-30": "1571.00000", "2017-03-31": "1450.00000", "2016-12-31": "1593.00000", "2016-09-30": "1599.00000", "2016-06-30": "1594.00000", "2016-03-31": "1458.00000", "2015-12-31": "1917.00000", "2015-09-30": "1983.00000", "2015-06-30": "1991.00000", "2015-03-31": "1993.00000", "2014-12-31": "1694.00000", "2014-09-30": "1942.00000", "2014-06-30": "1965.00000", "2014-03-31": "1840.00000", "2013-12-31": "1972.00000", "2013-09-30": "3273.00000", "2013-06-30": "3408.00000", "2013-03-31": "3296.00000", "2012-12-31": "3596.00000", "2012-09-30": "2406.00000", "2012-06-30": "2154.00000", "2012-03-31": "2124.00000", "2011-12-31": "2295.00000", "2011-09-30": "2680.00000", "2011-06-30": "2603.00000", "2011-03-31": "2715.00000", "2010-12-31": "2890.00000", "2010-09-30": "3120.00000", "2010-06-30": "2830.00000", "2010-03-31": "2658.00000", "2009-12-31": "2842.00000", "2009-09-30": "2780.00000", "2009-06-30": "2664.00000", "2009-03-31": "2757.00000", "2008-12-31": "2608.00000", "2008-09-30": "2547.00000", "2008-06-30": "2766.00000", "2008-03-31": "2303.00000", "2007-12-31": "2462.00000", "2007-09-30": "2341.00000", "2007-06-30": "2565.00000", "2007-03-31": "1860.00000", "2006-12-31": "1874.00000", "2006-09-30": "1737.00000", "2006-06-30": "1545.00000", "2006-03-31": "1463.00000", "2005-12-31": "1818.00000", "2005-09-30": "1983.00000", "2005-06-30": "1565.00000", "2005-03-31": "1438.00000"}, "Property, Plant, And Equipment": {"2020-09-30": "25541.00000", "2020-06-30": "25081.00000", "2020-03-31": "24678.00000", "2019-12-31": "24376.00000", "2019-09-30": "23894.00000", "2019-06-30": "23479.00000", "2019-03-31": "23044.00000", "2018-12-31": "22810.00000", "2018-09-30": "22379.00000", "2018-06-30": "21998.00000", "2018-03-31": "21666.00000", "2017-12-31": "21466.00000", "2017-09-30": "20906.00000", "2017-06-30": "20589.00000", "2017-03-31": "20298.00000", "2016-12-31": "20113.00000", "2016-09-30": "19647.00000", "2016-06-30": "19324.00000", "2016-03-31": "19000.00000", "2015-12-31": "18799.00000", "2015-09-30": "18307.00000", "2015-06-30": "17986.00000", "2015-03-31": "17700.00000", "2014-12-31": "17424.00000", "2014-09-30": "16991.00000", "2014-06-30": "16726.00000", "2014-03-31": "16425.00000", "2013-12-31": "16205.00000", "2013-09-30": "15834.00000", "2013-06-30": "15601.00000", "2013-03-31": "15408.00000", "2012-12-31": "15348.00000", "2012-09-30": "17833.00000", "2012-06-30": "17690.00000", "2012-03-31": "17535.00000", "2011-12-31": "18127.00000", "2011-09-30": "17873.00000", "2011-06-30": "17945.00000", "2011-03-31": "17888.00000", "2010-12-31": "17853.00000", "2010-09-30": "17655.00000", "2010-06-30": "17747.00000", "2010-03-31": "17671.00000", "2009-12-31": "17610.00000", "2009-09-30": "17272.00000", "2009-06-30": "17006.00000", "2009-03-31": "16781.00000", "2008-12-31": "16567.00000", "2008-09-30": "15977.00000", "2008-06-30": "15566.00000", "2008-03-31": "15294.00000", "2007-12-31": "15069.00000", "2007-09-30": "14729.00000", "2007-06-30": "14538.00000", "2007-03-31": "14353.00000", "2006-12-31": "14286.00000", "2006-09-30": "14028.00000", "2006-06-30": "13920.00000", "2006-03-31": "13854.00000", "2005-12-31": "13581.00000", "2005-09-30": "13402.00000", "2005-06-30": "13397.00000", "2005-03-31": "13332.00000"}, "Long-Term Investments": {"2020-09-30": "", "2020-06-30": "", "2020-03-31": "", "2019-12-31": "", "2019-09-30": "", "2019-06-30": "", "2019-03-31": "", "2018-12-31": "", "2018-09-30": "", "2018-06-30": "", "2018-03-31": "", "2017-12-31": "", "2017-09-30": "", "2017-06-30": "", "2017-03-31": "", "2016-12-31": "", "2016-09-30": "", "2016-06-30": "", "2016-03-31": "", "2015-12-31": "", "2015-09-30": "", "2015-06-30": "", "2015-03-31": "", "2014-12-31": "", "2014-09-30": "", "2014-06-30": "", "2014-03-31": "", "2013-12-31": "", "2013-09-30": "", "2013-06-30": "", "2013-03-31": "", "2012-12-31": "", "2012-09-30": "", "2012-06-30": "", "2012-03-31": "", "2011-12-31": "", "2011-09-30": "", "2011-06-30": "", "2011-03-31": "", "2010-12-31": "", "2010-09-30": "", "2010-06-30": "", "2010-03-31": "", "2009-12-31": "", "2009-09-30": "", "2009-06-30": "", "2009-03-31": "", "2008-12-31": "", "2008-09-30": "", "2008-06-30": "", "2008-03-31": "", "2007-12-31": "", "2007-09-30": "", "2007-06-30": "13.00000", "2007-03-31": "13.00000", "2006-12-31": "", "2006-09-30": "31.00000", "2006-06-30": "32.00000", "2006-03-31": "50.00000", "2005-12-31": "50.00000", "2005-09-30": "124.00000", "2005-06-30": "135.00000", "2005-03-31": "136.00000"}, "Goodwill And Intangible Assets": {"2020-09-30": "411.00000", "2020-06-30": "411.00000", "2020-03-31": "411.00000", "2019-12-31": "411.00000", "2019-09-30": "411.00000", "2019-06-30": "411.00000", "2019-03-31": "411.00000", "2018-12-31": "411.00000", "2018-09-30": "411.00000", "2018-06-30": "411.00000", "2018-03-31": "411.00000", "2017-12-31": "411.00000", "2017-09-30": "411.00000", "2017-06-30": "411.00000", "2017-03-31": "411.00000", "2016-12-31": "411.00000", "2016-09-30": "411.00000", "2016-06-30": "411.00000", "2016-03-31": "411.00000", "2015-12-31": "411.00000", "2015-09-30": "411.00000", "2015-06-30": "411.00000", "2015-03-31": "411.00000", "2014-12-31": "411.00000", "2014-09-30": "431.00000", "2014-06-30": "430.00000", "2014-03-31": "428.00000", "2013-12-31": "411.00000", "2013-09-30": "430.00000", "2013-06-30": "429.00000", "2013-03-31": "427.00000", "2012-12-31": "425.00000", "2012-09-30": "425.00000", "2012-06-30": "423.00000", "2012-03-31": "420.00000", "2011-12-31": "418.00000", "2011-09-30": "417.00000", "2011-06-30": "415.00000", "2011-03-31": "418.00000", "2010-12-31": "418.00000", "2010-09-30": "420.00000", "2010-06-30": "944.00000", "2010-03-31": "955.00000", "2009-12-31": "960.00000", "2009-09-30": "969.00000", "2009-06-30": "981.00000", "2009-03-31": "991.00000", "2008-12-31": "998.00000", "2008-09-30": "998.00000", "2008-06-30": "1008.00000", "2008-03-31": "1020.00000", "2007-12-31": "1029.00000", "2007-09-30": "1028.00000", "2007-06-30": "1037.00000", "2007-03-31": "1041.00000", "2006-12-31": "1048.00000", "2006-09-30": "1204.00000", "2006-06-30": "1226.00000", "2006-03-31": "1240.00000", "2005-12-31": "1299.00000", "2005-09-30": "957.00000", "2005-06-30": "934.00000", "2005-03-31": "927.00000"}, "Other Long-Term Assets": {"2020-09-30": "993.00000", "2020-06-30": "917.00000", "2020-03-31": "885.00000", "2019-12-31": "876.00000", "2019-09-30": "780.00000", "2019-06-30": "741.00000", "2019-03-31": "744.00000", "2018-12-31": "650.00000", "2018-09-30": "647.00000", "2018-06-30": "626.00000", "2018-03-31": "532.00000", "2017-12-31": "522.00000", "2017-09-30": "538.00000", "2017-06-30": "526.00000", "2017-03-31": "532.00000", "2016-12-31": "538.00000", "2016-09-30": "566.00000", "2016-06-30": "552.00000", "2016-03-31": "573.00000", "2015-12-31": "575.00000", "2015-09-30": "646.00000", "2015-06-30": "649.00000", "2015-03-31": "645.00000", "2014-12-31": "629.00000", "2014-09-30": "724.00000", "2014-06-30": "731.00000", "2014-03-31": "719.00000", "2013-12-31": "720.00000", "2013-09-30": "660.00000", "2013-06-30": "654.00000", "2013-03-31": "665.00000", "2012-12-31": "667.00000", "2012-09-30": "772.00000", "2012-06-30": "776.00000", "2012-03-31": "773.00000", "2011-12-31": "845.00000", "2011-09-30": "843.00000", "2011-06-30": "848.00000", "2011-03-31": "738.00000", "2010-12-31": "750.00000", "2010-09-30": "699.00000", "2010-06-30": "664.00000", "2010-03-31": "670.00000", "2009-12-31": "655.00000", "2009-09-30": "652.00000", "2009-06-30": "674.00000", "2009-03-31": "637.00000", "2008-12-31": "606.00000", "2008-09-30": "566.00000", "2008-06-30": "940.00000", "2008-03-31": "701.00000", "2007-12-31": "703.00000", "2007-09-30": "683.00000", "2007-06-30": "730.00000", "2007-03-31": "650.00000", "2006-12-31": "654.00000", "2006-09-30": "753.00000", "2006-06-30": "643.00000", "2006-03-31": "627.00000", "2005-12-31": "342.00000", "2005-09-30": "496.00000", "2005-06-30": "411.00000", "2005-03-31": "449.00000"}, "Total Long-Term Assets": {"2020-09-30": "28927.00000", "2020-06-30": "28396.00000", "2020-03-31": "27808.00000", "2019-12-31": "27502.00000", "2019-09-30": "27051.00000", "2019-06-30": "26589.00000", "2019-03-31": "26087.00000", "2018-12-31": "25682.00000", "2018-09-30": "25319.00000", "2018-06-30": "24954.00000", "2018-03-31": "24512.00000", "2017-12-31": "24333.00000", "2017-09-30": "24036.00000", "2017-06-30": "23683.00000", "2017-03-31": "23361.00000", "2016-12-31": "23106.00000", "2016-09-30": "22535.00000", "2016-06-30": "22199.00000", "2016-03-31": "21927.00000", "2015-12-31": "21723.00000", "2015-09-30": "21476.00000", "2015-06-30": "21161.00000", "2015-03-31": "20891.00000", "2014-12-31": "20595.00000", "2014-09-30": "19934.00000", "2014-06-30": "19623.00000", "2014-03-31": "19326.00000", "2013-12-31": "19070.00000", "2013-09-30": "19112.00000", "2013-06-30": "18868.00000", "2013-03-31": "18656.00000", "2012-12-31": "18634.00000", "2012-09-30": "21092.00000", "2012-06-30": "20826.00000", "2012-03-31": "20775.00000", "2011-12-31": "21350.00000", "2011-09-30": "20676.00000", "2011-06-30": "20788.00000", "2011-03-31": "20614.00000", "2010-12-31": "20621.00000", "2010-09-30": "20511.00000", "2010-06-30": "21085.00000", "2010-03-31": "21030.00000", "2009-12-31": "20860.00000", "2009-09-30": "20814.00000", "2009-06-30": "20526.00000", "2009-03-31": "20314.00000", "2008-12-31": "20063.00000", "2008-09-30": "18932.00000", "2008-06-30": "18879.00000", "2008-03-31": "18455.00000", "2007-12-31": "18266.00000", "2007-09-30": "18064.00000", "2007-06-30": "17966.00000", "2007-03-31": "17766.00000", "2006-12-31": "17761.00000", "2006-09-30": "17093.00000", "2006-06-30": "16905.00000", "2006-03-31": "16851.00000", "2005-12-31": "16353.00000", "2005-09-30": "16107.00000", "2005-06-30": "15926.00000", "2005-03-31": "15895.00000"}, "Total Assets": {"2020-09-30": "30517.00000", "2020-06-30": "30016.00000", "2020-03-31": "29272.00000", "2019-12-31": "28933.00000", "2019-09-30": "28546.00000", "2019-06-30": "28103.00000", "2019-03-31": "27509.00000", "2018-12-31": "27215.00000", "2018-09-30": "26959.00000", "2018-06-30": "26639.00000", "2018-03-31": "26079.00000", "2017-12-31": "25945.00000", "2017-09-30": "25617.00000", "2017-06-30": "25254.00000", "2017-03-31": "24811.00000", "2016-12-31": "24699.00000", "2016-09-30": "24134.00000", "2016-06-30": "23793.00000", "2016-03-31": "23385.00000", "2015-12-31": "23640.00000", "2015-09-30": "23459.00000", "2015-06-30": "23152.00000", "2015-03-31": "22884.00000", "2014-12-31": "22289.00000", "2014-09-30": "21876.00000", "2014-06-30": "21588.00000", "2014-03-31": "21166.00000", "2013-12-31": "21042.00000", "2013-09-30": "22385.00000", "2013-06-30": "22276.00000", "2013-03-31": "21952.00000", "2012-12-31": "22230.00000", "2012-09-30": "23498.00000", "2012-06-30": "22980.00000", "2012-03-31": "22899.00000", "2011-12-31": "23645.00000", "2011-09-30": "23356.00000", "2011-06-30": "23391.00000", "2011-03-31": "23329.00000", "2010-12-31": "23511.00000", "2010-09-30": "23631.00000", "2010-06-30": "23915.00000", "2010-03-31": "23688.00000", "2009-12-31": "23702.00000", "2009-09-30": "23594.00000", "2009-06-30": "23190.00000", "2009-03-31": "23071.00000", "2008-12-31": "22671.00000", "2008-09-30": "21479.00000", "2008-06-30": "21645.00000", "2008-03-31": "20758.00000", "2007-12-31": "20728.00000", "2007-09-30": "20405.00000", "2007-06-30": "20531.00000", "2007-03-31": "19626.00000", "2006-12-31": "19635.00000", "2006-09-30": "18830.00000", "2006-06-30": "18450.00000", "2006-03-31": "18314.00000", "2005-12-31": "18171.00000", "2005-09-30": "18090.00000", "2005-06-30": "17491.00000", "2005-03-31": "17333.00000"}, "Total Current Liabilities": {"2020-09-30": "2105.00000", "2020-06-30": "2000.00000", "2020-03-31": "2367.00000", "2019-12-31": "2505.00000", "2019-09-30": "2285.00000", "2019-06-30": "2752.00000", "2019-03-31": "2392.00000", "2018-12-31": "2687.00000", "2018-09-30": "2580.00000", "2018-06-30": "2711.00000", "2018-03-31": "3345.00000", "2017-12-31": "2940.00000", "2017-09-30": "2581.00000", "2017-06-30": "2765.00000", "2017-03-31": "2762.00000", "2016-12-31": "2674.00000", "2016-09-30": "2291.00000", "2016-06-30": "2430.00000", "2016-03-31": "1839.00000", "2015-12-31": "2093.00000", "2015-09-30": "2489.00000", "2015-06-30": "2556.00000", "2015-03-31": "2520.00000", "2014-12-31": "2249.00000", "2014-09-30": "2119.00000", "2014-06-30": "2312.00000", "2014-03-31": "2725.00000", "2013-12-31": "2461.00000", "2013-09-30": "3228.00000", "2013-06-30": "3286.00000", "2013-03-31": "2577.00000", "2012-12-31": "2686.00000", "2012-09-30": "1546.00000", "2012-06-30": "1603.00000", "2012-03-31": "1614.00000", "2011-12-31": "1785.00000", "2011-09-30": "1848.00000", "2011-06-30": "1727.00000", "2011-03-31": "1837.00000", "2010-12-31": "1888.00000", "2010-09-30": "1914.00000", "2010-06-30": "1760.00000", "2010-03-31": "1640.00000", "2009-12-31": "1711.00000", "2009-09-30": "1926.00000", "2009-06-30": "2545.00000", "2009-03-31": "2881.00000", "2008-12-31": "3077.00000", "2008-09-30": "2918.00000", "2008-06-30": "3078.00000", "2008-03-31": "3510.00000", "2007-12-31": "2904.00000", "2007-09-30": "2504.00000", "2007-06-30": "2820.00000", "2007-03-31": "2249.00000", "2006-12-31": "2203.00000", "2006-09-30": "1840.00000", "2006-06-30": "1408.00000", "2006-03-31": "1499.00000", "2005-12-31": "1487.00000", "2005-09-30": "1396.00000", "2005-06-30": "1380.00000", "2005-03-31": "1675.00000"}, "Long Term Debt": {"2020-09-30": "10172.00000", "2020-06-30": "10171.00000", "2020-03-31": "9378.00000", "2019-12-31": "8915.00000", "2019-09-30": "8651.00000", "2019-06-30": "8222.00000", "2019-03-31": "8221.00000", "2018-12-31": "7859.00000", "2018-09-30": "7614.00000", "2018-06-30": "7613.00000", "2018-03-31": "6766.00000", "2017-12-31": "7094.00000", "2017-09-30": "6922.00000", "2017-06-30": "6821.00000", "2017-03-31": "6597.00000", "2016-12-31": "6595.00000", "2016-09-30": "6607.00000", "2016-06-30": "6605.00000", "2016-03-31": "6881.00000", "2015-12-31": "6880.00000", "2015-09-30": "5981.00000", "2015-06-30": "5981.00000", "2015-03-31": "5860.00000", "2014-12-31": "6085.00000", "2014-09-30": "5825.00000", "2014-06-30": "5825.00000", "2014-03-31": "5226.00000", "2013-12-31": "5504.00000", "2013-09-30": "5274.00000", "2013-06-30": "5274.00000", "2013-03-31": "5803.00000", "2012-12-31": "5802.00000", "2012-09-30": "6781.00000", "2012-06-30": "6678.00000", "2012-03-31": "6677.00000", "2011-12-31": "6677.00000", "2011-09-30": "6682.00000", "2011-06-30": "7054.00000", "2011-03-31": "7123.00000", "2010-12-31": "7313.00000", "2010-09-30": "7259.00000", "2010-06-30": "7653.00000", "2010-03-31": "7743.00000", "2009-12-31": "7941.00000", "2009-09-30": "7321.00000", "2009-06-30": "7321.00000", "2009-03-31": "6900.00000", "2008-12-31": "6554.00000", "2008-09-30": "6143.00000", "2008-06-30": "6146.00000", "2008-03-31": "5066.00000", "2007-12-31": "5689.00000", "2007-09-30": "5486.00000", "2007-06-30": "5511.00000", "2007-03-31": "5260.00000", "2006-12-31": "5285.00000", "2006-09-30": "5349.00000", "2006-06-30": "5705.00000", "2006-03-31": "5508.00000", "2005-12-31": "5354.00000", "2005-09-30": "5201.00000", "2005-06-30": "4929.00000", "2005-03-31": "4982.00000"}, "Other Non-Current Liabilities": {"2020-09-30": "5647.00000", "2020-06-30": "5572.00000", "2020-03-31": "5473.00000", "2019-12-31": "5525.00000", "2019-09-30": "5516.00000", "2019-06-30": "5435.00000", "2019-03-31": "5361.00000", "2018-12-31": "5264.00000", "2018-09-30": "5292.00000", "2018-06-30": "5181.00000", "2018-03-31": "4999.00000", "2017-12-31": "5025.00000", "2017-09-30": "2676.00000", "2017-06-30": "2637.00000", "2017-03-31": "2623.00000", "2016-12-31": "2620.00000", "2016-09-30": "2610.00000", "2016-06-30": "2582.00000", "2016-03-31": "2556.00000", "2015-12-31": "2523.00000", "2015-09-30": "2491.00000", "2015-06-30": "2501.00000", "2015-03-31": "2397.00000", "2014-12-31": "2246.00000", "2014-09-30": "2190.00000", "2014-06-30": "2164.00000", "2014-03-31": "2124.00000", "2013-12-31": "2074.00000", "2013-09-30": "2095.00000", "2013-06-30": "2051.00000", "2013-03-31": "2047.00000", "2012-12-31": "1938.00000", "2012-09-30": "1971.00000", "2012-06-30": "1910.00000", "2012-03-31": "1917.00000", "2011-12-31": "1930.00000", "2011-09-30": "1903.00000", "2011-06-30": "1911.00000", "2011-03-31": "1853.00000", "2010-12-31": "1794.00000", "2010-09-30": "1821.00000", "2010-06-30": "1811.00000", "2010-03-31": "1775.00000", "2009-12-31": "1686.00000", "2009-09-30": "1745.00000", "2009-06-30": "1725.00000", "2009-03-31": "1708.00000", "2008-12-31": "1697.00000", "2008-09-30": "1874.00000", "2008-06-30": "2013.00000", "2008-03-31": "1897.00000", "2007-12-31": "1802.00000", "2007-09-30": "1812.00000", "2007-06-30": "1780.00000", "2007-03-31": "1742.00000", "2006-12-31": "1726.00000", "2006-09-30": "1743.00000", "2006-06-30": "1704.00000", "2006-03-31": "1675.00000", "2005-12-31": "1659.00000", "2005-09-30": "1623.00000", "2005-06-30": "1519.00000", "2005-03-31": "1501.00000"}, "Total Long Term Liabilities": {"2020-09-30": "19781.00000", "2020-06-30": "19647.00000", "2020-03-31": "18678.00000", "2019-12-31": "18227.00000", "2019-09-30": "18057.00000", "2019-06-30": "17418.00000", "2019-03-31": "17270.00000", "2018-12-31": "16755.00000", "2018-09-30": "16581.00000", "2018-06-30": "16400.00000", "2018-03-31": "15362.00000", "2017-12-31": "15679.00000", "2017-09-30": "15549.00000", "2017-06-30": "15189.00000", "2017-03-31": "14843.00000", "2016-12-31": "14780.00000", "2016-09-30": "14508.00000", "2016-06-30": "14299.00000", "2016-03-31": "14535.00000", "2015-12-31": "14459.00000", "2015-09-30": "13814.00000", "2015-06-30": "13690.00000", "2015-03-31": "13518.00000", "2014-12-31": "13185.00000", "2014-09-30": "12841.00000", "2014-06-30": "12562.00000", "2014-03-31": "11786.00000", "2013-12-31": "11895.00000", "2013-09-30": "12432.00000", "2013-06-30": "12465.00000", "2013-03-31": "12859.00000", "2012-12-31": "12777.00000", "2012-09-30": "13926.00000", "2012-06-30": "13677.00000", "2012-03-31": "13706.00000", "2011-12-31": "13792.00000", "2011-09-30": "13356.00000", "2011-06-30": "13721.00000", "2011-03-31": "13612.00000", "2010-12-31": "13739.00000", "2010-09-30": "13808.00000", "2010-06-30": "13955.00000", "2010-03-31": "13938.00000", "2009-12-31": "13931.00000", "2009-09-30": "13622.00000", "2009-06-30": "13291.00000", "2009-03-31": "12917.00000", "2008-12-31": "12415.00000", "2008-09-30": "11518.00000", "2008-06-30": "11750.00000", "2008-03-31": "10494.00000", "2007-12-31": "11072.00000", "2007-09-30": "11145.00000", "2007-06-30": "11093.00000", "2007-03-31": "10820.00000", "2006-12-31": "10849.00000", "2006-09-30": "10442.00000", "2006-06-30": "10693.00000", "2006-03-31": "10501.00000", "2005-12-31": "10320.00000", "2005-09-30": "10238.00000", "2005-06-30": "9847.00000", "2005-03-31": "9820.00000"}, "Total Liabilities": {"2020-09-30": "21886.00000", "2020-06-30": "21647.00000", "2020-03-31": "21045.00000", "2019-12-31": "20732.00000", "2019-09-30": "20342.00000", "2019-06-30": "20170.00000", "2019-03-31": "19662.00000", "2018-12-31": "19442.00000", "2018-09-30": "19161.00000", "2018-06-30": "19111.00000", "2018-03-31": "18707.00000", "2017-12-31": "18619.00000", "2017-09-30": "18130.00000", "2017-06-30": "17954.00000", "2017-03-31": "17605.00000", "2016-12-31": "17454.00000", "2016-09-30": "16799.00000", "2016-06-30": "16729.00000", "2016-03-31": "16374.00000", "2015-12-31": "16552.00000", "2015-09-30": "16303.00000", "2015-06-30": "16246.00000", "2015-03-31": "16038.00000", "2014-12-31": "15434.00000", "2014-09-30": "14960.00000", "2014-06-30": "14874.00000", "2014-03-31": "14511.00000", "2013-12-31": "14356.00000", "2013-09-30": "15660.00000", "2013-06-30": "15751.00000", "2013-03-31": "15436.00000", "2012-12-31": "15463.00000", "2012-09-30": "15472.00000", "2012-06-30": "15280.00000", "2012-03-31": "15320.00000", "2011-12-31": "15577.00000", "2011-09-30": "15204.00000", "2011-06-30": "15448.00000", "2011-03-31": "15449.00000", "2010-12-31": "15627.00000", "2010-09-30": "15722.00000", "2010-06-30": "15715.00000", "2010-03-31": "15578.00000", "2009-12-31": "15642.00000", "2009-09-30": "15548.00000", "2009-06-30": "15836.00000", "2009-03-31": "15798.00000", "2008-12-31": "15492.00000", "2008-09-30": "14436.00000", "2008-06-30": "14828.00000", "2008-03-31": "14004.00000", "2007-12-31": "13976.00000", "2007-09-30": "13649.00000", "2007-06-30": "13913.00000", "2007-03-31": "13069.00000", "2006-12-31": "13052.00000", "2006-09-30": "12282.00000", "2006-06-30": "12101.00000", "2006-03-31": "12000.00000", "2005-12-31": "11807.00000", "2005-09-30": "11634.00000", "2005-06-30": "11227.00000", "2005-03-31": "11495.00000"}, "Common Stock Net": {"2020-09-30": "2.00000", "2020-06-30": "2.00000", "2020-03-31": "2.00000", "2019-12-31": "2.00000", "2019-09-30": "2.00000", "2019-06-30": "2.00000", "2019-03-31": "2.00000", "2018-12-31": "2.00000", "2018-09-30": "2.00000", "2018-06-30": "2.00000", "2018-03-31": "2.00000", "2017-12-31": "2.00000", "2017-09-30": "2.00000", "2017-06-30": "2.00000", "2017-03-31": "2.00000", "2016-12-31": "2.00000", "2016-09-30": "2.00000", "2016-06-30": "2.00000", "2016-03-31": "2.00000", "2015-12-31": "2.00000", "2015-09-30": "2.00000", "2015-06-30": "2.00000", "2015-03-31": "2.00000", "2014-12-31": "2.00000", "2014-09-30": "2.00000", "2014-06-30": "2.00000", "2014-03-31": "2.00000", "2013-12-31": "2.00000", "2013-09-30": "2.00000", "2013-06-30": "2.00000", "2013-03-31": "2.00000", "2012-12-31": "2.00000", "2012-09-30": "2.00000", "2012-06-30": "2.00000", "2012-03-31": "2.00000", "2011-12-31": "2.00000", "2011-09-30": "2.00000", "2011-06-30": "2.00000", "2011-03-31": "2.00000", "2010-12-31": "2.00000", "2010-09-30": "2.00000", "2010-06-30": "2.00000", "2010-03-31": "2.00000", "2009-12-31": "2.00000", "2009-09-30": "2.00000", "2009-06-30": "2.00000", "2009-03-31": "2.00000", "2008-12-31": "2.00000", "2008-09-30": "2.00000", "2008-06-30": "2.00000", "2008-03-31": "2.00000", "2007-12-31": "2.00000", "2007-09-30": "2.00000", "2007-06-30": "2.00000", "2007-03-31": "2.00000", "2006-12-31": "2.00000", "2006-09-30": "2.00000", "2006-06-30": "2.00000", "2006-03-31": "2.00000", "2005-12-31": "2.00000", "2005-09-30": "2.00000", "2005-06-30": "2.00000", "2005-03-31": "2.00000"}, "Retained Earnings (Accumulated Deficit)": {"2020-09-30": "2769.00000", "2020-06-30": "2525.00000", "2020-03-31": "2404.00000", "2019-12-31": "2380.00000", "2019-09-30": "2408.00000", "2019-06-30": "2161.00000", "2019-03-31": "2099.00000", "2018-12-31": "2024.00000", "2018-09-30": "2073.00000", "2018-06-30": "1827.00000", "2018-03-31": "1699.00000", "2017-12-31": "1660.00000", "2017-09-30": "1830.00000", "2017-06-30": "1649.00000", "2017-03-31": "1563.00000", "2016-12-31": "1568.00000", "2016-09-30": "1643.00000", "2016-06-30": "1376.00000", "2016-03-31": "1333.00000", "2015-12-31": "1331.00000", "2015-09-30": "1405.00000", "2015-06-30": "1161.00000", "2015-03-31": "1111.00000", "2014-12-31": "1103.00000", "2014-09-30": "1154.00000", "2014-06-30": "957.00000", "2014-03-31": "906.00000", "2013-12-31": "907.00000", "2013-09-30": "967.00000", "2013-06-30": "762.00000", "2013-03-31": "764.00000", "2012-12-31": "1006.00000", "2012-09-30": "2259.00000", "2012-06-30": "1983.00000", "2012-03-31": "1869.00000", "2011-12-31": "2369.00000", "2011-09-30": "2440.00000", "2011-06-30": "2248.00000", "2011-03-31": "2203.00000", "2010-12-31": "2225.00000", "2010-09-30": "2266.00000", "2010-06-30": "2526.00000", "2010-03-31": "2466.00000", "2009-12-31": "2455.00000", "2009-09-30": "2467.00000", "2009-06-30": "2323.00000", "2009-03-31": "2241.00000", "2008-12-31": "2181.00000", "2008-09-30": "2259.00000", "2008-06-30": "2188.00000", "2008-03-31": "2115.00000", "2007-12-31": "2110.00000", "2007-09-30": "2134.00000", "2007-06-30": "2023.00000", "2007-03-31": "2011.00000", "2006-12-31": "2024.00000", "2006-09-30": "2094.00000", "2006-06-30": "1932.00000", "2006-03-31": "1939.00000", "2005-12-31": "1999.00000", "2005-09-30": "2109.00000", "2005-06-30": "1959.00000", "2005-03-31": "1903.00000"}, "Comprehensive Income": {"2020-09-30": "-15.00000", "2020-06-30": "-16.00000", "2020-03-31": "-16.00000", "2019-12-31": "-17.00000", "2019-09-30": "-21.00000", "2019-06-30": "-21.00000", "2019-03-31": "-21.00000", "2018-12-31": "-22.00000", "2018-09-30": "-17.00000", "2018-06-30": "-19.00000", "2018-03-31": "-17.00000", "2017-12-31": "-18.00000", "2017-09-30": "-21.00000", "2017-06-30": "-21.00000", "2017-03-31": "-23.00000", "2016-12-31": "-23.00000", "2016-09-30": "-2.00000", "2016-06-30": "-1.00000", "2016-03-31": "-5.00000", "2015-12-31": "-3.00000", "2015-09-30": "-5.00000", "2015-06-30": "-5.00000", "2015-03-31": "-9.00000", "2014-12-31": "-9.00000", "2014-09-30": "6.00000", "2014-06-30": "6.00000", "2014-03-31": "3.00000", "2013-12-31": "3.00000", "2013-09-30": "-19.00000", "2013-06-30": "-9.00000", "2013-03-31": "-15.00000", "2012-12-31": "-8.00000", "2012-09-30": "2.00000", "2012-06-30": "-30.00000", "2012-03-31": "-35.00000", "2011-12-31": "-50.00000", "2011-09-30": "-25.00000", "2011-06-30": "-21.00000", "2011-03-31": "-20.00000", "2010-12-31": "-17.00000", "2010-09-30": "-10.00000", "2010-06-30": "-13.00000", "2010-03-31": "-4.00000", "2009-12-31": "-13.00000", "2009-09-30": "-21.00000", "2009-06-30": "-13.00000", "2009-03-31": "6.00000", "2008-12-31": "", "2008-09-30": "51.00000", "2008-06-30": "-66.00000", "2008-03-31": "-19.00000", "2007-12-31": "36.00000", "2007-09-30": "41.00000", "2007-06-30": "42.00000", "2007-03-31": "23.00000", "2006-12-31": "62.00000", "2006-09-30": "-23.00000", "2006-06-30": "-36.00000", "2006-03-31": "-44.00000", "2005-12-31": "-24.00000", "2005-09-30": "-17.00000", "2005-06-30": "-30.00000", "2005-03-31": "-28.00000"}, "Other Share Holders Equity": {"2020-09-30": "", "2020-06-30": "", "2020-03-31": "", "2019-12-31": "", "2019-09-30": "", "2019-06-30": "", "2019-03-31": "", "2018-12-31": "", "2018-09-30": "", "2018-06-30": "", "2018-03-31": "", "2017-12-31": "", "2017-09-30": "", "2017-06-30": "", "2017-03-31": "", "2016-12-31": "", "2016-09-30": "", "2016-06-30": "", "2016-03-31": "", "2015-12-31": "", "2015-09-30": "", "2015-06-30": "", "2015-03-31": "", "2014-12-31": "", "2014-09-30": "", "2014-06-30": "", "2014-03-31": "", "2013-12-31": "", "2013-09-30": "", "2013-06-30": "", "2013-03-31": "", "2012-12-31": "", "2012-09-30": "", "2012-06-30": "", "2012-03-31": "", "2011-12-31": "", "2011-09-30": "", "2011-06-30": "", "2011-03-31": "", "2010-12-31": "", "2010-09-30": "", "2010-06-30": "", "2010-03-31": "", "2009-12-31": "", "2009-09-30": "", "2009-06-30": "", "2009-03-31": "", "2008-12-31": "", "2008-09-30": "", "2008-06-30": "", "2008-03-31": "", "2007-12-31": "", "2007-09-30": "", "2007-06-30": "", "2007-03-31": "", "2006-12-31": "", "2006-09-30": "", "2006-06-30": "", "2006-03-31": "", "2005-12-31": "", "2005-09-30": "", "2005-06-30": "", "2005-03-31": ""}, "Share Holder Equity": {"2020-09-30": "8631.00000", "2020-06-30": "8369.00000", "2020-03-31": "8227.00000", "2019-12-31": "8201.00000", "2019-09-30": "8204.00000", "2019-06-30": "7933.00000", "2019-03-31": "7847.00000", "2018-12-31": "7773.00000", "2018-09-30": "7798.00000", "2018-06-30": "7528.00000", "2018-03-31": "7372.00000", "2017-12-31": "7326.00000", "2017-09-30": "7487.00000", "2017-06-30": "7300.00000", "2017-03-31": "7206.00000", "2016-12-31": "7245.00000", "2016-09-30": "7335.00000", "2016-06-30": "7064.00000", "2016-03-31": "7011.00000", "2015-12-31": "7088.00000", "2015-09-30": "7156.00000", "2015-06-30": "6906.00000", "2015-03-31": "6846.00000", "2014-12-31": "6855.00000", "2014-09-30": "6916.00000", "2014-06-30": "6714.00000", "2014-03-31": "6655.00000", "2013-12-31": "6686.00000", "2013-09-30": "6725.00000", "2013-06-30": "6525.00000", "2013-03-31": "6516.00000", "2012-12-31": "6767.00000", "2012-09-30": "8026.00000", "2012-06-30": "7700.00000", "2012-03-31": "7579.00000", "2011-12-31": "8068.00000", "2011-09-30": "8152.00000", "2011-06-30": "7943.00000", "2011-03-31": "7880.00000", "2010-12-31": "7884.00000", "2010-09-30": "7909.00000", "2010-06-30": "8200.00000", "2010-03-31": "8110.00000", "2009-12-31": "8060.00000", "2009-09-30": "8046.00000", "2009-06-30": "7354.00000", "2009-03-31": "7273.00000", "2008-12-31": "7179.00000", "2008-09-30": "7043.00000", "2008-06-30": "6817.00000", "2008-03-31": "6754.00000", "2007-12-31": "6752.00000", "2007-09-30": "6756.00000", "2007-06-30": "6618.00000", "2007-03-31": "6557.00000", "2006-12-31": "6583.00000", "2006-09-30": "6548.00000", "2006-06-30": "6349.00000", "2006-03-31": "6314.00000", "2005-12-31": "6364.00000", "2005-09-30": "6456.00000", "2005-06-30": "6264.00000", "2005-03-31": "5838.00000"}, "Total Liabilities And Share Holders Equity": {"2020-09-30": "30517.00000", "2020-06-30": "30016.00000", "2020-03-31": "29272.00000", "2019-12-31": "28933.00000", "2019-09-30": "28546.00000", "2019-06-30": "28103.00000", "2019-03-31": "27509.00000", "2018-12-31": "27215.00000", "2018-09-30": "26959.00000", "2018-06-30": "26639.00000", "2018-03-31": "26079.00000", "2017-12-31": "25945.00000", "2017-09-30": "25617.00000", "2017-06-30": "25254.00000", "2017-03-31": "24811.00000", "2016-12-31": "24699.00000", "2016-09-30": "24134.00000", "2016-06-30": "23793.00000", "2016-03-31": "23385.00000", "2015-12-31": "23640.00000", "2015-09-30": "23459.00000", "2015-06-30": "23152.00000", "2015-03-31": "22884.00000", "2014-12-31": "22289.00000", "2014-09-30": "21876.00000", "2014-06-30": "21588.00000", "2014-03-31": "21166.00000", "2013-12-31": "21042.00000", "2013-09-30": "22385.00000", "2013-06-30": "22276.00000", "2013-03-31": "21952.00000", "2012-12-31": "22230.00000", "2012-09-30": "23498.00000", "2012-06-30": "22980.00000", "2012-03-31": "22899.00000", "2011-12-31": "23645.00000", "2011-09-30": "23356.00000", "2011-06-30": "23391.00000", "2011-03-31": "23329.00000", "2010-12-31": "23511.00000", "2010-09-30": "23631.00000", "2010-06-30": "23915.00000", "2010-03-31": "23688.00000", "2009-12-31": "23702.00000", "2009-09-30": "23594.00000", "2009-06-30": "23190.00000", "2009-03-31": "23071.00000", "2008-12-31": "22671.00000", "2008-09-30": "21479.00000", "2008-06-30": "21645.00000", "2008-03-31": "20758.00000", "2007-12-31": "20728.00000", "2007-09-30": "20405.00000", "2007-06-30": "20531.00000", "2007-03-31": "19626.00000", "2006-12-31": "19635.00000", "2006-09-30": "18830.00000", "2006-06-30": "18450.00000", "2006-03-31": "18314.00000", "2005-12-31": "18171.00000", "2005-09-30": "18090.00000", "2005-06-30": "17491.00000", "2005-03-31": "17333.00000"}}, "cash flow statement": {"Net Income/Loss": {"2019-12-31": "834.00000", "2018-12-31": "821.00000", "2017-12-31": "529.00000", "2016-12-31": "659.00000", "2015-12-31": "636.00000", "2014-12-31": "592.00000", "2013-12-31": "295.00000", "2012-12-31": "-974.00000", "2011-12-31": "526.00000", "2010-12-31": "151.00000", "2009-12-31": "624.00000", "2008-12-31": "644.00000", "2007-12-31": "656.00000", "2006-12-31": "547.00000", "2005-12-31": "606.00000"}, "Total Depreciation And Amortization - Cash Flow": {"2019-12-31": "1100.00000", "2018-12-31": "1053.00000", "2017-12-31": "974.00000", "2016-12-31": "945.00000", "2015-12-31": "896.00000", "2014-12-31": "813.00000", "2013-12-31": "761.00000", "2012-12-31": "736.00000", "2011-12-31": "679.00000", "2010-12-31": "823.00000", "2009-12-31": "786.00000", "2008-12-31": "762.00000", "2007-12-31": "791.00000", "2006-12-31": "707.00000", "2005-12-31": "699.00000"}, "Other Non-Cash Items": {"2019-12-31": "159.00000", "2018-12-31": "208.00000", "2017-12-31": "532.00000", "2016-12-31": "376.00000", "2015-12-31": "377.00000", "2014-12-31": "437.00000", "2013-12-31": "680.00000", "2012-12-31": "2032.00000", "2011-12-31": "624.00000", "2010-12-31": "922.00000", "2009-12-31": "238.00000", "2008-12-31": "150.00000", "2007-12-31": "-39.00000", "2006-12-31": "19.00000", "2005-12-31": "40.00000"}, "Total Non-Cash Items": {"2019-12-31": "1259.00000", "2018-12-31": "1261.00000", "2017-12-31": "1506.00000", "2016-12-31": "1321.00000", "2015-12-31": "1273.00000", "2014-12-31": "1250.00000", "2013-12-31": "1441.00000", "2012-12-31": "2768.00000", "2011-12-31": "1303.00000", "2010-12-31": "1745.00000", "2009-12-31": "1024.00000", "2008-12-31": "912.00000", "2007-12-31": "752.00000", "2006-12-31": "726.00000", "2005-12-31": "739.00000"}, "Change In Accounts Receivable": {"2019-12-31": "79.00000", "2018-12-31": "-24.00000", "2017-12-31": "-53.00000", "2016-12-31": "-71.00000", "2015-12-31": "83.00000", "2014-12-31": "31.00000", "2013-12-31": "-60.00000", "2012-12-31": "30.00000", "2011-12-31": "200.00000", "2010-12-31": "-197.00000", "2009-12-31": "136.00000", "2008-12-31": "12.00000", "2007-12-31": "-172.00000", "2006-12-31": "173.00000", "2005-12-31": "-160.00000"}, "Change In Inventories": {"2019-12-31": "-10.00000", "2018-12-31": "39.00000", "2017-12-31": "17.00000", "2016-12-31": "11.00000", "2015-12-31": "-14.00000", "2014-12-31": "3.00000", "2013-12-31": "60.00000", "2012-12-31": "-28.00000", "2011-12-31": "-29.00000", "2010-12-31": "73.00000", "2009-12-31": "63.00000", "2008-12-31": "-100.00000", "2007-12-31": "-88.00000", "2006-12-31": "-75.00000", "2005-12-31": "-75.00000"}, "Change In Accounts Payable": {"2019-12-31": "", "2018-12-31": "", "2017-12-31": "", "2016-12-31": "", "2015-12-31": "", "2014-12-31": "", "2013-12-31": "", "2012-12-31": "", "2011-12-31": "", "2010-12-31": "", "2009-12-31": "", "2008-12-31": "", "2007-12-31": "", "2006-12-31": "", "2005-12-31": ""}, "Change In Assets/Liabilities": {"2019-12-31": "33.00000", "2018-12-31": "61.00000", "2017-12-31": "42.00000", "2016-12-31": "161.00000", "2015-12-31": "87.00000", "2014-12-31": "-253.00000", "2013-12-31": "48.00000", "2012-12-31": "-61.00000", "2011-12-31": "-90.00000", "2010-12-31": "0.00000", "2009-12-31": "183.00000", "2008-12-31": "15.00000", "2007-12-31": "-70.00000", "2006-12-31": "58.00000", "2005-12-31": "-92.00000"}, "Total Change In Assets/Liabilities": {"2019-12-31": "91.00000", "2018-12-31": "44.00000", "2017-12-31": "93.00000", "2016-12-31": "133.00000", "2015-12-31": "132.00000", "2014-12-31": "-253.00000", "2013-12-31": "-66.00000", "2012-12-31": "-97.00000", "2011-12-31": "48.00000", "2010-12-31": "-94.00000", "2009-12-31": "343.00000", "2008-12-31": "-46.00000", "2007-12-31": "-309.00000", "2006-12-31": "-7.00000", "2005-12-31": "-91.00000"}, "Cash Flow From Operating Activities": {"2019-12-31": "2170.00000", "2018-12-31": "2170.00000", "2017-12-31": "2118.00000", "2016-12-31": "2117.00000", "2015-12-31": "2031.00000", "2014-12-31": "1565.00000", "2013-12-31": "1693.00000", "2012-12-31": "1690.00000", "2011-12-31": "1878.00000", "2010-12-31": "1823.00000", "2009-12-31": "1967.00000", "2008-12-31": "1524.00000", "2007-12-31": "1108.00000", "2006-12-31": "1279.00000", "2005-12-31": "1251.00000"}, "Net Change In Property, Plant, And Equipment": {"2019-12-31": "-2442.00000", "2018-12-31": "-2338.00000", "2017-12-31": "-2195.00000", "2016-12-31": "-2131.00000", "2015-12-31": "-1969.00000", "2014-12-31": "-1859.00000", "2013-12-31": "-1424.00000", "2012-12-31": "-1154.00000", "2011-12-31": "-943.00000", "2010-12-31": "-1083.00000", "2009-12-31": "-1780.00000", "2008-12-31": "-2069.00000", "2007-12-31": "-1449.00000", "2006-12-31": "-1031.00000", "2005-12-31": "-952.00000"}, "Net Change In Intangible Assets": {"2019-12-31": "", "2018-12-31": "", "2017-12-31": "", "2016-12-31": "", "2015-12-31": "", "2014-12-31": "", "2013-12-31": "", "2012-12-31": "", "2011-12-31": "", "2010-12-31": "", "2009-12-31": "", "2008-12-31": "", "2007-12-31": "", "2006-12-31": "", "2005-12-31": ""}, "Net Acquisitions/Divestitures": {"2019-12-31": "", "2018-12-31": "", "2017-12-31": "", "2016-12-31": "", "2015-12-31": "", "2014-12-31": "", "2013-12-31": "", "2012-12-31": "", "2011-12-31": "", "2010-12-31": "", "2009-12-31": "", "2008-12-31": "", "2007-12-31": "", "2006-12-31": "-292.00000", "2005-12-31": ""}, "Net Change In Short-term Investments": {"2019-12-31": "", "2018-12-31": "", "2017-12-31": "", "2016-12-31": "", "2015-12-31": "", "2014-12-31": "", "2013-12-31": "", "2012-12-31": "", "2011-12-31": "", "2010-12-31": "", "2009-12-31": "", "2008-12-31": "", "2007-12-31": "", "2006-12-31": "", "2005-12-31": ""}, "Net Change In Long-Term Investments": {"2019-12-31": "4.00000", "2018-12-31": "-16.00000", "2017-12-31": "-16.00000", "2016-12-31": "-18.00000", "2015-12-31": "-14.00000", "2014-12-31": "-14.00000", "2013-12-31": "-18.00000", "2012-12-31": "-19.00000", "2011-12-31": "-21.00000", "2010-12-31": "-15.00000", "2009-12-31": "-3.00000", "2008-12-31": "-23.00000", "2007-12-31": "-33.00000", "2006-12-31": "73.00000", "2005-12-31": "-28.00000"}, "Net Change In Investments - Total": {"2019-12-31": "4.00000", "2018-12-31": "-16.00000", "2017-12-31": "-16.00000", "2016-12-31": "-18.00000", "2015-12-31": "-14.00000", "2014-12-31": "-14.00000", "2013-12-31": "-18.00000", "2012-12-31": "-19.00000", "2011-12-31": "-21.00000", "2010-12-31": "-15.00000", "2009-12-31": "-3.00000", "2008-12-31": "-23.00000", "2007-12-31": "-33.00000", "2006-12-31": "73.00000", "2005-12-31": "-28.00000"}, "Investing Activities - Other": {"2019-12-31": "3.00000", "2018-12-31": "18.00000", "2017-12-31": "7.00000", "2016-12-31": "-9.00000", "2015-12-31": "7.00000", "2014-12-31": "156.00000", "2013-12-31": "-281.00000", "2012-12-31": "-137.00000", "2011-12-31": "-84.00000", "2010-12-31": "2.00000", "2009-12-31": "2.00000", "2008-12-31": "-5.00000", "2007-12-31": "14.00000", "2006-12-31": "-16.00000", "2005-12-31": "19.00000"}, "Cash Flow From Investing Activities": {"2019-12-31": "-2435.00000", "2018-12-31": "-2336.00000", "2017-12-31": "-2204.00000", "2016-12-31": "-2158.00000", "2015-12-31": "-1976.00000", "2014-12-31": "-1717.00000", "2013-12-31": "-1723.00000", "2012-12-31": "-1310.00000", "2011-12-31": "-1048.00000", "2010-12-31": "-1096.00000", "2009-12-31": "-1781.00000", "2008-12-31": "-2097.00000", "2007-12-31": "-1468.00000", "2006-12-31": "-1266.00000", "2005-12-31": "-961.00000"}, "Net Long-Term Debt": {"2019-12-31": "947.00000", "2018-12-31": "511.00000", "2017-12-31": "664.00000", "2016-12-31": "1.00000", "2015-12-31": "1077.00000", "2014-12-31": "201.00000", "2013-12-31": "-121.00000", "2012-12-31": "122.00000", "2011-12-31": "-155.00000", "2010-12-31": "-310.00000", "2009-12-31": "390.00000", "2008-12-31": "1037.00000", "2007-12-31": "186.00000", "2006-12-31": "68.00000", "2005-12-31": "25.00000"}, "Net Current Debt": {"2019-12-31": "-157.00000", "2018-12-31": "112.00000", "2017-12-31": "-74.00000", "2016-12-31": "257.00000", "2015-12-31": "-413.00000", "2014-12-31": "346.00000", "2013-12-31": "368.00000", "2012-12-31": "-148.00000", "2011-12-31": "-481.00000", "2010-12-31": "-121.00000", "2009-12-31": "-324.00000", "2008-12-31": "-298.00000", "2007-12-31": "860.00000", "2006-12-31": "419.00000", "2005-12-31": "-224.00000"}, "Debt Issuance/Retirement Net - Total": {"2019-12-31": "790.00000", "2018-12-31": "623.00000", "2017-12-31": "590.00000", "2016-12-31": "258.00000", "2015-12-31": "664.00000", "2014-12-31": "547.00000", "2013-12-31": "247.00000", "2012-12-31": "-26.00000", "2011-12-31": "-636.00000", "2010-12-31": "-431.00000", "2009-12-31": "66.00000", "2008-12-31": "739.00000", "2007-12-31": "1046.00000", "2006-12-31": "487.00000", "2005-12-31": "-199.00000"}, "Net Common Equity Issued/Repurchased": {"2019-12-31": "68.00000", "2018-12-31": "74.00000", "2017-12-31": "-24.00000", "2016-12-31": "-51.00000", "2015-12-31": "", "2014-12-31": "", "2013-12-31": "", "2012-12-31": "", "2011-12-31": "65.00000", "2010-12-31": "80.00000", "2009-12-31": "634.00000", "2008-12-31": "154.00000", "2007-12-31": "91.00000", "2006-12-31": "96.00000", "2005-12-31": "454.00000"}, "Net Total Equity Issued/Repurchased": {"2019-12-31": "68.00000", "2018-12-31": "74.00000", "2017-12-31": "-24.00000", "2016-12-31": "-51.00000", "2015-12-31": "", "2014-12-31": "", "2013-12-31": "", "2012-12-31": "", "2011-12-31": "65.00000", "2010-12-31": "28.00000", "2009-12-31": "634.00000", "2008-12-31": "138.00000", "2007-12-31": "90.00000", "2006-12-31": "95.00000", "2005-12-31": "453.00000"}, "Total Common And Preferred Stock Dividends Paid": {"2019-12-31": "-478.00000", "2018-12-31": "-457.00000", "2017-12-31": "-437.00000", "2016-12-31": "-422.00000", "2015-12-31": "-408.00000", "2014-12-31": "-396.00000", "2013-12-31": "-394.00000", "2012-12-31": "-388.00000", "2011-12-31": "-381.00000", "2010-12-31": "-376.00000", "2009-12-31": "-359.00000", "2008-12-31": "-574.00000", "2007-12-31": "-559.00000", "2006-12-31": "-550.00000", "2005-12-31": "-511.00000"}, "Financial Activities - Other": {"2019-12-31": "-46.00000", "2018-12-31": "-35.00000", "2017-12-31": "-27.00000", "2016-12-31": "-43.00000", "2015-12-31": "-24.00000", "2014-12-31": "-24.00000", "2013-12-31": "-2.00000", "2012-12-31": "-12.00000", "2011-12-31": "-168.00000", "2010-12-31": "-25.00000", "2009-12-31": "3.00000", "2008-12-31": "7.00000", "2007-12-31": "1.00000", "2006-12-31": "-4.00000", "2005-12-31": "-6.00000"}, "Cash Flow From Financial Activities": {"2019-12-31": "334.00000", "2018-12-31": "205.00000", "2017-12-31": "102.00000", "2016-12-31": "-258.00000", "2015-12-31": "232.00000", "2014-12-31": "127.00000", "2013-12-31": "-149.00000", "2012-12-31": "-426.00000", "2011-12-31": "-1120.00000", "2010-12-31": "-804.00000", "2009-12-31": "344.00000", "2008-12-31": "310.00000", "2007-12-31": "578.00000", "2006-12-31": "28.00000", "2005-12-31": "-263.00000"}, "Net Cash Flow": {"2019-12-31": "69.00000", "2018-12-31": "39.00000", "2017-12-31": "16.00000", "2016-12-31": "-299.00000", "2015-12-31": "287.00000", "2014-12-31": "-25.00000", "2013-12-31": "-179.00000", "2012-12-31": "-46.00000", "2011-12-31": "-297.00000", "2010-12-31": "-77.00000", "2009-12-31": "530.00000", "2008-12-31": "-263.00000", "2007-12-31": "218.00000", "2006-12-31": "41.00000", "2005-12-31": "27.00000"}, "Stock-Based Compensation": {"2019-12-31": "20.00000", "2018-12-31": "20.00000", "2017-12-31": "17.00000", "2016-12-31": "17.00000", "2015-12-31": "24.00000", "2014-12-31": "25.00000", "2013-12-31": "27.00000", "2012-12-31": "29.00000", "2011-12-31": "17.00000", "2010-12-31": "", "2009-12-31": "", "2008-12-31": "", "2007-12-31": "", "2006-12-31": "", "2005-12-31": ""}, "Common Stock Dividends Paid": {"2019-12-31": "-478.00000", "2018-12-31": "-457.00000", "2017-12-31": "-437.00000", "2016-12-31": "-422.00000", "2015-12-31": "-408.00000", "2014-12-31": "-396.00000", "2013-12-31": "-394.00000", "2012-12-31": "-388.00000", "2011-12-31": "-381.00000", "2010-12-31": "-376.00000", "2009-12-31": "-359.00000", "2008-12-31": "-574.00000", "2007-12-31": "-559.00000", "2006-12-31": "-550.00000", "2005-12-31": "-511.00000"}}, "cash flow statement, quarterly": {"Net Income/Loss": {"2020-09-30": 369, "2020-06-30": 244, "2020-03-31": "148.00000", "2019-12-31": 95, "2019-09-30": 366, "2019-06-30": 180, "2019-03-31": "193.00000", "2018-12-31": 69, "2018-09-30": 359, "2018-06-30": 240, "2018-03-31": "153.00000", "2017-12-31": -59, "2017-09-30": 290, "2017-06-30": 194, "2017-03-31": "104.00000", "2016-12-31": 33, "2016-09-30": 371, "2016-06-30": 148, "2016-03-31": "107.00000", "2015-12-31": 30, "2015-09-30": 345, "2015-06-30": 151, "2015-03-31": "110.00000", "2014-12-31": 49, "2014-09-30": 295, "2014-06-30": 150, "2014-03-31": "98.00000", "2013-12-31": 38, "2013-09-30": 304, "2013-06-30": 96, "2013-03-31": "-143.00000", "2012-12-31": -1155, "2012-09-30": 374, "2012-06-30": 210, "2012-03-31": "-403.00000", "2011-12-31": 26, "2011-09-30": 287, "2011-06-30": 139, "2011-03-31": "74.00000", "2010-12-31": 54, "2010-09-30": -164, "2010-06-30": 155, "2010-03-31": "106.00000", "2009-12-31": 82, "2009-09-30": 229, "2009-06-30": 168, "2009-03-31": "145.00000", "2008-12-31": 63, "2008-09-30": 215, "2008-06-30": 217, "2008-03-31": "149.00000", "2007-12-31": 146, "2007-09-30": 244, "2007-06-30": 143, "2007-03-31": "123.00000", "2006-12-31": 61, "2006-09-30": 293, "2006-06-30": 123, "2006-03-31": "70.00000", "2005-12-31": 20, "2005-09-30": 280, "2005-06-30": 185, "2005-03-31": "121.00000"}, "Total Depreciation And Amortization - Cash Flow": {"2020-09-30": 298, "2020-06-30": 297, "2020-03-31": "291.00000", "2019-12-31": 285, "2019-09-30": 279, "2019-06-30": 263, "2019-03-31": "273.00000", "2018-12-31": 267, "2018-09-30": 264, "2018-06-30": 263, "2018-03-31": "259.00000", "2017-12-31": 234, "2017-09-30": 248, "2017-06-30": 245, "2017-03-31": "247.00000", "2016-12-31": 240, "2016-09-30": 237, "2016-06-30": 228, "2016-03-31": "240.00000", "2015-12-31": 227, "2015-09-30": 224, "2015-06-30": 222, "2015-03-31": "223.00000", "2014-12-31": 201, "2014-09-30": 205, "2014-06-30": 202, "2014-03-31": "205.00000", "2013-12-31": 197, "2013-09-30": 189, "2013-06-30": 183, "2013-03-31": "192.00000", "2012-12-31": 194, "2012-09-30": 179, "2012-06-30": 182, "2012-03-31": "181.00000", "2011-12-31": 53, "2011-09-30": 207, "2011-06-30": 210, "2011-03-31": "209.00000", "2010-12-31": 180, "2010-09-30": 225, "2010-06-30": 206, "2010-03-31": "212.00000", "2009-12-31": 173, "2009-09-30": 217, "2009-06-30": 204, "2009-03-31": "192.00000", "2008-12-31": 189, "2008-09-30": 195, "2008-06-30": 182, "2008-03-31": "196.00000", "2007-12-31": 194, "2007-09-30": 215, "2007-06-30": 186, "2007-03-31": "196.00000", "2006-12-31": 162, "2006-09-30": 182, "2006-06-30": 181, "2006-03-31": "182.00000", "2005-12-31": 164, "2005-09-30": 212, "2005-06-30": 177, "2005-03-31": "146.00000"}, "Other Non-Cash Items": {"2020-09-30": 50, "2020-06-30": 41, "2020-03-31": "25.00000", "2019-12-31": 20, "2019-09-30": 88, "2019-06-30": 19, "2019-03-31": "32.00000", "2018-12-31": 6, "2018-09-30": 125, "2018-06-30": 50, "2018-03-31": "27.00000", "2017-12-31": 170, "2017-09-30": 189, "2017-06-30": 124, "2017-03-31": "49.00000", "2016-12-31": 15, "2016-09-30": 228, "2016-06-30": 93, "2016-03-31": "40.00000", "2015-12-31": 46, "2015-09-30": 196, "2015-06-30": 72, "2015-03-31": "63.00000", "2014-12-31": 75, "2014-09-30": 187, "2014-06-30": 88, "2014-03-31": "87.00000", "2013-12-31": 118, "2013-09-30": 246, "2013-06-30": 39, "2013-03-31": "277.00000", "2012-12-31": 1233, "2012-09-30": 203, "2012-06-30": 46, "2012-03-31": "550.00000", "2011-12-31": 218, "2011-09-30": 292, "2011-06-30": 152, "2011-03-31": "-38.00000", "2010-12-31": -4, "2010-09-30": 782, "2010-06-30": 105, "2010-03-31": "39.00000", "2009-12-31": -37, "2009-09-30": 254, "2009-06-30": 40, "2009-03-31": "-19.00000", "2008-12-31": 64, "2008-09-30": 135, "2008-06-30": -54, "2008-03-31": "5.00000", "2007-12-31": -63, "2007-09-30": 22, "2007-06-30": 7, "2007-03-31": "-5.00000", "2006-12-31": 10, "2006-09-30": 12, "2006-06-30": -14, "2006-03-31": "11.00000", "2005-12-31": -40, "2005-09-30": 13, "2005-06-30": 66, "2005-03-31": "1.00000"}, "Total Non-Cash Items": {"2020-09-30": 348, "2020-06-30": 338, "2020-03-31": "316.00000", "2019-12-31": 305, "2019-09-30": 367, "2019-06-30": 282, "2019-03-31": "305.00000", "2018-12-31": 273, "2018-09-30": 389, "2018-06-30": 313, "2018-03-31": "286.00000", "2017-12-31": 404, "2017-09-30": 437, "2017-06-30": 369, "2017-03-31": "296.00000", "2016-12-31": 255, "2016-09-30": 465, "2016-06-30": 321, "2016-03-31": "280.00000", "2015-12-31": 273, "2015-09-30": 420, "2015-06-30": 294, "2015-03-31": "286.00000", "2014-12-31": 276, "2014-09-30": 392, "2014-06-30": 290, "2014-03-31": "292.00000", "2013-12-31": 315, "2013-09-30": 435, "2013-06-30": 222, "2013-03-31": "469.00000", "2012-12-31": 1427, "2012-09-30": 382, "2012-06-30": 228, "2012-03-31": "731.00000", "2011-12-31": 271, "2011-09-30": 499, "2011-06-30": 362, "2011-03-31": "171.00000", "2010-12-31": 176, "2010-09-30": 1007, "2010-06-30": 311, "2010-03-31": "251.00000", "2009-12-31": 136, "2009-09-30": 471, "2009-06-30": 244, "2009-03-31": "173.00000", "2008-12-31": 253, "2008-09-30": 330, "2008-06-30": 128, "2008-03-31": "201.00000", "2007-12-31": 131, "2007-09-30": 237, "2007-06-30": 193, "2007-03-31": "191.00000", "2006-12-31": 172, "2006-09-30": 194, "2006-06-30": 167, "2006-03-31": "193.00000", "2005-12-31": 124, "2005-09-30": 225, "2005-06-30": 243, "2005-03-31": "147.00000"}, "Change In Accounts Receivable": {"2020-09-30": 48, "2020-06-30": -156, "2020-03-31": "-5.00000", "2019-12-31": 69, "2019-09-30": 56, "2019-06-30": -50, "2019-03-31": "4.00000", "2018-12-31": 105, "2018-09-30": 41, "2018-06-30": -144, "2018-03-31": "-26.00000", "2017-12-31": 6, "2017-09-30": -5, "2017-06-30": -98, "2017-03-31": "44.00000", "2016-12-31": 63, "2016-09-30": -23, "2016-06-30": -166, "2016-03-31": "55.00000", "2015-12-31": 154, "2015-09-30": 9, "2015-06-30": -32, "2015-03-31": "-48.00000", "2014-12-31": 15, "2014-09-30": 78, "2014-06-30": 24, "2014-03-31": "-86.00000", "2013-12-31": 28, "2013-09-30": 4, "2013-06-30": 3, "2013-03-31": "-95.00000", "2012-12-31": 51, "2012-09-30": -5, "2012-06-30": -109, "2012-03-31": "93.00000", "2011-12-31": 70, "2011-09-30": 107, "2011-06-30": -71, "2011-03-31": "94.00000", "2010-12-31": -43, "2010-09-30": -118, "2010-06-30": -76, "2010-03-31": "40.00000", "2009-12-31": -38, "2009-09-30": 58, "2009-06-30": -14, "2009-03-31": "130.00000", "2008-12-31": -132, "2008-09-30": 129, "2008-06-30": 67, "2008-03-31": "-52.00000", "2007-12-31": 48, "2007-09-30": -89, "2007-06-30": 62, "2007-03-31": "-193.00000", "2006-12-31": 16, "2006-09-30": -11, "2006-06-30": 64, "2006-03-31": "104.00000", "2005-12-31": -159, "2005-09-30": 7, "2005-06-30": -28, "2005-03-31": "20.00000"}, "Change In Inventories": {"2020-09-30": -42, "2020-06-30": -42, "2020-03-31": "23.00000", "2019-12-31": -6, "2019-09-30": -54, "2019-06-30": -31, "2019-03-31": "81.00000", "2018-12-31": 43, "2018-09-30": -50, "2018-06-30": -22, "2018-03-31": "68.00000", "2017-12-31": 37, "2017-09-30": -34, "2017-06-30": -46, "2017-03-31": "60.00000", "2016-12-31": 24, "2016-09-30": -36, "2016-06-30": -32, "2016-03-31": "55.00000", "2015-12-31": 9, "2015-09-30": -48, "2015-06-30": -50, "2015-03-31": "75.00000", "2014-12-31": 37, "2014-09-30": -69, "2014-06-30": -67, "2014-03-31": "102.00000", "2013-12-31": 53, "2013-09-30": -70, "2013-06-30": -50, "2013-03-31": "127.00000", "2012-12-31": 29, "2012-09-30": -76, "2012-06-30": -60, "2012-03-31": "79.00000", "2011-12-31": 5, "2011-09-30": -89, "2011-06-30": -80, "2011-03-31": "135.00000", "2010-12-31": 34, "2010-09-30": -69, "2010-06-30": -40, "2010-03-31": "148.00000", "2009-12-31": 74, "2009-09-30": -120, "2009-06-30": -76, "2009-03-31": "185.00000", "2008-12-31": 116, "2008-09-30": -232, "2008-06-30": -163, "2008-03-31": "179.00000", "2007-12-31": 22, "2007-09-30": -145, "2007-06-30": -123, "2007-03-31": "158.00000", "2006-12-31": 61, "2006-09-30": -161, "2006-06-30": -126, "2006-03-31": "151.00000", "2005-12-31": 19, "2005-09-30": -140, "2005-06-30": -14, "2005-03-31": "60.00000"}, "Change In Accounts Payable": {"2020-09-30": 0, "2020-06-30": 0, "2020-03-31": "", "2019-12-31": 0, "2019-09-30": 0, "2019-06-30": 0, "2019-03-31": "", "2018-12-31": 0, "2018-09-30": 0, "2018-06-30": 0, "2018-03-31": "", "2017-12-31": 0, "2017-09-30": 0, "2017-06-30": 0, "2017-03-31": "", "2016-12-31": 0, "2016-09-30": 0, "2016-06-30": 0, "2016-03-31": "", "2015-12-31": 0, "2015-09-30": 0, "2015-06-30": 0, "2015-03-31": "", "2014-12-31": 0, "2014-09-30": 0, "2014-06-30": 0, "2014-03-31": "", "2013-12-31": 0, "2013-09-30": 0, "2013-06-30": 0, "2013-03-31": "", "2012-12-31": 0, "2012-09-30": 0, "2012-06-30": 0, "2012-03-31": "", "2011-12-31": 0, "2011-09-30": 0, "2011-06-30": 0, "2011-03-31": "", "2010-12-31": 0, "2010-09-30": 0, "2010-06-30": 0, "2010-03-31": "", "2009-12-31": 0, "2009-09-30": 0, "2009-06-30": 0, "2009-03-31": "", "2008-12-31": 0, "2008-09-30": 0, "2008-06-30": 0, "2008-03-31": "", "2007-12-31": 0, "2007-09-30": 0, "2007-06-30": 0, "2007-03-31": "", "2006-12-31": 0, "2006-09-30": 0, "2006-06-30": 0, "2006-03-31": "", "2005-12-31": 0, "2005-09-30": 0, "2005-06-30": 0, "2005-03-31": ""}, "Change In Assets/Liabilities": {"2020-09-30": -146, "2020-06-30": -57, "2020-03-31": "-35.00000", "2019-12-31": -34, "2019-09-30": 25, "2019-06-30": 45, "2019-03-31": "-3.00000", "2018-12-31": -103, "2018-09-30": 119, "2018-06-30": 70, "2018-03-31": "-25.00000", "2017-12-31": -46, "2017-09-30": 43, "2017-06-30": 19, "2017-03-31": "26.00000", "2016-12-31": 61, "2016-09-30": -22, "2016-06-30": 51, "2016-03-31": "71.00000", "2015-12-31": -7, "2015-09-30": -11, "2015-06-30": 25, "2015-03-31": "80.00000", "2014-12-31": -53, "2014-09-30": -171, "2014-06-30": -28, "2014-03-31": "-1.00000", "2013-12-31": 52, "2013-09-30": -133, "2013-06-30": 19, "2013-03-31": "110.00000", "2012-12-31": 3, "2012-09-30": -134, "2012-06-30": -4, "2012-03-31": "74.00000", "2011-12-31": -123, "2011-09-30": -100, "2011-06-30": -95, "2011-03-31": "228.00000", "2010-12-31": -3, "2010-09-30": 82, "2010-06-30": -63, "2010-03-31": "-16.00000", "2009-12-31": -75, "2009-09-30": 226, "2009-06-30": -68, "2009-03-31": "100.00000", "2008-12-31": -102, "2008-09-30": 250, "2008-06-30": -62, "2008-03-31": "-71.00000", "2007-12-31": -217, "2007-09-30": 162, "2007-06-30": -92, "2007-03-31": "77.00000", "2006-12-31": -45, "2006-09-30": -16, "2006-06-30": -12, "2006-03-31": "131.00000", "2005-12-31": -60, "2005-09-30": -98, "2005-06-30": -29, "2005-03-31": "95.00000"}, "Total Change In Assets/Liabilities": {"2020-09-30": -91, "2020-06-30": -166, "2020-03-31": "-191.00000", "2019-12-31": 105, "2019-09-30": 62, "2019-06-30": 27, "2019-03-31": "-103.00000", "2018-12-31": 119, "2018-09-30": 108, "2018-06-30": 0, "2018-03-31": "-183.00000", "2017-12-31": 129, "2017-09-30": 59, "2017-06-30": -30, "2017-03-31": "-65.00000", "2016-12-31": 257, "2016-09-30": -38, "2016-06-30": -51, "2016-03-31": "-35.00000", "2015-12-31": 188, "2015-09-30": -9, "2015-06-30": 26, "2015-03-31": "-73.00000", "2014-12-31": 52, "2014-09-30": -137, "2014-06-30": -18, "2014-03-31": "-150.00000", "2013-12-31": 17, "2013-09-30": -189, "2013-06-30": 50, "2013-03-31": "56.00000", "2012-12-31": 107, "2012-09-30": -205, "2012-06-30": -59, "2012-03-31": "60.00000", "2011-12-31": 17, "2011-09-30": -122, "2011-06-30": -162, "2011-03-31": "315.00000", "2010-12-31": 89, "2010-09-30": -126, "2010-06-30": -88, "2010-03-31": "31.00000", "2009-12-31": 82, "2009-09-30": 131, "2009-06-30": -69, "2009-03-31": "199.00000", "2008-12-31": -61, "2008-09-30": 213, "2008-06-30": -178, "2008-03-31": "-20.00000", "2007-12-31": -88, "2007-09-30": -107, "2007-06-30": -152, "2007-03-31": "38.00000", "2006-12-31": -19, "2006-09-30": -53, "2006-06-30": -38, "2006-03-31": "103.00000", "2005-12-31": -64, "2005-09-30": -80, "2005-06-30": -41, "2005-03-31": "94.00000"}, "Cash Flow From Operating Activities": {"2020-09-30": 635, "2020-06-30": 404, "2020-03-31": "290.00000", "2019-12-31": 502, "2019-09-30": 789, "2019-06-30": 492, "2019-03-31": "387.00000", "2018-12-31": 484, "2018-09-30": 866, "2018-06-30": 562, "2018-03-31": "258.00000", "2017-12-31": 471, "2017-09-30": 784, "2017-06-30": 532, "2017-03-31": "331.00000", "2016-12-31": 558, "2016-09-30": 796, "2016-06-30": 414, "2016-03-31": "349.00000", "2015-12-31": 489, "2015-09-30": 761, "2015-06-30": 469, "2015-03-31": "312.00000", "2014-12-31": 362, "2014-09-30": 549, "2014-06-30": 415, "2014-03-31": "239.00000", "2013-12-31": 379, "2013-09-30": 546, "2013-06-30": 389, "2013-03-31": "379.00000", "2012-12-31": 378, "2012-09-30": 551, "2012-06-30": 378, "2012-03-31": "383.00000", "2011-12-31": 313, "2011-09-30": 666, "2011-06-30": 339, "2011-03-31": "560.00000", "2010-12-31": 327, "2010-09-30": 725, "2010-06-30": 391, "2010-03-31": "380.00000", "2009-12-31": 271, "2009-09-30": 825, "2009-06-30": 355, "2009-03-31": "516.00000", "2008-12-31": 271, "2008-09-30": 752, "2008-06-30": 172, "2008-03-31": "329.00000", "2007-12-31": 188, "2007-09-30": 377, "2007-06-30": 185, "2007-03-31": "358.00000", "2006-12-31": 210, "2006-09-30": 450, "2006-06-30": 246, "2006-03-31": "373.00000", "2005-12-31": 74, "2005-09-30": 428, "2005-06-30": 392, "2005-03-31": "357.00000"}, "Net Change In Property, Plant, And Equipment": {"2020-09-30": -661, "2020-06-30": -613, "2020-03-31": "-671.00000", "2019-12-31": -655, "2019-09-30": -637, "2019-06-30": -585, "2019-03-31": "-565.00000", "2018-12-31": -619, "2018-09-30": -591, "2018-06-30": -537, "2018-03-31": "-591.00000", "2017-12-31": -620, "2017-09-30": -527, "2017-06-30": -517, "2017-03-31": "-531.00000", "2016-12-31": -594, "2016-09-30": -513, "2016-06-30": -507, "2016-03-31": "-517.00000", "2015-12-31": -607, "2015-09-30": -488, "2015-06-30": -440, "2015-03-31": "-434.00000", "2014-12-31": -521, "2014-09-30": -429, "2014-06-30": -457, "2014-03-31": "-452.00000", "2013-12-31": -447, "2013-09-30": -377, "2013-06-30": -314, "2013-03-31": "-286.00000", "2012-12-31": -336, "2012-09-30": -281, "2012-06-30": -254, "2012-03-31": "-283.00000", "2011-12-31": -190, "2011-09-30": -262, "2011-06-30": -238, "2011-03-31": "-253.00000", "2010-12-31": -322, "2010-09-30": -212, "2010-06-30": -237, "2010-03-31": "-312.00000", "2009-12-31": -438, "2009-09-30": -461, "2009-06-30": -454, "2009-03-31": "-427.00000", "2008-12-31": -592, "2008-09-30": -556, "2008-06-30": -399, "2008-03-31": "-522.00000", "2007-12-31": -375, "2007-09-30": -335, "2007-06-30": -359, "2007-03-31": "-380.00000", "2006-12-31": -301, "2006-09-30": -256, "2006-06-30": -230, "2006-03-31": "-244.00000", "2005-12-31": -276, "2005-09-30": -221, "2005-06-30": -242, "2005-03-31": "-213.00000"}, "Net Change In Intangible Assets": {"2020-09-30": 0, "2020-06-30": 0, "2020-03-31": "", "2019-12-31": 0, "2019-09-30": 0, "2019-06-30": 0, "2019-03-31": "", "2018-12-31": 0, "2018-09-30": 0, "2018-06-30": 0, "2018-03-31": "", "2017-12-31": 0, "2017-09-30": 0, "2017-06-30": 0, "2017-03-31": "", "2016-12-31": 0, "2016-09-30": 0, "2016-06-30": 0, "2016-03-31": "", "2015-12-31": 0, "2015-09-30": 0, "2015-06-30": 0, "2015-03-31": "", "2014-12-31": 0, "2014-09-30": 0, "2014-06-30": 0, "2014-03-31": "", "2013-12-31": 0, "2013-09-30": 0, "2013-06-30": 0, "2013-03-31": "", "2012-12-31": 0, "2012-09-30": 0, "2012-06-30": 0, "2012-03-31": "", "2011-12-31": 0, "2011-09-30": 0, "2011-06-30": 0, "2011-03-31": "", "2010-12-31": 0, "2010-09-30": 0, "2010-06-30": 0, "2010-03-31": "", "2009-12-31": 0, "2009-09-30": 0, "2009-06-30": 0, "2009-03-31": "", "2008-12-31": 0, "2008-09-30": 0, "2008-06-30": 0, "2008-03-31": "", "2007-12-31": 0, "2007-09-30": 0, "2007-06-30": 0, "2007-03-31": "", "2006-12-31": 0, "2006-09-30": 0, "2006-06-30": 0, "2006-03-31": "", "2005-12-31": 0, "2005-09-30": 0, "2005-06-30": 0, "2005-03-31": ""}, "Net Acquisitions/Divestitures": {"2020-09-30": 0, "2020-06-30": 0, "2020-03-31": "", "2019-12-31": 0, "2019-09-30": 0, "2019-06-30": 0, "2019-03-31": "", "2018-12-31": 0, "2018-09-30": 0, "2018-06-30": 0, "2018-03-31": "", "2017-12-31": 0, "2017-09-30": 0, "2017-06-30": 0, "2017-03-31": "", "2016-12-31": 0, "2016-09-30": 0, "2016-06-30": 0, "2016-03-31": "", "2015-12-31": 0, "2015-09-30": 0, "2015-06-30": 0, "2015-03-31": "", "2014-12-31": 0, "2014-09-30": 0, "2014-06-30": 0, "2014-03-31": "", "2013-12-31": 0, "2013-09-30": 0, "2013-06-30": 0, "2013-03-31": "", "2012-12-31": 0, "2012-09-30": 0, "2012-06-30": 0, "2012-03-31": "", "2011-12-31": 0, "2011-09-30": 0, "2011-06-30": 0, "2011-03-31": "", "2010-12-31": 0, "2010-09-30": 0, "2010-06-30": 0, "2010-03-31": "", "2009-12-31": 0, "2009-09-30": 0, "2009-06-30": 0, "2009-03-31": "", "2008-12-31": 0, "2008-09-30": 0, "2008-06-30": 0, "2008-03-31": "", "2007-12-31": 0, "2007-09-30": 0, "2007-06-30": 0, "2007-03-31": "", "2006-12-31": 0, "2006-09-30": 0, "2006-06-30": 0, "2006-03-31": "-292.00000", "2005-12-31": -12, "2005-09-30": 12, "2005-06-30": 0, "2005-03-31": ""}, "Net Change In Short-term Investments": {"2020-09-30": 0, "2020-06-30": 0, "2020-03-31": "", "2019-12-31": 0, "2019-09-30": 0, "2019-06-30": 0, "2019-03-31": "", "2018-12-31": 0, "2018-09-30": 0, "2018-06-30": 0, "2018-03-31": "", "2017-12-31": 0, "2017-09-30": 0, "2017-06-30": 0, "2017-03-31": "", "2016-12-31": 0, "2016-09-30": 0, "2016-06-30": 0, "2016-03-31": "", "2015-12-31": 0, "2015-09-30": 0, "2015-06-30": 0, "2015-03-31": "", "2014-12-31": 0, "2014-09-30": 0, "2014-06-30": 0, "2014-03-31": "", "2013-12-31": 0, "2013-09-30": 0, "2013-06-30": 0, "2013-03-31": "", "2012-12-31": 0, "2012-09-30": 0, "2012-06-30": 0, "2012-03-31": "", "2011-12-31": 0, "2011-09-30": 0, "2011-06-30": 0, "2011-03-31": "", "2010-12-31": 0, "2010-09-30": 0, "2010-06-30": 0, "2010-03-31": "", "2009-12-31": 0, "2009-09-30": 0, "2009-06-30": 0, "2009-03-31": "", "2008-12-31": 0, "2008-09-30": 0, "2008-06-30": 0, "2008-03-31": "", "2007-12-31": 0, "2007-09-30": 0, "2007-06-30": 0, "2007-03-31": "", "2006-12-31": 0, "2006-09-30": 0, "2006-06-30": 0, "2006-03-31": "", "2005-12-31": 0, "2005-09-30": 0, "2005-06-30": 0, "2005-03-31": ""}, "Net Change In Long-Term Investments": {"2020-09-30": -2, "2020-06-30": -17, "2020-03-31": "-15.00000", "2019-12-31": 12, "2019-09-30": -7, "2019-06-30": 2, "2019-03-31": "-3.00000", "2018-12-31": -3, "2018-09-30": -6, "2018-06-30": -3, "2018-03-31": "-4.00000", "2017-12-31": -4, "2017-09-30": -3, "2017-06-30": -3, "2017-03-31": "-6.00000", "2016-12-31": -5, "2016-09-30": -4, "2016-06-30": -4, "2016-03-31": "-5.00000", "2015-12-31": -3, "2015-09-30": -4, "2015-06-30": -2, "2015-03-31": "-5.00000", "2014-12-31": -3, "2014-09-30": -4, "2014-06-30": -3, "2014-03-31": "-4.00000", "2013-12-31": -5, "2013-09-30": -5, "2013-06-30": -5, "2013-03-31": "-3.00000", "2012-12-31": -4, "2012-09-30": -4, "2012-06-30": -4, "2012-03-31": "-7.00000", "2011-12-31": -5, "2011-09-30": -4, "2011-06-30": -8, "2011-03-31": "-4.00000", "2010-12-31": -3, "2010-09-30": -4, "2010-06-30": -4, "2010-03-31": "-4.00000", "2009-12-31": 1, "2009-09-30": -3, "2009-06-30": 4, "2009-03-31": "-5.00000", "2008-12-31": 3, "2008-09-30": -10, "2008-06-30": -11, "2008-03-31": "-5.00000", "2007-12-31": -14, "2007-09-30": -3, "2007-06-30": -9, "2007-03-31": "-7.00000", "2006-12-31": 98, "2006-09-30": 3, "2006-06-30": 9, "2006-03-31": "-37.00000", "2005-12-31": 60, "2005-09-30": 0, "2005-06-30": -88, "2005-03-31": ""}, "Net Change In Investments - Total": {"2020-09-30": -2, "2020-06-30": -17, "2020-03-31": "-15.00000", "2019-12-31": 12, "2019-09-30": -7, "2019-06-30": 2, "2019-03-31": "-3.00000", "2018-12-31": -3, "2018-09-30": -6, "2018-06-30": -3, "2018-03-31": "-4.00000", "2017-12-31": -4, "2017-09-30": -3, "2017-06-30": -3, "2017-03-31": "-6.00000", "2016-12-31": -5, "2016-09-30": -4, "2016-06-30": -4, "2016-03-31": "-5.00000", "2015-12-31": -3, "2015-09-30": -4, "2015-06-30": -2, "2015-03-31": "-5.00000", "2014-12-31": -3, "2014-09-30": -4, "2014-06-30": -3, "2014-03-31": "-4.00000", "2013-12-31": -5, "2013-09-30": -5, "2013-06-30": -5, "2013-03-31": "-3.00000", "2012-12-31": -4, "2012-09-30": -4, "2012-06-30": -4, "2012-03-31": "-7.00000", "2011-12-31": -5, "2011-09-30": -4, "2011-06-30": -8, "2011-03-31": "-4.00000", "2010-12-31": -3, "2010-09-30": -4, "2010-06-30": -4, "2010-03-31": "-4.00000", "2009-12-31": 1, "2009-09-30": -3, "2009-06-30": 4, "2009-03-31": "-5.00000", "2008-12-31": 3, "2008-09-30": -10, "2008-06-30": -11, "2008-03-31": "-5.00000", "2007-12-31": -14, "2007-09-30": -3, "2007-06-30": -9, "2007-03-31": "-7.00000", "2006-12-31": 98, "2006-09-30": 3, "2006-06-30": 9, "2006-03-31": "-37.00000", "2005-12-31": 60, "2005-09-30": 0, "2005-06-30": -88, "2005-03-31": ""}, "Investing Activities - Other": {"2020-09-30": -3, "2020-06-30": -1, "2020-03-31": "2.00000", "2019-12-31": 6, "2019-09-30": 0, "2019-06-30": -4, "2019-03-31": "1.00000", "2018-12-31": 5, "2018-09-30": 7, "2018-06-30": 8, "2018-03-31": "-2.00000", "2017-12-31": 4, "2017-09-30": 5, "2017-06-30": 0, "2017-03-31": "-2.00000", "2016-12-31": -8, "2016-09-30": 1, "2016-06-30": -14, "2016-03-31": "12.00000", "2015-12-31": -4, "2015-09-30": 5, "2015-06-30": 6, "2015-03-31": "", "2014-12-31": 19, "2014-09-30": -9, "2014-06-30": 3, "2014-03-31": "143.00000", "2013-12-31": -238, "2013-09-30": -14, "2013-06-30": -15, "2013-03-31": "-14.00000", "2012-12-31": -8, "2012-09-30": -64, "2012-06-30": -44, "2012-03-31": "-21.00000", "2011-12-31": -102, "2011-09-30": 9, "2011-06-30": 8, "2011-03-31": "1.00000", "2010-12-31": 5, "2010-09-30": 0, "2010-06-30": -2, "2010-03-31": "-1.00000", "2009-12-31": 1, "2009-09-30": 1, "2009-06-30": 0, "2009-03-31": "", "2008-12-31": -7, "2008-09-30": 0, "2008-06-30": 2, "2008-03-31": "", "2007-12-31": 14, "2007-09-30": -1, "2007-06-30": 0, "2007-03-31": "1.00000", "2006-12-31": -19, "2006-09-30": 4, "2006-06-30": -1, "2006-03-31": "", "2005-12-31": 3, "2005-09-30": 4, "2005-06-30": 1, "2005-03-31": "11.00000"}, "Cash Flow From Investing Activities": {"2020-09-30": -666, "2020-06-30": -631, "2020-03-31": "-684.00000", "2019-12-31": -637, "2019-09-30": -644, "2019-06-30": -587, "2019-03-31": "-567.00000", "2018-12-31": -617, "2018-09-30": -590, "2018-06-30": -532, "2018-03-31": "-597.00000", "2017-12-31": -620, "2017-09-30": -525, "2017-06-30": -520, "2017-03-31": "-539.00000", "2016-12-31": -607, "2016-09-30": -516, "2016-06-30": -525, "2016-03-31": "-510.00000", "2015-12-31": -614, "2015-09-30": -487, "2015-06-30": -436, "2015-03-31": "-439.00000", "2014-12-31": -505, "2014-09-30": -442, "2014-06-30": -457, "2014-03-31": "-313.00000", "2013-12-31": -690, "2013-09-30": -396, "2013-06-30": -334, "2013-03-31": "-303.00000", "2012-12-31": -348, "2012-09-30": -349, "2012-06-30": -302, "2012-03-31": "-311.00000", "2011-12-31": -297, "2011-09-30": -257, "2011-06-30": -238, "2011-03-31": "-256.00000", "2010-12-31": -320, "2010-09-30": -216, "2010-06-30": -243, "2010-03-31": "-317.00000", "2009-12-31": -436, "2009-09-30": -463, "2009-06-30": -450, "2009-03-31": "-432.00000", "2008-12-31": -596, "2008-09-30": -566, "2008-06-30": -408, "2008-03-31": "-527.00000", "2007-12-31": -375, "2007-09-30": -339, "2007-06-30": -368, "2007-03-31": "-386.00000", "2006-12-31": -222, "2006-09-30": -249, "2006-06-30": -222, "2006-03-31": "-573.00000", "2005-12-31": -225, "2005-09-30": -205, "2005-06-30": -329, "2005-03-31": "-202.00000"}, "Net Long-Term Debt": {"2020-09-30": 0, "2020-06-30": 798, "2020-03-31": "380.00000", "2019-12-31": 376, "2019-09-30": 450, "2019-06-30": 0, "2019-03-31": "121.00000", "2018-12-31": 180, "2018-09-30": -199, "2018-06-30": 530, "2018-03-31": "", "2017-12-31": 240, "2017-09-30": 300, "2017-06-30": 124, "2017-03-31": "", "2016-12-31": 241, "2016-09-30": 0, "2016-06-30": 20, "2016-03-31": "-260.00000", "2015-12-31": 942, "2015-09-30": 0, "2015-06-30": 135, "2015-03-31": "", "2014-12-31": 295, "2014-09-30": 0, "2014-06-30": 69, "2014-03-31": "-163.00000", "2013-12-31": -121, "2013-09-30": 0, "2013-06-30": 0, "2013-03-31": "", "2012-12-31": -6, "2012-09-30": 128, "2012-06-30": 0, "2012-03-31": "", "2011-12-31": -5, "2011-09-30": 0, "2011-06-30": -150, "2011-03-31": "", "2010-12-31": -204, "2010-09-30": -106, "2010-06-30": 0, "2010-03-31": "", "2009-12-31": -132, "2009-09-30": -250, "2009-06-30": 423, "2009-03-31": "349.00000", "2008-12-31": 525, "2008-09-30": -823, "2008-06-30": 1335, "2008-03-31": "", "2007-12-31": 226, "2007-09-30": -465, "2007-06-30": 599, "2007-03-31": "-174.00000", "2006-12-31": -26, "2006-09-30": -138, "2006-06-30": 232, "2006-03-31": "", "2005-12-31": -95, "2005-09-30": 272, "2005-06-30": -48, "2005-03-31": "-104.00000"}, "Net Current Debt": {"2020-09-30": 152, "2020-06-30": -495, "2020-03-31": "175.00000", "2019-12-31": -104, "2019-09-30": -454, "2019-06-30": 199, "2019-03-31": "202.00000", "2018-12-31": 76, "2018-09-30": 15, "2018-06-30": -454, "2018-03-31": "475.00000", "2017-12-31": 38, "2017-09-30": -446, "2017-06-30": -22, "2017-03-31": "356.00000", "2016-12-31": -50, "2016-09-30": -170, "2016-06-30": 197, "2016-03-31": "280.00000", "2015-12-31": -482, "2015-09-30": -103, "2015-06-30": -69, "2015-03-31": "241.00000", "2014-12-31": -39, "2014-09-30": -40, "2014-06-30": 93, "2014-03-31": "332.00000", "2013-12-31": 368, "2013-09-30": -25, "2013-06-30": 25, "2013-03-31": "", "2012-12-31": -5, "2012-09-30": -25, "2012-06-30": -96, "2012-03-31": "-22.00000", "2011-12-31": -102, "2011-09-30": -187, "2011-06-30": -67, "2011-03-31": "-125.00000", "2010-12-31": 204, "2010-09-30": -165, "2010-06-30": 60, "2010-03-31": "-220.00000", "2009-12-31": 415, "2009-09-30": -280, "2009-06-30": -282, "2009-03-31": "-177.00000", "2008-12-31": -233, "2008-09-30": -43, "2008-06-30": -167, "2008-03-31": "145.00000", "2007-12-31": 270, "2007-09-30": -417, "2007-06-30": 666, "2007-03-31": "341.00000", "2006-12-31": 261, "2006-09-30": -46, "2006-06-30": -70, "2006-03-31": "274.00000", "2005-12-31": 170, "2005-09-30": -138, "2005-06-30": -260, "2005-03-31": "4.00000"}, "Debt Issuance/Retirement Net - Total": {"2020-09-30": 152, "2020-06-30": 303, "2020-03-31": "555.00000", "2019-12-31": 272, "2019-09-30": -4, "2019-06-30": 199, "2019-03-31": "323.00000", "2018-12-31": 256, "2018-09-30": -184, "2018-06-30": 76, "2018-03-31": "475.00000", "2017-12-31": 278, "2017-09-30": -146, "2017-06-30": 102, "2017-03-31": "356.00000", "2016-12-31": 191, "2016-09-30": -170, "2016-06-30": 217, "2016-03-31": "20.00000", "2015-12-31": 460, "2015-09-30": -103, "2015-06-30": 66, "2015-03-31": "241.00000", "2014-12-31": 256, "2014-09-30": -40, "2014-06-30": 162, "2014-03-31": "169.00000", "2013-12-31": 247, "2013-09-30": -25, "2013-06-30": 25, "2013-03-31": "", "2012-12-31": -11, "2012-09-30": 103, "2012-06-30": -96, "2012-03-31": "-22.00000", "2011-12-31": -107, "2011-09-30": -187, "2011-06-30": -217, "2011-03-31": "-125.00000", "2010-12-31": 0, "2010-09-30": -271, "2010-06-30": 60, "2010-03-31": "-220.00000", "2009-12-31": 283, "2009-09-30": -530, "2009-06-30": 141, "2009-03-31": "172.00000", "2008-12-31": 292, "2008-09-30": -866, "2008-06-30": 1168, "2008-03-31": "145.00000", "2007-12-31": 496, "2007-09-30": -882, "2007-06-30": 1265, "2007-03-31": "167.00000", "2006-12-31": 235, "2006-09-30": -184, "2006-06-30": 162, "2006-03-31": "274.00000", "2005-12-31": 75, "2005-09-30": 134, "2005-06-30": -308, "2005-03-31": "-100.00000"}, "Net Common Equity Issued/Repurchased": {"2020-09-30": 10, "2020-06-30": 14, "2020-03-31": "13.00000", "2019-12-31": 14, "2019-09-30": 17, "2019-06-30": 18, "2019-03-31": "19.00000", "2018-12-31": 18, "2018-09-30": 16, "2018-06-30": 23, "2018-03-31": "17.00000", "2017-12-31": 0, "2017-09-30": 0, "2017-06-30": 0, "2017-03-31": "-24.00000", "2016-12-31": -51, "2016-09-30": 0, "2016-06-30": 0, "2016-03-31": "", "2015-12-31": 0, "2015-09-30": 0, "2015-06-30": 0, "2015-03-31": "", "2014-12-31": 0, "2014-09-30": 0, "2014-06-30": 0, "2014-03-31": "", "2013-12-31": 0, "2013-09-30": 0, "2013-06-30": 0, "2013-03-31": "", "2012-12-31": 0, "2012-09-30": 0, "2012-06-30": 0, "2012-03-31": "", "2011-12-31": 16, "2011-09-30": 17, "2011-06-30": 15, "2011-03-31": "17.00000", "2010-12-31": 20, "2010-09-30": 17, "2010-06-30": 23, "2010-03-31": "20.00000", "2009-12-31": 17, "2009-09-30": 570, "2009-06-30": 19, "2009-03-31": "28.00000", "2008-12-31": 47, "2008-09-30": 32, "2008-06-30": 29, "2008-03-31": "46.00000", "2007-12-31": 20, "2007-09-30": 23, "2007-06-30": 27, "2007-03-31": "21.00000", "2006-12-31": 18, "2006-09-30": 21, "2006-06-30": 30, "2006-03-31": "27.00000", "2005-12-31": 24, "2005-09-30": 28, "2005-06-30": 372, "2005-03-31": "30.00000"}, "Net Total Equity Issued/Repurchased": {"2020-09-30": 10, "2020-06-30": 14, "2020-03-31": "13.00000", "2019-12-31": 14, "2019-09-30": 17, "2019-06-30": 18, "2019-03-31": "19.00000", "2018-12-31": 18, "2018-09-30": 16, "2018-06-30": 23, "2018-03-31": "17.00000", "2017-12-31": 0, "2017-09-30": 0, "2017-06-30": 0, "2017-03-31": "-24.00000", "2016-12-31": -51, "2016-09-30": 0, "2016-06-30": 0, "2016-03-31": "", "2015-12-31": 0, "2015-09-30": 0, "2015-06-30": 0, "2015-03-31": "", "2014-12-31": 0, "2014-09-30": 0, "2014-06-30": 0, "2014-03-31": "", "2013-12-31": 0, "2013-09-30": 0, "2013-06-30": 0, "2013-03-31": "", "2012-12-31": 0, "2012-09-30": 0, "2012-06-30": 0, "2012-03-31": "", "2011-12-31": 16, "2011-09-30": 17, "2011-06-30": 15, "2011-03-31": "17.00000", "2010-12-31": 20, "2010-09-30": -35, "2010-06-30": 23, "2010-03-31": "20.00000", "2009-12-31": 17, "2009-09-30": 570, "2009-06-30": 19, "2009-03-31": "28.00000", "2008-12-31": 47, "2008-09-30": 824, "2008-06-30": -760, "2008-03-31": "27.00000", "2007-12-31": 20, "2007-09-30": 465, "2007-06-30": -416, "2007-03-31": "21.00000", "2006-12-31": 18, "2006-09-30": 106, "2006-06-30": -25, "2006-03-31": "-4.00000", "2005-12-31": 24, "2005-09-30": 27, "2005-06-30": 372, "2005-03-31": "30.00000"}, "Total Common And Preferred Stock Dividends Paid": {"2020-09-30": -125, "2020-06-30": -123, "2020-03-31": "-124.00000", "2019-12-31": -123, "2019-09-30": -119, "2019-06-30": -118, "2019-03-31": "-118.00000", "2018-12-31": -118, "2018-09-30": -113, "2018-06-30": -113, "2018-03-31": "-113.00000", "2017-12-31": -112, "2017-09-30": -108, "2017-06-30": -108, "2017-03-31": "-109.00000", "2016-12-31": -108, "2016-09-30": -105, "2016-06-30": -104, "2016-03-31": "-105.00000", "2015-12-31": -105, "2015-09-30": -101, "2015-06-30": -101, "2015-03-31": "-101.00000", "2014-12-31": -100, "2014-09-30": -99, "2014-06-30": -98, "2014-03-31": "-99.00000", "2013-12-31": -98, "2013-09-30": -99, "2013-06-30": -98, "2013-03-31": "-99.00000", "2012-12-31": -99, "2012-09-30": -99, "2012-06-30": -98, "2012-03-31": "-92.00000", "2011-12-31": -97, "2011-09-30": -95, "2011-06-30": -94, "2011-03-31": "-95.00000", "2010-12-31": -93, "2010-09-30": -95, "2010-06-30": -95, "2010-03-31": "-93.00000", "2009-12-31": -93, "2009-09-30": -86, "2009-06-30": -90, "2009-03-31": "-90.00000", "2008-12-31": -144, "2008-09-30": -143, "2008-06-30": -144, "2008-03-31": "-143.00000", "2007-12-31": -148, "2007-09-30": -138, "2007-06-30": -137, "2007-03-31": "-136.00000", "2006-12-31": -138, "2006-09-30": -138, "2006-06-30": -137, "2006-03-31": "-137.00000", "2005-12-31": -128, "2005-09-30": -130, "2005-06-30": -129, "2005-03-31": "-124.00000"}, "Financial Activities - Other": {"2020-09-30": -1, "2020-06-30": -7, "2020-03-31": "-23.00000", "2019-12-31": -7, "2019-09-30": -6, "2019-06-30": 0, "2019-03-31": "-33.00000", "2018-12-31": -8, "2018-09-30": 1, "2018-06-30": -9, "2018-03-31": "-19.00000", "2017-12-31": -6, "2017-09-30": -1, "2017-06-30": -4, "2017-03-31": "-16.00000", "2016-12-31": -8, "2016-09-30": 0, "2016-06-30": -2, "2016-03-31": "-33.00000", "2015-12-31": -10, "2015-09-30": 0, "2015-06-30": -2, "2015-03-31": "-12.00000", "2014-12-31": -21, "2014-09-30": -1, "2014-06-30": -2, "2014-03-31": "", "2013-12-31": -2, "2013-09-30": -7, "2013-06-30": 7, "2013-03-31": "", "2012-12-31": -9, "2012-09-30": -6, "2012-06-30": 2, "2012-03-31": "1.00000", "2011-12-31": -95, "2011-09-30": 0, "2011-06-30": 0, "2011-03-31": "-73.00000", "2010-12-31": 3, "2010-09-30": -6, "2010-06-30": 10, "2010-03-31": "-32.00000", "2009-12-31": 17, "2009-09-30": -4, "2009-06-30": -28, "2009-03-31": "18.00000", "2008-12-31": 16, "2008-09-30": 0, "2008-06-30": -9, "2008-03-31": "", "2007-12-31": 4, "2007-09-30": 0, "2007-06-30": -3, "2007-03-31": "", "2006-12-31": 0, "2006-09-30": -2, "2006-06-30": -2, "2006-03-31": "", "2005-12-31": -2, "2005-09-30": -3, "2005-06-30": -1, "2005-03-31": ""}, "Cash Flow From Financial Activities": {"2020-09-30": 36, "2020-06-30": 187, "2020-03-31": "421.00000", "2019-12-31": 156, "2019-09-30": -112, "2019-06-30": 99, "2019-03-31": "191.00000", "2018-12-31": 148, "2018-09-30": -280, "2018-06-30": -23, "2018-03-31": "360.00000", "2017-12-31": 160, "2017-09-30": -255, "2017-06-30": -10, "2017-03-31": "207.00000", "2016-12-31": 24, "2016-09-30": -275, "2016-06-30": 111, "2016-03-31": "-118.00000", "2015-12-31": 345, "2015-09-30": -204, "2015-06-30": -37, "2015-03-31": "128.00000", "2014-12-31": 135, "2014-09-30": -140, "2014-06-30": 62, "2014-03-31": "70.00000", "2013-12-31": 147, "2013-09-30": -131, "2013-06-30": -66, "2013-03-31": "-99.00000", "2012-12-31": -119, "2012-09-30": -2, "2012-06-30": -192, "2012-03-31": "-113.00000", "2011-12-31": -283, "2011-09-30": -265, "2011-06-30": -296, "2011-03-31": "-276.00000", "2010-12-31": -70, "2010-09-30": -407, "2010-06-30": -2, "2010-03-31": "-325.00000", "2009-12-31": 224, "2009-09-30": -50, "2009-06-30": 42, "2009-03-31": "128.00000", "2008-12-31": 211, "2008-09-30": -185, "2008-06-30": 255, "2008-03-31": "29.00000", "2007-12-31": 372, "2007-09-30": -555, "2007-06-30": 709, "2007-03-31": "52.00000", "2006-12-31": 115, "2006-09-30": -218, "2006-06-30": -2, "2006-03-31": "133.00000", "2005-12-31": -31, "2005-09-30": 28, "2005-06-30": -66, "2005-03-31": "-194.00000"}, "Net Cash Flow": {"2020-09-30": 5, "2020-06-30": -40, "2020-03-31": "27.00000", "2019-12-31": 21, "2019-09-30": 33, "2019-06-30": 4, "2019-03-31": "11.00000", "2018-12-31": 15, "2018-09-30": -4, "2018-06-30": 7, "2018-03-31": "21.00000", "2017-12-31": 11, "2017-09-30": 4, "2017-06-30": 2, "2017-03-31": "-1.00000", "2016-12-31": -25, "2016-09-30": 5, "2016-06-30": 0, "2016-03-31": "-279.00000", "2015-12-31": 220, "2015-09-30": 70, "2015-06-30": -4, "2015-03-31": "1.00000", "2014-12-31": -8, "2014-09-30": -33, "2014-06-30": 20, "2014-03-31": "-4.00000", "2013-12-31": -164, "2013-09-30": 19, "2013-06-30": -11, "2013-03-31": "-23.00000", "2012-12-31": -89, "2012-09-30": 200, "2012-06-30": -116, "2012-03-31": "-41.00000", "2011-12-31": -274, "2011-09-30": 144, "2011-06-30": -195, "2011-03-31": "28.00000", "2010-12-31": -63, "2010-09-30": 102, "2010-06-30": 146, "2010-03-31": "-262.00000", "2009-12-31": 59, "2009-09-30": 312, "2009-06-30": -53, "2009-03-31": "212.00000", "2008-12-31": -114, "2008-09-30": 1, "2008-06-30": 19, "2008-03-31": "-169.00000", "2007-12-31": 185, "2007-09-30": -517, "2007-06-30": 526, "2007-03-31": "24.00000", "2006-12-31": 103, "2006-09-30": -17, "2006-06-30": 22, "2006-03-31": "-67.00000", "2005-12-31": -182, "2005-09-30": 251, "2005-06-30": -3, "2005-03-31": "-39.00000"}, "Stock-Based Compensation": {"2020-09-30": 5, "2020-06-30": 5, "2020-03-31": "6.00000", "2019-12-31": 5, "2019-09-30": 5, "2019-06-30": 4, "2019-03-31": "6.00000", "2018-12-31": 5, "2018-09-30": 5, "2018-06-30": 4, "2018-03-31": "6.00000", "2017-12-31": 5, "2017-09-30": 4, "2017-06-30": 4, "2017-03-31": "4.00000", "2016-12-31": 0, "2016-09-30": 5, "2016-06-30": 6, "2016-03-31": "6.00000", "2015-12-31": 4, "2015-09-30": 6, "2015-06-30": 6, "2015-03-31": "8.00000", "2014-12-31": 5, "2014-09-30": 5, "2014-06-30": 6, "2014-03-31": "9.00000", "2013-12-31": 8, "2013-09-30": 5, "2013-06-30": 5, "2013-03-31": "9.00000", "2012-12-31": 6, "2012-09-30": 11, "2012-06-30": 4, "2012-03-31": "8.00000", "2011-12-31": 17, "2011-09-30": 0, "2011-06-30": 0, "2011-03-31": "", "2010-12-31": 0, "2010-09-30": 0, "2010-06-30": 0, "2010-03-31": "", "2009-12-31": 0, "2009-09-30": 0, "2009-06-30": 0, "2009-03-31": "", "2008-12-31": 0, "2008-09-30": 0, "2008-06-30": 0, "2008-03-31": "", "2007-12-31": 0, "2007-09-30": 0, "2007-06-30": 0, "2007-03-31": "", "2006-12-31": 0, "2006-09-30": 0, "2006-06-30": 0, "2006-03-31": "", "2005-12-31": 0, "2005-09-30": 0, "2005-06-30": 0, "2005-03-31": ""}, "Common Stock Dividends Paid": {"2020-09-30": -125, "2020-06-30": -123, "2020-03-31": "-124.00000", "2019-12-31": -123, "2019-09-30": -119, "2019-06-30": -118, "2019-03-31": "-118.00000", "2018-12-31": -118, "2018-09-30": -113, "2018-06-30": -113, "2018-03-31": "-113.00000", "2017-12-31": -112, "2017-09-30": -108, "2017-06-30": -108, "2017-03-31": "-109.00000", "2016-12-31": -108, "2016-09-30": -105, "2016-06-30": -104, "2016-03-31": "-105.00000", "2015-12-31": -105, "2015-09-30": -101, "2015-06-30": -101, "2015-03-31": "-101.00000", "2014-12-31": -100, "2014-09-30": -99, "2014-06-30": -98, "2014-03-31": "-99.00000", "2013-12-31": -98, "2013-09-30": -99, "2013-06-30": -98, "2013-03-31": "-99.00000", "2012-12-31": -99, "2012-09-30": -99, "2012-06-30": -98, "2012-03-31": "-92.00000", "2011-12-31": -97, "2011-09-30": -95, "2011-06-30": -94, "2011-03-31": "-95.00000", "2010-12-31": -93, "2010-09-30": -95, "2010-06-30": -95, "2010-03-31": "-93.00000", "2009-12-31": -93, "2009-09-30": -86, "2009-06-30": -90, "2009-03-31": "-90.00000", "2008-12-31": -144, "2008-09-30": -143, "2008-06-30": -144, "2008-03-31": "-143.00000", "2007-12-31": -148, "2007-09-30": -138, "2007-06-30": -137, "2007-03-31": "-136.00000", "2006-12-31": -138, "2006-09-30": -138, "2006-06-30": -137, "2006-03-31": "-137.00000", "2005-12-31": -128, "2005-09-30": -130, "2005-06-30": -129, "2005-03-31": "-124.00000"}}, "financial ratios": {"Current Ratio": {"2019-12-31": "0.57130", "2018-12-31": "0.57050", "2017-12-31": "0.54830", "2016-12-31": "0.59570", "2015-12-31": "0.91590", "2014-12-31": "0.75320", "2013-12-31": "0.80130", "2012-12-31": "1.33880", "2011-12-31": "1.28570", "2010-12-31": "1.53070", "2009-12-31": "1.66100", "2008-12-31": "0.84760", "2007-12-31": "0.84780", "2006-12-31": "0.85070", "2005-12-31": "1.22260"}, "Long-term Debt / Capital": {"2019-12-31": "0.52090", "2018-12-31": "0.50280", "2017-12-31": "0.49200", "2016-12-31": "0.47650", "2015-12-31": "0.49260", "2014-12-31": "0.47020", "2013-12-31": "0.45150", "2012-12-31": "0.46160", "2011-12-31": "0.45280", "2010-12-31": "0.48120", "2009-12-31": "0.49630", "2008-12-31": "0.47720", "2007-12-31": "0.45730", "2006-12-31": "0.44530", "2005-12-31": "0.45690"}, "Debt/Equity Ratio": {"2019-12-31": "1.19460", "2018-12-31": "1.16250", "2017-12-31": "1.14920", "2016-12-31": "1.08130", "2015-12-31": "1.06880", "2014-12-31": "1.00930", "2013-12-31": "0.95810", "2012-12-31": "0.90990", "2011-12-31": "0.86810", "2010-12-31": "0.98140", "2009-12-31": "1.01300", "2008-12-31": "1.12940", "2007-12-31": "1.09360", "2006-12-31": "0.96510", "2005-12-31": "0.88670"}, "Gross Margin": {"2019-12-31": "75.93910", "2018-12-31": "72.59580", "2017-12-31": "72.69190", "2016-12-31": "71.87290", "2015-12-31": "70.36730", "2014-12-31": "68.57760", "2013-12-31": "67.81430", "2012-12-31": "65.99200", "2011-12-31": "61.15810", "2010-12-31": "59.43960", "2009-12-31": "60.77080", "2008-12-31": "54.98790", "2007-12-31": "54.32430", "2006-12-31": "55.05440", "2005-12-31": "55.57520"}, "Operating Margin": {"2019-12-31": "21.43820", "2018-12-31": "21.57050", "2017-12-31": "22.83770", "2016-12-31": "21.75770", "2015-12-31": "20.64610", "2014-12-31": "20.71700", "2013-12-31": "20.28090", "2012-12-31": "20.55010", "2011-12-31": "16.80220", "2010-12-31": "11.99270", "2009-12-31": "19.84580", "2008-12-31": "17.30840", "2007-12-31": "17.97140", "2006-12-31": "17.22990", "2005-12-31": "18.93810"}, "EBIT Margin": {"2019-12-31": "21.43820", "2018-12-31": "21.57050", "2017-12-31": "22.83770", "2016-12-31": "21.75770", "2015-12-31": "20.64610", "2014-12-31": "20.71700", "2013-12-31": "20.28090", "2012-12-31": "20.55010", "2011-12-31": "16.80220", "2010-12-31": "11.99270", "2009-12-31": "19.84580", "2008-12-31": "17.30840", "2007-12-31": "17.97140", "2006-12-31": "17.22990", "2005-12-31": "18.93810"}, "EBITDA Margin": {"2019-12-31": "40.05080", "2018-12-31": "38.30870", "2017-12-31": "38.61350", "2016-12-31": "37.31070", "2015-12-31": "35.33950", "2014-12-31": "34.14840", "2013-12-31": "33.31620", "2012-12-31": "33.28140", "2011-12-31": "27.84650", "2010-12-31": "22.76770", "2009-12-31": "30.86200", "2008-12-31": "26.99200", "2007-12-31": "28.43160", "2006-12-31": "27.48370", "2005-12-31": "29.24780"}, "Pre-Tax Profit Margin": {"2019-12-31": "17.19120", "2018-12-31": "16.81770", "2017-12-31": "17.89760", "2016-12-31": "17.13300", "2015-12-31": "15.54610", "2014-12-31": "16.02510", "2013-12-31": "14.20010", "2012-12-31": "14.34010", "2011-12-31": "11.23940", "2010-12-31": "6.23200", "2009-12-31": "13.39870", "2008-12-31": "12.33960", "2007-12-31": "13.03890", "2006-12-31": "12.60330", "2005-12-31": "14.74930"}, "Net Profit Margin": {"2019-12-31": "14.01020", "2018-12-31": "12.95500", "2017-12-31": "8.47100", "2016-12-31": "10.74720", "2015-12-31": "10.33130", "2014-12-31": "9.68110", "2013-12-31": "4.95030", "2012-12-31": "-16.84830", "2011-12-31": "8.44180", "2010-12-31": "1.81980", "2009-12-31": "8.57740", "2008-12-31": "7.68840", "2007-12-31": "8.17240", "2006-12-31": "7.93330", "2005-12-31": "8.93810"}, "Asset Turnover": {"2019-12-31": "0.20430", "2018-12-31": "0.23120", "2017-12-31": "0.23800", "2016-12-31": "0.24600", "2015-12-31": "0.25800", "2014-12-31": "0.27160", "2013-12-31": "0.27740", "2012-12-31": "0.26010", "2011-12-31": "0.26000", "2010-12-31": "0.32490", "2009-12-31": "0.30100", "2008-12-31": "0.34710", "2007-12-31": "0.36480", "2006-12-31": "0.35120", "2005-12-31": "0.37310"}, "Inventory Turnover Ratio": {"2019-12-31": "2.87850", "2018-12-31": "3.56940", "2017-12-31": "3.22990", "2016-12-31": "3.24290", "2015-12-31": "3.35870", "2014-12-31": "3.62980", "2013-12-31": "3.57220", "2012-12-31": "3.44910", "2011-12-31": "3.35390", "2010-12-31": "4.38190", "2009-12-31": "3.57930", "2008-12-31": "4.20670", "2007-12-31": "4.69930", "2006-12-31": "4.78980", "2005-12-31": "5.26570"}, "Receiveable Turnover": {"2019-12-31": "12.96050", "2018-12-31": "11.60700", "2017-12-31": "11.98840", "2016-12-31": "12.15200", "2015-12-31": "12.54730", "2014-12-31": "12.00990", "2013-12-31": "9.73000", "2012-12-31": "13.60240", "2011-12-31": "11.34320", "2010-12-31": "10.50620", "2009-12-31": "9.61590", "2008-12-31": "9.46930", "2007-12-31": "9.08890", "2006-12-31": "11.92910", "2005-12-31": "11.62950"}, "Days Sales In Receivables": {"2019-12-31": "28.16240", "2018-12-31": "31.44650", "2017-12-31": "30.44620", "2016-12-31": "30.03620", "2015-12-31": "29.08990", "2014-12-31": "30.39150", "2013-12-31": "37.51290", "2012-12-31": "26.83360", "2011-12-31": "32.17790", "2010-12-31": "34.74140", "2009-12-31": "37.95800", "2008-12-31": "38.54560", "2007-12-31": "40.15870", "2006-12-31": "30.59750", "2005-12-31": "31.38570"}, "ROE - Return On Equity": {"2019-12-31": "10.16950", "2018-12-31": "10.56220", "2017-12-31": "7.22090", "2016-12-31": "9.09590", "2015-12-31": "8.25340", "2014-12-31": "8.65060", "2013-12-31": "7.74750", "2012-12-31": "7.71390", "2011-12-31": "5.41650", "2010-12-31": "1.91530", "2009-12-31": "7.74190", "2008-12-31": "8.97060", "2007-12-31": "9.71560", "2006-12-31": "8.30930", "2005-12-31": "9.86800"}, "Return On Tangible Equity": {"2019-12-31": "10.70600", "2018-12-31": "11.15190", "2017-12-31": "7.65000", "2016-12-31": "9.64300", "2015-12-31": "8.76140", "2014-12-31": "9.20240", "2013-12-31": "8.25500", "2012-12-31": "8.23080", "2011-12-31": "5.71240", "2010-12-31": "2.02250", "2009-12-31": "8.78870", "2008-12-31": "10.41900", "2007-12-31": "11.46250", "2006-12-31": "9.88260", "2005-12-31": "12.39880"}, "ROA - Return On Assets": {"2019-12-31": "2.88250", "2018-12-31": "3.01670", "2017-12-31": "2.03890", "2016-12-31": "2.66810", "2015-12-31": "2.47460", "2014-12-31": "2.66050", "2013-12-31": "2.46170", "2012-12-31": "2.34820", "2011-12-31": "1.84820", "2010-12-31": "0.64230", "2009-12-31": "2.63270", "2008-12-31": "2.84060", "2007-12-31": "3.16480", "2006-12-31": "2.78580", "2005-12-31": "3.45610"}, "ROI - Return On Investment": {"2019-12-31": "4.87260", "2018-12-31": "5.25200", "2017-12-31": "3.66850", "2016-12-31": "4.76160", "2015-12-31": "4.18810", "2014-12-31": "4.58270", "2013-12-31": "4.24940", "2012-12-31": "4.15310", "2011-12-31": "2.96370", "2010-12-31": "0.99360", "2009-12-31": "3.89980", "2008-12-31": "4.68940", "2007-12-31": "5.27290", "2006-12-31": "4.60900", "2005-12-31": "5.35930"}, "Book Value Per Share": {"2019-12-31": "33.31030", "2018-12-31": "31.79140", "2017-12-31": "30.19790", "2016-12-31": "29.86400", "2015-12-31": "29.21680", "2014-12-31": "28.25640", "2013-12-31": "27.55980", "2012-12-31": "27.89370", "2011-12-31": "33.25640", "2010-12-31": "32.79530", "2009-12-31": "33.95110", "2008-12-31": "33.81540", "2007-12-31": "32.41480", "2006-12-31": "31.86350", "2005-12-31": "31.08940"}, "Operating Cash Flow Per Share": {"2019-12-31": -0.0464, "2018-12-31": 0.1551, "2017-12-31": -0.0244, "2016-12-31": 0.3602, "2015-12-31": 1.934, "2014-12-31": -0.5209, "2013-12-31": -0.0304, "2012-12-31": -0.8024, "2011-12-31": 0.1231, "2010-12-31": -1.2907, "2009-12-31": 1.671, "2008-12-31": 1.9114, "2007-12-31": -0.8785, "2006-12-31": -0.0093, "2005-12-31": 6.2301}, "Free Cash Flow Per Share": {"2019-12-31": -0.4173, "2018-12-31": -0.3682, "2017-12-31": -0.2578, "2016-12-31": -0.312, "2015-12-31": 1.4574, "2014-12-31": -2.3031, "2013-12-31": -1.1056, "2012-12-31": -1.6562, "2011-12-31": 0.7632, "2010-12-31": 2.2503, "2009-12-31": 3.4425, "2008-12-31": -0.9498, "2007-12-31": -2.8504, "2006-12-31": -0.2828, "2005-12-31": 1.489}}, "financial ratios, quarterly": {"Current Ratio": {"2020-09-30": "0.75530", "2020-06-30": "0.81000", "2020-03-31": "0.61850", "2019-12-31": "0.57130", "2019-09-30": "0.65430", "2019-06-30": "0.55010", "2019-03-31": "0.59450", "2018-12-31": "0.57050", "2018-09-30": "0.63570", "2018-06-30": "0.62150", "2018-03-31": "0.46850", "2017-12-31": "0.54830", "2017-09-30": "0.61260", "2017-06-30": "0.56820", "2017-03-31": "0.52500", "2016-12-31": "0.59570", "2016-09-30": "0.69790", "2016-06-30": "0.65600", "2016-03-31": "0.79280", "2015-12-31": "0.91590", "2015-09-30": "0.79670", "2015-06-30": "0.77900", "2015-03-31": "0.79090", "2014-12-31": "0.75320", "2014-09-30": "0.91650", "2014-06-30": "0.84990", "2014-03-31": "0.67520", "2013-12-31": "0.80130", "2013-09-30": "1.01390", "2013-06-30": "1.03710", "2013-03-31": "1.27900", "2012-12-31": "1.33880", "2012-09-30": "1.55630", "2012-06-30": "1.34370", "2012-03-31": "1.31600", "2011-12-31": "1.28570", "2011-09-30": "1.45020", "2011-06-30": "1.50720", "2011-03-31": "1.47800", "2010-12-31": "1.53070", "2010-09-30": "1.63010", "2010-06-30": "1.60800", "2010-03-31": "1.62070", "2009-12-31": "1.66100", "2009-09-30": "1.44340", "2009-06-30": "1.04680", "2009-03-31": "0.95700", "2008-12-31": "0.84760", "2008-09-30": "0.87290", "2008-06-30": "0.89860", "2008-03-31": "0.65610", "2007-12-31": "0.84780", "2007-09-30": "0.93490", "2007-06-30": "0.90960", "2007-03-31": "0.82700", "2006-12-31": "0.85070", "2006-09-30": "0.94400", "2006-06-30": "1.09730", "2006-03-31": "0.97600", "2005-12-31": "1.22260", "2005-09-30": "1.42050", "2005-06-30": "1.13410", "2005-03-31": "0.85850"}, "Long-term Debt / Capital": {"2020-09-30": "0.54100", "2020-06-30": "0.54860", "2020-03-31": "0.53270", "2019-12-31": "0.52090", "2019-09-30": "0.51330", "2019-06-30": "0.50890", "2019-03-31": "0.51160", "2018-12-31": "0.50280", "2018-09-30": "0.49400", "2018-06-30": "0.50280", "2018-03-31": "0.47860", "2017-12-31": "0.49200", "2017-09-30": "0.48040", "2017-06-30": "0.48300", "2017-03-31": "0.47790", "2016-12-31": "0.47650", "2016-09-30": "0.47390", "2016-06-30": "0.48320", "2016-03-31": "0.49530", "2015-12-31": "0.49260", "2015-09-30": "0.45530", "2015-06-30": "0.46410", "2015-03-31": "0.46120", "2014-12-31": "0.47020", "2014-09-30": "0.45720", "2014-06-30": "0.46460", "2014-03-31": "0.43990", "2013-12-31": "0.45150", "2013-09-30": "0.43950", "2013-06-30": "0.44700", "2013-03-31": "0.47110", "2012-12-31": "0.46160", "2012-09-30": "0.45800", "2012-06-30": "0.46450", "2012-03-31": "0.46840", "2011-12-31": "0.45280", "2011-09-30": "0.45050", "2011-06-30": "0.47040", "2011-03-31": "0.47480", "2010-12-31": "0.48120", "2010-09-30": "0.47860", "2010-06-30": "0.48270", "2010-03-31": "0.48840", "2009-12-31": "0.49630", "2009-09-30": "0.47640", "2009-06-30": "0.49890", "2009-03-31": "0.48680", "2008-12-31": "0.47720", "2008-09-30": "0.46590", "2008-06-30": "0.47410", "2008-03-31": "0.42860", "2007-12-31": "0.45730", "2007-09-30": "0.44810", "2007-06-30": "0.45440", "2007-03-31": "0.44510", "2006-12-31": "0.44530", "2006-09-30": "0.44960", "2006-06-30": "0.47330", "2006-03-31": "0.46590", "2005-12-31": "0.45690", "2005-09-30": "0.44620", "2005-06-30": "0.44040", "2005-03-31": "0.46040"}, "Debt/Equity Ratio": {"2020-09-30": "1.25140", "2020-06-30": "1.27230", "2020-03-31": "1.25810", "2019-12-31": "1.19460", "2019-09-30": "1.16180", "2019-06-30": "1.20470", "2019-03-31": "1.19230", "2018-12-31": "1.16250", "2018-09-30": "1.12640", "2018-06-30": "1.19100", "2018-03-31": "1.20670", "2017-12-31": "1.14920", "2017-09-30": "1.08790", "2017-06-30": "1.13580", "2017-03-31": "1.13680", "2016-12-31": "1.08130", "2016-09-30": "1.04240", "2016-06-30": "1.10620", "2016-03-31": "1.08360", "2015-12-31": "1.06880", "2015-09-30": "1.00040", "2015-06-30": "1.05150", "2015-03-31": "1.05100", "2014-12-31": "1.00930", "2014-09-30": "0.96830", "2014-06-30": "1.00340", "2014-03-31": "0.98780", "2013-12-31": "0.95810", "2013-09-30": "0.91570", "2013-06-30": "0.94760", "2013-03-31": "0.94510", "2012-12-31": "0.90990", "2012-09-30": "0.87120", "2012-06-30": "0.89440", "2012-03-31": "0.92120", "2011-12-31": "0.86810", "2011-09-30": "0.88440", "2011-06-30": "0.93110", "2011-03-31": "0.96600", "2010-12-31": "0.98140", "2010-09-30": "0.97840", "2010-06-30": "0.97650", "2010-03-31": "0.97990", "2009-12-31": "1.01300", "2009-09-30": "0.97990", "2009-06-30": "1.14430", "2009-03-31": "1.13800", "2008-12-31": "1.12940", "2008-09-30": "1.11020", "2008-06-30": "1.15610", "2008-03-31": "1.11130", "2007-12-31": "1.09360", "2007-09-30": "1.02000", "2007-06-30": "1.10800", "2007-03-31": "0.99370", "2006-12-31": "0.96510", "2006-09-30": "0.93540", "2006-06-30": "0.98060", "2006-03-31": "0.96960", "2005-12-31": "0.88670", "2005-09-30": "0.86290", "2005-06-30": "0.86850", "2005-03-31": "0.98560"}, "Gross Margin": {"2020-09-30": "80.65110", "2020-06-30": "80.68670", "2020-03-31": "73.54170", "2019-12-31": "74.39210", "2019-09-30": "80.34960", "2019-06-30": "79.55040", "2019-03-31": "69.34450", "2018-12-31": "69.76740", "2018-09-30": "77.14620", "2018-06-30": "75.75180", "2018-03-31": "67.06630", "2017-12-31": "71.19370", "2017-09-30": "77.53920", "2017-06-30": "75.27650", "2017-03-31": "65.94060", "2016-12-31": "66.29790", "2016-09-30": "77.56860", "2016-06-30": "76.03360", "2016-03-31": "65.62060", "2015-12-31": "67.58410", "2015-09-30": "75.45010", "2015-06-30": "74.87510", "2015-03-31": "62.66070", "2014-12-31": "64.08760", "2014-09-30": "76.10780", "2014-06-30": "72.58630", "2014-03-31": "60.97870", "2013-12-31": "63.16190", "2013-09-30": "76.06840", "2013-06-30": "71.06200", "2013-03-31": "59.72880", "2012-12-31": "61.68520", "2012-09-30": "71.09420", "2012-06-30": "72.53920", "2012-03-31": "57.15300", "2011-12-31": "119.48720", "2011-09-30": "62.74250", "2011-06-30": "61.42620", "2011-03-31": "53.04620", "2010-12-31": "56.44780", "2010-09-30": "63.78470", "2010-06-30": "63.07250", "2010-03-31": "53.76290", "2009-12-31": "59.24420", "2009-09-30": "65.89530", "2009-06-30": "65.02380", "2009-03-31": "53.54910", "2008-12-31": "52.63160", "2008-09-30": "56.06800", "2008-06-30": "62.51400", "2008-03-31": "49.63960", "2007-12-31": "52.45450", "2007-09-30": "58.68800", "2007-06-30": "58.91200", "2007-03-31": "47.77670", "2006-12-31": "51.92660", "2006-09-30": "62.98430", "2006-06-30": "59.48390", "2006-03-31": "45.66670", "2005-12-31": "45.11550", "2005-09-30": "61.50980", "2005-06-30": "62.68940", "2005-03-31": "52.64450"}, "Operating Margin": {"2020-09-30": "30.34400", "2020-06-30": "25.32190", "2020-03-31": "16.73610", "2019-12-31": "13.60180", "2019-09-30": "31.34420", "2019-06-30": "20.30460", "2019-03-31": "18.50900", "2018-12-31": "11.69840", "2018-09-30": "30.91650", "2018-06-30": "24.63210", "2018-03-31": "17.22400", "2017-12-31": "15.15370", "2017-09-30": "33.02380", "2017-06-30": "25.17890", "2017-03-31": "15.97360", "2016-12-31": "6.34220", "2016-09-30": "37.17050", "2016-06-30": "22.77510", "2016-03-31": "15.34170", "2015-12-31": "10.70340", "2015-09-30": "34.15170", "2015-06-30": "16.91650", "2015-03-31": "16.45240", "2014-12-31": "9.12410", "2014-09-30": "33.59280", "2014-06-30": "22.69200", "2014-03-31": "15.43290", "2013-12-31": "12.93500", "2013-09-30": "34.61540", "2013-06-30": "18.60300", "2013-03-31": "12.54240", "2012-12-31": "8.58510", "2012-09-30": "33.82100", "2012-06-30": "24.53640", "2012-03-31": "11.18980", "2011-12-31": "-30.76920", "2011-09-30": "24.25040", "2011-06-30": "17.74280", "2011-03-31": "11.92230", "2010-12-31": "11.60610", "2010-09-30": "3.92590", "2010-06-30": "19.18840", "2010-03-31": "15.36080", "2009-12-31": "14.24420", "2009-09-30": "26.72180", "2009-06-30": "21.67460", "2009-03-31": "16.75370", "2008-12-31": "8.77190", "2008-09-30": "20.77670", "2008-06-30": "24.74860", "2008-03-31": "15.42530", "2007-12-31": "14.23060", "2007-09-30": "24.13620", "2007-06-30": "18.86570", "2007-03-31": "14.47630", "2006-12-31": "10.33640", "2006-09-30": "28.63870", "2006-06-30": "17.80650", "2006-03-31": "10.88890", "2005-12-31": "8.64420", "2005-09-30": "27.06010", "2005-06-30": "23.10610", "2005-03-31": "16.17470"}, "EBIT Margin": {"2020-09-30": "30.34400", "2020-06-30": "25.32190", "2020-03-31": "16.73610", "2019-12-31": "13.60180", "2019-09-30": "31.34420", "2019-06-30": "20.30460", "2019-03-31": "18.50900", "2018-12-31": "11.69840", "2018-09-30": "30.91650", "2018-06-30": "24.63210", "2018-03-31": "17.22400", "2017-12-31": "15.15370", "2017-09-30": "33.02380", "2017-06-30": "25.17890", "2017-03-31": "15.97360", "2016-12-31": "6.34220", "2016-09-30": "37.17050", "2016-06-30": "22.77510", "2016-03-31": "15.34170", "2015-12-31": "10.70340", "2015-09-30": "34.15170", "2015-06-30": "16.91650", "2015-03-31": "16.45240", "2014-12-31": "9.12410", "2014-09-30": "33.59280", "2014-06-30": "22.69200", "2014-03-31": "15.43290", "2013-12-31": "12.93500", "2013-09-30": "34.61540", "2013-06-30": "18.60300", "2013-03-31": "12.54240", "2012-12-31": "8.58510", "2012-09-30": "33.82100", "2012-06-30": "24.53640", "2012-03-31": "11.18980", "2011-12-31": "-30.76920", "2011-09-30": "24.25040", "2011-06-30": "17.74280", "2011-03-31": "11.92230", "2010-12-31": "11.60610", "2010-09-30": "3.92590", "2010-06-30": "19.18840", "2010-03-31": "15.36080", "2009-12-31": "14.24420", "2009-09-30": "26.72180", "2009-06-30": "21.67460", "2009-03-31": "16.75370", "2008-12-31": "8.77190", "2008-09-30": "20.77670", "2008-06-30": "24.74860", "2008-03-31": "15.42530", "2007-12-31": "14.23060", "2007-09-30": "24.13620", "2007-06-30": "18.86570", "2007-03-31": "14.47630", "2006-12-31": "10.33640", "2006-09-30": "28.63870", "2006-06-30": "17.80650", "2006-03-31": "10.88890", "2005-12-31": "8.64420", "2005-09-30": "27.06010", "2005-06-30": "23.10610", "2005-03-31": "16.17470"}, "EBITDA Margin": {"2020-09-30": "", "2020-06-30": "", "2020-03-31": "", "2019-12-31": "", "2019-09-30": "", "2019-06-30": "", "2019-03-31": "", "2018-12-31": "", "2018-09-30": "", "2018-06-30": "", "2018-03-31": "", "2017-12-31": "", "2017-09-30": "", "2017-06-30": "", "2017-03-31": "", "2016-12-31": "", "2016-09-30": "", "2016-06-30": "", "2016-03-31": "", "2015-12-31": "", "2015-09-30": "", "2015-06-30": "", "2015-03-31": "", "2014-12-31": "", "2014-09-30": "", "2014-06-30": "", "2014-03-31": "", "2013-12-31": "", "2013-09-30": "", "2013-06-30": "", "2013-03-31": "", "2012-12-31": "", "2012-09-30": "", "2012-06-30": "", "2012-03-31": "", "2011-12-31": "", "2011-09-30": "", "2011-06-30": "", "2011-03-31": "", "2010-12-31": "", "2010-09-30": "", "2010-06-30": "", "2010-03-31": "", "2009-12-31": "", "2009-09-30": "", "2009-06-30": "", "2009-03-31": "", "2008-12-31": "", "2008-09-30": "", "2008-06-30": "", "2008-03-31": "", "2007-12-31": "", "2007-09-30": "", "2007-06-30": "", "2007-03-31": "", "2006-12-31": "", "2006-09-30": "", "2006-06-30": "", "2006-03-31": "", "2005-12-31": "", "2005-09-30": "", "2005-06-30": "", "2005-03-31": ""}, "Pre-Tax Profit Margin": {"2020-09-30": "26.53560", "2020-06-30": "21.03000", "2020-03-31": "11.73610", "2019-12-31": "9.04260", "2019-09-30": "27.60700", "2019-06-30": "15.88110", "2019-03-31": "14.13880", "2018-12-31": "5.99010", "2018-09-30": "26.91420", "2018-06-30": "20.08960", "2018-03-31": "12.30280", "2017-12-31": "10.07860", "2017-09-30": "28.72900", "2017-06-30": "20.03900", "2017-03-31": "10.62710", "2016-12-31": "4.35100", "2016-09-30": "32.49060", "2016-06-30": "16.81850", "2016-03-31": "9.62340", "2015-12-31": "4.66360", "2015-09-30": "30.16910", "2015-06-30": "11.27770", "2015-03-31": "11.31110", "2014-12-31": "4.89050", "2014-09-30": "29.34130", "2014-06-30": "17.61800", "2014-03-31": "10.22590", "2013-12-31": "5.44630", "2013-09-30": "30.15870", "2013-06-30": "12.25940", "2013-03-31": "6.16950", "2012-12-31": "1.51030", "2012-09-30": "28.67170", "2012-06-30": "18.40230", "2012-03-31": "4.39090", "2011-12-31": "-52.30770", "2011-09-30": "19.84130", "2011-06-30": "12.57720", "2011-03-31": "6.25000", "2010-12-31": "4.92380", "2010-09-30": "-1.19100", "2010-06-30": "13.79710", "2010-03-31": "9.32990", "2009-12-31": "7.32560", "2009-09-30": "20.05510", "2009-06-30": "14.90500", "2009-03-31": "11.22130", "2008-12-31": "3.66360", "2008-09-30": "15.92230", "2008-06-30": "18.77100", "2008-03-31": "11.34070", "2007-12-31": "9.32160", "2007-09-30": "19.17880", "2007-06-30": "13.31020", "2007-03-31": "10.07910", "2006-12-31": "4.83180", "2006-09-30": "24.45030", "2006-06-30": "12.83870", "2006-03-31": "6.88890", "2005-12-31": "4.20370", "2005-09-30": "23.60450", "2005-06-30": "18.24500", "2005-03-31": "12.05410"}, "Net Profit Margin": {"2020-09-30": "22.54300", "2020-06-30": "17.38200", "2020-03-31": "10.13890", "2019-12-31": "7.14290", "2019-09-30": "21.94090", "2019-06-30": "12.98040", "2019-03-31": "12.27510", "2018-12-31": "4.79210", "2018-09-30": "20.70770", "2018-06-30": "15.29110", "2018-03-31": "9.52680", "2017-12-31": "-4.28880", "2017-09-30": "16.71500", "2017-06-30": "12.55690", "2017-03-31": "6.73270", "2016-12-31": "2.35990", "2016-09-30": "19.84940", "2016-06-30": "10.30130", "2016-03-31": "7.32220", "2015-12-31": "2.21710", "2015-09-30": "18.71250", "2015-06-30": "10.70660", "2015-03-31": "6.94090", "2014-12-31": "3.50370", "2014-09-30": "17.54490", "2014-06-30": "10.50040", "2014-03-31": "6.02260", "2013-12-31": "2.79880", "2013-09-30": "18.43710", "2013-06-30": "6.77120", "2013-03-31": "-9.83050", "2012-12-31": "-91.89190", "2012-09-30": "21.88410", "2012-06-30": "15.04990", "2012-03-31": "-28.54110", "2011-12-31": "12.82050", "2011-09-30": "12.56610", "2011-06-30": "7.74850", "2011-03-31": "3.72900", "2010-12-31": "3.04810", "2010-09-30": "-7.36660", "2010-06-30": "8.81160", "2010-03-31": "5.25770", "2009-12-31": "4.59300", "2009-09-30": "12.50690", "2009-06-30": "9.79810", "2009-03-31": "7.35910", "2008-12-31": "2.94120", "2008-09-30": "9.90290", "2008-06-30": "11.50840", "2008-03-31": "6.63140", "2007-12-31": "5.95700", "2007-09-30": "12.21830", "2007-06-30": "8.27550", "2007-03-31": "6.07710", "2006-12-31": "3.73090", "2006-09-30": "15.34030", "2006-06-30": "7.93550", "2006-03-31": "3.88890", "2005-12-31": "1.18410", "2005-09-30": "14.88570", "2005-06-30": "11.67930", "2005-03-31": "7.44160"}, "Asset Turnover": {"2020-09-30": "0.05330", "2020-06-30": "0.04660", "2020-03-31": "0.04920", "2019-12-31": "0.04550", "2019-09-30": "0.05810", "2019-06-30": "0.04910", "2019-03-31": "0.05660", "2018-12-31": "0.05210", "2018-09-30": "0.06390", "2018-06-30": "0.05870", "2018-03-31": "0.06080", "2017-12-31": "0.05390", "2017-09-30": "0.06730", "2017-06-30": "0.06090", "2017-03-31": "0.06110", "2016-12-31": "0.05490", "2016-09-30": "0.07700", "2016-06-30": "0.06000", "2016-03-31": "0.06130", "2015-12-31": "0.05530", "2015-09-30": "0.07810", "2015-06-30": "0.06050", "2015-03-31": "0.06800", "2014-12-31": "0.06150", "2014-09-30": "0.07630", "2014-06-30": "0.06570", "2014-03-31": "0.07530", "2013-12-31": "0.06280", "2013-09-30": "0.07320", "2013-06-30": "0.06300", "2013-03-31": "0.06720", "2012-12-31": "0.05660", "2012-09-30": "0.07270", "2012-06-30": "0.06100", "2012-03-31": "0.06170", "2011-12-31": "0.00820", "2011-09-30": "0.09710", "2011-06-30": "0.07610", "2011-03-31": "0.08160", "2010-12-31": "0.07260", "2010-09-30": "0.09590", "2010-06-30": "0.07210", "2010-03-31": "0.08190", "2009-12-31": "0.07260", "2009-09-30": "0.07690", "2009-06-30": "0.07260", "2009-03-31": "0.08300", "2008-12-31": "0.08550", "2008-09-30": "0.09590", "2008-06-30": "0.08270", "2008-03-31": "0.10030", "2007-12-31": "0.08750", "2007-09-30": "0.09790", "2007-06-30": "0.08420", "2007-03-31": "0.10310", "2006-12-31": "0.08330", "2006-09-30": "0.10140", "2006-06-30": "0.08400", "2006-03-31": "0.09830", "2005-12-31": "0.09300", "2005-09-30": "0.10400", "2005-06-30": "0.09060", "2005-03-31": "0.09380"}, "Inventory Turnover Ratio": {"2020-09-30": "0.56550", "2020-06-30": "0.52530", "2020-03-31": "0.80890", "2019-12-31": "0.68220", "2019-09-30": "0.66800", "2019-06-30": "0.65130", "2019-03-31": "1.18660", "2018-12-31": "0.88820", "2018-09-30": "0.75050", "2018-06-30": "0.79790", "2018-03-31": "1.15230", "2017-12-31": "0.77200", "2017-09-30": "0.70750", "2017-06-30": "0.74220", "2017-03-31": "1.10490", "2016-12-31": "0.86720", "2016-09-30": "0.75680", "2016-06-30": "0.66410", "2016-03-31": "1.02070", "2015-12-31": "0.78810", "2015-09-30": "0.82120", "2015-06-30": "0.70400", "2015-03-31": "1.29400", "2014-12-31": "0.93890", "2014-09-30": "0.71120", "2014-06-30": "0.79230", "2014-03-31": "1.46700", "2013-12-31": "0.92590", "2013-09-30": "0.67470", "2013-06-30": "0.79450", "2013-03-31": "1.28850", "2012-12-31": "0.84560", "2012-09-30": "0.65340", "2012-06-30": "0.56120", "2012-03-31": "0.96800", "2011-12-31": "-0.05340", "2011-09-30": "1.15120", "2011-06-30": "1.05050", "2011-03-31": "1.56290", "2010-12-31": "1.05090", "2010-09-30": "1.10050", "2010-06-30": "0.94230", "2010-03-31": "1.41260", "2009-12-31": "0.89640", "2009-09-30": "0.72230", "2009-06-30": "0.80350", "2009-03-31": "1.35460", "2008-12-31": "1.09030", "2008-09-30": "0.94670", "2008-06-30": "0.93320", "2008-03-31": "1.88490", "2007-12-31": "1.17280", "2007-09-30": "1.08980", "2007-06-30": "1.16010", "2007-03-31": "2.16160", "2006-12-31": "1.21480", "2006-09-30": "0.99580", "2006-06-30": "1.14390", "2006-03-31": "2.31210", "2005-12-31": "1.62060", "2005-09-30": "0.86190", "2005-06-30": "0.91060", "2005-03-31": "1.36770"}, "Receiveable Turnover": {"2020-09-30": "2.73150", "2020-06-30": "2.48750", "2020-03-31": "2.76390", "2019-12-31": "2.88600", "2019-09-30": "3.10670", "2019-06-30": "2.49820", "2019-03-31": "2.63280", "2018-12-31": "2.61810", "2018-09-30": "2.50220", "2018-06-30": "2.46530", "2018-03-31": "2.58990", "2017-12-31": "2.71650", "2017-09-30": "2.91050", "2017-06-30": "2.93880", "2017-03-31": "2.89120", "2016-12-31": "2.71200", "2016-09-30": "3.14020", "2016-06-30": "2.79800", "2016-03-31": "2.96280", "2015-12-31": "2.69140", "2015-09-30": "2.95170", "2015-06-30": "2.46650", "2015-03-31": "2.49360", "2014-12-31": "2.71830", "2014-09-30": "2.85960", "2014-06-30": "2.12740", "2014-03-31": "2.11410", "2013-12-31": "2.20330", "2013-09-30": "2.83390", "2013-06-30": "2.80600", "2013-03-31": "2.68670", "2012-12-31": "2.96000", "2012-09-30": "2.82480", "2012-06-30": "2.88480", "2012-03-31": "2.76320", "2011-12-31": "0.35980", "2011-09-30": "3.14130", "2011-06-30": "2.35580", "2011-03-31": "2.35640", "2010-12-31": "2.34660", "2010-09-30": "2.54430", "2010-06-30": "2.55930", "2010-03-31": "2.36870", "2009-12-31": "2.31810", "2009-09-30": "3.03510", "2009-06-30": "2.13980", "2009-03-31": "2.19720", "2008-12-31": "2.33210", "2008-09-30": "2.58470", "2008-06-30": "1.97790", "2008-03-31": "2.14320", "2007-12-31": "2.17910", "2007-09-30": "2.10430", "2007-06-30": "2.20410", "2007-03-31": "2.34260", "2006-12-31": "2.82870", "2006-09-30": "3.29880", "2006-06-30": "3.22920", "2006-03-31": "2.95570", "2005-12-31": "2.89710", "2005-09-30": "3.75450", "2005-06-30": "3.59180", "2005-03-31": "2.98350"}, "Days Sales In Receivables": {"2020-09-30": "32.94840", "2020-06-30": "36.18030", "2020-03-31": "32.56250", "2019-12-31": "31.18540", "2019-09-30": "28.96930", "2019-06-30": "36.02610", "2019-03-31": "34.18380", "2018-12-31": "34.37630", "2018-09-30": "35.96870", "2018-06-30": "36.50670", "2018-03-31": "34.75080", "2017-12-31": "33.13080", "2017-09-30": "30.92280", "2017-06-30": "30.62460", "2017-03-31": "31.12870", "2016-12-31": "33.18580", "2016-09-30": "28.66060", "2016-06-30": "32.16540", "2016-03-31": "30.37660", "2015-12-31": "33.44040", "2015-09-30": "30.49100", "2015-06-30": "36.48820", "2015-03-31": "36.09260", "2014-12-31": "33.10950", "2014-09-30": "31.47310", "2014-06-30": "42.30440", "2014-03-31": "42.57220", "2013-12-31": "40.84720", "2013-09-30": "31.75820", "2013-06-30": "32.07410", "2013-03-31": "33.49830", "2012-12-31": "30.40540", "2012-09-30": "31.86070", "2012-06-30": "31.19830", "2012-03-31": "32.57080", "2011-12-31": "250.15390", "2011-09-30": "28.65080", "2011-06-30": "38.20330", "2011-03-31": "38.19330", "2010-12-31": "38.35290", "2010-09-30": "35.37270", "2010-06-30": "35.16520", "2010-03-31": "37.99480", "2009-12-31": "38.82560", "2009-09-30": "29.65290", "2009-06-30": "42.06060", "2009-03-31": "40.96030", "2008-12-31": "38.59130", "2008-09-30": "34.82040", "2008-06-30": "45.50280", "2008-03-31": "41.99420", "2007-12-31": "41.30170", "2007-09-30": "42.76920", "2007-06-30": "40.83330", "2007-03-31": "38.41900", "2006-12-31": "31.81650", "2006-09-30": "27.28270", "2006-06-30": "27.87100", "2006-03-31": "30.45000", "2005-12-31": "31.06570", "2005-09-30": "23.97130", "2005-06-30": "25.05680", "2005-03-31": "30.16610"}, "ROE - Return On Equity": {"2020-09-30": "4.27530", "2020-06-30": "2.91550", "2020-03-31": "1.79900", "2019-12-31": "1.15840", "2019-09-30": "4.46120", "2019-06-30": "2.26900", "2019-03-31": "2.45950", "2018-12-31": "0.88770", "2018-09-30": "4.60370", "2018-06-30": "3.18810", "2018-03-31": "2.07540", "2017-12-31": "-0.80540", "2017-09-30": "3.87340", "2017-06-30": "2.65750", "2017-03-31": "1.44320", "2016-12-31": "0.45550", "2016-09-30": "5.05790", "2016-06-30": "2.09510", "2016-03-31": "1.52620", "2015-12-31": "0.43740", "2015-09-30": "4.82110", "2015-06-30": "1.43350", "2015-03-31": "1.60680", "2014-12-31": "0.68560", "2014-09-30": "4.27990", "2014-06-30": "2.24900", "2014-03-31": "1.48760", "2013-12-31": "0.73290", "2013-09-30": "4.56510", "2013-06-30": "1.62450", "2013-03-31": "0.85940", "2012-12-31": "0.14780", "2012-09-30": "3.87490", "2012-06-30": "2.10390", "2012-03-31": "0.51460", "2011-12-31": "-0.78090", "2011-09-30": "3.52060", "2011-06-30": "1.75000", "2011-03-31": "0.93910", "2010-12-31": "0.68490", "2010-09-30": "-2.07360", "2010-06-30": "1.89020", "2010-03-31": "1.30700", "2009-12-31": "1.01740", "2009-09-30": "2.84610", "2009-06-30": "2.28450", "2009-03-31": "1.99370", "2008-12-31": "0.87760", "2008-09-30": "3.05270", "2008-06-30": "3.18320", "2008-03-31": "2.20610", "2007-12-31": "2.16230", "2007-09-30": "3.61160", "2007-06-30": "2.16080", "2007-03-31": "1.87590", "2006-12-31": "0.92660", "2006-09-30": "4.47460", "2006-06-30": "1.93730", "2006-03-31": "1.10860", "2005-12-31": "0.66000", "2005-09-30": "4.33710", "2005-06-30": "2.95340", "2005-03-31": "2.07260"}, "Return On Tangible Equity": {"2020-09-30": "4.48910", "2020-06-30": "3.06610", "2020-03-31": "1.89360", "2019-12-31": "1.21950", "2019-09-30": "4.69650", "2019-06-30": "2.39300", "2019-03-31": "2.59550", "2018-12-31": "0.93720", "2018-09-30": "4.85990", "2018-06-30": "3.37220", "2018-03-31": "2.19800", "2017-12-31": "-0.85320", "2017-09-30": "4.09840", "2017-06-30": "2.81610", "2017-03-31": "1.53050", "2016-12-31": "0.48290", "2016-09-30": "5.35820", "2016-06-30": "2.22460", "2016-03-31": "1.62120", "2015-12-31": "0.46430", "2015-09-30": "5.11490", "2015-06-30": "1.52420", "2015-03-31": "1.70940", "2014-12-31": "0.72940", "2014-09-30": "4.56440", "2014-06-30": "2.40290", "2014-03-31": "1.58990", "2013-12-31": "0.78090", "2013-09-30": "4.87690", "2013-06-30": "1.73880", "2013-03-31": "0.91970", "2012-12-31": "0.15770", "2012-09-30": "4.09160", "2012-06-30": "2.22620", "2012-03-31": "0.54480", "2011-12-31": "-0.82350", "2011-09-30": "3.71040", "2011-06-30": "1.84640", "2011-03-31": "0.99170", "2010-12-31": "0.72330", "2010-09-30": "-2.18990", "2010-06-30": "2.13620", "2010-03-31": "1.48150", "2009-12-31": "1.15490", "2009-09-30": "3.23580", "2009-06-30": "2.63610", "2009-03-31": "2.30820", "2008-12-31": "1.01930", "2008-09-30": "3.55670", "2008-06-30": "3.73560", "2008-03-31": "2.59850", "2007-12-31": "2.55110", "2007-09-30": "4.25980", "2007-06-30": "2.56230", "2007-03-31": "2.22990", "2006-12-31": "1.10210", "2006-09-30": "5.48280", "2006-06-30": "2.40090", "2006-03-31": "1.37960", "2005-12-31": "0.82920", "2005-09-30": "5.09180", "2005-06-30": "3.47090", "2005-03-31": "2.46390"}, "ROA - Return On Assets": {"2020-09-30": "1.20920", "2020-06-30": "0.81290", "2020-03-31": "0.50560", "2019-12-31": "0.32830", "2019-09-30": "1.28210", "2019-06-30": "0.64050", "2019-03-31": "0.70160", "2018-12-31": "0.25350", "2018-09-30": "1.33170", "2018-06-30": "0.90090", "2018-03-31": "0.58670", "2017-12-31": "-0.22740", "2017-09-30": "1.13210", "2017-06-30": "0.76820", "2017-03-31": "0.41920", "2016-12-31": "0.13360", "2016-09-30": "1.53730", "2016-06-30": "0.62200", "2016-03-31": "0.45760", "2015-12-31": "0.13110", "2015-09-30": "1.47070", "2015-06-30": "0.42760", "2015-03-31": "0.48070", "2014-12-31": "0.21090", "2014-09-30": "1.35310", "2014-06-30": "0.69950", "2014-03-31": "0.46770", "2013-12-31": "0.23290", "2013-09-30": "1.37150", "2013-06-30": "0.47580", "2013-03-31": "0.25510", "2012-12-31": "0.04500", "2012-09-30": "1.32350", "2012-06-30": "0.70500", "2012-03-31": "0.17030", "2011-12-31": "-0.26640", "2011-09-30": "1.22880", "2011-06-30": "0.59420", "2011-03-31": "0.31720", "2010-12-31": "0.22970", "2010-09-30": "-0.69400", "2010-06-30": "0.64810", "2010-03-31": "0.44750", "2009-12-31": "0.34600", "2009-09-30": "0.97060", "2009-06-30": "0.72450", "2009-03-31": "0.62850", "2008-12-31": "0.27790", "2008-09-30": "1.00100", "2008-06-30": "1.00250", "2008-03-31": "0.71780", "2007-12-31": "0.70440", "2007-09-30": "1.19580", "2007-06-30": "0.69650", "2007-03-31": "0.62670", "2006-12-31": "0.31070", "2006-09-30": "1.55600", "2006-06-30": "0.66670", "2006-03-31": "0.38220", "2005-12-31": "0.23110", "2005-09-30": "1.54780", "2005-06-30": "1.05770", "2005-03-31": "0.69810"}, "ROI - Return On Investment": {"2020-09-30": "1.96250", "2020-06-30": "1.31610", "2020-03-31": "0.84070", "2019-12-31": "0.55500", "2019-09-30": "2.17150", "2019-06-30": "1.11420", "2019-03-31": "1.20110", "2018-12-31": "0.44140", "2018-09-30": "2.32940", "2018-06-30": "1.58510", "2018-03-31": "1.08220", "2017-12-31": "-0.40920", "2017-09-30": "2.01260", "2017-06-30": "1.37380", "2017-03-31": "0.75350", "2016-12-31": "0.23840", "2016-09-30": "2.66100", "2016-06-30": "1.08270", "2016-03-31": "0.77020", "2015-12-31": "0.22190", "2015-09-30": "2.62620", "2015-06-30": "0.76820", "2015-03-31": "0.86570", "2014-12-31": "0.36320", "2014-09-30": "2.32320", "2014-06-30": "1.20420", "2014-03-31": "0.83330", "2013-12-31": "0.40200", "2013-09-30": "2.55850", "2013-06-30": "0.89840", "2013-03-31": "0.45460", "2012-12-31": "0.07960", "2012-09-30": "2.10040", "2012-06-30": "1.12670", "2012-03-31": "0.27360", "2011-12-31": "-0.42730", "2011-09-30": "1.93470", "2011-06-30": "0.92690", "2011-03-31": "0.49320", "2010-12-31": "0.35530", "2010-09-30": "-1.08120", "2010-06-30": "0.97770", "2010-03-31": "0.66860", "2009-12-31": "0.51250", "2009-09-30": "1.49020", "2009-06-30": "1.14480", "2009-03-31": "1.02310", "2008-12-31": "0.45870", "2008-09-30": "1.63050", "2008-06-30": "1.67400", "2008-03-31": "1.26060", "2007-12-31": "1.17350", "2007-09-30": "1.99310", "2007-06-30": "1.17900", "2007-03-31": "1.04090", "2006-12-31": "0.51400", "2006-09-30": "2.46280", "2006-06-30": "1.02040", "2006-03-31": "0.59210", "2005-12-31": "0.35840", "2005-09-30": "2.40200", "2005-06-30": "1.65280", "2005-03-31": "1.11830"}, "Book Value Per Share": {"2020-09-30": "34.91510", "2020-06-30": "33.86890", "2020-03-31": "33.32120", "2019-12-31": "33.31030", "2019-09-30": "33.34960", "2019-06-30": "32.27420", "2019-03-31": "31.95030", "2018-12-31": "31.79140", "2018-09-30": "31.93280", "2018-06-30": "30.85250", "2018-03-31": "30.26270", "2017-12-31": "30.19790", "2017-09-30": "30.86150", "2017-06-30": "30.09070", "2017-03-31": "29.70320", "2016-12-31": "29.86400", "2016-09-30": "30.23500", "2016-06-30": "29.11790", "2016-03-31": "28.89940", "2015-12-31": "29.21680", "2015-09-30": "29.49710", "2015-06-30": "28.46660", "2015-03-31": "28.21930", "2014-12-31": "28.25640", "2014-09-30": "28.50780", "2014-06-30": "27.67520", "2014-03-31": "27.43200", "2013-12-31": "27.55980", "2013-09-30": "27.72050", "2013-06-30": "26.89610", "2013-03-31": "26.85900", "2012-12-31": "27.89370", "2012-09-30": "33.08330", "2012-06-30": "31.73950", "2012-03-31": "31.24070", "2011-12-31": "33.25640", "2011-09-30": "33.65810", "2011-06-30": "32.87670", "2011-03-31": "32.68350", "2010-12-31": "32.79530", "2010-09-30": "32.99540", "2010-06-30": "34.29530", "2010-03-31": "34.04700", "2009-12-31": "33.95110", "2009-09-30": "33.97800", "2009-06-30": "34.33240", "2009-03-31": "34.08150", "2008-12-31": "33.81540", "2008-09-30": "33.39500", "2008-06-30": "32.44650", "2008-03-31": "32.25410", "2007-12-31": "32.41480", "2007-09-30": "32.48080", "2007-06-30": "31.97100", "2007-03-31": "31.67630", "2006-12-31": "31.86350", "2006-09-30": "31.75560", "2006-06-30": "30.85030", "2006-03-31": "30.77000", "2005-12-31": "31.08940", "2005-09-30": "31.61610", "2005-06-30": "30.73600", "2005-03-31": "29.81610"}, "Operating Cash Flow Per Share": {"2020-09-30": 2.5336, "2020-06-30": 1.6306, "2020-03-31": "1.16890", "2019-12-31": 2.0425, "2019-09-30": 3.1836, "2019-06-30": 1.9852, "2019-03-31": "1.57060", "2018-12-31": 1.983, "2018-09-30": 3.5093, "2018-06-30": 2.2804, "2018-03-31": "1.05560", "2017-12-31": 1.9425, "2017-09-30": 3.1866, "2017-06-30": 2.1797, "2017-03-31": "1.36440", "2016-12-31": 2.2793, "2016-09-30": 3.2732, "2016-06-30": 1.7065, "2016-03-31": "1.43860", "2015-12-31": 2.0151, "2015-09-30": 3.103, "2015-06-30": 1.9332, "2015-03-31": "1.28610", "2014-12-31": 1.4791, "2014-09-30": 2.2285, "2014-06-30": 1.7106, "2014-03-31": "0.98520", "2013-12-31": 1.5632, "2013-09-30": 2.1954, "2013-06-30": 1.6035, "2013-03-31": "1.56220", "2012-12-31": 1.5533, "2012-09-30": 2.2645, "2012-06-30": 1.5582, "2012-03-31": "1.57870", "2011-12-31": 1.2821, "2011-09-30": 2.7478, "2011-06-30": 1.3997, "2011-03-31": "2.32750", "2010-12-31": 1.3824, "2010-09-30": 3.0175, "2010-06-30": 1.6348, "2010-03-31": "1.59930", "2009-12-31": 1.152, "2009-09-30": 3.695, "2009-06-30": 1.6517, "2009-03-31": "2.42600", "2008-12-31": 1.2955, "2008-09-30": 3.5668, "2008-06-30": 0.815, "2008-03-31": "1.57640", "2007-12-31": 0.9107, "2007-09-30": 1.8097, "2007-06-30": 0.8891, "2007-03-31": "1.73280", "2006-12-31": 1.029, "2006-09-30": 2.1782, "2006-06-30": 1.1923, "2006-03-31": "1.82130", "2005-12-31": 0.4548, "2005-09-30": 2.0247, "2005-06-30": 1.9226, "2005-03-31": "1.82800"}, "Free Cash Flow Per Share": {"2020-09-30": -0.0919, "2020-06-30": -0.8443, "2020-03-31": "-1.53570", "2019-12-31": -0.62, "2019-09-30": 0.6155, "2019-06-30": -0.3739, "2019-03-31": "-0.72240", "2018-12-31": -0.5495, "2018-09-30": 1.1191, "2018-06-30": 0.1094, "2018-03-31": "-1.36250", "2017-12-31": -0.6095, "2017-09-30": 1.054, "2017-06-30": 0.0646, "2017-03-31": "-0.82440", "2016-12-31": -0.1481, "2016-09-30": 1.1664, "2016-06-30": -0.3833, "2016-03-31": "-0.69250", "2015-12-31": -0.4835, "2015-09-30": 1.1213, "2015-06-30": 0.1196, "2015-03-31": "-0.50290", "2014-12-31": -0.6503, "2014-09-30": 0.4985, "2014-06-30": -0.1731, "2014-03-31": "-0.87800", "2013-12-31": -0.2747, "2013-09-30": 0.6824, "2013-06-30": 0.3092, "2013-03-31": "0.38330", "2012-12-31": 0.172, "2012-09-30": 1.1105, "2012-06-30": 0.5111, "2012-03-31": "0.41220", "2011-12-31": 0.5025, "2011-09-30": 1.668, "2011-06-30": 0.4155, "2011-03-31": "1.27600", "2010-12-31": 0.0273, "2010-09-30": 2.1403, "2010-06-30": 0.645, "2010-03-31": "0.28620", "2009-12-31": -0.7739, "2009-09-30": 1.6692, "2009-06-30": -0.4652, "2009-03-31": "0.41840", "2008-12-31": -1.5289, "2008-09-30": 0.9397, "2008-06-30": -1.08, "2008-03-31": "-0.92480", "2007-12-31": -0.9024, "2007-09-30": 0.2046, "2007-06-30": -0.8399, "2007-03-31": "-0.10650", "2006-12-31": -0.4402, "2006-09-30": 0.9405, "2006-06-30": 0.076, "2006-03-31": "0.62990", "2005-12-31": -0.9693, "2005-09-30": 0.9861, "2005-06-30": 0.7349, "2005-03-31": "0.73730"}}, "revenue": {"Ameren Annual Revenue (Millions of US $)": {"2019": "$5,910", "2018": "$6,291", "2017": "$6,174", "2016": "$6,076", "2015": "$6,098", "2014": "$6,053", "2013": "$5,838", "2012": "$5,781", "2011": "$6,148", "2010": "$7,638", "2009": "$7,135", "2008": "$7,869", "2007": "$7,562", "2006": "$6,895", "2005": "$6,780"}, "Ameren Quarterly Revenue (Millions of US $)": {"2020-09-30": "$1,628", "2020-06-30": "$1,398", "2020-03-31": "$1,440", "2019-12-31": "$1,316", "2019-09-30": "$1,659", "2019-06-30": "$1,379", "2019-03-31": "$1,556", "2018-12-31": "$1,419", "2018-09-30": "$1,724", "2018-06-30": "$1,563", "2018-03-31": "$1,585", "2017-12-31": "$1,399", "2017-09-30": "$1,723", "2017-06-30": "$1,537", "2017-03-31": "$1,515", "2016-12-31": "$1,356", "2016-09-30": "$1,859", "2016-06-30": "$1,427", "2016-03-31": "$1,434", "2015-12-31": "$1,308", "2015-09-30": "$1,833", "2015-06-30": "$1,401", "2015-03-31": "$1,556", "2014-12-31": "$1,370", "2014-09-30": "$1,670", "2014-06-30": "$1,419", "2014-03-31": "$1,594", "2013-12-31": "$1,322", "2013-09-30": "$1,638", "2013-06-30": "$1,403", "2013-03-31": "$1,475", "2012-12-31": "$1,258", "2012-09-30": "$1,709", "2012-06-30": "$1,402", "2012-03-31": "$1,412", "2011-12-31": "$195", "2011-09-30": "$2,268", "2011-06-30": "$1,781", "2011-03-31": "$1,904", "2010-12-31": "$1,706", "2010-09-30": "$2,267", "2010-06-30": "$1,725", "2010-03-31": "$1,940", "2009-12-31": "$1,720", "2009-09-30": "$1,815", "2009-06-30": "$1,684", "2009-03-31": "$1,916", "2008-12-31": "$1,938", "2008-09-30": "$2,060", "2008-06-30": "$1,790", "2008-03-31": "$2,081", "2007-12-31": "$1,813", "2007-09-30": "$1,997", "2007-06-30": "$1,728", "2007-03-31": "$2,024", "2006-12-31": "$1,635", "2006-09-30": "$1,910", "2006-06-30": "$1,550", "2006-03-31": "$1,800", "2005-12-31": "$1,689", "2005-09-30": "$1,881", "2005-06-30": "$1,584", "2005-03-31": "$1,626"}}, "gross-profit": {"Ameren Annual Gross Profit (Millions of US $)": {"2019": "$4,488", "2018": "$4,567", "2017": "$4,488", "2016": "$4,367", "2015": "$4,291", "2014": "$4,151", "2013": "$3,959", "2012": "$3,815", "2011": "$3,760", "2010": "$4,540", "2009": "$4,336", "2008": "$4,327", "2007": "$4,108", "2006": "$3,796", "2005": "$3,768"}, "Ameren Quarterly Gross Profit (Millions of US $)": {"2020-09-30": "$1,313", "2020-06-30": "$1,128", "2020-03-31": "$1,059", "2019-12-31": "$979", "2019-09-30": "$1,333", "2019-06-30": "$1,097", "2019-03-31": "$1,079", "2018-12-31": "$990", "2018-09-30": "$1,330", "2018-06-30": "$1,184", "2018-03-31": "$1,063", "2017-12-31": "$996", "2017-09-30": "$1,336", "2017-06-30": "$1,157", "2017-03-31": "$999", "2016-12-31": "$899", "2016-09-30": "$1,442", "2016-06-30": "$1,085", "2016-03-31": "$941", "2015-12-31": "$884", "2015-09-30": "$1,383", "2015-06-30": "$1,049", "2015-03-31": "$975", "2014-12-31": "$878", "2014-09-30": "$1,271", "2014-06-30": "$1,030", "2014-03-31": "$972", "2013-12-31": "$835", "2013-09-30": "$1,246", "2013-06-30": "$997", "2013-03-31": "$881", "2012-12-31": "$776", "2012-09-30": "$1,215", "2012-06-30": "$1,017", "2012-03-31": "$807", "2011-12-31": "$233", "2011-09-30": "$1,423", "2011-06-30": "$1,094", "2011-03-31": "$1,010", "2010-12-31": "$963", "2010-09-30": "$1,446", "2010-06-30": "$1,088", "2010-03-31": "$1,043", "2009-12-31": "$1,019", "2009-09-30": "$1,196", "2009-06-30": "$1,095", "2009-03-31": "$1,026", "2008-12-31": "$1,020", "2008-09-30": "$1,155", "2008-06-30": "$1,119", "2008-03-31": "$1,033", "2007-12-31": "$951", "2007-09-30": "$1,172", "2007-06-30": "$1,018", "2007-03-31": "$967", "2006-12-31": "$849", "2006-09-30": "$1,203", "2006-06-30": "$922", "2006-03-31": "$822", "2005-12-31": "$762", "2005-09-30": "$1,157", "2005-06-30": "$993", "2005-03-31": "$856"}}, "operating-income": {"Ameren Annual Operating Income (Millions of US $)": {"2019": "$1,267", "2018": "$1,357", "2017": "$1,410", "2016": "$1,322", "2015": "$1,259", "2014": "$1,254", "2013": "$1,184", "2012": "$1,188", "2011": "$1,033", "2010": "$916", "2009": "$1,416", "2008": "$1,362", "2007": "$1,359", "2006": "$1,188", "2005": "$1,284"}, "Ameren Quarterly Operating Income (Millions of US $)": {"2020-09-30": "$494", "2020-06-30": "$354", "2020-03-31": "$241", "2019-12-31": "$179", "2019-09-30": "$520", "2019-06-30": "$280", "2019-03-31": "$288", "2018-12-31": "$166", "2018-09-30": "$533", "2018-06-30": "$385", "2018-03-31": "$273", "2017-12-31": "$212", "2017-09-30": "$569", "2017-06-30": "$387", "2017-03-31": "$242", "2016-12-31": "$86", "2016-09-30": "$691", "2016-06-30": "$325", "2016-03-31": "$220", "2015-12-31": "$140", "2015-09-30": "$626", "2015-06-30": "$237", "2015-03-31": "$256", "2014-12-31": "$125", "2014-09-30": "$561", "2014-06-30": "$322", "2014-03-31": "$246", "2013-12-31": "$171", "2013-09-30": "$567", "2013-06-30": "$261", "2013-03-31": "$185", "2012-12-31": "$108", "2012-09-30": "$578", "2012-06-30": "$344", "2012-03-31": "$158", "2011-12-31": "$-60", "2011-09-30": "$550", "2011-06-30": "$316", "2011-03-31": "$227", "2010-12-31": "$198", "2010-09-30": "$89", "2010-06-30": "$331", "2010-03-31": "$298", "2009-12-31": "$245", "2009-09-30": "$485", "2009-06-30": "$365", "2009-03-31": "$321", "2008-12-31": "$170", "2008-09-30": "$428", "2008-06-30": "$443", "2008-03-31": "$321", "2007-12-31": "$258", "2007-09-30": "$482", "2007-06-30": "$326", "2007-03-31": "$293", "2006-12-31": "$169", "2006-09-30": "$547", "2006-06-30": "$276", "2006-03-31": "$196", "2005-12-31": "$146", "2005-09-30": "$509", "2005-06-30": "$366", "2005-03-31": "$263"}}, "ebitda": {"Ameren Annual EBITDA (Millions of US $)": {"2019": "$2,367", "2018": "$2,410", "2017": "$2,384", "2016": "$2,267", "2015": "$2,155", "2014": "$2,067", "2013": "$1,945", "2012": "$1,924", "2011": "$1,712", "2010": "$1,739", "2009": "$2,202", "2008": "$2,124", "2007": "$2,150", "2006": "$1,895", "2005": "$1,983"}, "Ameren Quarterly EBITDA (Millions of US $)": {"2020-09-30": "$792", "2020-06-30": "$651", "2020-03-31": "$532", "2019-12-31": "$464", "2019-09-30": "$799", "2019-06-30": "$543", "2019-03-31": "$561", "2018-12-31": "$433", "2018-09-30": "$797", "2018-06-30": "$648", "2018-03-31": "$532", "2017-12-31": "$446", "2017-09-30": "$817", "2017-06-30": "$632", "2017-03-31": "$489", "2016-12-31": "$326", "2016-09-30": "$928", "2016-06-30": "$553", "2016-03-31": "$460", "2015-12-31": "$367", "2015-09-30": "$850", "2015-06-30": "$459", "2015-03-31": "$479", "2014-12-31": "$326", "2014-09-30": "$766", "2014-06-30": "$524", "2014-03-31": "$451", "2013-12-31": "$368", "2013-09-30": "$756", "2013-06-30": "$444", "2013-03-31": "$377", "2012-12-31": "$302", "2012-09-30": "$757", "2012-06-30": "$526", "2012-03-31": "$339", "2011-12-31": "$-7", "2011-09-30": "$757", "2011-06-30": "$526", "2011-03-31": "$436", "2010-12-31": "$378", "2010-09-30": "$314", "2010-06-30": "$537", "2010-03-31": "$510", "2009-12-31": "$418", "2009-09-30": "$702", "2009-06-30": "$569", "2009-03-31": "$513", "2008-12-31": "$359", "2008-09-30": "$623", "2008-06-30": "$625", "2008-03-31": "$517", "2007-12-31": "$452", "2007-09-30": "$697", "2007-06-30": "$512", "2007-03-31": "$489", "2006-12-31": "$331", "2006-09-30": "$729", "2006-06-30": "$457", "2006-03-31": "$378", "2005-12-31": "$310", "2005-09-30": "$721", "2005-06-30": "$543", "2005-03-31": "$409"}}, "net-income": {"Ameren Annual Net Income (Millions of US $)": {"2019": "$828", "2018": "$815", "2017": "$523", "2016": "$653", "2015": "$630", "2014": "$586", "2013": "$289", "2012": "$-974", "2011": "$519", "2010": "$139", "2009": "$612", "2008": "$605", "2007": "$618", "2006": "$547", "2005": "$606"}, "Ameren Quarterly Net Income (Millions of US $)": {"2020-09-30": "$367", "2020-06-30": "$243", "2020-03-31": "$146", "2019-12-31": "$94", "2019-09-30": "$364", "2019-06-30": "$179", "2019-03-31": "$191", "2018-12-31": "$68", "2018-09-30": "$357", "2018-06-30": "$239", "2018-03-31": "$151", "2017-12-31": "$-60", "2017-09-30": "$288", "2017-06-30": "$193", "2017-03-31": "$102", "2016-12-31": "$32", "2016-09-30": "$369", "2016-06-30": "$147", "2016-03-31": "$105", "2015-12-31": "$29", "2015-09-30": "$343", "2015-06-30": "$150", "2015-03-31": "$108", "2014-12-31": "$48", "2014-09-30": "$293", "2014-06-30": "$149", "2014-03-31": "$96", "2013-12-31": "$37", "2013-09-30": "$302", "2013-06-30": "$95", "2013-03-31": "$-145", "2012-12-31": "$-1,156", "2012-09-30": "$374", "2012-06-30": "$211", "2012-03-31": "$-403", "2011-12-31": "$25", "2011-09-30": "$285", "2011-06-30": "$138", "2011-03-31": "$71", "2010-12-31": "$52", "2010-09-30": "$-167", "2010-06-30": "$152", "2010-03-31": "$102", "2009-12-31": "$79", "2009-09-30": "$227", "2009-06-30": "$165", "2009-03-31": "$141", "2008-12-31": "$57", "2008-09-30": "$204", "2008-06-30": "$206", "2008-03-31": "$138", "2007-12-31": "$108", "2007-09-30": "$244", "2007-06-30": "$143", "2007-03-31": "$123", "2006-12-31": "$61", "2006-09-30": "$293", "2006-06-30": "$123", "2006-03-31": "$70", "2005-12-31": "$20", "2005-09-30": "$280", "2005-06-30": "$185", "2005-03-31": "$121"}}, "eps-earnings-per-share-diluted": {"Ameren Annual EPS": {"2019": "$3.35", "2018": "$3.32", "2017": "$2.14", "2016": "$2.68", "2015": "$2.59", "2014": "$2.40", "2013": "$1.18", "2012": "$-4.01", "2011": "$2.15", "2010": "$0.58", "2009": "$2.78", "2008": "$2.88", "2007": "$2.98", "2006": "$2.66", "2005": "$3.02"}, "Ameren Quarterly EPS": {"2020-09-30": "$1.47", "2020-06-30": "$0.98", "2020-03-31": "$0.59", "2019-12-31": "$0.38", "2019-09-30": "$1.47", "2019-06-30": "$0.72", "2019-03-31": "$0.78", "2018-12-31": "$0.28", "2018-09-30": "$1.45", "2018-06-30": "$0.97", "2018-03-31": "$0.62", "2017-12-31": "$-0.25", "2017-09-30": "$1.18", "2017-06-30": "$0.79", "2017-03-31": "$0.42", "2016-12-31": "$0.12", "2016-09-30": "$1.52", "2016-06-30": "$0.61", "2016-03-31": "$0.43", "2015-12-31": "$0.12", "2015-09-30": "$1.41", "2015-06-30": "$0.61", "2015-03-31": "$0.45", "2014-12-31": "$0.19", "2014-09-30": "$1.20", "2014-06-30": "$0.61", "2014-03-31": "$0.40", "2013-12-31": "$0.15", "2013-09-30": "$1.24", "2013-06-30": "$0.39", "2013-03-31": "$-0.60", "2012-12-31": "$-4.76", "2012-09-30": "$1.54", "2012-06-30": "$0.87", "2012-03-31": "$-1.66", "2011-12-31": "$0.11", "2011-09-30": "$1.18", "2011-06-30": "$0.57", "2011-03-31": "$0.29", "2010-12-31": "$0.21", "2010-09-30": "$-0.70", "2010-06-30": "$0.64", "2010-03-31": "$0.43", "2009-12-31": "$0.31", "2009-09-30": "$1.04", "2009-06-30": "$0.77", "2009-03-31": "$0.66", "2008-12-31": "$0.27", "2008-09-30": "$0.97", "2008-06-30": "$0.98", "2008-03-31": "$0.66", "2007-12-31": "$0.52", "2007-09-30": "$1.18", "2007-06-30": "$0.69", "2007-03-31": "$0.59", "2006-12-31": "$0.30", "2006-09-30": "$1.42", "2006-06-30": "$0.60", "2006-03-31": "$0.34", "2005-12-31": "$0.10", "2005-09-30": "$1.37", "2005-06-30": "$0.93", "2005-03-31": "$0.62"}}, "shares-outstanding": {"Ameren Annual Shares Outstanding (Millions of Shares)": {"2019": "247", "2018": "246", "2017": "244", "2016": "243", "2015": "244", "2014": "244", "2013": "245", "2012": "243", "2011": "242", "2010": "239", "2009": "220", "2008": "210", "2007": "207", "2006": "206", "2005": "201"}, "Ameren Quarterly Shares Outstanding (Millions of Shares)": {"2020-09-30": "249", "2020-06-30": "248", "2020-03-31": "248", "2019-12-31": "247", "2019-09-30": "248", "2019-06-30": "247", "2019-03-31": "246", "2018-12-31": "246", "2018-09-30": "246", "2018-06-30": "246", "2018-03-31": "244", "2017-12-31": "244", "2017-09-30": "245", "2017-06-30": "244", "2017-03-31": "243", "2016-12-31": "243", "2016-09-30": "243", "2016-06-30": "243", "2016-03-31": "243", "2015-12-31": "244", "2015-09-30": "244", "2015-06-30": "243", "2015-03-31": "243", "2014-12-31": "244", "2014-09-30": "244", "2014-06-30": "243", "2014-03-31": "243", "2013-12-31": "245", "2013-09-30": "245", "2013-06-30": "243", "2013-03-31": "243", "2012-12-31": "243", "2012-09-30": "243", "2012-06-30": "243", "2012-03-31": "243", "2011-12-31": "242", "2011-09-30": "242", "2011-06-30": "241", "2011-03-31": "241", "2010-12-31": "239", "2010-09-30": "239", "2010-06-30": "238", "2010-03-31": "238", "2009-12-31": "220", "2009-09-30": "218", "2009-06-30": "214", "2009-03-31": "213", "2008-12-31": "210", "2008-09-30": "210", "2008-06-30": "210", "2008-03-31": "209", "2007-12-31": "207", "2007-09-30": "208", "2007-06-30": "207", "2007-03-31": "207", "2006-12-31": "206", "2006-09-30": "206", "2006-06-30": "205", "2006-03-31": "205", "2005-12-31": "201", "2005-09-30": "204", "2005-06-30": "200", "2005-03-31": "195"}}, "total-assets": {"Ameren Annual Total Assets (Millions of US $)": {"2019": "$28,933", "2018": "$27,215", "2017": "$25,945", "2016": "$24,699", "2015": "$23,640", "2014": "$22,289", "2013": "$21,042", "2012": "$22,230", "2011": "$23,645", "2010": "$23,511", "2009": "$23,702", "2008": "$22,671", "2007": "$20,728", "2006": "$19,635", "2005": "$18,171"}, "Ameren Quarterly Total Assets (Millions of US $)": {"2020-09-30": "$30,517", "2020-06-30": "$30,016", "2020-03-31": "$29,272", "2019-12-31": "$28,933", "2019-09-30": "$28,546", "2019-06-30": "$28,103", "2019-03-31": "$27,509", "2018-12-31": "$27,215", "2018-09-30": "$26,959", "2018-06-30": "$26,639", "2018-03-31": "$26,079", "2017-12-31": "$25,945", "2017-09-30": "$25,617", "2017-06-30": "$25,254", "2017-03-31": "$24,811", "2016-12-31": "$24,699", "2016-09-30": "$24,134", "2016-06-30": "$23,793", "2016-03-31": "$23,385", "2015-12-31": "$23,640", "2015-09-30": "$23,459", "2015-06-30": "$23,152", "2015-03-31": "$22,884", "2014-12-31": "$22,289", "2014-09-30": "$21,876", "2014-06-30": "$21,588", "2014-03-31": "$21,166", "2013-12-31": "$21,042", "2013-09-30": "$22,385", "2013-06-30": "$22,276", "2013-03-31": "$21,952", "2012-12-31": "$22,230", "2012-09-30": "$23,498", "2012-06-30": "$22,980", "2012-03-31": "$22,899", "2011-12-31": "$23,645", "2011-09-30": "$23,356", "2011-06-30": "$23,391", "2011-03-31": "$23,329", "2010-12-31": "$23,511", "2010-09-30": "$23,631", "2010-06-30": "$23,915", "2010-03-31": "$23,688", "2009-12-31": "$23,702", "2009-09-30": "$23,594", "2009-06-30": "$23,190", "2009-03-31": "$23,071", "2008-12-31": "$22,671", "2008-09-30": "$21,479", "2008-06-30": "$21,645", "2008-03-31": "$20,758", "2007-12-31": "$20,728", "2007-09-30": "$20,405", "2007-06-30": "$20,531", "2007-03-31": "$19,626", "2006-12-31": "$19,635", "2006-09-30": "$18,830", "2006-06-30": "$18,450", "2006-03-31": "$18,314", "2005-12-31": "$18,171", "2005-09-30": "$18,090", "2005-06-30": "$17,491", "2005-03-31": "$17,333"}}, "cash-on-hand": {"Ameren Annual Cash on Hand (Millions of US $)": {"2019": "$16", "2018": "$16", "2017": "$10", "2016": "$9", "2015": "$292", "2014": "$5", "2013": "$30", "2012": "$184", "2011": "$255", "2010": "$545", "2009": "$622", "2008": "$92", "2007": "$355", "2006": "$137", "2005": "$96"}, "Ameren Quarterly Cash on Hand (Millions of US $)": {"2020-09-30": "$6", "2020-06-30": "$8", "2020-03-31": "$42", "2019-12-31": "$16", "2019-09-30": "$20", "2019-06-30": "$6", "2019-03-31": "$8", "2018-12-31": "$16", "2018-09-30": "$11", "2018-06-30": "$29", "2018-03-31": "$30", "2017-12-31": "$10", "2017-09-30": "$9", "2017-06-30": "$10", "2017-03-31": "$8", "2016-12-31": "$9", "2016-09-30": "$18", "2016-06-30": "$13", "2016-03-31": "$13", "2015-12-31": "$292", "2015-09-30": "$72", "2015-06-30": "$2", "2015-03-31": "$6", "2014-12-31": "$5", "2014-09-30": "$13", "2014-06-30": "$46", "2014-03-31": "$26", "2013-12-31": "$30", "2013-09-30": "$169", "2013-06-30": "$150", "2013-03-31": "$161", "2012-12-31": "$184", "2012-09-30": "$298", "2012-06-30": "$117", "2012-03-31": "$208", "2011-12-31": "$255", "2011-09-30": "$522", "2011-06-30": "$378", "2011-03-31": "$573", "2010-12-31": "$545", "2010-09-30": "$608", "2010-06-30": "$506", "2010-03-31": "$360", "2009-12-31": "$622", "2009-09-30": "$563", "2009-06-30": "$251", "2009-03-31": "$304", "2008-12-31": "$92", "2008-09-30": "$206", "2008-06-30": "$205", "2008-03-31": "$186", "2007-12-31": "$355", "2007-09-30": "$170", "2007-06-30": "$687", "2007-03-31": "$161", "2006-12-31": "$137", "2006-09-30": "$34", "2006-06-30": "$51", "2006-03-31": "$29", "2005-12-31": "$96", "2005-09-30": "$278", "2005-06-30": "$27", "2005-03-31": "$30"}}, "long-term-debt": {"Ameren Annual Long Term Debt (Millions of US $)": {"2019": "$8,915", "2018": "$7,859", "2017": "$7,094", "2016": "$6,595", "2015": "$6,880", "2014": "$6,085", "2013": "$5,504", "2012": "$5,802", "2011": "$6,677", "2010": "$7,313", "2009": "$7,941", "2008": "$6,554", "2007": "$5,689", "2006": "$5,285", "2005": "$5,354"}, "Ameren Quarterly Long Term Debt (Millions of US $)": {"2020-09-30": "$10,172", "2020-06-30": "$10,171", "2020-03-31": "$9,378", "2019-12-31": "$8,915", "2019-09-30": "$8,651", "2019-06-30": "$8,222", "2019-03-31": "$8,221", "2018-12-31": "$7,859", "2018-09-30": "$7,614", "2018-06-30": "$7,613", "2018-03-31": "$6,766", "2017-12-31": "$7,094", "2017-09-30": "$6,922", "2017-06-30": "$6,821", "2017-03-31": "$6,597", "2016-12-31": "$6,595", "2016-09-30": "$6,607", "2016-06-30": "$6,605", "2016-03-31": "$6,881", "2015-12-31": "$6,880", "2015-09-30": "$5,981", "2015-06-30": "$5,981", "2015-03-31": "$5,860", "2014-12-31": "$6,085", "2014-09-30": "$5,825", "2014-06-30": "$5,825", "2014-03-31": "$5,226", "2013-12-31": "$5,504", "2013-09-30": "$5,274", "2013-06-30": "$5,274", "2013-03-31": "$5,803", "2012-12-31": "$5,802", "2012-09-30": "$6,781", "2012-06-30": "$6,678", "2012-03-31": "$6,677", "2011-12-31": "$6,677", "2011-09-30": "$6,682", "2011-06-30": "$7,054", "2011-03-31": "$7,123", "2010-12-31": "$7,313", "2010-09-30": "$7,259", "2010-06-30": "$7,653", "2010-03-31": "$7,743", "2009-12-31": "$7,941", "2009-09-30": "$7,321", "2009-06-30": "$7,321", "2009-03-31": "$6,900", "2008-12-31": "$6,554", "2008-09-30": "$6,143", "2008-06-30": "$6,146", "2008-03-31": "$5,066", "2007-12-31": "$5,689", "2007-09-30": "$5,486", "2007-06-30": "$5,511", "2007-03-31": "$5,260", "2006-12-31": "$5,285", "2006-09-30": "$5,349", "2006-06-30": "$5,705", "2006-03-31": "$5,508", "2005-12-31": "$5,354", "2005-09-30": "$5,201", "2005-06-30": "$4,929", "2005-03-31": "$4,982"}}, "total-liabilities": {"Ameren Annual Total Liabilities (Millions of US $)": {"2019": "$20,732", "2018": "$19,442", "2017": "$18,619", "2016": "$17,454", "2015": "$16,552", "2014": "$15,434", "2013": "$14,356", "2012": "$15,463", "2011": "$15,577", "2010": "$15,627", "2009": "$15,642", "2008": "$15,492", "2007": "$13,976", "2006": "$13,052", "2005": "$11,807"}, "Ameren Quarterly Total Liabilities (Millions of US $)": {"2020-09-30": "$21,886", "2020-06-30": "$21,647", "2020-03-31": "$21,045", "2019-12-31": "$20,732", "2019-09-30": "$20,342", "2019-06-30": "$20,170", "2019-03-31": "$19,662", "2018-12-31": "$19,442", "2018-09-30": "$19,161", "2018-06-30": "$19,111", "2018-03-31": "$18,707", "2017-12-31": "$18,619", "2017-09-30": "$18,130", "2017-06-30": "$17,954", "2017-03-31": "$17,605", "2016-12-31": "$17,454", "2016-09-30": "$16,799", "2016-06-30": "$16,729", "2016-03-31": "$16,374", "2015-12-31": "$16,552", "2015-09-30": "$16,303", "2015-06-30": "$16,246", "2015-03-31": "$16,038", "2014-12-31": "$15,434", "2014-09-30": "$14,960", "2014-06-30": "$14,874", "2014-03-31": "$14,511", "2013-12-31": "$14,356", "2013-09-30": "$15,660", "2013-06-30": "$15,751", "2013-03-31": "$15,436", "2012-12-31": "$15,463", "2012-09-30": "$15,472", "2012-06-30": "$15,280", "2012-03-31": "$15,320", "2011-12-31": "$15,577", "2011-09-30": "$15,204", "2011-06-30": "$15,448", "2011-03-31": "$15,449", "2010-12-31": "$15,627", "2010-09-30": "$15,722", "2010-06-30": "$15,715", "2010-03-31": "$15,578", "2009-12-31": "$15,642", "2009-09-30": "$15,548", "2009-06-30": "$15,836", "2009-03-31": "$15,798", "2008-12-31": "$15,492", "2008-09-30": "$14,436", "2008-06-30": "$14,828", "2008-03-31": "$14,004", "2007-12-31": "$13,976", "2007-09-30": "$13,649", "2007-06-30": "$13,913", "2007-03-31": "$13,069", "2006-12-31": "$13,052", "2006-09-30": "$12,282", "2006-06-30": "$12,101", "2006-03-31": "$12,000", "2005-12-31": "$11,807", "2005-09-30": "$11,634", "2005-06-30": "$11,227", "2005-03-31": "$11,495"}}, "total-share-holder-equity": {"Ameren Annual Share Holder Equity (Millions of US $)": {"2019": "$8,201", "2018": "$7,773", "2017": "$7,326", "2016": "$7,245", "2015": "$7,088", "2014": "$6,855", "2013": "$6,686", "2012": "$6,767", "2011": "$8,068", "2010": "$7,884", "2009": "$8,060", "2008": "$7,179", "2007": "$6,752", "2006": "$6,583", "2005": "$6,364"}, "Ameren Quarterly Share Holder Equity (Millions of US $)": {"2020-09-30": "$8,631", "2020-06-30": "$8,369", "2020-03-31": "$8,227", "2019-12-31": "$8,201", "2019-09-30": "$8,204", "2019-06-30": "$7,933", "2019-03-31": "$7,847", "2018-12-31": "$7,773", "2018-09-30": "$7,798", "2018-06-30": "$7,528", "2018-03-31": "$7,372", "2017-12-31": "$7,326", "2017-09-30": "$7,487", "2017-06-30": "$7,300", "2017-03-31": "$7,206", "2016-12-31": "$7,245", "2016-09-30": "$7,335", "2016-06-30": "$7,064", "2016-03-31": "$7,011", "2015-12-31": "$7,088", "2015-09-30": "$7,156", "2015-06-30": "$6,906", "2015-03-31": "$6,846", "2014-12-31": "$6,855", "2014-09-30": "$6,916", "2014-06-30": "$6,714", "2014-03-31": "$6,655", "2013-12-31": "$6,686", "2013-09-30": "$6,725", "2013-06-30": "$6,525", "2013-03-31": "$6,516", "2012-12-31": "$6,767", "2012-09-30": "$8,026", "2012-06-30": "$7,700", "2012-03-31": "$7,579", "2011-12-31": "$8,068", "2011-09-30": "$8,152", "2011-06-30": "$7,943", "2011-03-31": "$7,880", "2010-12-31": "$7,884", "2010-09-30": "$7,909", "2010-06-30": "$8,200", "2010-03-31": "$8,110", "2009-12-31": "$8,060", "2009-09-30": "$8,046", "2009-06-30": "$7,354", "2009-03-31": "$7,273", "2008-12-31": "$7,179", "2008-09-30": "$7,043", "2008-06-30": "$6,817", "2008-03-31": "$6,754", "2007-12-31": "$6,752", "2007-09-30": "$6,756", "2007-06-30": "$6,618", "2007-03-31": "$6,557", "2006-12-31": "$6,583", "2006-09-30": "$6,548", "2006-06-30": "$6,349", "2006-03-31": "$6,314", "2005-12-31": "$6,364", "2005-09-30": "$6,456", "2005-06-30": "$6,264", "2005-03-31": "$5,838"}}, "profit-margins": {"current": "14.7%"}, "gross margin": {"2020-09-30": "77.46%", "2020-06-30": "77.40%", "2020-03-31": "77.11%", "2019-12-31": "75.94%", "2019-09-30": "74.82%", "2019-06-30": "73.97%", "2019-03-31": "73.19%", "2018-12-31": "72.60%", "2018-09-30": "72.92%", "2018-06-30": "73.03%", "2018-03-31": "72.90%", "2017-12-31": "72.69%", "2017-09-30": "71.62%", "2017-06-30": "71.76%", "2017-03-31": "71.87%", "2016-12-31": "71.87%", "2016-09-30": "72.20%", "2016-06-30": "71.53%", "2016-03-31": "71.23%", "2015-12-31": "70.37%", "2015-09-30": "69.56%", "2015-06-30": "69.58%", "2015-03-31": "69.06%", "2014-12-31": "68.58%", "2014-09-30": "68.41%", "2014-06-30": "68.36%", "2014-03-31": "67.99%", "2013-12-31": "67.81%", "2013-09-30": "67.54%", "2013-06-30": "66.19%", "2013-03-31": "66.55%", "2012-12-31": "65.99%", "2012-09-30": "69.35%", "2012-06-30": "65.95%", "2012-03-31": "62.89%", "2011-12-31": "61.16%", "2011-09-30": "58.62%", "2011-06-30": "58.93%", "2011-03-31": "59.29%", "2010-12-31": "59.44%", "2010-09-30": "60.06%", "2010-06-30": "60.36%", "2010-03-31": "60.80%", "2009-12-31": "60.77%", "2009-09-30": "58.98%", "2009-06-30": "56.54%", "2009-03-31": "56.07%", "2008-12-31": "54.99%", "2008-09-30": "54.98%", "2008-06-30": "55.66%", "2008-03-31": "54.78%", "2007-12-31": "54.32%", "2007-09-30": "54.25%", "2007-06-30": "55.32%", "2007-03-31": "55.36%", "2006-12-31": "55.05%", "2006-09-30": "53.37%", "2006-06-30": "52.93%", "2006-03-31": "53.70%", "2005-12-31": "55.58%"}, "operating margin": {"2020-09-30": "21.93%", "2020-06-30": "22.26%", "2020-03-31": "21.06%", "2019-12-31": "21.44%", "2019-09-30": "20.85%", "2019-06-30": "20.85%", "2019-03-31": "21.91%", "2018-12-31": "21.57%", "2018-09-30": "22.37%", "2018-06-30": "22.95%", "2018-03-31": "23.08%", "2017-12-31": "22.84%", "2017-09-30": "20.94%", "2017-06-30": "22.43%", "2017-03-31": "21.83%", "2016-12-31": "21.76%", "2016-09-30": "22.83%", "2016-06-30": "21.84%", "2016-03-31": "20.47%", "2015-12-31": "20.65%", "2015-09-30": "20.19%", "2015-06-30": "19.66%", "2015-03-31": "21.01%", "2014-12-31": "20.72%", "2014-09-30": "21.65%", "2014-06-30": "21.87%", "2014-03-31": "20.90%", "2013-12-31": "20.28%", "2013-09-30": "19.41%", "2013-06-30": "19.37%", "2013-03-31": "20.79%", "2012-12-31": "20.55%", "2012-09-30": "21.62%", "2012-06-30": "18.80%", "2012-03-31": "17.04%", "2011-12-31": "16.80%", "2011-09-30": "16.86%", "2011-06-30": "10.84%", "2011-03-31": "11.12%", "2010-12-31": "11.99%", "2010-09-30": "12.58%", "2010-06-30": "18.88%", "2010-03-31": "19.46%", "2009-12-31": "19.85%", "2009-09-30": "18.24%", "2009-06-30": "16.90%", "2009-03-31": "17.68%", "2008-12-31": "17.31%", "2008-09-30": "18.72%", "2008-06-30": "19.58%", "2008-03-31": "18.20%", "2007-12-31": "17.97%", "2007-09-30": "17.20%", "2007-06-30": "18.30%", "2007-03-31": "18.05%", "2006-12-31": "17.23%", "2006-09-30": "16.77%", "2006-06-30": "16.29%", "2006-03-31": "17.50%", "2005-12-31": "18.94%"}, "ebitda margin": {"2020-09-30": "42.18%", "2020-06-30": "42.08%", "2020-03-31": "40.35%", "2019-12-31": "40.05%", "2019-09-30": "38.85%", "2019-06-30": "38.40%", "2019-03-31": "38.95%", "2018-12-31": "38.31%", "2018-09-30": "38.64%", "2018-06-30": "38.96%", "2018-03-31": "38.87%", "2017-12-31": "38.61%", "2017-09-30": "36.93%", "2017-06-30": "37.90%", "2017-03-31": "37.29%", "2016-12-31": "37.31%", "2016-09-30": "38.29%", "2016-06-30": "37.15%", "2016-03-31": "35.74%", "2015-12-31": "35.34%", "2015-09-30": "34.32%", "2015-06-30": "33.85%", "2015-03-31": "34.83%", "2014-12-31": "34.15%", "2014-09-30": "35.12%", "2014-06-30": "35.14%", "2014-03-31": "33.89%", "2013-12-31": "33.32%", "2013-09-30": "32.54%", "2013-06-30": "32.16%", "2013-03-31": "33.57%", "2012-12-31": "33.28%", "2012-09-30": "34.23%", "2012-06-30": "30.60%", "2012-03-31": "28.55%", "2011-12-31": "27.85%", "2011-09-30": "27.38%", "2011-06-30": "21.60%", "2011-03-31": "21.90%", "2010-12-31": "22.77%", "2010-09-30": "23.25%", "2010-06-30": "30.10%", "2010-03-31": "30.72%", "2009-12-31": "30.86%", "2009-09-30": "29.14%", "2009-06-30": "27.17%", "2009-03-31": "27.52%", "2008-12-31": "26.99%", "2008-09-30": "28.63%", "2008-06-30": "29.83%", "2008-03-31": "28.59%", "2007-12-31": "28.43%", "2007-09-30": "27.48%", "2007-06-30": "28.24%", "2007-03-31": "28.18%", "2006-12-31": "27.48%", "2006-09-30": "26.97%", "2006-06-30": "26.97%", "2006-03-31": "28.07%", "2005-12-31": "29.25%"}, "pre tax profit margin": {"2020-09-30": "17.54%", "2020-06-30": "17.89%", "2020-03-31": "16.66%", "2019-12-31": "17.19%", "2019-09-30": "16.33%", "2019-06-30": "16.26%", "2019-03-31": "17.29%", "2018-12-31": "16.82%", "2018-09-30": "17.76%", "2018-06-30": "18.26%", "2018-03-31": "18.24%", "2017-12-31": "17.90%", "2017-09-30": "16.69%", "2017-06-30": "18.06%", "2017-03-31": "17.28%", "2016-12-31": "17.13%", "2016-09-30": "17.30%", "2016-06-30": "16.53%", "2016-03-31": "15.23%", "2015-12-31": "15.55%", "2015-09-30": "15.49%", "2015-06-30": "14.86%", "2015-03-31": "16.34%", "2014-12-31": "16.03%", "2014-09-30": "16.24%", "2014-06-30": "16.39%", "2014-03-31": "15.13%", "2013-12-31": "14.20%", "2013-09-30": "13.44%", "2013-06-30": "13.21%", "2013-03-31": "14.68%", "2012-12-31": "14.34%", "2012-09-30": "15.01%", "2012-06-30": "12.66%", "2012-03-31": "11.21%", "2011-12-31": "11.24%", "2011-09-30": "11.45%", "2011-06-30": "5.22%", "2011-03-31": "5.45%", "2010-12-31": "6.23%", "2010-09-30": "6.77%", "2010-06-30": "12.63%", "2010-03-31": "12.88%", "2009-12-31": "13.40%", "2009-09-30": "12.25%", "2009-06-30": "11.38%", "2009-03-31": "12.33%", "2008-12-31": "12.34%", "2008-09-30": "13.80%", "2008-06-30": "14.63%", "2008-03-31": "13.36%", "2007-12-31": "13.04%", "2007-09-30": "12.13%", "2007-06-30": "13.43%", "2007-03-31": "13.33%", "2006-12-31": "12.60%", "2006-09-30": "12.39%", "2006-06-30": "12.11%", "2006-03-31": "13.34%", "2005-12-31": "14.75%"}, "net profit margin": {"2020-09-30": "14.70%", "2020-06-30": "14.57%", "2020-03-31": "13.51%", "2019-12-31": "14.01%", "2019-09-30": "13.34%", "2019-06-30": "13.08%", "2019-03-31": "13.65%", "2018-12-31": "12.96%", "2018-09-30": "10.96%", "2018-06-30": "9.86%", "2018-03-31": "9.16%", "2017-12-31": "8.47%", "2017-09-30": "10.03%", "2017-06-30": "11.11%", "2017-03-31": "10.56%", "2016-12-31": "10.75%", "2016-09-30": "10.78%", "2016-06-30": "10.40%", "2016-03-31": "10.49%", "2015-12-31": "10.33%", "2015-09-30": "10.54%", "2015-06-30": "9.99%", "2015-03-31": "9.94%", "2014-12-31": "9.68%", "2014-09-30": "9.58%", "2014-06-30": "9.78%", "2014-03-31": "8.90%", "2013-12-31": "4.95%", "2013-09-30": "-15.66%", "2013-06-30": "-14.23%", "2013-03-31": "-12.25%", "2012-12-31": "-16.85%", "2012-09-30": "4.39%", "2012-06-30": "2.24%", "2012-03-31": "0.80%", "2011-12-31": "8.44%", "2011-09-30": "7.13%", "2011-06-30": "1.23%", "2011-03-31": "1.42%", "2010-12-31": "1.82%", "2010-09-30": "2.17%", "2010-06-30": "7.78%", "2010-03-31": "8.00%", "2009-12-31": "8.58%", "2009-09-30": "8.02%", "2009-06-30": "7.46%", "2009-03-31": "7.89%", "2008-12-31": "7.69%", "2008-09-30": "8.47%", "2008-06-30": "9.06%", "2008-03-31": "8.31%", "2007-12-31": "8.17%", "2007-09-30": "7.73%", "2007-06-30": "8.50%", "2007-03-31": "8.43%", "2006-12-31": "7.93%", "2006-09-30": "7.28%", "2006-06-30": "7.12%", "2006-03-31": "7.98%", "2005-12-31": "8.94%"}, "pe ratio": {"current": "21.42", "2021-02-11": "21.22", "2020-09-30": "22.97", "2020-06-30": "20.31", "2020-03-31": "22.60", "2019-12-31": "22.35", "2019-09-30": "23.85", "2019-06-30": "22.52", "2019-03-31": "20.34", "2018-12-31": "18.91", "2018-09-30": "21.58", "2018-06-30": "22.83", "2018-03-31": "22.69", "2017-12-31": "25.61", "2017-09-30": "21.27", "2017-06-30": "17.58", "2017-03-31": "18.59", "2016-12-31": "17.66", "2016-09-30": "16.47", "2016-06-30": "18.55", "2016-03-31": "17.20", "2015-12-31": "14.59", "2015-09-30": "13.70", "2015-06-30": "13.12", "2015-03-31": "14.54", "2014-12-31": "16.06", "2014-09-30": "13.50", "2014-06-30": "14.02", "2014-03-31": "15.40", "2013-12-31": "24.72", "2013-09-30": "0.00", "2013-06-30": "0.00", "2013-03-31": "0.00", "2012-12-31": "0.00", "2012-09-30": "29.20", "2012-06-30": "51.37", "2012-03-31": "127.15", "2011-12-31": "11.34", "2011-09-30": "9.57", "2011-06-30": "55.64", "2011-03-31": "44.94", "2010-12-31": "33.76", "2010-09-30": "27.42", "2010-06-30": "6.56", "2010-03-31": "6.73", "2009-12-31": "6.52", "2009-09-30": "5.96", "2009-06-30": "5.94", "2009-03-31": "5.05", "2008-12-31": "7.10", "2008-09-30": "7.52", "2008-06-30": "7.51", "2008-03-31": "8.45", "2007-12-31": "10.49", "2007-09-30": "10.84", "2007-06-30": "9.20", "2007-03-31": "9.61", "2006-12-31": "11.09"}, "price sales": {"2021-02-11": "3.11", "2020-09-30": "3.37", "2020-06-30": "2.96", "2020-03-31": "3.05", "2019-12-31": "3.13", "2019-09-30": "3.18", "2019-06-30": "2.95", "2019-03-31": "2.78", "2018-12-31": "2.45", "2018-09-30": "2.36", "2018-06-30": "2.25", "2018-03-31": "2.09", "2017-12-31": "2.17", "2017-09-30": "2.13", "2017-06-30": "1.95", "2017-03-31": "1.97", "2016-12-31": "1.90", "2016-09-30": "1.78", "2016-06-30": "1.93", "2016-03-31": "1.80", "2015-12-31": "1.51", "2015-09-30": "1.45", "2015-06-30": "1.31", "2015-03-31": "1.45", "2014-12-31": "1.56", "2014-09-30": "1.29", "2014-06-30": "1.37", "2014-03-31": "1.37", "2013-12-31": "1.22", "2013-09-30": "1.17", "2013-06-30": "1.13", "2013-03-31": "1.13", "2012-12-31": "0.99", "2012-09-30": "1.28", "2012-06-30": "1.16", "2012-03-31": "1.03", "2011-12-31": "0.95", "2011-09-30": "0.68", "2011-06-30": "0.65", "2011-03-31": "0.62", "2010-12-31": "0.61", "2010-09-30": "0.60", "2010-06-30": "0.51", "2010-03-31": "0.54", "2009-12-31": "0.55", "2009-09-30": "0.47", "2009-06-30": "0.44", "2009-03-31": "0.40", "2008-12-31": "0.54", "2008-09-30": "0.64", "2008-06-30": "0.68", "2008-03-31": "0.70", "2007-12-31": "0.86", "2007-09-30": "0.84", "2007-06-30": "0.78", "2007-03-31": "0.81", "2006-12-31": "0.88"}, "price book": {"current": "2.10", "2021-02-11": "2.08", "2020-09-30": "2.25", "2020-06-30": "2.05", "2020-03-31": "2.14", "2019-12-31": "2.25", "2019-09-30": "2.32", "2019-06-30": "2.25", "2019-03-31": "2.22", "2018-12-31": "1.97", "2018-09-30": "1.89", "2018-06-30": "1.87", "2018-03-31": "1.76", "2017-12-31": "1.82", "2017-09-30": "1.74", "2017-06-30": "1.67", "2017-03-31": "1.68", "2016-12-31": "1.59", "2016-09-30": "1.46", "2016-06-30": "1.64", "2016-03-31": "1.53", "2015-12-31": "1.29", "2015-09-30": "1.24", "2015-06-30": "1.13", "2015-03-31": "1.27", "2014-12-31": "1.37", "2014-09-30": "1.12", "2014-06-30": "1.22", "2014-03-31": "1.22", "2013-12-31": "1.06", "2013-09-30": "1.00", "2013-06-30": "1.01", "2013-03-31": "1.02", "2012-12-31": "0.85", "2012-09-30": "0.75", "2012-06-30": "0.79", "2012-03-31": "0.77", "2011-12-31": "0.73", "2011-09-30": "0.64", "2011-06-30": "0.63", "2011-03-31": "0.60", "2010-12-31": "0.60", "2010-09-30": "0.59", "2010-06-30": "0.47", "2010-03-31": "0.51", "2009-12-31": "0.54", "2009-09-30": "0.48", "2009-06-30": "0.46", "2009-03-31": "0.43", "2008-12-31": "0.60", "2008-09-30": "0.71", "2008-06-30": "0.77", "2008-03-31": "0.80", "2007-12-31": "0.96", "2007-09-30": "0.92", "2007-06-30": "0.86", "2007-03-31": "0.88", "2006-12-31": "0.93", "2006-09-30": "0.90", "2006-06-30": "0.88", "2006-03-31": "0.86"}, "price fcf": {"2021-02-11": "", "2020-09-30": "$-3.09", "2020-06-30": "$-2.38", "2020-03-31": "$-1.91", "2019-12-31": "$-1.10", "2019-09-30": "$-1.03", "2019-06-30": "$-0.53", "2019-03-31": "$-0.04", "2018-12-31": "$-0.68", "2018-09-30": "$-0.74", "2018-06-30": "$-0.81", "2018-03-31": "$-0.85", "2017-12-31": "$-0.32", "2017-09-30": "$0.15", "2017-06-30": "$0.26", "2017-03-31": "$-0.19", "2016-12-31": "$-0.06", "2016-09-30": "$-0.39", "2016-06-30": "$-0.44", "2016-03-31": "$0.06", "2015-12-31": "$0.25", "2015-09-30": "$0.09", "2015-06-30": "$-0.54", "2015-03-31": "$-0.83", "2014-12-31": "$-1.20", "2014-09-30": "$-0.83", "2014-06-30": "$-0.64", "2014-03-31": "$-0.16", "2013-12-31": "$1.10", "2013-09-30": "$1.55", "2013-06-30": "$1.98", "2013-03-31": "$2.18", "2012-12-31": "$2.21", "2012-09-30": "$2.54", "2012-06-30": "$3.09", "2012-03-31": "$3.00", "2011-12-31": "$3.86", "2011-09-30": "$3.39", "2011-06-30": "$3.86", "2011-03-31": "$4.09", "2010-12-31": "$3.10", "2010-09-30": "$2.30", "2010-06-30": "$1.83", "2010-03-31": "$0.72", "2009-12-31": "$0.85", "2009-09-30": "$0.09", "2009-06-30": "$-0.64", "2009-03-31": "$-1.25", "2008-12-31": "$-2.59", "2008-09-30": "$-1.97", "2008-06-30": "$-2.70", "2008-03-31": "$-2.46", "2007-12-31": "$-1.64", "2007-09-30": "$-1.18", "2007-06-30": "$-0.45", "2007-03-31": "$0.47", "2006-12-31": "$1.21"}, "net worth": {"value": "$18.11B"}, "current ratio": {"current": "0.76", "2020-09-30": "0.76", "2020-06-30": "0.81", "2020-03-31": "0.62", "2019-12-31": "0.57", "2019-09-30": "0.65", "2019-06-30": "0.55", "2019-03-31": "0.59", "2018-12-31": "0.57", "2018-09-30": "0.64", "2018-06-30": "0.62", "2018-03-31": "0.47", "2017-12-31": "0.55", "2017-09-30": "0.61", "2017-06-30": "0.57", "2017-03-31": "0.53", "2016-12-31": "0.60", "2016-09-30": "0.70", "2016-06-30": "0.66", "2016-03-31": "0.79", "2015-12-31": "0.92", "2015-09-30": "0.80", "2015-06-30": "0.78", "2015-03-31": "0.79", "2014-12-31": "0.75", "2014-09-30": "0.92", "2014-06-30": "0.85", "2014-03-31": "0.68", "2013-12-31": "0.80", "2013-09-30": "1.01", "2013-06-30": "1.04", "2013-03-31": "1.28", "2012-12-31": "1.34", "2012-09-30": "1.56", "2012-06-30": "1.34", "2012-03-31": "1.32", "2011-12-31": "1.29", "2011-09-30": "1.45", "2011-06-30": "1.51", "2011-03-31": "1.48", "2010-12-31": "1.53", "2010-09-30": "1.63", "2010-06-30": "1.61", "2010-03-31": "1.62", "2009-12-31": "1.66", "2009-09-30": "1.44", "2009-06-30": "1.05", "2009-03-31": "0.96", "2008-12-31": "0.85", "2008-09-30": "0.87", "2008-06-30": "0.90", "2008-03-31": "0.66", "2007-12-31": "0.85", "2007-09-30": "0.94", "2007-06-30": "0.91", "2007-03-31": "0.83", "2006-12-31": "0.85", "2006-09-30": "0.94", "2006-06-30": "1.10", "2006-03-31": "0.98", "2005-12-31": "1.22", "2005-09-30": "1.42", "2005-06-30": "1.13", "2005-03-31": "0.86"}, "quick ratio": {"2020-09-30": "0.49", "2020-06-30": "0.55", "2020-03-31": "0.42", "2019-12-31": "0.37", "2019-09-30": "0.44", "2019-06-30": "0.39", "2019-03-31": "0.43", "2018-12-31": "0.39", "2018-09-30": "0.43", "2018-06-30": "0.45", "2018-03-31": "0.33", "2017-12-31": "0.37", "2017-09-30": "0.40", "2017-06-30": "0.38", "2017-03-31": "0.36", "2016-12-31": "0.40", "2016-09-30": "0.46", "2016-06-30": "0.44", "2016-03-31": "0.53", "2015-12-31": "0.66", "2015-09-30": "0.58", "2015-06-30": "0.58", "2015-03-31": "0.61", "2014-12-31": "0.52", "2014-09-30": "0.65", "2014-06-30": "0.64", "2014-03-31": "0.52", "2013-12-31": "0.59", "2013-09-30": "0.83", "2013-06-30": "0.88", "2013-03-31": "1.10", "2012-12-31": "1.13", "2012-09-30": "1.07", "2012-06-30": "0.92", "2012-03-31": "0.93", "2011-12-31": "0.89", "2011-09-30": "1.05", "2011-06-30": "1.13", "2011-03-31": "1.17", "2010-12-31": "1.16", "2010-09-30": "1.24", "2010-06-30": "1.22", "2010-03-31": "1.23", "2009-12-31": "1.20", "2009-09-30": "1.00", "2009-06-30": "0.76", "2009-03-31": "0.73", "2008-12-31": "0.57", "2008-09-30": "0.55", "2008-06-30": "0.67", "2008-03-31": "0.50", "2007-12-31": "0.60", "2007-09-30": "0.63", "2007-06-30": "0.69", "2007-03-31": "0.61", "2006-12-31": "0.56", "2006-09-30": "0.56", "2006-06-30": "0.71", "2006-03-31": "0.69", "2005-12-31": "0.84", "2005-09-30": "0.82", "2005-06-30": "0.66", "2005-03-31": "0.52"}, "debt equity ratio": {"current": "1.18", "2020-09-30": "2.54", "2020-06-30": "2.59", "2020-03-31": "2.56", "2019-12-31": "2.53", "2019-09-30": "2.48", "2019-06-30": "2.54", "2019-03-31": "2.51", "2018-12-31": "2.50", "2018-09-30": "2.46", "2018-06-30": "2.54", "2018-03-31": "2.54", "2017-12-31": "2.54", "2017-09-30": "2.42", "2017-06-30": "2.46", "2017-03-31": "2.44", "2016-12-31": "2.41", "2016-09-30": "2.29", "2016-06-30": "2.37", "2016-03-31": "2.34", "2015-12-31": "2.34", "2015-09-30": "2.28", "2015-06-30": "2.35", "2015-03-31": "2.34", "2014-12-31": "2.25", "2014-09-30": "2.16", "2014-06-30": "2.22", "2014-03-31": "2.18", "2013-12-31": "2.15", "2013-09-30": "2.33", "2013-06-30": "2.41", "2013-03-31": "2.37", "2012-12-31": "2.29", "2012-09-30": "1.93", "2012-06-30": "1.98", "2012-03-31": "2.02", "2011-12-31": "1.93", "2011-09-30": "1.87", "2011-06-30": "1.95", "2011-03-31": "1.96", "2010-12-31": "1.98", "2010-09-30": "1.99", "2010-06-30": "1.92", "2010-03-31": "1.92", "2009-12-31": "1.94", "2009-09-30": "1.93", "2009-06-30": "2.15", "2009-03-31": "2.17", "2008-12-31": "2.16", "2008-09-30": "2.05", "2008-06-30": "2.18", "2008-03-31": "2.07", "2007-12-31": "2.07", "2007-09-30": "2.02", "2007-06-30": "2.10", "2007-03-31": "1.99", "2006-12-31": "1.98", "2006-09-30": "1.88", "2006-06-30": "1.91", "2006-03-31": "1.90", "2005-12-31": "1.86", "2005-09-30": "1.80", "2005-06-30": "1.79", "2005-03-31": "1.97"}, "return on equity": {"2020-09-30": "10.17%", "2020-06-30": "10.27%", "2020-03-31": "9.62%", "2019-12-31": "10.29%", "2019-09-30": "10.10%", "2019-06-30": "10.14%", "2019-03-31": "11.05%", "2018-12-31": "10.70%", "2018-09-30": "9.15%", "2018-06-30": "8.32%", "2018-03-31": "7.76%", "2017-12-31": "7.14%", "2017-09-30": "8.41%", "2017-06-30": "9.57%", "2017-03-31": "9.01%", "2016-12-31": "9.12%", "2016-09-30": "9.12%", "2016-06-30": "8.81%", "2016-03-31": "8.91%", "2015-12-31": "9.00%", "2015-09-30": "9.35%", "2015-06-30": "8.71%", "2015-03-31": "8.75%", "2014-12-31": "8.64%", "2014-09-30": "8.53%", "2014-06-30": "8.72%", "2014-03-31": "7.97%", "2013-12-31": "4.37%", "2013-09-30": "-13.63%", "2013-06-30": "-11.96%", "2013-03-31": "-9.87%", "2012-12-31": "-12.96%", "2012-09-30": "2.64%", "2012-06-30": "1.50%", "2012-03-31": "0.57%", "2011-12-31": "6.48%", "2011-09-30": "6.86%", "2011-06-30": "1.19%", "2011-03-31": "1.36%", "2010-12-31": "1.73%", "2010-09-30": "2.06%", "2010-06-30": "6.91%", "2010-03-31": "7.26%", "2009-12-31": "7.97%", "2009-09-30": "7.91%", "2009-06-30": "7.86%", "2009-03-31": "8.59%", "2008-12-31": "8.71%", "2008-09-30": "9.59%", "2008-06-30": "10.28%", "2008-03-31": "9.42%", "2007-12-31": "9.26%", "2007-09-30": "8.61%", "2007-06-30": "9.43%", "2007-03-31": "9.22%", "2006-12-31": "8.48%", "2006-09-30": "7.91%", "2006-06-30": "7.74%", "2006-03-31": "8.74%", "2005-12-31": "9.73%"}, "return on assets": {"2020-09-30": "2.86%", "2020-06-30": "2.90%", "2020-03-31": "2.73%", "2019-12-31": "2.93%", "2019-09-30": "2.88%", "2019-06-30": "2.90%", "2019-03-31": "3.16%", "2018-12-31": "3.05%", "2018-09-30": "2.60%", "2018-06-30": "2.37%", "2018-03-31": "2.22%", "2017-12-31": "2.06%", "2017-09-30": "2.45%", "2017-06-30": "2.82%", "2017-03-31": "2.67%", "2016-12-31": "2.72%", "2016-09-30": "2.74%", "2016-06-30": "2.65%", "2016-03-31": "2.68%", "2015-12-31": "2.71%", "2015-09-30": "2.83%", "2015-06-30": "2.66%", "2015-03-31": "2.70%", "2014-12-31": "2.70%", "2014-09-30": "2.68%", "2014-06-30": "2.71%", "2014-03-31": "2.44%", "2013-12-31": "1.32%", "2013-09-30": "-4.07%", "2013-06-30": "-3.70%", "2013-03-31": "-3.16%", "2012-12-31": "-4.25%", "2012-09-30": "0.89%", "2012-06-30": "0.51%", "2012-03-31": "0.19%", "2011-12-31": "2.22%", "2011-09-30": "2.33%", "2011-06-30": "0.40%", "2011-03-31": "0.46%", "2010-12-31": "0.59%", "2010-09-30": "0.70%", "2010-06-30": "2.36%", "2010-03-31": "2.43%", "2009-12-31": "2.62%", "2009-09-30": "2.55%", "2009-06-30": "2.51%", "2009-03-31": "2.74%", "2008-12-31": "2.80%", "2008-09-30": "3.10%", "2008-06-30": "3.33%", "2008-03-31": "3.07%", "2007-12-31": "3.04%", "2007-09-30": "2.85%", "2007-06-30": "3.15%", "2007-03-31": "3.14%", "2006-12-31": "2.91%", "2006-09-30": "2.74%", "2006-06-30": "2.70%", "2006-03-31": "3.08%", "2005-12-31": "3.41%"}, "return on investments": {"2020-09-30": "7.04%", "2020-06-30": "7.38%", "2020-03-31": "7.20%", "2019-12-31": "7.66%", "2019-09-30": "7.75%", "2019-06-30": "8.01%", "2019-03-31": "8.82%", "2018-12-31": "9.00%", "2018-09-30": "9.49%", "2018-06-30": "9.91%", "2018-03-31": "10.10%", "2017-12-31": "9.94%", "2017-09-30": "9.14%", "2017-06-30": "10.10%", "2017-03-31": "9.73%", "2016-12-31": "9.55%", "2016-09-30": "9.92%", "2016-06-30": "9.59%", "2016-03-31": "9.08%", "2015-12-31": "9.56%", "2015-09-30": "9.63%", "2015-06-30": "9.20%", "2015-03-31": "9.93%", "2014-12-31": "10.01%", "2014-09-30": "10.54%", "2014-06-30": "10.75%", "2014-03-31": "10.40%", "2013-12-31": "9.80%", "2013-09-30": "9.21%", "2013-06-30": "8.79%", "2013-03-31": "8.99%", "2012-12-31": "8.48%", "2012-09-30": "7.01%", "2012-06-30": "6.82%", "2012-03-31": "6.55%", "2011-12-31": "6.94%", "2011-09-30": "8.60%", "2011-06-30": "5.50%", "2011-03-31": "5.52%", "2010-12-31": "5.90%", "2010-09-30": "6.13%", "2010-06-30": "8.62%", "2010-03-31": "9.00%", "2009-12-31": "9.41%", "2009-09-30": "9.26%", "2009-06-30": "9.21%", "2009-03-31": "10.08%", "2008-12-31": "10.54%", "2008-09-30": "11.51%", "2008-06-30": "12.16%", "2008-03-31": "11.41%", "2007-12-31": "11.18%", "2007-09-30": "10.57%", "2007-06-30": "11.19%", "2007-03-31": "10.79%", "2006-12-31": "9.97%", "2006-09-30": "9.81%", "2006-06-30": "9.54%", "2006-03-31": "10.49%", "2005-12-31": "11.32%"}, "return on tangible equity": {"2020-09-30": "10.70%", "2020-06-30": "10.80%", "2020-03-31": "10.13%", "2019-12-31": "10.84%", "2019-09-30": "10.65%", "2019-06-30": "10.70%", "2019-03-31": "11.67%", "2018-12-31": "11.31%", "2018-09-30": "9.68%", "2018-06-30": "8.81%", "2018-03-31": "8.22%", "2017-12-31": "7.56%", "2017-09-30": "8.91%", "2017-06-30": "10.15%", "2017-03-31": "9.56%", "2016-12-31": "9.67%", "2016-09-30": "9.68%", "2016-06-30": "9.36%", "2016-03-31": "9.46%", "2015-12-31": "9.56%", "2015-09-30": "9.94%", "2015-06-30": "9.27%", "2015-03-31": "9.33%", "2014-12-31": "9.21%", "2014-09-30": "9.10%", "2014-06-30": "9.31%", "2014-03-31": "8.52%", "2013-12-31": "4.67%", "2013-09-30": "-14.57%", "2013-06-30": "-12.74%", "2013-03-31": "-10.49%", "2012-12-31": "-13.73%", "2012-09-30": "2.79%", "2012-06-30": "1.58%", "2012-03-31": "0.60%", "2011-12-31": "6.83%", "2011-09-30": "7.23%", "2011-06-30": "1.26%", "2011-03-31": "1.46%", "2010-12-31": "1.89%", "2010-09-30": "2.29%", "2010-06-30": "7.84%", "2010-03-31": "8.27%", "2009-12-31": "9.12%", "2009-09-30": "9.11%", "2009-06-30": "9.12%", "2009-03-31": "10.00%", "2008-12-31": "10.18%", "2008-09-30": "11.26%", "2008-06-30": "12.11%", "2008-03-31": "11.12%", "2007-12-31": "10.96%", "2007-09-30": "10.21%", "2007-06-30": "11.29%", "2007-03-31": "11.15%", "2006-12-31": "10.38%", "2006-09-30": "9.82%", "2006-06-30": "9.50%", "2006-03-31": "10.59%", "2005-12-31": "11.65%"}, "dividend yield history": {"last payout": "$2.06", "last yield": "2.81%"}}