{"ticker": "AEP", "price": {"title": "American Electric Power Historical Annual Stock Price Data", "value": 78.95, "historical": {"2021": {"Average Stock Price": "80.6345", "Year Open": "81.5400", "Year High": "82.5900", "Year Low": "77.8400", "Year Close": "78.9500", "Annual % Change": "-5.19%"}, "2020": {"Average Stock Price": "86.2838", "Year Open": "93.4600", "Year High": "104.3300", "Year Low": "70.0000", "Year Close": "83.2700", "Annual % Change": "-11.89%"}, "2019": {"Average Stock Price": "87.3242", "Year Open": "72.9400", "Year High": "95.7200", "Year Low": "72.7700", "Year Close": "94.5100", "Annual % Change": "26.45%"}, "2018": {"Average Stock Price": "70.2263", "Year Open": "72.4100", "Year High": "80.3600", "Year Low": "62.9300", "Year Close": "74.7400", "Annual % Change": "1.59%"}, "2017": {"Average Stock Price": "70.0693", "Year Open": "62.7600", "Year High": "77.6300", "Year Low": "62.1200", "Year Close": "73.5700", "Annual % Change": "16.85%"}, "2016": {"Average Stock Price": "64.0887", "Year Open": "58.3300", "Year High": "71.2700", "Year Low": "57.6400", "Year Close": "62.9600", "Annual % Change": "8.05%"}, "2015": {"Average Stock Price": "56.6883", "Year Open": "61.1500", "Year High": "64.5700", "Year Low": "52.5400", "Year Close": "58.2700", "Annual % Change": "-4.03%"}, "2014": {"Average Stock Price": "52.9165", "Year Open": "46.1300", "Year High": "62.9100", "Year Low": "46.0800", "Year Close": "60.7200", "Annual % Change": "29.91%"}, "2013": {"Average Stock Price": "46.0582", "Year Open": "43.6500", "Year High": "51.4300", "Year Low": "41.9200", "Year Close": "46.7400", "Annual % Change": "9.51%"}, "2012": {"Average Stock Price": "40.9676", "Year Open": "40.7700", "Year High": "45.2700", "Year Low": "37.2200", "Year Close": "42.6800", "Annual % Change": "3.32%"}, "2011": {"Average Stock Price": "37.2706", "Year Open": "36.2500", "Year High": "41.6500", "Year Low": "33.6000", "Year Close": "41.3100", "Annual % Change": "14.81%"}, "2010": {"Average Stock Price": "34.8633", "Year Open": "34.9400", "Year High": "37.7000", "Year Low": "30.9700", "Year Close": "35.9800", "Annual % Change": "3.42%"}, "2009": {"Average Stock Price": "29.8550", "Year Open": "34.0000", "Year High": "35.5800", "Year Low": "24.2800", "Year Close": "34.7900", "Annual % Change": "4.54%"}, "2008": {"Average Stock Price": "39.0019", "Year Open": "46.3000", "Year High": "48.5200", "Year Low": "27.8500", "Year Close": "33.2800", "Annual % Change": "-28.52%"}, "2007": {"Average Stock Price": "46.4724", "Year Open": "42.8500", "Year High": "50.9500", "Year Low": "41.8600", "Year Close": "46.5600", "Annual % Change": "9.35%"}, "2006": {"Average Stock Price": "36.7647", "Year Open": "37.3600", "Year High": "42.9300", "Year Low": "32.3100", "Year Close": "42.5800", "Annual % Change": "14.80%"}, "2005": {"Average Stock Price": "36.1981", "Year Open": "34.0200", "Year High": "40.2500", "Year Low": "32.5000", "Year Close": "37.0900", "Annual % Change": "8.01%"}, "2004": {"Average Stock Price": "32.4044", "Year Open": "30.7600", "Year High": "35.2300", "Year Low": "29.0100", "Year Close": "34.3400", "Annual % Change": "12.55%"}, "2003": {"Average Stock Price": "26.9804", "Year Open": "28.1800", "Year High": "31.0400", "Year Low": "19.9400", "Year Close": "30.5100", "Annual % Change": "11.64%"}, "2002": {"Average Stock Price": "36.3044", "Year Open": "43.9500", "Year High": "48.0600", "Year Low": "17.6900", "Year Close": "27.3300", "Annual % Change": "-37.22%"}, "2001": {"Average Stock Price": "45.4090", "Year Open": "45.5600", "Year High": "51.1100", "Year Low": "39.8100", "Year Close": "43.5300", "Annual % Change": "-6.39%"}, "2000": {"Average Stock Price": "35.5796", "Year Open": "31.4400", "Year High": "48.0000", "Year Low": "26.0600", "Year Close": "46.5000", "Annual % Change": "44.72%"}, "1999": {"Average Stock Price": "38.3799", "Year Open": "47.6900", "Year High": "47.9400", "Year Low": "30.8100", "Year Close": "32.1300", "Annual % Change": "-31.73%"}, "1998": {"Average Stock Price": "47.6888", "Year Open": "51.2500", "Year High": "52.9400", "Year Low": "42.5600", "Year Close": "47.0600", "Annual % Change": "-8.85%"}, "1997": {"Average Stock Price": "43.7332", "Year Open": "41.1300", "Year High": "52.0000", "Year Low": "39.6300", "Year Close": "51.6300", "Annual % Change": "25.56%"}, "1996": {"Average Stock Price": "41.5512", "Year Open": "41.2500", "Year High": "44.3750", "Year Low": "39.5000", "Year Close": "41.1200", "Annual % Change": "1.53%"}, "1995": {"Average Stock Price": "34.8983", "Year Open": "32.8800", "Year High": "40.5000", "Year Low": "31.6300", "Year Close": "40.5000", "Annual % Change": "23.18%"}, "1994": {"Average Stock Price": "31.5876", "Year Open": "37.3800", "Year High": "37.3800", "Year Low": "27.5000", "Year Close": "32.8800", "Annual % Change": "-11.45%"}, "1993": {"Average Stock Price": "36.6407", "Year Open": "33.1300", "Year High": "40.1300", "Year Low": "32.1300", "Year Close": "37.1300", "Annual % Change": "12.07%"}, "1992": {"Average Stock Price": "32.1211", "Year Open": "34.0000", "Year High": "34.7500", "Year Low": "30.5000", "Year Close": "33.1300", "Annual % Change": "-3.27%"}, "1991": {"Average Stock Price": "29.5982", "Year Open": "27.7500", "Year High": "34.2500", "Year Low": "26.8800", "Year Close": "34.2500", "Annual % Change": "22.32%"}, "1990": {"Average Stock Price": "29.0810", "Year Open": "33.1300", "Year High": "33.1300", "Year Low": "26.0000", "Year Close": "28.0000", "Annual % Change": "-15.15%"}, "1989": {"Average Stock Price": "28.6675", "Year Open": "26.6200", "Year High": "33.0000", "Year Low": "25.8700", "Year Close": "33.0000", "Annual % Change": "21.10%"}, "1988": {"Average Stock Price": "27.6118", "Year Open": "26.6200", "Year High": "29.7500", "Year Low": "26.0000", "Year Close": "27.2500", "Annual % Change": "3.81%"}, "1987": {"Average Stock Price": "27.6127", "Year Open": "28.2500", "Year High": "31.5000", "Year Low": "24.7500", "Year Close": "26.2500", "Annual % Change": "-4.55%"}, "1986": {"Average Stock Price": "27.1630", "Year Open": "23.7500", "Year High": "31.1200", "Year Low": "23.0000", "Year Close": "27.5000", "Annual % Change": "16.43%"}, "1985": {"Average Stock Price": "22.0556", "Year Open": "20.8700", "Year High": "24.8700", "Year Low": "20.2500", "Year Close": "23.6200", "Annual % Change": "11.84%"}, "1984": {"Average Stock Price": "17.9869", "Year Open": "17.2500", "Year High": "21.1200", "Year Low": "15.2500", "Year Close": "21.1200", "Annual % Change": "23.36%"}, "1983": {"Average Stock Price": "18.6559", "Year Open": "17.8700", "Year High": "20.0000", "Year Low": "17.0000", "Year Close": "17.1200", "Annual % Change": "-3.55%"}, "1982": {"Average Stock Price": "17.3655", "Year Open": "16.5000", "Year High": "19.6200", "Year Low": "15.8800", "Year Close": "17.7500", "Annual % Change": "9.23%"}, "1981": {"Average Stock Price": "16.5791", "Year Open": "17.1200", "Year High": "18.3700", "Year Low": "15.3800", "Year Close": "16.2500", "Annual % Change": "-3.68%"}, "1980": {"Average Stock Price": "17.7001", "Year Open": "17.8700", "Year High": "19.6200", "Year Low": "15.2500", "Year Close": "16.8700", "Annual % Change": "-5.65%"}, "1979": {"Average Stock Price": "20.5701", "Year Open": "21.3800", "Year High": "22.8800", "Year Low": "17.6200", "Year Close": "17.8800", "Annual % Change": "-15.34%"}, "1978": {"Average Stock Price": "22.9538", "Year Open": "24.3800", "Year High": "24.5000", "Year Low": "20.8800", "Year Close": "21.1200", "Annual % Change": "-13.37%"}, "1977": {"Average Stock Price": "24.3630", "Year Open": "25.1200", "Year High": "25.6200", "Year Low": "23.1200", "Year Close": "24.3800", "Annual % Change": "-4.39%"}, "1976": {"Average Stock Price": "22.5096", "Year Open": "21.5000", "Year High": "25.5000", "Year Low": "20.7500", "Year Close": "25.5000", "Annual % Change": "21.43%"}, "1975": {"Average Stock Price": "18.7894", "Year Open": "15.7500", "Year High": "21.5000", "Year Low": "15.6200", "Year Close": "21.0000", "Annual % Change": "46.04%"}, "1974": {"Average Stock Price": "19.6200", "Year Open": "26.1200", "Year High": "26.6200", "Year Low": "13.6200", "Year Close": "14.3800", "Annual % Change": "-42.48%"}, "1973": {"Average Stock Price": "26.2530", "Year Open": "30.5000", "Year High": "30.5000", "Year Low": "21.3800", "Year Close": "25.0000", "Annual % Change": "-16.67%"}, "1972": {"Average Stock Price": "28.3787", "Year Open": "30.0000", "Year High": "31.8800", "Year Low": "26.0000", "Year Close": "30.0000", "Annual % Change": "-1.25%"}, "1971": {"Average Stock Price": "28.5312", "Year Open": "28.5000", "Year High": "32.3800", "Year Low": "26.0000", "Year Close": "30.3800", "Annual % Change": "6.60%"}}}, "market cap": {"value": "$39.63B"}, "income statement": {"Revenue": {"2019-12-31": "15561.40000", "2018-12-31": "16195.70000", "2017-12-31": "15424.90000", "2016-12-31": "16380.10000", "2015-12-31": "16453.20000", "2014-12-31": "16378.60000", "2013-12-31": "14813.50000", "2012-12-31": "14945.00000", "2011-12-31": "15116.00000", "2010-12-31": "14427.00000", "2009-12-31": "13489.00000", "2008-12-31": "14440.00000", "2007-12-31": "13380.00000", "2006-12-31": "12622.00000", "2005-12-31": "12111.00000"}, "Cost Of Goods Sold": {"2019-12-31": "5106.10000", "2018-12-31": "5786.50000", "2017-12-31": "5311.80000", "2016-12-31": "5730.30000", "2015-12-31": "6108.20000", "2014-12-31": "6357.70000", "2013-12-31": "5559.10000", "2012-12-31": "5280.00000", "2011-12-31": "5612.00000", "2010-12-31": "5029.00000", "2009-12-31": "4531.00000", "2008-12-31": "5755.00000", "2007-12-31": "4967.00000", "2006-12-31": "4673.00000", "2005-12-31": "4535.00000"}, "Gross Profit": {"2019-12-31": "10455.30000", "2018-12-31": "10409.20000", "2017-12-31": "10113.10000", "2016-12-31": "10649.80000", "2015-12-31": "10345.00000", "2014-12-31": "10020.90000", "2013-12-31": "9254.40000", "2012-12-31": "9665.00000", "2011-12-31": "9504.00000", "2010-12-31": "9398.00000", "2009-12-31": "8958.00000", "2008-12-31": "8685.00000", "2007-12-31": "8413.00000", "2006-12-31": "7949.00000", "2005-12-31": "7576.00000"}, "Research And Development Expenses": {"2019-12-31": "", "2018-12-31": "", "2017-12-31": "", "2016-12-31": "", "2015-12-31": "", "2014-12-31": "", "2013-12-31": "", "2012-12-31": "", "2011-12-31": "", "2010-12-31": "", "2009-12-31": "", "2008-12-31": "", "2007-12-31": "", "2006-12-31": "", "2005-12-31": ""}, "SG&A Expenses": {"2019-12-31": "5192.10000", "2018-12-31": "5369.30000", "2017-12-31": "4730.20000", "2016-12-31": "5255.80000", "2015-12-31": "5001.80000", "2014-12-31": "4995.90000", "2013-12-31": "4493.00000", "2012-12-31": "4927.00000", "2011-12-31": "4928.00000", "2010-12-31": "5094.00000", "2009-12-31": "4590.00000", "2008-12-31": "4670.00000", "2007-12-31": "4581.00000", "2006-12-31": "4376.00000", "2005-12-31": "4382.00000"}, "Other Operating Income Or Expenses": {"2019-12-31": "-156.40000", "2018-12-31": "-70.60000", "2017-12-31": "139.30000", "2016-12-31": "-2267.80000", "2015-12-31": "0.00000", "2014-12-31": "0.00000", "2013-12-31": "-226.40000", "2012-12-31": "-300.00000", "2011-12-31": "-139.00000", "2010-12-31": "0.00000", "2009-12-31": "0.00000", "2008-12-31": "255.00000", "2007-12-31": "", "2006-12-31": "-140.00000", "2005-12-31": "81.00000"}, "Operating Expenses": {"2019-12-31": "12969.10000", "2018-12-31": "13513.00000", "2017-12-31": "11899.90000", "2016-12-31": "15216.20000", "2015-12-31": "13119.70000", "2014-12-31": "13251.20000", "2013-12-31": "11991.00000", "2012-12-31": "12289.00000", "2011-12-31": "12334.00000", "2010-12-31": "11764.00000", "2009-12-31": "10718.00000", "2008-12-31": "11653.00000", "2007-12-31": "11061.00000", "2006-12-31": "10656.00000", "2005-12-31": "10184.00000"}, "Operating Income": {"2019-12-31": "2592.30000", "2018-12-31": "2682.70100", "2017-12-31": "3525.00000", "2016-12-31": "1163.90000", "2015-12-31": "3333.49900", "2014-12-31": "3127.40000", "2013-12-31": "2822.49900", "2012-12-31": "2656.00000", "2011-12-31": "2782.00000", "2010-12-31": "2663.00000", "2009-12-31": "2771.00000", "2008-12-31": "2787.00000", "2007-12-31": "2319.00000", "2006-12-31": "1966.00000", "2005-12-31": "1927.00000"}, "Total Non-Operating Income/Expense": {"2019-12-31": "-757.50000", "2018-12-31": "-709.20000", "2017-12-31": "-708.80000", "2016-12-31": "-688.30000", "2015-12-31": "-710.60000", "2014-12-31": "-724.49990", "2013-12-31": "-729.20000", "2012-12-31": "-834.00000", "2011-12-31": "-415.00000", "2010-12-31": "-814.00000", "2009-12-31": "-833.00000", "2008-12-31": "-772.00000", "2007-12-31": "-656.00000", "2006-12-31": "-489.00000", "2005-12-31": "-474.00000"}, "Pre-Tax Income": {"2019-12-31": "1834.80000", "2018-12-31": "1973.50000", "2017-12-31": "2816.20000", "2016-12-31": "475.60000", "2015-12-31": "2622.90000", "2014-12-31": "2402.90000", "2013-12-31": "2093.30000", "2012-12-31": "1822.00000", "2011-12-31": "2367.00000", "2010-12-31": "1849.00000", "2009-12-31": "1938.00000", "2008-12-31": "2015.00000", "2007-12-31": "1663.00000", "2006-12-31": "1477.00000", "2005-12-31": "1453.00000"}, "Income Taxes": {"2019-12-31": "-12.90000", "2018-12-31": "115.30000", "2017-12-31": "969.70000", "2016-12-31": "-73.70000", "2015-12-31": "919.60000", "2014-12-31": "902.60000", "2013-12-31": "677.70000", "2012-12-31": "604.00000", "2011-12-31": "818.00000", "2010-12-31": "643.00000", "2009-12-31": "575.00000", "2008-12-31": "642.00000", "2007-12-31": "516.00000", "2006-12-31": "485.00000", "2005-12-31": "430.00000"}, "Income After Taxes": {"2019-12-31": "1847.70000", "2018-12-31": "1858.20000", "2017-12-31": "1846.50000", "2016-12-31": "549.30000", "2015-12-31": "1703.30000", "2014-12-31": "1500.30000", "2013-12-31": "1415.60000", "2012-12-31": "1218.00000", "2011-12-31": "1549.00000", "2010-12-31": "1206.00000", "2009-12-31": "1363.00000", "2008-12-31": "1373.00000", "2007-12-31": "1147.00000", "2006-12-31": "992.00000", "2005-12-31": "1023.00000"}, "Other Income": {"2019-12-31": "", "2018-12-31": "", "2017-12-31": "", "2016-12-31": "", "2015-12-31": "", "2014-12-31": "", "2013-12-31": "", "2012-12-31": "", "2011-12-31": "", "2010-12-31": "", "2009-12-31": "", "2008-12-31": "", "2007-12-31": "", "2006-12-31": "", "2005-12-31": ""}, "Income From Continuous Operations": {"2019-12-31": "1919.80000", "2018-12-31": "1931.30000", "2017-12-31": "1928.90000", "2016-12-31": "620.50000", "2015-12-31": "1768.60000", "2014-12-31": "1590.50000", "2013-12-31": "1473.90000", "2012-12-31": "1262.00000", "2011-12-31": "1576.00000", "2010-12-31": "1218.00000", "2009-12-31": "1370.00000", "2008-12-31": "1376.00000", "2007-12-31": "1153.00000", "2006-12-31": "992.00000", "2005-12-31": "1029.00000"}, "Income From Discontinued Operations": {"2019-12-31": "", "2018-12-31": "", "2017-12-31": "", "2016-12-31": "-2.50000", "2015-12-31": "283.70000", "2014-12-31": "47.50000", "2013-12-31": "10.30000", "2012-12-31": "", "2011-12-31": "", "2010-12-31": "", "2009-12-31": "", "2008-12-31": "12.00000", "2007-12-31": "24.00000", "2006-12-31": "10.00000", "2005-12-31": "27.00000"}, "Net Income": {"2019-12-31": "1921.10000", "2018-12-31": "1923.80000", "2017-12-31": "1912.60000", "2016-12-31": "610.90000", "2015-12-31": "2047.10000", "2014-12-31": "1633.80000", "2013-12-31": "1480.50000", "2012-12-31": "1259.00000", "2011-12-31": "1941.00000", "2010-12-31": "1211.00000", "2009-12-31": "1357.00000", "2008-12-31": "1380.00000", "2007-12-31": "1089.00000", "2006-12-31": "1002.00000", "2005-12-31": "814.00000"}, "EBITDA": {"2019-12-31": "5332.40000", "2018-12-31": "5083.10200", "2017-12-31": "5651.30000", "2016-12-31": "3254.80100", "2015-12-31": "5488.19900", "2014-12-31": "5169.20000", "2013-12-31": "4665.59900", "2012-12-31": "4574.00000", "2011-12-31": "4574.00000", "2010-12-31": "4443.00000", "2009-12-31": "4431.00000", "2008-12-31": "4345.00000", "2007-12-31": "3871.00000", "2006-12-31": "3469.00000", "2005-12-31": "3314.00000"}, "EBIT": {"2019-12-31": "2592.30000", "2018-12-31": "2682.70100", "2017-12-31": "3525.00000", "2016-12-31": "1163.90000", "2015-12-31": "3333.49900", "2014-12-31": "3127.40000", "2013-12-31": "2822.49900", "2012-12-31": "2656.00000", "2011-12-31": "2782.00000", "2010-12-31": "2663.00000", "2009-12-31": "2771.00000", "2008-12-31": "2787.00000", "2007-12-31": "2319.00000", "2006-12-31": "1966.00000", "2005-12-31": "1927.00000"}, "Basic Shares Outstanding": {"2019-12-31": "493.69400", "2018-12-31": "492.77500", "2017-12-31": "491.81500", "2016-12-31": "491.49500", "2015-12-31": "490.34100", "2014-12-31": "488.59300", "2013-12-31": "486.62000", "2012-12-31": "484.68200", "2011-12-31": "482.16900", "2010-12-31": "479.37300", "2009-12-31": "458.67750", "2008-12-31": "402.08400", "2007-12-31": "398.78500", "2006-12-31": "394.21900", "2005-12-31": "389.97000"}, "Shares Outstanding": {"2019-12-31": "495.30600", "2018-12-31": "493.75800", "2017-12-31": "492.61100", "2016-12-31": "491.66200", "2015-12-31": "490.57500", "2014-12-31": "488.90000", "2013-12-31": "487.04100", "2012-12-31": "485.08500", "2011-12-31": "482.46000", "2010-12-31": "479.60100", "2009-12-31": "458.98230", "2008-12-31": "403.64100", "2007-12-31": "400.19900", "2006-12-31": "396.48300", "2005-12-31": "391.42400"}, "Basic EPS": {"2019-12-31": "3.89000", "2018-12-31": "3.90000", "2017-12-31": "3.89000", "2016-12-31": "1.24000", "2015-12-31": "4.17000", "2014-12-31": "3.34000", "2013-12-31": "3.04000", "2012-12-31": "2.60000", "2011-12-31": "4.02000", "2010-12-31": "2.53000", "2009-12-31": "2.96000", "2008-12-31": "3.43000", "2007-12-31": "2.73000", "2006-12-31": "2.54000", "2005-12-31": "2.09000"}, "EPS - Earnings Per Share": {"2019-12-31": "3.88000", "2018-12-31": "3.90000", "2017-12-31": "3.88000", "2016-12-31": "1.24000", "2015-12-31": "4.17000", "2014-12-31": "3.34000", "2013-12-31": "3.04000", "2012-12-31": "2.60000", "2011-12-31": "4.02000", "2010-12-31": "2.53000", "2009-12-31": "2.96000", "2008-12-31": "3.42000", "2007-12-31": "2.72000", "2006-12-31": "2.53000", "2005-12-31": "2.08000"}}, "income statement, quarterly": {"Revenue": {"2020-09-30": "4066.40000", "2020-06-30": "3494.00000", "2020-03-31": "3747.50000", "2019-12-31": "3616.00000", "2019-09-30": "4315.00000", "2019-06-30": "3573.60000", "2019-03-31": "4056.80000", "2018-12-31": "3801.09900", "2018-09-30": "4333.10000", "2018-06-30": "4013.20000", "2018-03-31": "4048.30000", "2017-12-31": "3810.40000", "2017-09-30": "4104.70000", "2017-06-30": "3576.50000", "2017-03-31": "3933.30000", "2016-12-31": "3790.10000", "2016-09-30": "4652.20000", "2016-06-30": "3892.90000", "2016-03-31": "4044.90000", "2015-12-31": "3614.69900", "2015-09-30": "4431.40000", "2015-06-30": "3826.70000", "2015-03-31": "4580.40000", "2014-12-31": "3525.60000", "2014-09-30": "4161.00000", "2014-06-30": "4044.00000", "2014-03-31": "4648.00000", "2013-12-31": "3229.50000", "2013-09-30": "4176.00000", "2013-06-30": "3582.00000", "2013-03-31": "3826.00000", "2012-12-31": "3613.00000", "2012-09-30": "4156.00000", "2012-06-30": "3551.00000", "2012-03-31": "3625.00000", "2011-12-31": "3444.00000", "2011-09-30": "4333.00000", "2011-06-30": "3609.00000", "2011-03-31": "3730.00000", "2010-12-31": "3434.00000", "2010-09-30": "4064.00000", "2010-06-30": "3360.00000", "2010-03-31": "3569.00000", "2009-12-31": "3282.00000", "2009-09-30": "3547.00000", "2009-06-30": "3202.00000", "2009-03-31": "3458.00000", "2008-12-31": "3236.00000", "2008-09-30": "4191.00000", "2008-06-30": "3546.00000", "2008-03-31": "3467.00000", "2007-12-31": "3276.00000", "2007-09-30": "3789.00000", "2007-06-30": "3146.00000", "2007-03-31": "3169.00000", "2006-12-31": "2984.00000", "2006-09-30": "3594.00000", "2006-06-30": "2936.00000", "2006-03-31": "3108.00000", "2005-12-31": "2899.00000", "2005-09-30": "3328.00000", "2005-06-30": "2819.00000", "2005-03-31": "3065.00000"}, "Cost Of Goods Sold": {"2020-09-30": "1200.40000", "2020-06-30": "964.90000", "2020-03-31": "1151.00000", "2019-12-31": "1137.20000", "2019-09-30": "1415.10000", "2019-06-30": "1141.60000", "2019-03-31": "1412.20000", "2018-12-31": "1325.70000", "2018-09-30": "1625.10000", "2018-06-30": "1343.60000", "2018-03-31": "1492.10000", "2017-12-31": "1289.60000", "2017-09-30": "1425.50000", "2017-06-30": "1191.50000", "2017-03-31": "1405.20000", "2016-12-31": "1359.60000", "2016-09-30": "1654.10000", "2016-06-30": "1309.60000", "2016-03-31": "1407.00000", "2015-12-31": "614.50000", "2015-09-30": "1686.70000", "2015-06-30": "1356.10000", "2015-03-31": "2450.90000", "2014-12-31": "1506.70000", "2014-09-30": "1529.00000", "2014-06-30": "1516.00000", "2014-03-31": "1806.00000", "2013-12-31": "1349.10000", "2013-09-30": "1541.00000", "2013-06-30": "1267.00000", "2013-03-31": "1402.00000", "2012-12-31": "1288.00000", "2012-09-30": "1507.00000", "2012-06-30": "1172.00000", "2012-03-31": "1313.00000", "2011-12-31": "1349.00000", "2011-09-30": "1665.00000", "2011-06-30": "1267.00000", "2011-03-31": "1331.00000", "2010-12-31": "1219.00000", "2010-09-30": "1436.00000", "2010-06-30": "1122.00000", "2010-03-31": "1252.00000", "2009-12-31": "1107.00000", "2009-09-30": "1178.00000", "2009-06-30": "1022.00000", "2009-03-31": "1224.00000", "2008-12-31": "1219.00000", "2008-09-30": "1874.00000", "2008-06-30": "1419.00000", "2008-03-31": "1243.00000", "2007-12-31": "1219.00000", "2007-09-30": "1457.00000", "2007-06-30": "1159.00000", "2007-03-31": "1132.00000", "2006-12-31": "1037.00000", "2006-09-30": "1384.00000", "2006-06-30": "1125.00000", "2006-03-31": "1127.00000", "2005-12-31": "1127.00000", "2005-09-30": "1252.00000", "2005-06-30": "988.00000", "2005-03-31": "1168.00000"}, "Gross Profit": {"2020-09-30": "2866.00000", "2020-06-30": "2529.10000", "2020-03-31": "2596.50000", "2019-12-31": "2478.80000", "2019-09-30": "2899.90000", "2019-06-30": "2432.00000", "2019-03-31": "2644.60000", "2018-12-31": "2475.39900", "2018-09-30": "2708.00000", "2018-06-30": "2669.60000", "2018-03-31": "2556.20000", "2017-12-31": "2520.80000", "2017-09-30": "2679.20000", "2017-06-30": "2385.00000", "2017-03-31": "2528.10000", "2016-12-31": "2430.50000", "2016-09-30": "2998.10000", "2016-06-30": "2583.30000", "2016-03-31": "2637.90000", "2015-12-31": "3000.19900", "2015-09-30": "2744.70000", "2015-06-30": "2470.60000", "2015-03-31": "2129.50000", "2014-12-31": "2018.90000", "2014-09-30": "2632.00000", "2014-06-30": "2528.00000", "2014-03-31": "2842.00000", "2013-12-31": "1880.40000", "2013-09-30": "2635.00000", "2013-06-30": "2315.00000", "2013-03-31": "2424.00000", "2012-12-31": "2325.00000", "2012-09-30": "2649.00000", "2012-06-30": "2379.00000", "2012-03-31": "2312.00000", "2011-12-31": "2095.00000", "2011-09-30": "2668.00000", "2011-06-30": "2342.00000", "2011-03-31": "2399.00000", "2010-12-31": "2215.00000", "2010-09-30": "2628.00000", "2010-06-30": "2238.00000", "2010-03-31": "2317.00000", "2009-12-31": "2175.00000", "2009-09-30": "2369.00000", "2009-06-30": "2180.00000", "2009-03-31": "2234.00000", "2008-12-31": "2017.00000", "2008-09-30": "2317.00000", "2008-06-30": "2127.00000", "2008-03-31": "2224.00000", "2007-12-31": "2057.00000", "2007-09-30": "2332.00000", "2007-06-30": "1987.00000", "2007-03-31": "2037.00000", "2006-12-31": "1947.00000", "2006-09-30": "2210.00000", "2006-06-30": "1811.00000", "2006-03-31": "1981.00000", "2005-12-31": "1772.00000", "2005-09-30": "2076.00000", "2005-06-30": "1831.00000", "2005-03-31": "1897.00000"}, "Research And Development Expenses": {"2020-09-30": "", "2020-06-30": "", "2020-03-31": "", "2019-12-31": "", "2019-09-30": "", "2019-06-30": "", "2019-03-31": "", "2018-12-31": "", "2018-09-30": "", "2018-06-30": "", "2018-03-31": "", "2017-12-31": "", "2017-09-30": "", "2017-06-30": "", "2017-03-31": "", "2016-12-31": "", "2016-09-30": "", "2016-06-30": "", "2016-03-31": "", "2015-12-31": "", "2015-09-30": "", "2015-06-30": "", "2015-03-31": "", "2014-12-31": "", "2014-09-30": "", "2014-06-30": "", "2014-03-31": "", "2013-12-31": "", "2013-09-30": "", "2013-06-30": "", "2013-03-31": "", "2012-12-31": "", "2012-09-30": "", "2012-06-30": "", "2012-03-31": "", "2011-12-31": "", "2011-09-30": "", "2011-06-30": "", "2011-03-31": "", "2010-12-31": "", "2010-09-30": "", "2010-06-30": "", "2010-03-31": "", "2009-12-31": "", "2009-09-30": "", "2009-06-30": "", "2009-03-31": "", "2008-12-31": "", "2008-09-30": "", "2008-06-30": "", "2008-03-31": "", "2007-12-31": "", "2007-09-30": "", "2007-06-30": "", "2007-03-31": "", "2006-12-31": "", "2006-09-30": "", "2006-06-30": "", "2006-03-31": "", "2005-12-31": "", "2005-09-30": "", "2005-06-30": "", "2005-03-31": ""}, "SG&A Expenses": {"2020-09-30": "1278.20000", "2020-06-30": "1126.90000", "2020-03-31": "1172.70000", "2019-12-31": "1386.80000", "2019-09-30": "1296.50000", "2019-06-30": "1258.40000", "2019-03-31": "1250.40000", "2018-12-31": "1262.60000", "2018-09-30": "1436.80000", "2018-06-30": "1359.40000", "2018-03-31": "1310.50000", "2017-12-31": "1191.50000", "2017-09-30": "1185.60000", "2017-06-30": "1166.10000", "2017-03-31": "1187.00000", "2016-12-31": "1482.80000", "2016-09-30": "1321.80000", "2016-06-30": "1203.30000", "2016-03-31": "1247.90000", "2015-12-31": "2052.10000", "2015-09-30": "1249.60000", "2015-06-30": "1168.80000", "2015-03-31": "531.30000", "2014-12-31": "1139.90000", "2014-09-30": "1228.00000", "2014-06-30": "1318.00000", "2014-03-31": "1310.00000", "2013-12-31": "903.99990", "2013-09-30": "1169.00000", "2013-06-30": "1171.00000", "2013-03-31": "1249.00000", "2012-12-31": "1360.00000", "2012-09-30": "1254.00000", "2012-06-30": "1178.00000", "2012-03-31": "1135.00000", "2011-12-31": "1306.00000", "2011-09-30": "1243.00000", "2011-06-30": "1215.00000", "2011-03-31": "1164.00000", "2010-12-31": "1325.00000", "2010-09-30": "1179.00000", "2010-06-30": "1439.00000", "2010-03-31": "1151.00000", "2009-12-31": "1297.00000", "2009-09-30": "1090.00000", "2009-06-30": "1101.00000", "2009-03-31": "1102.00000", "2008-12-31": "1222.00000", "2008-09-30": "1199.00000", "2008-06-30": "1173.00000", "2008-03-31": "1076.00000", "2007-12-31": "1233.00000", "2007-09-30": "1155.00000", "2007-06-30": "1069.00000", "2007-03-31": "1124.00000", "2006-12-31": "1194.00000", "2006-09-30": "1084.00000", "2006-06-30": "1086.00000", "2006-03-31": "1012.00000", "2005-12-31": "1228.00000", "2005-09-30": "1078.00000", "2005-06-30": "1051.00000", "2005-03-31": "1025.00000"}, "Other Operating Income Or Expenses": {"2020-09-30": "", "2020-06-30": "", "2020-03-31": "", "2019-12-31": "", "2019-09-30": "", "2019-06-30": "", "2019-03-31": "", "2018-12-31": "", "2018-09-30": "", "2018-06-30": "", "2018-03-31": "", "2017-12-31": "-87.10000", "2017-09-30": "", "2017-06-30": "-0.10000", "2017-03-31": "226.50000", "2016-12-31": "-2.90010", "2016-09-30": "-2264.90000", "2016-06-30": "0.00000", "2016-03-31": "", "2015-12-31": "", "2015-09-30": "0.00000", "2015-06-30": "", "2015-03-31": "", "2014-12-31": "", "2014-09-30": "", "2014-06-30": "", "2014-03-31": "", "2013-12-31": "71.60000", "2013-09-30": "-144.00000", "2013-06-30": "-154.00000", "2013-03-31": "", "2012-12-31": "-287.00000", "2012-09-30": "-13.00000", "2012-06-30": "0.00000", "2012-03-31": "", "2011-12-31": "-49.00000", "2011-09-30": "-90.00000", "2011-06-30": "", "2011-03-31": "", "2010-12-31": "", "2010-09-30": "0.00000", "2010-06-30": "", "2010-03-31": "", "2009-12-31": "", "2009-09-30": "", "2009-06-30": "", "2009-03-31": "", "2008-12-31": "-14.00000", "2008-09-30": "6.00000", "2008-06-30": "5.00000", "2008-03-31": "258.00000", "2007-12-31": "", "2007-09-30": "2.00000", "2007-06-30": "3.00000", "2007-03-31": "23.00000", "2006-12-31": "1.00000", "2006-09-30": "-209.00000", "2006-06-30": "", "2006-03-31": "68.00000", "2005-12-31": "4.00000", "2005-09-30": "-38.00000", "2005-06-30": "", "2005-03-31": "115.00000"}, "Operating Expenses": {"2020-09-30": "3123.20000", "2020-06-30": "2771.30000", "2020-03-31": "2995.90000", "2019-12-31": "3321.30100", "2019-09-30": "3356.80000", "2019-06-30": "3022.60000", "2019-03-31": "3268.40000", "2018-12-31": "3249.99900", "2018-09-30": "3664.50000", "2018-06-30": "3256.20000", "2018-03-31": "3342.30000", "2017-12-31": "3079.50100", "2017-09-30": "3129.60000", "2017-06-30": "2843.20000", "2017-03-31": "2847.60000", "2016-12-31": "3257.39900", "2016-09-30": "5780.10000", "2016-06-30": "3026.70000", "2016-03-31": "3152.00000", "2015-12-31": "3148.30100", "2015-09-30": "3471.20000", "2015-06-30": "3022.60000", "2015-03-31": "3477.60000", "2014-12-31": "3111.19900", "2014-09-30": "3256.00000", "2014-06-30": "3277.00000", "2014-03-31": "3607.00000", "2013-12-31": "2584.00100", "2013-09-30": "3301.00000", "2013-06-30": "3035.00000", "2013-03-31": "3071.00000", "2012-12-31": "3364.00000", "2012-09-30": "3244.00000", "2012-06-30": "2810.00000", "2012-03-31": "2871.00000", "2011-12-31": "3101.00000", "2011-09-30": "3443.00000", "2011-06-30": "2892.00000", "2011-03-31": "2898.00000", "2010-12-31": "2948.00000", "2010-09-30": "3039.00000", "2010-06-30": "2966.00000", "2010-03-31": "2811.00000", "2009-12-31": "2801.00000", "2009-09-30": "2689.00000", "2009-06-30": "2520.00000", "2009-03-31": "2708.00000", "2008-12-31": "2815.00000", "2008-09-30": "3454.00000", "2008-06-30": "2960.00000", "2008-03-31": "2424.00000", "2007-12-31": "2849.00000", "2007-09-30": "2991.00000", "2007-06-30": "2597.00000", "2007-03-31": "2624.00000", "2006-12-31": "2613.00000", "2006-09-30": "3059.00000", "2006-06-30": "2565.00000", "2006-03-31": "2419.00000", "2005-12-31": "2711.00000", "2005-09-30": "2704.00000", "2005-06-30": "2364.00000", "2005-03-31": "2405.00000"}, "Operating Income": {"2020-09-30": "943.20000", "2020-06-30": "722.70000", "2020-03-31": "751.59990", "2019-12-31": "294.69900", "2019-09-30": "958.20000", "2019-06-30": "551.00020", "2019-03-31": "788.40010", "2018-12-31": "551.10060", "2018-09-30": "668.59990", "2018-06-30": "757.00000", "2018-03-31": "706.00000", "2017-12-31": "730.89940", "2017-09-30": "975.10010", "2017-06-30": "733.29980", "2017-03-31": "1085.70000", "2016-12-31": "532.70040", "2016-09-30": "-1127.89900", "2016-06-30": "866.20000", "2016-03-31": "892.89970", "2015-12-31": "466.39820", "2015-09-30": "960.20000", "2015-06-30": "804.10010", "2015-03-31": "1102.80000", "2014-12-31": "414.40040", "2014-09-30": "905.00000", "2014-06-30": "767.00000", "2014-03-31": "1041.00000", "2013-12-31": "645.49900", "2013-09-30": "875.00000", "2013-06-30": "547.00000", "2013-03-31": "755.00000", "2012-12-31": "249.00000", "2012-09-30": "912.00000", "2012-06-30": "741.00000", "2012-03-31": "754.00000", "2011-12-31": "343.00000", "2011-09-30": "890.00000", "2011-06-30": "717.00000", "2011-03-31": "832.00000", "2010-12-31": "486.00000", "2010-09-30": "1025.00000", "2010-06-30": "394.00000", "2010-03-31": "758.00000", "2009-12-31": "481.00000", "2009-09-30": "858.00000", "2009-06-30": "682.00000", "2009-03-31": "750.00000", "2008-12-31": "421.00000", "2008-09-30": "737.00000", "2008-06-30": "586.00000", "2008-03-31": "1043.00000", "2007-12-31": "427.00000", "2007-09-30": "798.00000", "2007-06-30": "549.00000", "2007-03-31": "545.00000", "2006-12-31": "371.00000", "2006-09-30": "535.00000", "2006-06-30": "371.00000", "2006-03-31": "689.00000", "2005-12-31": "188.00000", "2005-09-30": "624.00000", "2005-06-30": "455.00000", "2005-03-31": "660.00000"}, "Total Non-Operating Income/Expense": {"2020-09-30": "-210.90000", "2020-06-30": "-214.80000", "2020-03-31": "-235.40000", "2019-12-31": "-206.60000", "2019-09-30": "-198.90000", "2019-06-30": "-163.70000", "2019-03-31": "-188.30000", "2018-12-31": "-182.30000", "2018-09-30": "-187.70000", "2018-06-30": "-173.40000", "2018-03-31": "-165.80000", "2017-12-31": "-176.50000", "2017-09-30": "-174.50000", "2017-06-30": "-182.50000", "2017-03-31": "-175.30000", "2016-12-31": "-125.60000", "2016-09-30": "-196.00000", "2016-06-30": "-187.40000", "2016-03-31": "-179.30000", "2015-12-31": "-173.40000", "2015-09-30": "-184.20000", "2015-06-30": "-173.80000", "2015-03-31": "-179.20000", "2014-12-31": "-167.49990", "2014-09-30": "-182.00000", "2014-06-30": "-184.00000", "2014-03-31": "-191.00000", "2013-12-31": "-170.20000", "2013-09-30": "-195.00000", "2013-06-30": "-154.00000", "2013-03-31": "-210.00000", "2012-12-31": "-255.00000", "2012-09-30": "-197.00000", "2012-06-30": "-198.00000", "2012-03-31": "-184.00000", "2011-12-31": "-108.00000", "2011-09-30": "94.00000", "2011-06-30": "-196.00000", "2011-03-31": "-205.00000", "2010-12-31": "-199.00000", "2010-09-30": "-213.00000", "2010-06-30": "-193.00000", "2010-03-31": "-209.00000", "2009-12-31": "-204.00000", "2009-09-30": "-208.00000", "2009-06-30": "-213.00000", "2009-03-31": "-208.00000", "2008-12-31": "-244.00000", "2008-09-30": "-170.00000", "2008-06-30": "-182.00000", "2008-03-31": "-176.00000", "2007-12-31": "-139.00000", "2007-09-30": "-186.00000", "2007-06-30": "-183.00000", "2007-03-31": "-148.00000", "2006-12-31": "-104.00000", "2006-09-30": "-138.00000", "2006-06-30": "-125.00000", "2006-03-31": "-122.00000", "2005-12-31": "-136.00000", "2005-09-30": "-65.00000", "2005-06-30": "-135.00000", "2005-03-31": "-138.00000"}, "Pre-Tax Income": {"2020-09-30": "732.30000", "2020-06-30": "507.90000", "2020-03-31": "516.20000", "2019-12-31": "88.10000", "2019-09-30": "759.30000", "2019-06-30": "387.30000", "2019-03-31": "600.10000", "2018-12-31": "368.80000", "2018-09-30": "480.90000", "2018-06-30": "583.60000", "2018-03-31": "540.20000", "2017-12-31": "554.40000", "2017-09-30": "800.60000", "2017-06-30": "550.80000", "2017-03-31": "910.40000", "2016-12-31": "407.10000", "2016-09-30": "-1323.90000", "2016-06-30": "678.80000", "2016-03-31": "713.60000", "2015-12-31": "292.99990", "2015-09-30": "776.00000", "2015-06-30": "630.30000", "2015-03-31": "923.60000", "2014-12-31": "246.89990", "2014-09-30": "723.00000", "2014-06-30": "583.00000", "2014-03-31": "850.00000", "2013-12-31": "475.30000", "2013-09-30": "680.00000", "2013-06-30": "393.00000", "2013-03-31": "545.00000", "2012-12-31": "-6.00000", "2012-09-30": "715.00000", "2012-06-30": "543.00000", "2012-03-31": "570.00000", "2011-12-31": "235.00000", "2011-09-30": "984.00000", "2011-06-30": "521.00000", "2011-03-31": "627.00000", "2010-12-31": "287.00000", "2010-09-30": "812.00000", "2010-06-30": "201.00000", "2010-03-31": "549.00000", "2009-12-31": "277.00000", "2009-09-30": "650.00000", "2009-06-30": "469.00000", "2009-03-31": "542.00000", "2008-12-31": "177.00000", "2008-09-30": "567.00000", "2008-06-30": "404.00000", "2008-03-31": "867.00000", "2007-12-31": "288.00000", "2007-09-30": "612.00000", "2007-06-30": "366.00000", "2007-03-31": "397.00000", "2006-12-31": "267.00000", "2006-09-30": "397.00000", "2006-06-30": "246.00000", "2006-03-31": "567.00000", "2005-12-31": "52.00000", "2005-09-30": "559.00000", "2005-06-30": "320.00000", "2005-03-31": "522.00000"}, "Income Taxes": {"2020-09-30": "-1.20000", "2020-06-30": "12.60000", "2020-03-31": "46.50000", "2019-12-31": "-43.60000", "2019-09-30": "40.60000", "2019-06-30": "-54.40000", "2019-03-31": "44.50000", "2018-12-31": "21.80000", "2018-09-30": "-80.70000", "2018-06-30": "72.20000", "2018-03-31": "102.00000", "2017-12-31": "171.90000", "2017-09-30": "264.00000", "2017-06-30": "190.60000", "2017-03-31": "343.20000", "2016-12-31": "60.30000", "2016-09-30": "-534.50000", "2016-06-30": "165.00000", "2016-03-31": "235.50000", "2015-12-31": "92.50000", "2015-09-30": "275.60000", "2015-06-30": "224.30000", "2015-03-31": "327.20000", "2014-12-31": "116.60000", "2014-09-30": "264.00000", "2014-06-30": "215.00000", "2014-03-31": "307.00000", "2013-12-31": "157.70000", "2013-09-30": "257.00000", "2013-06-30": "68.00000", "2013-03-31": "195.00000", "2012-12-31": "-16.00000", "2012-09-30": "241.00000", "2012-06-30": "190.00000", "2012-03-31": "189.00000", "2011-12-31": "32.00000", "2011-09-30": "334.00000", "2011-06-30": "174.00000", "2011-03-31": "278.00000", "2010-12-31": "113.00000", "2010-09-30": "258.00000", "2010-06-30": "65.00000", "2010-03-31": "207.00000", "2009-12-31": "40.00000", "2009-09-30": "208.00000", "2009-06-30": "148.00000", "2009-03-31": "179.00000", "2008-12-31": "34.00000", "2008-09-30": "192.00000", "2008-06-30": "123.00000", "2008-03-31": "293.00000", "2007-12-31": "73.00000", "2007-09-30": "205.00000", "2007-06-30": "108.00000", "2007-03-31": "130.00000", "2006-12-31": "91.00000", "2006-09-30": "133.00000", "2006-06-30": "72.00000", "2006-03-31": "189.00000", "2005-12-31": "-41.00000", "2005-09-30": "196.00000", "2005-06-30": "103.00000", "2005-03-31": "172.00000"}, "Income After Taxes": {"2020-09-30": "733.50000", "2020-06-30": "495.30000", "2020-03-31": "469.70000", "2019-12-31": "131.70010", "2019-09-30": "718.70000", "2019-06-30": "441.70000", "2019-03-31": "555.60000", "2018-12-31": "347.00000", "2018-09-30": "561.60000", "2018-06-30": "511.40000", "2018-03-31": "438.20000", "2017-12-31": "382.50010", "2017-09-30": "536.60000", "2017-06-30": "360.20000", "2017-03-31": "567.20000", "2016-12-31": "346.80000", "2016-09-30": "-789.40000", "2016-06-30": "513.80000", "2016-03-31": "478.10000", "2015-12-31": "200.49990", "2015-09-30": "500.40000", "2015-06-30": "406.00000", "2015-03-31": "596.40000", "2014-12-31": "130.29990", "2014-09-30": "459.00000", "2014-06-30": "368.00000", "2014-03-31": "543.00000", "2013-12-31": "317.60010", "2013-09-30": "423.00000", "2013-06-30": "325.00000", "2013-03-31": "350.00000", "2012-12-31": "10.00000", "2012-09-30": "474.00000", "2012-06-30": "353.00000", "2012-03-31": "381.00000", "2011-12-31": "203.00000", "2011-09-30": "650.00000", "2011-06-30": "347.00000", "2011-03-31": "349.00000", "2010-12-31": "174.00000", "2010-09-30": "554.00000", "2010-06-30": "136.00000", "2010-03-31": "342.00000", "2009-12-31": "237.00000", "2009-09-30": "442.00000", "2009-06-30": "321.00000", "2009-03-31": "363.00000", "2008-12-31": "143.00000", "2008-09-30": "375.00000", "2008-06-30": "281.00000", "2008-03-31": "574.00000", "2007-12-31": "215.00000", "2007-09-30": "407.00000", "2007-06-30": "258.00000", "2007-03-31": "267.00000", "2006-12-31": "176.00000", "2006-09-30": "264.00000", "2006-06-30": "174.00000", "2006-03-31": "378.00000", "2005-12-31": "93.00000", "2005-09-30": "363.00000", "2005-06-30": "217.00000", "2005-03-31": "350.00000"}, "Other Income": {"2020-09-30": "", "2020-06-30": "", "2020-03-31": "", "2019-12-31": "", "2019-09-30": "", "2019-06-30": "", "2019-03-31": "", "2018-12-31": "", "2018-09-30": "", "2018-06-30": "", "2018-03-31": "", "2017-12-31": "", "2017-09-30": "", "2017-06-30": "", "2017-03-31": "", "2016-12-31": "", "2016-09-30": "", "2016-06-30": "", "2016-03-31": "", "2015-12-31": "", "2015-09-30": "", "2015-06-30": "", "2015-03-31": "", "2014-12-31": "", "2014-09-30": "", "2014-06-30": "", "2014-03-31": "", "2013-12-31": "", "2013-09-30": "", "2013-06-30": "", "2013-03-31": "", "2012-12-31": "", "2012-09-30": "", "2012-06-30": "", "2012-03-31": "", "2011-12-31": "", "2011-09-30": "", "2011-06-30": "", "2011-03-31": "", "2010-12-31": "", "2010-09-30": "", "2010-06-30": "", "2010-03-31": "", "2009-12-31": "", "2009-09-30": "", "2009-06-30": "", "2009-03-31": "", "2008-12-31": "", "2008-09-30": "", "2008-06-30": "", "2008-03-31": "", "2007-12-31": "", "2007-09-30": "", "2007-06-30": "", "2007-03-31": "", "2006-12-31": "", "2006-09-30": "", "2006-06-30": "", "2006-03-31": "", "2005-12-31": "", "2005-09-30": "", "2005-06-30": "", "2005-03-31": ""}, "Income From Continuous Operations": {"2020-09-30": "748.20000", "2020-06-30": "514.50000", "2020-03-31": "499.30000", "2019-12-31": "152.70010", "2019-09-30": "733.90000", "2019-06-30": "459.10000", "2019-03-31": "574.10000", "2018-12-31": "364.80000", "2018-09-30": "579.70000", "2018-06-30": "530.10000", "2018-03-31": "456.70000", "2017-12-31": "401.80010", "2017-09-30": "556.70000", "2017-06-30": "376.20000", "2017-03-31": "594.20000", "2016-12-31": "375.20000", "2016-09-30": "-764.20000", "2016-06-30": "506.40000", "2016-03-31": "503.10000", "2015-12-31": "205.20000", "2015-09-30": "511.80000", "2015-06-30": "431.40000", "2015-03-31": "620.20000", "2014-12-31": "155.50000", "2014-09-30": "483.00000", "2014-06-30": "391.00000", "2014-03-31": "561.00000", "2013-12-31": "336.90000", "2013-09-30": "434.00000", "2013-06-30": "339.00000", "2013-03-31": "364.00000", "2012-12-31": "21.00000", "2012-09-30": "488.00000", "2012-06-30": "363.00000", "2012-03-31": "390.00000", "2011-12-31": "211.00000", "2011-09-30": "657.00000", "2011-06-30": "353.00000", "2011-03-31": "355.00000", "2010-12-31": "178.00000", "2010-09-30": "557.00000", "2010-06-30": "137.00000", "2010-03-31": "346.00000", "2009-12-31": "239.00000", "2009-09-30": "446.00000", "2009-06-30": "322.00000", "2009-03-31": "363.00000", "2008-12-31": "143.00000", "2008-09-30": "376.00000", "2008-06-30": "281.00000", "2008-03-31": "576.00000", "2007-12-31": "218.00000", "2007-09-30": "407.00000", "2007-06-30": "257.00000", "2007-03-31": "271.00000", "2006-12-31": "177.00000", "2006-09-30": "265.00000", "2006-06-30": "172.00000", "2006-03-31": "378.00000", "2005-12-31": "92.00000", "2005-09-30": "365.00000", "2005-06-30": "218.00000", "2005-03-31": "354.00000"}, "Income From Discontinued Operations": {"2020-09-30": "", "2020-06-30": "", "2020-03-31": "", "2019-12-31": "", "2019-09-30": "", "2019-06-30": "", "2019-03-31": "", "2018-12-31": "", "2018-09-30": "", "2018-06-30": "", "2018-03-31": "", "2017-12-31": "", "2017-09-30": "", "2017-06-30": "", "2017-03-31": "", "2016-12-31": "", "2016-09-30": "0.00000", "2016-06-30": "-2.50000", "2016-03-31": "", "2015-12-31": "265.50000", "2015-09-30": "7.80000", "2015-06-30": "-0.10000", "2015-03-31": "10.50000", "2014-12-31": "36.50000", "2014-09-30": "11.00000", "2014-06-30": "", "2014-03-31": "", "2013-12-31": "", "2013-09-30": "", "2013-06-30": "", "2013-03-31": "", "2012-12-31": "", "2012-09-30": "", "2012-06-30": "", "2012-03-31": "", "2011-12-31": "", "2011-09-30": "", "2011-06-30": "", "2011-03-31": "", "2010-12-31": "", "2010-09-30": "", "2010-06-30": "", "2010-03-31": "", "2009-12-31": "", "2009-09-30": "", "2009-06-30": "", "2009-03-31": "", "2008-12-31": "11.00000", "2008-09-30": "", "2008-06-30": "1.00000", "2008-03-31": "", "2007-12-31": "22.00000", "2007-09-30": "", "2007-06-30": "2.00000", "2007-03-31": "", "2006-12-31": "4.00000", "2006-09-30": "", "2006-06-30": "3.00000", "2006-03-31": "3.00000", "2005-12-31": "1.00000", "2005-09-30": "22.00000", "2005-06-30": "3.00000", "2005-03-31": "1.00000"}, "Net Income": {"2020-09-30": "748.60000", "2020-06-30": "520.80000", "2020-03-31": "495.20000", "2019-12-31": "153.50000", "2019-09-30": "733.50000", "2019-06-30": "461.30000", "2019-03-31": "572.80000", "2018-12-31": "363.40010", "2018-09-30": "577.60000", "2018-06-30": "528.40000", "2018-03-31": "454.40000", "2017-12-31": "400.69990", "2017-09-30": "544.70000", "2017-06-30": "375.00000", "2017-03-31": "592.20000", "2016-12-31": "373.40000", "2016-09-30": "-765.80000", "2016-06-30": "502.10000", "2016-03-31": "501.20000", "2015-12-31": "469.60000", "2015-09-30": "518.30000", "2015-06-30": "430.00000", "2015-03-31": "629.20000", "2014-12-31": "190.80000", "2014-09-30": "493.00000", "2014-06-30": "390.00000", "2014-03-31": "560.00000", "2013-12-31": "346.50000", "2013-09-30": "433.00000", "2013-06-30": "338.00000", "2013-03-31": "363.00000", "2012-12-31": "21.00000", "2012-09-30": "487.00000", "2012-06-30": "362.00000", "2012-03-31": "389.00000", "2011-12-31": "308.00000", "2011-09-30": "928.00000", "2011-06-30": "352.00000", "2011-03-31": "353.00000", "2010-12-31": "176.00000", "2010-09-30": "555.00000", "2010-06-30": "136.00000", "2010-03-31": "344.00000", "2009-12-31": "238.00000", "2009-09-30": "443.00000", "2009-06-30": "316.00000", "2009-03-31": "360.00000", "2008-12-31": "152.00000", "2008-09-30": "374.00000", "2008-06-30": "281.00000", "2008-03-31": "573.00000", "2007-12-31": "231.00000", "2007-09-30": "407.00000", "2007-06-30": "180.00000", "2007-03-31": "271.00000", "2006-12-31": "181.00000", "2006-09-30": "265.00000", "2006-06-30": "175.00000", "2006-03-31": "381.00000", "2005-12-31": "-149.00000", "2005-09-30": "387.00000", "2005-06-30": "221.00000", "2005-03-31": "355.00000"}, "EBITDA": {"2020-09-30": "1609.40000", "2020-06-30": "1424.40000", "2020-03-31": "1447.20000", "2019-12-31": "1089.59900", "2019-09-30": "1628.90000", "2019-06-30": "1194.60000", "2019-03-31": "1419.30000", "2018-12-31": "1173.40100", "2018-09-30": "1302.40000", "2018-06-30": "1334.20000", "2018-03-31": "1273.10000", "2017-12-31": "1266.49900", "2017-09-30": "1526.80000", "2017-06-30": "1255.30000", "2017-03-31": "1602.70000", "2016-12-31": "963.70070", "2016-09-30": "-552.09950", "2016-06-30": "1412.70000", "2016-03-31": "1430.50000", "2015-12-31": "991.49820", "2015-09-30": "1531.20000", "2015-06-30": "1329.00000", "2015-03-31": "1636.50000", "2014-12-31": "924.20030", "2014-09-30": "1424.00000", "2014-06-30": "1251.00000", "2014-03-31": "1570.00000", "2013-12-31": "1077.59900", "2013-09-30": "1360.00000", "2013-06-30": "1019.00000", "2013-03-31": "1209.00000", "2012-12-31": "714.00000", "2012-09-30": "1418.00000", "2012-06-30": "1231.00000", "2012-03-31": "1211.00000", "2011-12-31": "769.00000", "2011-09-30": "1371.00000", "2011-06-30": "1165.00000", "2011-03-31": "1269.00000", "2010-12-31": "916.00000", "2010-09-30": "1493.00000", "2010-06-30": "838.00000", "2010-03-31": "1196.00000", "2009-12-31": "900.00000", "2009-09-30": "1295.00000", "2009-06-30": "1091.00000", "2009-03-31": "1145.00000", "2008-12-31": "784.00000", "2008-09-30": "1151.00000", "2008-06-30": "982.00000", "2008-03-31": "1428.00000", "2007-12-31": "787.00000", "2007-09-30": "1194.00000", "2007-06-30": "938.00000", "2007-03-31": "952.00000", "2006-12-31": "647.00000", "2006-09-30": "1023.00000", "2006-06-30": "748.00000", "2006-03-31": "1051.00000", "2005-12-31": "401.00000", "2005-09-30": "1074.00000", "2005-06-30": "916.00000", "2005-03-31": "923.00000"}, "EBIT": {"2020-09-30": "943.20000", "2020-06-30": "722.70000", "2020-03-31": "751.59990", "2019-12-31": "294.69950", "2019-09-30": "958.20000", "2019-06-30": "551.00020", "2019-03-31": "788.40010", "2018-12-31": "551.10130", "2018-09-30": "668.59990", "2018-06-30": "757.00000", "2018-03-31": "706.00000", "2017-12-31": "730.89990", "2017-09-30": "975.10010", "2017-06-30": "733.29980", "2017-03-31": "1085.70000", "2016-12-31": "532.70020", "2016-09-30": "-1127.89900", "2016-06-30": "866.20000", "2016-03-31": "892.89970", "2015-12-31": "466.39890", "2015-09-30": "960.20000", "2015-06-30": "804.10010", "2015-03-31": "1102.80000", "2014-12-31": "414.40040", "2014-09-30": "905.00000", "2014-06-30": "767.00000", "2014-03-31": "1041.00000", "2013-12-31": "645.49900", "2013-09-30": "875.00000", "2013-06-30": "547.00000", "2013-03-31": "755.00000", "2012-12-31": "249.00000", "2012-09-30": "912.00000", "2012-06-30": "741.00000", "2012-03-31": "754.00000", "2011-12-31": "343.00000", "2011-09-30": "890.00000", "2011-06-30": "717.00000", "2011-03-31": "832.00000", "2010-12-31": "486.00000", "2010-09-30": "1025.00000", "2010-06-30": "394.00000", "2010-03-31": "758.00000", "2009-12-31": "481.00000", "2009-09-30": "858.00000", "2009-06-30": "682.00000", "2009-03-31": "750.00000", "2008-12-31": "421.00000", "2008-09-30": "737.00000", "2008-06-30": "586.00000", "2008-03-31": "1043.00000", "2007-12-31": "427.00000", "2007-09-30": "798.00000", "2007-06-30": "549.00000", "2007-03-31": "545.00000", "2006-12-31": "371.00000", "2006-09-30": "535.00000", "2006-06-30": "371.00000", "2006-03-31": "689.00000", "2005-12-31": "188.00000", "2005-09-30": "624.00000", "2005-06-30": "455.00000", "2005-03-31": "660.00000"}, "Basic Shares Outstanding": {"2020-09-30": "496.17800", "2020-06-30": "495.65500", "2020-03-31": "494.59700", "2019-12-31": "493.69400", "2019-09-30": "493.83900", "2019-06-30": "493.58400", "2019-03-31": "493.30900", "2018-12-31": "492.77500", "2018-09-30": "492.98500", "2018-06-30": "492.68800", "2018-03-31": "492.26700", "2017-12-31": "491.81500", "2017-09-30": "491.84100", "2017-06-30": "491.79100", "2017-03-31": "491.71200", "2016-12-31": "491.49500", "2016-09-30": "491.69800", "2016-06-30": "491.46000", "2016-03-31": "491.10800", "2015-12-31": "490.34100", "2015-09-30": "490.64900", "2015-06-30": "490.20700", "2015-03-31": "489.59800", "2014-12-31": "488.59300", "2014-09-30": "488.91300", "2014-06-30": "488.29200", "2014-03-31": "487.86700", "2013-12-31": "486.62000", "2013-09-30": "486.93300", "2013-06-30": "486.29300", "2013-03-31": "485.82400", "2012-12-31": "484.68200", "2012-09-30": "484.98000", "2012-06-30": "484.50000", "2012-03-31": "483.82800", "2011-12-31": "482.16900", "2011-09-30": "482.49900", "2011-06-30": "481.92800", "2011-03-31": "481.14400", "2010-12-31": "479.37300", "2010-09-30": "479.57810", "2010-06-30": "479.05100", "2010-03-31": "478.43000", "2009-12-31": "458.67750", "2009-09-30": "476.94800", "2009-06-30": "472.22000", "2009-03-31": "406.82700", "2008-12-31": "402.08400", "2008-09-30": "402.28700", "2008-06-30": "401.51400", "2008-03-31": "400.79800", "2007-12-31": "398.78500", "2007-09-30": "399.22300", "2007-06-30": "398.67900", "2007-03-31": "397.31500", "2006-12-31": "394.21900", "2006-09-30": "393.91300", "2006-06-30": "393.72200", "2006-03-31": "393.65300", "2005-12-31": "389.97000", "2005-09-30": "389.00000", "2005-06-30": "384.00000", "2005-03-31": "393.00000"}, "Shares Outstanding": {"2020-09-30": "497.45900", "2020-06-30": "497.33800", "2020-03-31": "496.60900", "2019-12-31": "495.30600", "2019-09-30": "495.46200", "2019-06-30": "495.38300", "2019-03-31": "494.48400", "2018-12-31": "493.75800", "2018-09-30": "493.94100", "2018-06-30": "493.50500", "2018-03-31": "493.12700", "2017-12-31": "492.61100", "2017-09-30": "493.00000", "2017-06-30": "492.64200", "2017-03-31": "492.03200", "2016-12-31": "491.66200", "2016-09-30": "491.81400", "2016-06-30": "491.64100", "2016-03-31": "491.33200", "2015-12-31": "490.57500", "2015-09-30": "490.80000", "2015-06-30": "490.48400", "2015-03-31": "489.93700", "2014-12-31": "488.90000", "2014-09-30": "488.97100", "2014-06-30": "488.53800", "2014-03-31": "488.27100", "2013-12-31": "487.04100", "2013-09-30": "487.25900", "2013-06-30": "486.76400", "2013-03-31": "486.34400", "2012-12-31": "485.08500", "2012-09-30": "485.36300", "2012-06-30": "484.86100", "2012-03-31": "484.24900", "2011-12-31": "482.46000", "2011-09-30": "482.79700", "2011-06-30": "482.20300", "2011-03-31": "481.36600", "2010-12-31": "479.60100", "2010-09-30": "479.75050", "2010-06-30": "479.17600", "2010-03-31": "478.84500", "2009-12-31": "458.98230", "2009-09-30": "477.11100", "2009-06-30": "472.22300", "2009-03-31": "407.38200", "2008-12-31": "403.64100", "2008-09-30": "403.91000", "2008-06-30": "402.78600", "2008-03-31": "402.07200", "2007-12-31": "400.19900", "2007-09-30": "400.21600", "2007-06-30": "399.86900", "2007-03-31": "398.55200", "2006-12-31": "396.48300", "2006-09-30": "396.26600", "2006-06-30": "395.50100", "2006-03-31": "395.58000", "2005-12-31": "391.42400", "2005-09-30": "390.00000", "2005-06-30": "385.00000", "2005-03-31": "394.00000"}, "Basic EPS": {"2020-09-30": "1.51000", "2020-06-30": "1.05000", "2020-03-31": "1.00000", "2019-12-31": "0.31000", "2019-09-30": "1.49000", "2019-06-30": "0.93000", "2019-03-31": "1.16000", "2018-12-31": "0.74000", "2018-09-30": "1.17000", "2018-06-30": "1.07000", "2018-03-31": "0.92000", "2017-12-31": "0.82000", "2017-09-30": "1.11000", "2017-06-30": "0.76000", "2017-03-31": "1.20000", "2016-12-31": "0.76000", "2016-09-30": "-1.56000", "2016-06-30": "1.02000", "2016-03-31": "1.02000", "2015-12-31": "0.94000", "2015-09-30": "1.06000", "2015-06-30": "0.88000", "2015-03-31": "1.29000", "2014-12-31": "0.38000", "2014-09-30": "1.01000", "2014-06-30": "0.80000", "2014-03-31": "1.15000", "2013-12-31": "0.71000", "2013-09-30": "0.89000", "2013-06-30": "0.69000", "2013-03-31": "0.75000", "2012-12-31": "0.05000", "2012-09-30": "1.00000", "2012-06-30": "0.75000", "2012-03-31": "0.80000", "2011-12-31": "0.64000", "2011-09-30": "1.92000", "2011-06-30": "0.73000", "2011-03-31": "0.73000", "2010-12-31": "0.37000", "2010-09-30": "1.16000", "2010-06-30": "0.28000", "2010-03-31": "0.72000", "2009-12-31": "0.47000", "2009-09-30": "0.93000", "2009-06-30": "0.67000", "2009-03-31": "0.89000", "2008-12-31": "0.37000", "2008-09-30": "0.93000", "2008-06-30": "0.70000", "2008-03-31": "1.43000", "2007-12-31": "0.58000", "2007-09-30": "1.02000", "2007-06-30": "0.45000", "2007-03-31": "0.68000", "2006-12-31": "0.46000", "2006-09-30": "0.67000", "2006-06-30": "0.44000", "2006-03-31": "0.97000", "2005-12-31": "-0.38000", "2005-09-30": "0.99000", "2005-06-30": "0.58000", "2005-03-31": "0.90000"}, "EPS - Earnings Per Share": {"2020-09-30": "1.50000", "2020-06-30": "1.05000", "2020-03-31": "1.00000", "2019-12-31": "0.31000", "2019-09-30": "1.48000", "2019-06-30": "0.93000", "2019-03-31": "1.16000", "2018-12-31": "0.74000", "2018-09-30": "1.17000", "2018-06-30": "1.07000", "2018-03-31": "0.92000", "2017-12-31": "0.82000", "2017-09-30": "1.10000", "2017-06-30": "0.76000", "2017-03-31": "1.20000", "2016-12-31": "0.76000", "2016-09-30": "-1.56000", "2016-06-30": "1.02000", "2016-03-31": "1.02000", "2015-12-31": "0.94000", "2015-09-30": "1.06000", "2015-06-30": "0.88000", "2015-03-31": "1.29000", "2014-12-31": "0.38000", "2014-09-30": "1.01000", "2014-06-30": "0.80000", "2014-03-31": "1.15000", "2013-12-31": "0.71000", "2013-09-30": "0.89000", "2013-06-30": "0.69000", "2013-03-31": "0.75000", "2012-12-31": "0.05000", "2012-09-30": "1.00000", "2012-06-30": "0.75000", "2012-03-31": "0.80000", "2011-12-31": "0.64000", "2011-09-30": "1.92000", "2011-06-30": "0.73000", "2011-03-31": "0.73000", "2010-12-31": "0.37000", "2010-09-30": "1.16000", "2010-06-30": "0.28000", "2010-03-31": "0.72000", "2009-12-31": "0.47000", "2009-09-30": "0.93000", "2009-06-30": "0.67000", "2009-03-31": "0.89000", "2008-12-31": "0.36000", "2008-09-30": "0.93000", "2008-06-30": "0.70000", "2008-03-31": "1.43000", "2007-12-31": "0.57000", "2007-09-30": "1.02000", "2007-06-30": "0.45000", "2007-03-31": "0.68000", "2006-12-31": "0.46000", "2006-09-30": "0.67000", "2006-06-30": "0.44000", "2006-03-31": "0.96000", "2005-12-31": "-0.39000", "2005-09-30": "0.99000", "2005-06-30": "0.58000", "2005-03-31": "0.90000"}}, "balance sheet": {"Cash On Hand": {"2019-12-31": "635.30000", "2018-12-31": "603.20000", "2017-12-31": "574.30000", "2016-12-31": "542.20000", "2015-12-31": "563.20000", "2014-12-31": "548.10000", "2013-12-31": "471.00000", "2012-12-31": "603.00000", "2011-12-31": "515.00000", "2010-12-31": "710.00000", "2009-12-31": "853.00000", "2008-12-31": "738.00000", "2007-12-31": "543.00000", "2006-12-31": "726.00000", "2005-12-31": "528.00000"}, "Receivables": {"2019-12-31": "1705.10000", "2018-12-31": "1926.50000", "2017-12-31": "1891.00000", "2016-12-31": "1916.70000", "2015-12-31": "1640.50000", "2014-12-31": "1835.20000", "2013-12-31": "1860.00000", "2012-12-31": "1871.00000", "2011-12-31": "1834.00000", "2010-12-31": "1923.00000", "2009-12-31": "1050.00000", "2008-12-31": "1066.00000", "2007-12-31": "1117.00000", "2006-12-31": "1040.00000", "2005-12-31": "1220.00000"}, "Inventory": {"2019-12-31": "1169.20000", "2018-12-31": "921.10000", "2017-12-31": "953.20000", "2016-12-31": "967.30000", "2015-12-31": "1339.40000", "2014-12-31": "1316.60000", "2013-12-31": "1423.00000", "2012-12-31": "1519.00000", "2011-12-31": "1292.00000", "2010-12-31": "1448.00000", "2009-12-31": "1661.00000", "2008-12-31": "1173.00000", "2007-12-31": "967.00000", "2006-12-31": "913.00000", "2005-12-31": "726.00000"}, "Pre-Paid Expenses": {"2019-12-31": "242.10000", "2018-12-31": "208.80000", "2017-12-31": "310.40000", "2016-12-31": "325.50000", "2015-12-31": "172.40000", "2014-12-31": "275.20000", "2013-12-31": "246.00000", "2012-12-31": "241.00000", "2011-12-31": "216.00000", "2010-12-31": "145.00000", "2009-12-31": "211.00000", "2008-12-31": "126.00000", "2007-12-31": "70.00000", "2006-12-31": "109.00000", "2005-12-31": "127.00000"}, "Other Current Assets": {"2019-12-31": "326.10000", "2018-12-31": "454.30000", "2017-12-31": "524.20000", "2016-12-31": "2282.20000", "2015-12-31": "356.90000", "2014-12-31": "399.70000", "2013-12-31": "310.00000", "2012-12-31": "355.00000", "2011-12-31": "325.00000", "2010-12-31": "790.00000", "2009-12-31": "981.00000", "2008-12-31": "672.00000", "2007-12-31": "329.00000", "2006-12-31": "800.00000", "2005-12-31": "1344.00000"}, "Total Current Assets": {"2019-12-31": "4077.80000", "2018-12-31": "4113.90000", "2017-12-31": "4253.10000", "2016-12-31": "6033.90000", "2015-12-31": "4072.40000", "2014-12-31": "4478.10000", "2013-12-31": "4310.00000", "2012-12-31": "4589.00000", "2011-12-31": "4182.00000", "2010-12-31": "5016.00000", "2009-12-31": "4756.00000", "2008-12-31": "3775.00000", "2007-12-31": "3026.00000", "2006-12-31": "3588.00000", "2005-12-31": "3945.00000"}, "Property, Plant, And Equipment": {"2019-12-31": "60138.10000", "2018-12-31": "55099.10000", "2017-12-31": "50261.50000", "2016-12-31": "45639.30000", "2015-12-31": "46133.20000", "2014-12-31": "43635.10000", "2013-12-31": "40997.00000", "2012-12-31": "38763.00000", "2011-12-31": "36971.00000", "2010-12-31": "35674.00000", "2009-12-31": "34344.00000", "2008-12-31": "32987.00000", "2007-12-31": "29870.00000", "2006-12-31": "26781.00000", "2005-12-31": "24284.00000"}, "Long-Term Investments": {"2019-12-31": "", "2018-12-31": "", "2017-12-31": "", "2016-12-31": "", "2015-12-31": "", "2014-12-31": "", "2013-12-31": "", "2012-12-31": "", "2011-12-31": "", "2010-12-31": "", "2009-12-31": "", "2008-12-31": "", "2007-12-31": "", "2006-12-31": "", "2005-12-31": ""}, "Goodwill And Intangible Assets": {"2019-12-31": "52.50000", "2018-12-31": "52.50000", "2017-12-31": "52.50000", "2016-12-31": "52.50000", "2015-12-31": "52.50000", "2014-12-31": "52.50000", "2013-12-31": "91.00000", "2012-12-31": "91.00000", "2011-12-31": "76.00000", "2010-12-31": "76.00000", "2009-12-31": "76.00000", "2008-12-31": "76.00000", "2007-12-31": "76.00000", "2006-12-31": "76.00000", "2005-12-31": "76.00000"}, "Other Long-Term Assets": {"2019-12-31": "1124.70000", "2018-12-31": "1174.60000", "2017-12-31": "1493.30000", "2016-12-31": "1775.20000", "2015-12-31": "2071.70000", "2014-12-31": "2366.60000", "2013-12-31": "2670.00000", "2012-12-31": "2485.00000", "2011-12-31": "2030.00000", "2010-12-31": "2152.00000", "2009-12-31": "2239.00000", "2008-12-31": "2395.00000", "2007-12-31": "2427.00000", "2006-12-31": "2580.00000", "2005-12-31": "1523.00000"}, "Total Long-Term Assets": {"2019-12-31": "70857.10000", "2018-12-31": "64688.90000", "2017-12-31": "60476.00000", "2016-12-31": "57433.80000", "2015-12-31": "57610.70000", "2014-12-31": "55066.50000", "2013-12-31": "52104.00000", "2012-12-31": "49778.00000", "2011-12-31": "48041.00000", "2010-12-31": "45439.00000", "2009-12-31": "43592.00000", "2008-12-31": "41380.00000", "2007-12-31": "37293.00000", "2006-12-31": "34399.00000", "2005-12-31": "32227.00000"}, "Total Assets": {"2019-12-31": "75892.30000", "2018-12-31": "68802.80000", "2017-12-31": "64729.10000", "2016-12-31": "63467.70000", "2015-12-31": "61683.10000", "2014-12-31": "59544.60000", "2013-12-31": "56414.00000", "2012-12-31": "54367.00000", "2011-12-31": "52223.00000", "2010-12-31": "50455.00000", "2009-12-31": "48348.00000", "2008-12-31": "45155.00000", "2007-12-31": "40319.00000", "2006-12-31": "37987.00000", "2005-12-31": "36172.00000"}, "Total Current Liabilities": {"2019-12-31": "10299.10000", "2018-12-31": "8648.80000", "2017-12-31": "8271.30000", "2016-12-31": "9498.00000", "2015-12-31": "7108.50000", "2014-12-31": "7966.60000", "2013-12-31": "6112.00000", "2012-12-31": "6823.00000", "2011-12-31": "6611.00000", "2010-12-31": "6518.00000", "2009-12-31": "5327.00000", "2008-12-31": "6297.00000", "2007-12-31": "5161.00000", "2006-12-31": "5456.00000", "2005-12-31": "5460.00000"}, "Long Term Debt": {"2019-12-31": "25126.80000", "2018-12-31": "21648.20000", "2017-12-31": "19419.60000", "2016-12-31": "17378.40000", "2015-12-31": "17740.90000", "2014-12-31": "16012.00000", "2013-12-31": "16828.00000", "2012-12-31": "15586.00000", "2011-12-31": "15083.00000", "2010-12-31": "15502.00000", "2009-12-31": "15757.00000", "2008-12-31": "15536.00000", "2007-12-31": "14202.00000", "2006-12-31": "12429.00000", "2005-12-31": "11073.00000"}, "Other Non-Current Liabilities": {"2019-12-31": "10978.90000", "2018-12-31": "11130.80000", "2017-12-31": "10681.70000", "2016-12-31": "5898.10000", "2015-12-31": "5721.70000", "2014-12-31": "5974.00000", "2013-12-31": "5706.00000", "2012-12-31": "5454.00000", "2011-12-31": "4862.00000", "2010-12-31": "4706.00000", "2009-12-31": "5454.00000", "2008-12-31": "5239.00000", "2007-12-31": "4215.00000", "2006-12-31": "4193.00000", "2005-12-31": "4406.00000"}, "Total Long Term Liabilities": {"2019-12-31": "45680.00000", "2018-12-31": "41094.60000", "2017-12-31": "38144.20000", "2016-12-31": "36549.60000", "2015-12-31": "36669.70000", "2014-12-31": "34753.50000", "2013-12-31": "34216.00000", "2012-12-31": "32307.00000", "2011-12-31": "30947.00000", "2010-12-31": "30315.00000", "2009-12-31": "29881.00000", "2008-12-31": "28148.00000", "2007-12-31": "25079.00000", "2006-12-31": "23119.00000", "2005-12-31": "21624.00000"}, "Total Liabilities": {"2019-12-31": "55979.10000", "2018-12-31": "49743.40000", "2017-12-31": "46415.50000", "2016-12-31": "46047.60000", "2015-12-31": "43778.20000", "2014-12-31": "42720.10000", "2013-12-31": "40328.00000", "2012-12-31": "39130.00000", "2011-12-31": "37558.00000", "2010-12-31": "36833.00000", "2009-12-31": "35208.00000", "2008-12-31": "34445.00000", "2007-12-31": "30240.00000", "2006-12-31": "28575.00000", "2005-12-31": "27084.00000"}, "Common Stock Net": {"2019-12-31": "3343.40000", "2018-12-31": "3337.40000", "2017-12-31": "3329.40000", "2016-12-31": "3328.30000", "2015-12-31": "3324.00000", "2014-12-31": "3313.30000", "2013-12-31": "3303.00000", "2012-12-31": "3289.00000", "2011-12-31": "3274.00000", "2010-12-31": "3257.00000", "2009-12-31": "3239.00000", "2008-12-31": "2771.00000", "2007-12-31": "2743.00000", "2006-12-31": "2718.00000", "2005-12-31": "2699.00000"}, "Retained Earnings (Accumulated Deficit)": {"2019-12-31": "9900.90000", "2018-12-31": "9325.30000", "2017-12-31": "8626.70000", "2016-12-31": "7892.40000", "2015-12-31": "8398.30000", "2014-12-31": "7406.60000", "2013-12-31": "6766.00000", "2012-12-31": "6236.00000", "2011-12-31": "5890.00000", "2010-12-31": "4842.00000", "2009-12-31": "4451.00000", "2008-12-31": "3847.00000", "2007-12-31": "3138.00000", "2006-12-31": "2696.00000", "2005-12-31": "2285.00000"}, "Comprehensive Income": {"2019-12-31": "-147.70000", "2018-12-31": "-120.40000", "2017-12-31": "-67.80000", "2016-12-31": "-156.30000", "2015-12-31": "-127.10000", "2014-12-31": "-103.10000", "2013-12-31": "-115.00000", "2012-12-31": "-337.00000", "2011-12-31": "-470.00000", "2010-12-31": "-381.00000", "2009-12-31": "-374.00000", "2008-12-31": "-452.00000", "2007-12-31": "-154.00000", "2006-12-31": "-223.00000", "2005-12-31": "-27.00000"}, "Other Share Holders Equity": {"2019-12-31": "", "2018-12-31": "", "2017-12-31": "", "2016-12-31": "", "2015-12-31": "", "2014-12-31": "", "2013-12-31": "", "2012-12-31": "", "2011-12-31": "", "2010-12-31": "", "2009-12-31": "", "2008-12-31": "", "2007-12-31": "", "2006-12-31": "", "2005-12-31": ""}, "Share Holder Equity": {"2019-12-31": "19913.20000", "2018-12-31": "19059.40000", "2017-12-31": "18313.60000", "2016-12-31": "17420.10000", "2015-12-31": "17904.90000", "2014-12-31": "16824.50000", "2013-12-31": "16086.00000", "2012-12-31": "15237.00000", "2011-12-31": "14665.00000", "2010-12-31": "13622.00000", "2009-12-31": "13140.00000", "2008-12-31": "10710.00000", "2007-12-31": "10079.00000", "2006-12-31": "9412.00000", "2005-12-31": "9088.00000"}, "Total Liabilities And Share Holders Equity": {"2019-12-31": "75892.30000", "2018-12-31": "68802.80000", "2017-12-31": "64729.10000", "2016-12-31": "63467.70000", "2015-12-31": "61683.10000", "2014-12-31": "59544.60000", "2013-12-31": "56414.00000", "2012-12-31": "54367.00000", "2011-12-31": "52223.00000", "2010-12-31": "50455.00000", "2009-12-31": "48348.00000", "2008-12-31": "45155.00000", "2007-12-31": "40319.00000", "2006-12-31": "37987.00000", "2005-12-31": "36172.00000"}}, "balance sheet, quarterly": {"Cash On Hand": {"2020-09-30": "672.80000", "2020-06-30": "697.00000", "2020-03-31": "1856.00000", "2019-12-31": "635.30000", "2019-09-30": "688.20000", "2019-06-30": "565.30000", "2019-03-31": "532.00000", "2018-12-31": "603.20000", "2018-09-30": "1101.60000", "2018-06-30": "550.40000", "2018-03-31": "484.40000", "2017-12-31": "574.30000", "2017-09-30": "654.60000", "2017-06-30": "490.00000", "2017-03-31": "450.00000", "2016-12-31": "542.20000", "2016-09-30": "491.40000", "2016-06-30": "553.70000", "2016-03-31": "454.90000", "2015-12-31": "563.20000", "2015-09-30": "493.00000", "2015-06-30": "551.00000", "2015-03-31": "483.00000", "2014-12-31": "548.10000", "2014-09-30": "512.00000", "2014-06-30": "567.00000", "2014-03-31": "602.00000", "2013-12-31": "471.00000", "2013-09-30": "435.00000", "2013-06-30": "415.00000", "2013-03-31": "440.00000", "2012-12-31": "603.00000", "2012-09-30": "721.00000", "2012-06-30": "594.00000", "2012-03-31": "503.00000", "2011-12-31": "515.00000", "2011-09-30": "786.00000", "2011-06-30": "728.00000", "2011-03-31": "921.00000", "2010-12-31": "710.00000", "2010-09-30": "1416.00000", "2010-06-30": "1136.00000", "2010-03-31": "1056.00000", "2009-12-31": "853.00000", "2009-09-30": "1136.00000", "2009-06-30": "647.00000", "2009-03-31": "925.00000", "2008-12-31": "738.00000", "2008-09-30": "1008.00000", "2008-06-30": "461.00000", "2008-03-31": "494.00000", "2007-12-31": "543.00000", "2007-09-30": "427.00000", "2007-06-30": "509.00000", "2007-03-31": "456.00000", "2006-12-31": "726.00000", "2006-09-30": "457.00000", "2006-06-30": "422.00000", "2006-03-31": "478.00000", "2005-12-31": "528.00000", "2005-09-30": "922.00000", "2005-06-30": "882.00000", "2005-03-31": "1442.00000"}, "Receivables": {"2020-09-30": "1850.70000", "2020-06-30": "1791.50000", "2020-03-31": "1741.50000", "2019-12-31": "1705.10000", "2019-09-30": "1825.10000", "2019-06-30": "1781.20000", "2019-03-31": "1882.30000", "2018-12-31": "1926.50000", "2018-09-30": "2118.10000", "2018-06-30": "2270.70000", "2018-03-31": "1851.50000", "2017-12-31": "1891.00000", "2017-09-30": "1740.90000", "2017-06-30": "1661.80000", "2017-03-31": "1711.20000", "2016-12-31": "1916.70000", "2016-09-30": "1880.00000", "2016-06-30": "1815.20000", "2016-03-31": "1650.00000", "2015-12-31": "1640.50000", "2015-09-30": "1853.00000", "2015-06-30": "1920.00000", "2015-03-31": "1889.00000", "2014-12-31": "1835.20000", "2014-09-30": "1855.00000", "2014-06-30": "1926.00000", "2014-03-31": "1943.00000", "2013-12-31": "1860.00000", "2013-09-30": "1856.00000", "2013-06-30": "1931.00000", "2013-03-31": "1869.00000", "2012-12-31": "1871.00000", "2012-09-30": "1855.00000", "2012-06-30": "1762.00000", "2012-03-31": "1670.00000", "2011-12-31": "1834.00000", "2011-09-30": "1860.00000", "2011-06-30": "1866.00000", "2011-03-31": "1749.00000", "2010-12-31": "1923.00000", "2010-09-30": "1816.00000", "2010-06-30": "1847.00000", "2010-03-31": "1656.00000", "2009-12-31": "1050.00000", "2009-09-30": "1029.00000", "2009-06-30": "1037.00000", "2009-03-31": "962.00000", "2008-12-31": "1066.00000", "2008-09-30": "1187.00000", "2008-06-30": "1235.00000", "2008-03-31": "1050.00000", "2007-12-31": "1117.00000", "2007-09-30": "1202.00000", "2007-06-30": "1072.00000", "2007-03-31": "1089.00000", "2006-12-31": "1040.00000", "2006-09-30": "1083.00000", "2006-06-30": "1017.00000", "2006-03-31": "1000.00000", "2005-12-31": "1220.00000", "2005-09-30": "1210.00000", "2005-06-30": "1058.00000", "2005-03-31": "1125.00000"}, "Inventory": {"2020-09-30": "1267.30000", "2020-06-30": "1279.80000", "2020-03-31": "1195.90000", "2019-12-31": "1169.20000", "2019-09-30": "1051.30000", "2019-06-30": "1034.40000", "2019-03-31": "946.60000", "2018-12-31": "921.10000", "2018-09-30": "847.90000", "2018-06-30": "915.60000", "2018-03-31": "922.80000", "2017-12-31": "953.20000", "2017-09-30": "916.50000", "2017-06-30": "982.20000", "2017-03-31": "955.30000", "2016-12-31": "967.30000", "2016-09-30": "1024.80000", "2016-06-30": "1362.00000", "2016-03-31": "1351.90000", "2015-12-31": "1339.40000", "2015-09-30": "1105.00000", "2015-06-30": "1160.00000", "2015-03-31": "1192.00000", "2014-12-31": "1316.60000", "2014-09-30": "1205.00000", "2014-06-30": "1219.00000", "2014-03-31": "1214.00000", "2013-12-31": "1423.00000", "2013-09-30": "1440.00000", "2013-06-30": "1574.00000", "2013-03-31": "1520.00000", "2012-12-31": "1519.00000", "2012-09-30": "1462.00000", "2012-06-30": "1494.00000", "2012-03-31": "1418.00000", "2011-12-31": "1292.00000", "2011-09-30": "1173.00000", "2011-06-30": "1305.00000", "2011-03-31": "1328.00000", "2010-12-31": "1448.00000", "2010-09-30": "1409.00000", "2010-06-30": "1577.00000", "2010-03-31": "1566.00000", "2009-12-31": "1661.00000", "2009-09-30": "1567.00000", "2009-06-30": "1486.00000", "2009-03-31": "1290.00000", "2008-12-31": "1173.00000", "2008-09-30": "1018.00000", "2008-06-30": "1049.00000", "2008-03-31": "947.00000", "2007-12-31": "967.00000", "2007-09-30": "961.00000", "2007-06-30": "1038.00000", "2007-03-31": "942.00000", "2006-12-31": "913.00000", "2006-09-30": "810.00000", "2006-06-30": "865.00000", "2006-03-31": "776.00000", "2005-12-31": "726.00000", "2005-09-30": "649.00000", "2005-06-30": "729.00000", "2005-03-31": "636.00000"}, "Pre-Paid Expenses": {"2020-09-30": "316.70000", "2020-06-30": "241.50000", "2020-03-31": "219.10000", "2019-12-31": "242.10000", "2019-09-30": "262.40000", "2019-06-30": "233.90000", "2019-03-31": "200.40000", "2018-12-31": "208.80000", "2018-09-30": "186.60000", "2018-06-30": "243.10000", "2018-03-31": "280.20000", "2017-12-31": "310.40000", "2017-09-30": "350.50000", "2017-06-30": "224.40000", "2017-03-31": "141.00000", "2016-12-31": "325.50000", "2016-09-30": "148.10000", "2016-06-30": "145.20000", "2016-03-31": "136.00000", "2015-12-31": "172.40000", "2015-09-30": "156.00000", "2015-06-30": "210.00000", "2015-03-31": "148.00000", "2014-12-31": "275.20000", "2014-09-30": "177.00000", "2014-06-30": "229.00000", "2014-03-31": "159.00000", "2013-12-31": "246.00000", "2013-09-30": "262.00000", "2013-06-30": "337.00000", "2013-03-31": "241.00000", "2012-12-31": "241.00000", "2012-09-30": "209.00000", "2012-06-30": "179.00000", "2012-03-31": "185.00000", "2011-12-31": "216.00000", "2011-09-30": "173.00000", "2011-06-30": "172.00000", "2011-03-31": "157.00000", "2010-12-31": "145.00000", "2010-09-30": "155.00000", "2010-06-30": "", "2010-03-31": "239.00000", "2009-12-31": "211.00000", "2009-09-30": "243.00000", "2009-06-30": "232.00000", "2009-03-31": "203.00000", "2008-12-31": "126.00000", "2008-09-30": "124.00000", "2008-06-30": "105.00000", "2008-03-31": "121.00000", "2007-12-31": "70.00000", "2007-09-30": "86.00000", "2007-06-30": "74.00000", "2007-03-31": "", "2006-12-31": "109.00000", "2006-09-30": "", "2006-06-30": "", "2006-03-31": "", "2005-12-31": "127.00000", "2005-09-30": "", "2005-06-30": "", "2005-03-31": ""}, "Other Current Assets": {"2020-09-30": "230.70000", "2020-06-30": "263.40000", "2020-03-31": "279.50000", "2019-12-31": "326.10000", "2019-09-30": "339.40000", "2019-06-30": "446.50000", "2019-03-31": "353.50000", "2018-12-31": "454.30000", "2018-09-30": "438.20000", "2018-06-30": "590.30000", "2018-03-31": "596.10000", "2017-12-31": "524.20000", "2017-09-30": "405.30000", "2017-06-30": "450.60000", "2017-03-31": "358.90000", "2016-12-31": "2282.20000", "2016-09-30": "2404.90000", "2016-06-30": "562.80000", "2016-03-31": "553.50000", "2015-12-31": "356.90000", "2015-09-30": "941.00000", "2015-06-30": "384.00000", "2015-03-31": "404.00000", "2014-12-31": "399.70000", "2014-09-30": "362.00000", "2014-06-30": "382.00000", "2014-03-31": "417.00000", "2013-12-31": "310.00000", "2013-09-30": "324.00000", "2013-06-30": "365.00000", "2013-03-31": "327.00000", "2012-12-31": "355.00000", "2012-09-30": "401.00000", "2012-06-30": "454.00000", "2012-03-31": "438.00000", "2011-12-31": "325.00000", "2011-09-30": "382.00000", "2011-06-30": "683.00000", "2011-03-31": "634.00000", "2010-12-31": "790.00000", "2010-09-30": "625.00000", "2010-06-30": "1233.00000", "2010-03-31": "999.00000", "2009-12-31": "981.00000", "2009-09-30": "504.00000", "2009-06-30": "822.00000", "2009-03-31": "738.00000", "2008-12-31": "672.00000", "2008-09-30": "647.00000", "2008-06-30": "1156.00000", "2008-03-31": "749.00000", "2007-12-31": "329.00000", "2007-09-30": "435.00000", "2007-06-30": "570.00000", "2007-03-31": "676.00000", "2006-12-31": "800.00000", "2006-09-30": "825.00000", "2006-06-30": "951.00000", "2006-03-31": "995.00000", "2005-12-31": "1344.00000", "2005-09-30": "1889.00000", "2005-06-30": "861.00000", "2005-03-31": "1200.00000"}, "Total Current Assets": {"2020-09-30": "4338.20000", "2020-06-30": "4273.20000", "2020-03-31": "5292.00000", "2019-12-31": "4077.80000", "2019-09-30": "4166.40000", "2019-06-30": "4061.30000", "2019-03-31": "3914.80000", "2018-12-31": "4113.90000", "2018-09-30": "4692.40000", "2018-06-30": "4570.10000", "2018-03-31": "4135.00000", "2017-12-31": "4253.10000", "2017-09-30": "4067.80000", "2017-06-30": "3809.00000", "2017-03-31": "3616.40000", "2016-12-31": "6033.90000", "2016-09-30": "5949.20000", "2016-06-30": "4438.90000", "2016-03-31": "4146.30000", "2015-12-31": "4072.40000", "2015-09-30": "4548.00000", "2015-06-30": "4225.00000", "2015-03-31": "4116.00000", "2014-12-31": "4478.10000", "2014-09-30": "4111.00000", "2014-06-30": "4323.00000", "2014-03-31": "4335.00000", "2013-12-31": "4310.00000", "2013-09-30": "4317.00000", "2013-06-30": "4622.00000", "2013-03-31": "4397.00000", "2012-12-31": "4589.00000", "2012-09-30": "4648.00000", "2012-06-30": "4483.00000", "2012-03-31": "4214.00000", "2011-12-31": "4182.00000", "2011-09-30": "4374.00000", "2011-06-30": "4754.00000", "2011-03-31": "4789.00000", "2010-12-31": "5016.00000", "2010-09-30": "5421.00000", "2010-06-30": "5793.00000", "2010-03-31": "5516.00000", "2009-12-31": "4756.00000", "2009-09-30": "4479.00000", "2009-06-30": "4224.00000", "2009-03-31": "4118.00000", "2008-12-31": "3775.00000", "2008-09-30": "3984.00000", "2008-06-30": "4006.00000", "2008-03-31": "3361.00000", "2007-12-31": "3026.00000", "2007-09-30": "3111.00000", "2007-06-30": "3263.00000", "2007-03-31": "3163.00000", "2006-12-31": "3588.00000", "2006-09-30": "3175.00000", "2006-06-30": "3255.00000", "2006-03-31": "3249.00000", "2005-12-31": "3945.00000", "2005-09-30": "4670.00000", "2005-06-30": "3530.00000", "2005-03-31": "4403.00000"}, "Property, Plant, And Equipment": {"2020-09-30": "62786.40000", "2020-06-30": "61926.80000", "2020-03-31": "61048.90000", "2019-12-31": "60138.10000", "2019-09-30": "58692.70000", "2019-06-30": "57202.90000", "2019-03-31": "55968.60000", "2018-12-31": "55099.10000", "2018-09-30": "53355.70000", "2018-06-30": "52441.50000", "2018-03-31": "51365.10000", "2017-12-31": "50261.50000", "2017-09-30": "48316.50000", "2017-06-30": "47227.20000", "2017-03-31": "46236.30000", "2016-12-31": "45639.30000", "2016-09-30": "44262.20000", "2016-06-30": "47436.20000", "2016-03-31": "46832.90000", "2015-12-31": "46133.20000", "2015-09-30": "45238.00000", "2015-06-30": "45013.00000", "2015-03-31": "44810.00000", "2014-12-31": "43635.10000", "2014-09-30": "43064.00000", "2014-06-30": "42273.00000", "2014-03-31": "41530.00000", "2013-12-31": "40997.00000", "2013-09-30": "39870.00000", "2013-06-30": "39425.00000", "2013-03-31": "39130.00000", "2012-12-31": "38763.00000", "2012-09-30": "38133.00000", "2012-06-30": "37828.00000", "2012-03-31": "37432.00000", "2011-12-31": "36971.00000", "2011-09-30": "36417.00000", "2011-06-30": "36064.00000", "2011-03-31": "35766.00000", "2010-12-31": "35674.00000", "2010-09-30": "34998.00000", "2010-06-30": "34718.00000", "2010-03-31": "34526.00000", "2009-12-31": "34344.00000", "2009-09-30": "33821.00000", "2009-06-30": "33559.00000", "2009-03-31": "33251.00000", "2008-12-31": "32987.00000", "2008-09-30": "31789.00000", "2008-06-30": "31004.00000", "2008-03-31": "30371.00000", "2007-12-31": "29870.00000", "2007-09-30": "29030.00000", "2007-06-30": "28467.00000", "2007-03-31": "27303.00000", "2006-12-31": "26781.00000", "2006-09-30": "25822.00000", "2006-06-30": "25398.00000", "2006-03-31": "24808.00000", "2005-12-31": "24284.00000", "2005-09-30": "23515.00000", "2005-06-30": "22893.00000", "2005-03-31": "22599.00000"}, "Long-Term Investments": {"2020-09-30": "", "2020-06-30": "", "2020-03-31": "", "2019-12-31": "", "2019-09-30": "", "2019-06-30": "", "2019-03-31": "", "2018-12-31": "", "2018-09-30": "", "2018-06-30": "", "2018-03-31": "", "2017-12-31": "", "2017-09-30": "", "2017-06-30": "", "2017-03-31": "", "2016-12-31": "", "2016-09-30": "", "2016-06-30": "", "2016-03-31": "", "2015-12-31": "", "2015-09-30": "", "2015-06-30": "", "2015-03-31": "", "2014-12-31": "", "2014-09-30": "", "2014-06-30": "", "2014-03-31": "", "2013-12-31": "", "2013-09-30": "", "2013-06-30": "", "2013-03-31": "", "2012-12-31": "", "2012-09-30": "", "2012-06-30": "", "2012-03-31": "", "2011-12-31": "", "2011-09-30": "", "2011-06-30": "", "2011-03-31": "", "2010-12-31": "", "2010-09-30": "", "2010-06-30": "", "2010-03-31": "", "2009-12-31": "", "2009-09-30": "", "2009-06-30": "", "2009-03-31": "", "2008-12-31": "", "2008-09-30": "", "2008-06-30": "", "2008-03-31": "", "2007-12-31": "", "2007-09-30": "", "2007-06-30": "", "2007-03-31": "", "2006-12-31": "", "2006-09-30": "45.00000", "2006-06-30": "45.00000", "2006-03-31": "47.00000", "2005-12-31": "", "2005-09-30": "105.00000", "2005-06-30": "138.00000", "2005-03-31": "136.00000"}, "Goodwill And Intangible Assets": {"2020-09-30": "52.50000", "2020-06-30": "52.50000", "2020-03-31": "52.50000", "2019-12-31": "52.50000", "2019-09-30": "52.50000", "2019-06-30": "52.50000", "2019-03-31": "52.50000", "2018-12-31": "52.50000", "2018-09-30": "52.50000", "2018-06-30": "52.50000", "2018-03-31": "52.50000", "2017-12-31": "52.50000", "2017-09-30": "52.50000", "2017-06-30": "52.50000", "2017-03-31": "52.50000", "2016-12-31": "52.50000", "2016-09-30": "52.50000", "2016-06-30": "52.50000", "2016-03-31": "52.50000", "2015-12-31": "52.50000", "2015-09-30": "53.00000", "2015-06-30": "91.00000", "2015-03-31": "91.00000", "2014-12-31": "52.50000", "2014-09-30": "91.00000", "2014-06-30": "91.00000", "2014-03-31": "91.00000", "2013-12-31": "91.00000", "2013-09-30": "91.00000", "2013-06-30": "91.00000", "2013-03-31": "91.00000", "2012-12-31": "91.00000", "2012-09-30": "90.00000", "2012-06-30": "90.00000", "2012-03-31": "90.00000", "2011-12-31": "76.00000", "2011-09-30": "76.00000", "2011-06-30": "76.00000", "2011-03-31": "76.00000", "2010-12-31": "76.00000", "2010-09-30": "76.00000", "2010-06-30": "76.00000", "2010-03-31": "76.00000", "2009-12-31": "76.00000", "2009-09-30": "76.00000", "2009-06-30": "76.00000", "2009-03-31": "76.00000", "2008-12-31": "76.00000", "2008-09-30": "76.00000", "2008-06-30": "76.00000", "2008-03-31": "76.00000", "2007-12-31": "76.00000", "2007-09-30": "76.00000", "2007-06-30": "76.00000", "2007-03-31": "76.00000", "2006-12-31": "76.00000", "2006-09-30": "76.00000", "2006-06-30": "76.00000", "2006-03-31": "76.00000", "2005-12-31": "76.00000", "2005-09-30": "76.00000", "2005-06-30": "76.00000", "2005-03-31": "76.00000"}, "Other Long-Term Assets": {"2020-09-30": "926.90000", "2020-06-30": "958.00000", "2020-03-31": "1112.80000", "2019-12-31": "1124.70000", "2019-09-30": "1237.70000", "2019-06-30": "1098.80000", "2019-03-31": "1103.40000", "2018-12-31": "1174.60000", "2018-09-30": "1266.30000", "2018-06-30": "1346.60000", "2018-03-31": "1417.80000", "2017-12-31": "1493.30000", "2017-09-30": "1598.20000", "2017-06-30": "1650.00000", "2017-03-31": "1735.70000", "2016-12-31": "1775.20000", "2016-09-30": "1870.70000", "2016-06-30": "1930.40000", "2016-03-31": "2018.10000", "2015-12-31": "2071.70000", "2015-09-30": "2194.00000", "2015-06-30": "2294.00000", "2015-03-31": "2366.00000", "2014-12-31": "2366.60000", "2014-09-30": "2387.00000", "2014-06-30": "2468.00000", "2014-03-31": "2574.00000", "2013-12-31": "2670.00000", "2013-09-30": "2394.00000", "2013-06-30": "2330.00000", "2013-03-31": "2406.00000", "2012-12-31": "2485.00000", "2012-09-30": "2569.00000", "2012-06-30": "2680.00000", "2012-03-31": "2714.00000", "2011-12-31": "2030.00000", "2011-09-30": "1941.00000", "2011-06-30": "2016.00000", "2011-03-31": "2066.00000", "2010-12-31": "2152.00000", "2010-09-30": "2276.00000", "2010-06-30": "2242.00000", "2010-03-31": "2314.00000", "2009-12-31": "2239.00000", "2009-09-30": "2319.00000", "2009-06-30": "2363.00000", "2009-03-31": "2428.00000", "2008-12-31": "2395.00000", "2008-09-30": "2394.00000", "2008-06-30": "2610.00000", "2008-03-31": "2451.00000", "2007-12-31": "2427.00000", "2007-09-30": "2462.00000", "2007-06-30": "2472.00000", "2007-03-31": "3430.00000", "2006-12-31": "2580.00000", "2006-09-30": "1821.00000", "2006-06-30": "1942.00000", "2006-03-31": "2122.00000", "2005-12-31": "1523.00000", "2005-09-30": "2236.00000", "2005-06-30": "2116.00000", "2005-03-31": "2765.00000"}, "Total Long-Term Assets": {"2020-09-30": "73470.09000", "2020-06-30": "72618.70000", "2020-03-31": "71505.30000", "2019-12-31": "70857.10000", "2019-09-30": "68744.30000", "2019-06-30": "67472.20000", "2019-03-31": "65761.80000", "2018-12-31": "64688.90000", "2018-09-30": "62925.00000", "2018-06-30": "62300.00000", "2018-03-31": "61474.50000", "2017-12-31": "60476.00000", "2017-09-30": "59897.10000", "2017-06-30": "58930.10000", "2017-03-31": "58111.90000", "2016-12-31": "57433.80000", "2016-09-30": "55492.80000", "2016-06-30": "58878.20000", "2016-03-31": "58340.20000", "2015-12-31": "57610.70000", "2015-09-30": "56551.00000", "2015-06-30": "56713.00000", "2015-03-31": "55922.00000", "2014-12-31": "55066.50000", "2014-09-30": "53814.00000", "2014-06-30": "53297.00000", "2014-03-31": "52703.00000", "2013-12-31": "52104.00000", "2013-09-30": "50646.00000", "2013-06-30": "50357.00000", "2013-03-31": "50153.00000", "2012-12-31": "49778.00000", "2012-09-30": "49195.00000", "2012-06-30": "48938.00000", "2012-03-31": "48688.00000", "2011-12-31": "48041.00000", "2011-09-30": "46813.00000", "2011-06-30": "45998.00000", "2011-03-31": "45771.00000", "2010-12-31": "45439.00000", "2010-09-30": "44471.00000", "2010-06-30": "44144.00000", "2010-03-31": "44109.00000", "2009-12-31": "43592.00000", "2009-09-30": "42714.00000", "2009-06-30": "42114.00000", "2009-03-31": "41747.00000", "2008-12-31": "41380.00000", "2008-09-30": "39054.00000", "2008-06-30": "38690.00000", "2008-03-31": "37956.00000", "2007-12-31": "37293.00000", "2007-09-30": "36345.00000", "2007-06-30": "35930.00000", "2007-03-31": "34773.00000", "2006-12-31": "34399.00000", "2006-09-30": "33210.00000", "2006-06-30": "32929.00000", "2006-03-31": "32516.00000", "2005-12-31": "32227.00000", "2005-09-30": "31286.00000", "2005-06-30": "30409.00000", "2005-03-31": "30694.00000"}, "Total Assets": {"2020-09-30": "78689.30000", "2020-06-30": "77804.80000", "2020-03-31": "77724.00000", "2019-12-31": "75892.30000", "2019-09-30": "73900.70000", "2019-06-30": "72550.00000", "2019-03-31": "70722.00000", "2018-12-31": "68802.80000", "2018-09-30": "67617.40000", "2018-06-30": "66870.10000", "2018-03-31": "65609.50000", "2017-12-31": "64729.10000", "2017-09-30": "63964.90000", "2017-06-30": "62739.10000", "2017-03-31": "61728.30000", "2016-12-31": "63467.70000", "2016-09-30": "61442.00000", "2016-06-30": "63317.10000", "2016-03-31": "62486.50000", "2015-12-31": "61683.10000", "2015-09-30": "61099.00000", "2015-06-30": "60938.00000", "2015-03-31": "60038.00000", "2014-12-31": "59544.60000", "2014-09-30": "57925.00000", "2014-06-30": "57620.00000", "2014-03-31": "57038.00000", "2013-12-31": "56414.00000", "2013-09-30": "54963.00000", "2013-06-30": "54979.00000", "2013-03-31": "54550.00000", "2012-12-31": "54367.00000", "2012-09-30": "53843.00000", "2012-06-30": "53421.00000", "2012-03-31": "52902.00000", "2011-12-31": "52223.00000", "2011-09-30": "51187.00000", "2011-06-30": "50752.00000", "2011-03-31": "50560.00000", "2010-12-31": "50455.00000", "2010-09-30": "49892.00000", "2010-06-30": "49937.00000", "2010-03-31": "49625.00000", "2009-12-31": "48348.00000", "2009-09-30": "47193.00000", "2009-06-30": "46338.00000", "2009-03-31": "45865.00000", "2008-12-31": "45155.00000", "2008-09-30": "43038.00000", "2008-06-30": "42696.00000", "2008-03-31": "41317.00000", "2007-12-31": "40319.00000", "2007-09-30": "39456.00000", "2007-06-30": "39193.00000", "2007-03-31": "37936.00000", "2006-12-31": "37987.00000", "2006-09-30": "36385.00000", "2006-06-30": "36184.00000", "2006-03-31": "35765.00000", "2005-12-31": "36172.00000", "2005-09-30": "35956.00000", "2005-06-30": "33939.00000", "2005-03-31": "35097.00000"}, "Total Current Liabilities": {"2020-09-30": "9047.20000", "2020-06-30": "10122.00000", "2020-03-31": "11654.70000", "2019-12-31": "10299.10000", "2019-09-30": "8611.20000", "2019-06-30": "8357.10000", "2019-03-31": "7990.60000", "2018-12-31": "8648.80000", "2018-09-30": "8426.20000", "2018-06-30": "9058.30000", "2018-03-31": "9471.40000", "2017-12-31": "8271.30000", "2017-09-30": "7322.00000", "2017-06-30": "8392.20000", "2017-03-31": "7914.50000", "2016-12-31": "9498.00000", "2016-09-30": "7779.40000", "2016-06-30": "7869.90000", "2016-03-31": "7221.90000", "2015-12-31": "7108.50000", "2015-09-30": "7058.00000", "2015-06-30": "6650.00000", "2015-03-31": "7128.00000", "2014-12-31": "7966.60000", "2014-09-30": "7457.00000", "2014-06-30": "7600.00000", "2014-03-31": "6519.00000", "2013-12-31": "6112.00000", "2013-09-30": "5692.00000", "2013-06-30": "6519.00000", "2013-03-31": "6175.00000", "2012-12-31": "6823.00000", "2012-09-30": "6795.00000", "2012-06-30": "6407.00000", "2012-03-31": "6342.00000", "2011-12-31": "6611.00000", "2011-09-30": "5684.00000", "2011-06-30": "5887.00000", "2011-03-31": "5989.00000", "2010-12-31": "6518.00000", "2010-09-30": "6148.00000", "2010-06-30": "5778.00000", "2010-03-31": "5515.00000", "2009-12-31": "5327.00000", "2009-09-30": "4987.00000", "2009-06-30": "5393.00000", "2009-03-31": "6411.00000", "2008-12-31": "6297.00000", "2008-09-30": "5722.00000", "2008-06-30": "5626.00000", "2008-03-31": "5172.00000", "2007-12-31": "5161.00000", "2007-09-30": "4908.00000", "2007-06-30": "5804.00000", "2007-03-31": "5308.00000", "2006-12-31": "5456.00000", "2006-09-30": "5596.00000", "2006-06-30": "4561.00000", "2006-03-31": "4864.00000", "2005-12-31": "5460.00000", "2005-09-30": "5412.00000", "2005-06-30": "4531.00000", "2005-03-31": "5532.00000"}, "Long Term Debt": {"2020-09-30": "28155.50000", "2020-06-30": "26637.70000", "2020-03-31": "25783.00000", "2019-12-31": "25126.80000", "2019-09-30": "24553.50000", "2019-06-30": "24174.40000", "2019-03-31": "22898.20000", "2018-12-31": "21648.20000", "2018-09-30": "20869.80000", "2018-06-30": "19750.60000", "2018-03-31": "18844.90000", "2017-12-31": "19419.60000", "2017-09-30": "18362.40000", "2017-06-30": "16796.90000", "2017-03-31": "16722.20000", "2016-12-31": "17378.40000", "2016-09-30": "17319.90000", "2016-06-30": "17537.40000", "2016-03-31": "17749.30000", "2015-12-31": "17740.90000", "2015-09-30": "17600.00000", "2015-06-30": "17761.00000", "2015-03-31": "16778.00000", "2014-12-31": "16012.00000", "2014-09-30": "15677.00000", "2014-06-30": "15601.00000", "2014-03-31": "16475.00000", "2013-12-31": "16828.00000", "2013-09-30": "16202.00000", "2013-06-30": "15799.00000", "2013-03-31": "15899.00000", "2012-12-31": "15586.00000", "2012-09-30": "14955.00000", "2012-06-30": "15319.00000", "2012-03-31": "15340.00000", "2011-12-31": "15083.00000", "2011-09-30": "15183.00000", "2011-06-30": "15564.00000", "2011-03-31": "15631.00000", "2010-12-31": "15502.00000", "2010-09-30": "15995.00000", "2010-06-30": "16305.00000", "2010-03-31": "16281.00000", "2009-12-31": "15757.00000", "2009-09-30": "15713.00000", "2009-06-30": "15350.00000", "2009-03-31": "15904.00000", "2008-12-31": "15536.00000", "2008-09-30": "15325.00000", "2008-06-30": "15184.00000", "2008-03-31": "14705.00000", "2007-12-31": "14202.00000", "2007-09-30": "13866.00000", "2007-06-30": "13067.00000", "2007-03-31": "12525.00000", "2006-12-31": "12429.00000", "2006-09-30": "10974.00000", "2006-06-30": "11845.00000", "2006-03-31": "11081.00000", "2005-12-31": "11073.00000", "2005-09-30": "11025.00000", "2005-06-30": "10852.00000", "2005-03-31": "10674.00000"}, "Other Non-Current Liabilities": {"2020-09-30": "11002.40000", "2020-06-30": "11028.20000", "2020-03-31": "10648.50000", "2019-12-31": "10978.90000", "2019-09-30": "11275.50000", "2019-06-30": "11294.60000", "2019-03-31": "11301.20000", "2018-12-31": "11130.80000", "2018-09-30": "10936.30000", "2018-06-30": "10953.10000", "2018-03-31": "10627.90000", "2017-12-31": "10681.70000", "2017-09-30": "6240.90000", "2017-06-30": "6135.90000", "2017-03-31": "6083.80000", "2016-12-31": "5898.10000", "2016-09-30": "5985.50000", "2016-06-30": "5834.70000", "2016-03-31": "5797.20000", "2015-12-31": "5721.70000", "2015-09-30": "5907.00000", "2015-06-30": "6062.00000", "2015-03-31": "6036.00000", "2014-12-31": "5974.00000", "2014-09-30": "5880.00000", "2014-06-30": "5863.00000", "2014-03-31": "5755.00000", "2013-12-31": "5706.00000", "2013-09-30": "5558.00000", "2013-06-30": "5500.00000", "2013-03-31": "5537.00000", "2012-12-31": "5454.00000", "2012-09-30": "5348.00000", "2012-06-30": "5397.00000", "2012-03-31": "5208.00000", "2011-12-31": "4862.00000", "2011-09-30": "4803.00000", "2011-06-30": "4799.00000", "2011-03-31": "4755.00000", "2010-12-31": "4706.00000", "2010-09-30": "4572.00000", "2010-06-30": "4474.00000", "2010-03-31": "4462.00000", "2009-12-31": "5454.00000", "2009-09-30": "4248.00000", "2009-06-30": "4065.00000", "2009-03-31": "3992.00000", "2008-12-31": "5239.00000", "2008-09-30": "4082.00000", "2008-06-30": "4324.00000", "2008-03-31": "4175.00000", "2007-12-31": "4215.00000", "2007-09-30": "4155.00000", "2007-06-30": "4191.00000", "2007-03-31": "4013.00000", "2006-12-31": "4193.00000", "2006-09-30": "4254.00000", "2006-06-30": "4199.00000", "2006-03-31": "4210.00000", "2005-12-31": "4406.00000", "2005-09-30": "4437.00000", "2005-06-30": "3995.00000", "2005-03-31": "4182.00000"}, "Total Long Term Liabilities": {"2020-09-30": "49007.50000", "2020-06-30": "47404.60000", "2020-03-31": "46061.60000", "2019-12-31": "45680.00000", "2019-09-30": "45291.80000", "2019-06-30": "44769.70000", "2019-03-31": "43502.90000", "2018-12-31": "41094.60000", "2018-09-30": "40144.40000", "2018-06-30": "39060.40000", "2018-03-31": "37626.50000", "2017-12-31": "38144.20000", "2017-09-30": "38537.40000", "2017-06-30": "36497.40000", "2017-03-31": "36102.10000", "2016-12-31": "36549.60000", "2016-09-30": "36319.60000", "2016-06-30": "37042.30000", "2016-03-31": "37122.90000", "2015-12-31": "36669.70000", "2015-09-30": "36332.00000", "2015-06-30": "36846.00000", "2015-03-31": "35662.00000", "2014-12-31": "34753.50000", "2014-09-30": "33596.00000", "2014-06-30": "33435.00000", "2014-03-31": "34100.00000", "2013-12-31": "34216.00000", "2013-09-30": "33508.00000", "2013-06-30": "32923.00000", "2013-03-31": "32954.00000", "2012-12-31": "32307.00000", "2012-09-30": "31742.00000", "2012-06-30": "32006.00000", "2012-03-31": "31703.00000", "2011-12-31": "30947.00000", "2011-09-30": "30850.00000", "2011-06-30": "30926.00000", "2011-03-31": "30792.00000", "2010-12-31": "30315.00000", "2010-09-30": "30088.00000", "2010-06-30": "30889.00000", "2010-03-31": "30786.00000", "2009-12-31": "29881.00000", "2009-09-30": "29142.00000", "2009-06-30": "28182.00000", "2009-03-31": "28496.00000", "2008-12-31": "28148.00000", "2008-09-30": "26399.00000", "2008-06-30": "26439.00000", "2008-03-31": "25656.00000", "2007-12-31": "25079.00000", "2007-09-30": "24639.00000", "2007-06-30": "23733.00000", "2007-03-31": "23088.00000", "2006-12-31": "23119.00000", "2006-09-30": "21264.00000", "2006-06-30": "22197.00000", "2006-03-31": "21517.00000", "2005-12-31": "21624.00000", "2005-09-30": "21559.00000", "2005-06-30": "21026.00000", "2005-03-31": "21297.00000"}, "Total Liabilities": {"2020-09-30": "58054.70000", "2020-06-30": "57526.60000", "2020-03-31": "57716.30000", "2019-12-31": "55979.10000", "2019-09-30": "53903.00000", "2019-06-30": "53126.80000", "2019-03-31": "51493.50000", "2018-12-31": "49743.40000", "2018-09-30": "48570.60000", "2018-06-30": "48118.70000", "2018-03-31": "47097.90000", "2017-12-31": "46415.50000", "2017-09-30": "45859.40000", "2017-06-30": "44889.60000", "2017-03-31": "44016.60000", "2016-12-31": "46047.60000", "2016-09-30": "44099.00000", "2016-06-30": "44912.20000", "2016-03-31": "44344.80000", "2015-12-31": "43778.20000", "2015-09-30": "43390.00000", "2015-06-30": "43496.00000", "2015-03-31": "42790.00000", "2014-12-31": "42720.10000", "2014-09-30": "41053.00000", "2014-06-30": "41035.00000", "2014-03-31": "40619.00000", "2013-12-31": "40328.00000", "2013-09-30": "39200.00000", "2013-06-30": "39442.00000", "2013-03-31": "39129.00000", "2012-12-31": "39130.00000", "2012-09-30": "38537.00000", "2012-06-30": "38413.00000", "2012-03-31": "38045.00000", "2011-12-31": "37558.00000", "2011-09-30": "36534.00000", "2011-06-30": "36813.00000", "2011-03-31": "36781.00000", "2010-12-31": "36833.00000", "2010-09-30": "36236.00000", "2010-06-30": "36667.00000", "2010-03-31": "36301.00000", "2009-12-31": "35208.00000", "2009-09-30": "34129.00000", "2009-06-30": "33575.00000", "2009-03-31": "34907.00000", "2008-12-31": "34445.00000", "2008-09-30": "32121.00000", "2008-06-30": "32065.00000", "2008-03-31": "30828.00000", "2007-12-31": "30240.00000", "2007-09-30": "29547.00000", "2007-06-30": "29537.00000", "2007-03-31": "28396.00000", "2006-12-31": "28575.00000", "2006-09-30": "26860.00000", "2006-06-30": "26758.00000", "2006-03-31": "26381.00000", "2005-12-31": "27084.00000", "2005-09-30": "26971.00000", "2005-06-30": "25557.00000", "2005-03-31": "26829.00000"}, "Common Stock Net": {"2020-09-30": "3357.60000", "2020-06-30": "3355.40000", "2020-03-31": "3350.20000", "2019-12-31": "3343.40000", "2019-09-30": "3341.90000", "2019-06-30": "3340.80000", "2019-03-31": "3338.60000", "2018-12-31": "3337.40000", "2018-09-30": "3336.50000", "2018-06-30": "3335.40000", "2018-03-31": "3332.70000", "2017-12-31": "3329.40000", "2017-09-30": "3328.30000", "2017-06-30": "3328.30000", "2017-03-31": "3328.30000", "2016-12-31": "3328.30000", "2016-09-30": "3328.30000", "2016-06-30": "3328.00000", "2016-03-31": "3325.30000", "2015-12-31": "3324.00000", "2015-09-30": "3322.00000", "2015-06-30": "3321.00000", "2015-03-31": "3317.00000", "2014-12-31": "3313.30000", "2014-09-30": "3312.00000", "2014-06-30": "3308.00000", "2014-03-31": "3305.00000", "2013-12-31": "3303.00000", "2013-09-30": "3299.00000", "2013-06-30": "3296.00000", "2013-03-31": "3291.00000", "2012-12-31": "3289.00000", "2012-09-30": "3286.00000", "2012-06-30": "3284.00000", "2012-03-31": "3280.00000", "2011-12-31": "3274.00000", "2011-09-30": "3271.00000", "2011-06-30": "3266.00000", "2011-03-31": "3263.00000", "2010-12-31": "3257.00000", "2010-09-30": "3252.00000", "2010-06-30": "3248.00000", "2010-03-31": "3244.00000", "2009-12-31": "3239.00000", "2009-09-30": "3235.00000", "2009-06-30": "3231.00000", "2009-03-31": "2782.00000", "2008-12-31": "2771.00000", "2008-09-30": "2760.00000", "2008-06-30": "2754.00000", "2008-03-31": "2750.00000", "2007-12-31": "2743.00000", "2007-09-30": "2739.00000", "2007-06-30": "2734.00000", "2007-03-31": "2728.00000", "2006-12-31": "2718.00000", "2006-09-30": "2704.00000", "2006-06-30": "2700.00000", "2006-03-31": "2700.00000", "2005-12-31": "2699.00000", "2005-09-30": "2697.00000", "2005-06-30": "2638.00000", "2005-03-31": "2635.00000"}, "Retained Earnings (Accumulated Deficit)": {"2020-09-30": "10621.40000", "2020-06-30": "10221.90000", "2020-03-31": "10038.80000", "2019-12-31": "9900.90000", "2019-09-30": "10095.30000", "2019-06-30": "9694.20000", "2019-03-31": "9565.60000", "2018-12-31": "9325.30000", "2018-09-30": "9293.70000", "2018-06-30": "9023.10000", "2018-03-31": "8801.50000", "2017-12-31": "8626.70000", "2017-09-30": "8532.00000", "2017-06-30": "8276.40000", "2017-03-31": "8194.30000", "2016-12-31": "7892.40000", "2016-09-30": "7809.40000", "2016-06-30": "8851.40000", "2016-03-31": "8624.80000", "2015-12-31": "8398.30000", "2015-09-30": "8204.00000", "2015-06-30": "7945.00000", "2015-03-31": "7776.00000", "2014-12-31": "7406.60000", "2014-09-30": "7470.00000", "2014-06-30": "7222.00000", "2014-03-31": "7076.00000", "2013-12-31": "6766.00000", "2013-09-30": "6664.00000", "2013-06-30": "6470.00000", "2013-03-31": "6370.00000", "2012-12-31": "6236.00000", "2012-09-30": "6444.00000", "2012-06-30": "6185.00000", "2012-03-31": "6050.00000", "2011-12-31": "5890.00000", "2011-09-30": "5810.00000", "2011-06-30": "5103.00000", "2011-03-31": "4973.00000", "2010-12-31": "4842.00000", "2010-09-30": "4887.00000", "2010-06-30": "4533.00000", "2010-03-31": "4597.00000", "2009-12-31": "4451.00000", "2009-09-30": "4407.00000", "2009-06-30": "4160.00000", "2009-03-31": "4040.00000", "2008-12-31": "3847.00000", "2008-09-30": "3861.00000", "2008-06-30": "3651.00000", "2008-03-31": "3535.00000", "2007-12-31": "3138.00000", "2007-09-30": "3070.00000", "2007-06-30": "2819.00000", "2007-03-31": "2795.00000", "2006-12-31": "2696.00000", "2006-09-30": "2669.00000", "2006-06-30": "2550.00000", "2006-03-31": "2520.00000", "2005-12-31": "2285.00000", "2005-09-30": "2579.00000", "2005-06-30": "2327.00000", "2005-03-31": "2241.00000"}, "Comprehensive Income": {"2020-09-30": "-135.40000", "2020-06-30": "-172.90000", "2020-03-31": "-216.50000", "2019-12-31": "-147.70000", "2019-09-30": "-187.90000", "2019-06-30": "-230.70000", "2019-03-31": "-150.70000", "2018-12-31": "-120.40000", "2018-09-30": "-86.00000", "2018-06-30": "-94.80000", "2018-03-31": "-95.40000", "2017-12-31": "-67.80000", "2017-09-30": "-175.40000", "2017-06-30": "-161.60000", "2017-03-31": "-171.00000", "2016-12-31": "-156.30000", "2016-09-30": "-145.80000", "2016-06-30": "-117.90000", "2016-03-31": "-133.80000", "2015-12-31": "-127.10000", "2015-09-30": "-109.00000", "2015-06-30": "-102.00000", "2015-03-31": "-103.00000", "2014-12-31": "-103.10000", "2014-09-30": "-105.00000", "2014-06-30": "-104.00000", "2014-03-31": "-109.00000", "2013-12-31": "-115.00000", "2013-09-30": "-306.00000", "2013-06-30": "-313.00000", "2013-03-31": "-306.00000", "2012-12-31": "-337.00000", "2012-09-30": "-454.00000", "2012-06-30": "-475.00000", "2012-03-31": "-472.00000", "2011-12-31": "-470.00000", "2011-09-30": "-380.00000", "2011-06-30": "-362.00000", "2011-03-31": "-373.00000", "2010-12-31": "-381.00000", "2010-09-30": "-364.00000", "2010-06-30": "-372.00000", "2010-03-31": "-364.00000", "2009-12-31": "-374.00000", "2009-09-30": "-404.00000", "2009-06-30": "-401.00000", "2009-03-31": "-446.00000", "2008-12-31": "-452.00000", "2008-09-30": "-148.00000", "2008-06-30": "-189.00000", "2008-03-31": "-187.00000", "2007-12-31": "-154.00000", "2007-09-30": "-228.00000", "2007-06-30": "-202.00000", "2007-03-31": "-253.00000", "2006-12-31": "-223.00000", "2006-09-30": "-1.00000", "2006-06-30": "38.00000", "2006-03-31": "27.00000", "2005-12-31": "-27.00000", "2005-09-30": "-412.00000", "2005-06-30": "-396.00000", "2005-03-31": "-394.00000"}, "Other Share Holders Equity": {"2020-09-30": "", "2020-06-30": "", "2020-03-31": "", "2019-12-31": "", "2019-09-30": "", "2019-06-30": "", "2019-03-31": "", "2018-12-31": "", "2018-09-30": "", "2018-06-30": "", "2018-03-31": "", "2017-12-31": "", "2017-09-30": "", "2017-06-30": "", "2017-03-31": "", "2016-12-31": "", "2016-09-30": "", "2016-06-30": "", "2016-03-31": "", "2015-12-31": "", "2015-09-30": "", "2015-06-30": "", "2015-03-31": "", "2014-12-31": "", "2014-09-30": "", "2014-06-30": "", "2014-03-31": "", "2013-12-31": "", "2013-09-30": "", "2013-06-30": "", "2013-03-31": "", "2012-12-31": "", "2012-09-30": "", "2012-06-30": "", "2012-03-31": "", "2011-12-31": "", "2011-09-30": "", "2011-06-30": "", "2011-03-31": "", "2010-12-31": "", "2010-09-30": "", "2010-06-30": "", "2010-03-31": "", "2009-12-31": "", "2009-09-30": "", "2009-06-30": "", "2009-03-31": "", "2008-12-31": "", "2008-09-30": "", "2008-06-30": "", "2008-03-31": "", "2007-12-31": "", "2007-09-30": "", "2007-06-30": "", "2007-03-31": "", "2006-12-31": "", "2006-09-30": "", "2006-06-30": "", "2006-03-31": "", "2005-12-31": "", "2005-09-30": "", "2005-06-30": "", "2005-03-31": ""}, "Share Holder Equity": {"2020-09-30": "20634.60000", "2020-06-30": "20278.20000", "2020-03-31": "20007.70000", "2019-12-31": "19913.20000", "2019-09-30": "19997.70000", "2019-06-30": "19423.20000", "2019-03-31": "19228.50000", "2018-12-31": "19059.40000", "2018-09-30": "19046.80000", "2018-06-30": "18751.40000", "2018-03-31": "18511.60000", "2017-12-31": "18313.60000", "2017-09-30": "18105.50000", "2017-06-30": "17849.50000", "2017-03-31": "17711.70000", "2016-12-31": "17420.10000", "2016-09-30": "17343.00000", "2016-06-30": "18404.90000", "2016-03-31": "18141.70000", "2015-12-31": "17904.90000", "2015-09-30": "17709.00000", "2015-06-30": "17442.00000", "2015-03-31": "17248.00000", "2014-12-31": "16824.50000", "2014-09-30": "16872.00000", "2014-06-30": "16585.00000", "2014-03-31": "16419.00000", "2013-12-31": "16086.00000", "2013-09-30": "15763.00000", "2013-06-30": "15537.00000", "2013-03-31": "15421.00000", "2012-12-31": "15237.00000", "2012-09-30": "15306.00000", "2012-06-30": "15008.00000", "2012-03-31": "14857.00000", "2011-12-31": "14665.00000", "2011-09-30": "14653.00000", "2011-06-30": "13939.00000", "2011-03-31": "13779.00000", "2010-12-31": "13622.00000", "2010-09-30": "13656.00000", "2010-06-30": "13270.00000", "2010-03-31": "13324.00000", "2009-12-31": "13140.00000", "2009-09-30": "13064.00000", "2009-06-30": "12763.00000", "2009-03-31": "10958.00000", "2008-12-31": "10710.00000", "2008-09-30": "10917.00000", "2008-06-30": "10631.00000", "2008-03-31": "10489.00000", "2007-12-31": "10079.00000", "2007-09-30": "9909.00000", "2007-06-30": "9656.00000", "2007-03-31": "9540.00000", "2006-12-31": "9412.00000", "2006-09-30": "9525.00000", "2006-06-30": "9426.00000", "2006-03-31": "9384.00000", "2005-12-31": "9088.00000", "2005-09-30": "8985.00000", "2005-06-30": "8382.00000", "2005-03-31": "8268.00000"}, "Total Liabilities And Share Holders Equity": {"2020-09-30": "78689.30000", "2020-06-30": "77804.80000", "2020-03-31": "77724.00000", "2019-12-31": "75892.30000", "2019-09-30": "73900.70000", "2019-06-30": "72550.00000", "2019-03-31": "70722.00000", "2018-12-31": "68802.80000", "2018-09-30": "67617.40000", "2018-06-30": "66870.10000", "2018-03-31": "65609.50000", "2017-12-31": "64729.10000", "2017-09-30": "63964.90000", "2017-06-30": "62739.10000", "2017-03-31": "61728.30000", "2016-12-31": "63467.70000", "2016-09-30": "61442.00000", "2016-06-30": "63317.10000", "2016-03-31": "62486.50000", "2015-12-31": "61683.10000", "2015-09-30": "61099.00000", "2015-06-30": "60938.00000", "2015-03-31": "60038.00000", "2014-12-31": "59544.60000", "2014-09-30": "57925.00000", "2014-06-30": "57620.00000", "2014-03-31": "57038.00000", "2013-12-31": "56414.00000", "2013-09-30": "54963.00000", "2013-06-30": "54979.00000", "2013-03-31": "54550.00000", "2012-12-31": "54367.00000", "2012-09-30": "53843.00000", "2012-06-30": "53421.00000", "2012-03-31": "52902.00000", "2011-12-31": "52223.00000", "2011-09-30": "51187.00000", "2011-06-30": "50752.00000", "2011-03-31": "50560.00000", "2010-12-31": "50455.00000", "2010-09-30": "49892.00000", "2010-06-30": "49937.00000", "2010-03-31": "49625.00000", "2009-12-31": "48348.00000", "2009-09-30": "47193.00000", "2009-06-30": "46338.00000", "2009-03-31": "45865.00000", "2008-12-31": "45155.00000", "2008-09-30": "43038.00000", "2008-06-30": "42696.00000", "2008-03-31": "41317.00000", "2007-12-31": "40319.00000", "2007-09-30": "39456.00000", "2007-06-30": "39193.00000", "2007-03-31": "37936.00000", "2006-12-31": "37987.00000", "2006-09-30": "36385.00000", "2006-06-30": "36184.00000", "2006-03-31": "35765.00000", "2005-12-31": "36172.00000", "2005-09-30": "35956.00000", "2005-06-30": "33939.00000", "2005-03-31": "35097.00000"}}, "cash flow statement": {"Net Income/Loss": {"2019-12-31": "1919.80000", "2018-12-31": "1931.30000", "2017-12-31": "1928.90000", "2016-12-31": "618.00000", "2015-12-31": "2052.30000", "2014-12-31": "1638.00000", "2013-12-31": "1484.20000", "2012-12-31": "1262.00000", "2011-12-31": "1949.00000", "2010-12-31": "1218.00000", "2009-12-31": "1365.00000", "2008-12-31": "1388.00000", "2007-12-31": "1098.00000", "2006-12-31": "1002.00000", "2005-12-31": "814.00000"}, "Total Depreciation And Amortization - Cash Flow": {"2019-12-31": "2740.10000", "2018-12-31": "2400.40000", "2017-12-31": "2126.30000", "2016-12-31": "2090.90000", "2015-12-31": "2154.70000", "2014-12-31": "2041.80000", "2013-12-31": "1843.10000", "2012-12-31": "1918.00000", "2011-12-31": "1792.00000", "2010-12-31": "1780.00000", "2009-12-31": "1660.00000", "2008-12-31": "1558.00000", "2007-12-31": "1552.00000", "2006-12-31": "1503.00000", "2005-12-31": "1387.00000"}, "Other Non-Cash Items": {"2019-12-31": "-54.60000", "2018-12-31": "126.00000", "2017-12-31": "619.60000", "2016-12-31": "2225.10000", "2015-12-31": "537.40000", "2014-12-31": "448.20000", "2013-12-31": "842.80000", "2012-12-31": "840.00000", "2011-12-31": "-646.00000", "2010-12-31": "-82.00000", "2009-12-31": "570.00000", "2008-12-31": "78.00000", "2007-12-31": "-114.00000", "2006-12-31": "-2.00000", "2005-12-31": "-739.00000"}, "Total Non-Cash Items": {"2019-12-31": "2685.50000", "2018-12-31": "2526.40000", "2017-12-31": "2745.90000", "2016-12-31": "4316.00000", "2015-12-31": "2692.10000", "2014-12-31": "2490.00000", "2013-12-31": "2685.90000", "2012-12-31": "2758.00000", "2011-12-31": "1146.00000", "2010-12-31": "1698.00000", "2009-12-31": "2230.00000", "2008-12-31": "1636.00000", "2007-12-31": "1438.00000", "2006-12-31": "1501.00000", "2005-12-31": "648.00000"}, "Change In Accounts Receivable": {"2019-12-31": "247.80000", "2018-12-31": "145.90000", "2017-12-31": "28.50000", "2016-12-31": "-226.60000", "2015-12-31": "200.20000", "2014-12-31": "-60.30000", "2013-12-31": "22.90000", "2012-12-31": "-16.00000", "2011-12-31": "107.00000", "2010-12-31": "-866.00000", "2009-12-31": "41.00000", "2008-12-31": "71.00000", "2007-12-31": "-113.00000", "2006-12-31": "177.00000", "2005-12-31": "-7.00000"}, "Change In Inventories": {"2019-12-31": "-248.20000", "2018-12-31": "20.70000", "2017-12-31": "17.90000", "2016-12-31": "60.20000", "2015-12-31": "-38.60000", "2014-12-31": "100.80000", "2013-12-31": "119.20000", "2012-12-31": "-224.00000", "2011-12-31": "176.00000", "2010-12-31": "221.00000", "2009-12-31": "-475.00000", "2008-12-31": "-183.00000", "2007-12-31": "16.00000", "2006-12-31": "-187.00000", "2005-12-31": "-20.00000"}, "Change In Accounts Payable": {"2019-12-31": "5.80000", "2018-12-31": "36.60000", "2017-12-31": "-58.00000", "2016-12-31": "164.90000", "2015-12-31": "16.50000", "2014-12-31": "-74.90000", "2013-12-31": "94.10000", "2012-12-31": "-60.00000", "2011-12-31": "-44.00000", "2010-12-31": "-36.00000", "2009-12-31": "8.00000", "2008-12-31": "-94.00000", "2007-12-31": "-21.00000", "2006-12-31": "56.00000", "2005-12-31": "140.00000"}, "Change In Assets/Liabilities": {"2019-12-31": "-479.50000", "2018-12-31": "409.10000", "2017-12-31": "-484.70000", "2016-12-31": "-453.50000", "2015-12-31": "-294.00000", "2014-12-31": "508.40000", "2013-12-31": "-396.30000", "2012-12-31": "-90.00000", "2011-12-31": "261.00000", "2010-12-31": "248.00000", "2009-12-31": "-224.00000", "2008-12-31": "-271.00000", "2007-12-31": "55.00000", "2006-12-31": "51.00000", "2005-12-31": "254.00000"}, "Total Change In Assets/Liabilities": {"2019-12-31": "-335.20000", "2018-12-31": "765.50000", "2017-12-31": "-404.40000", "2016-12-31": "-412.20000", "2015-12-31": "4.30000", "2014-12-31": "474.40000", "2013-12-31": "-73.90000", "2012-12-31": "-216.00000", "2011-12-31": "693.00000", "2010-12-31": "-254.00000", "2009-12-31": "-1120.00000", "2008-12-31": "-443.00000", "2007-12-31": "-142.00000", "2006-12-31": "229.00000", "2005-12-31": "415.00000"}, "Cash Flow From Operating Activities": {"2019-12-31": "4270.10000", "2018-12-31": "5223.20000", "2017-12-31": "4270.40000", "2016-12-31": "4521.80000", "2015-12-31": "4748.70000", "2014-12-31": "4602.40000", "2013-12-31": "4096.20000", "2012-12-31": "3804.00000", "2011-12-31": "3788.00000", "2010-12-31": "2662.00000", "2009-12-31": "2475.00000", "2008-12-31": "2581.00000", "2007-12-31": "2394.00000", "2006-12-31": "2732.00000", "2005-12-31": "1877.00000"}, "Net Change In Property, Plant, And Equipment": {"2019-12-31": "-6051.40000", "2018-12-31": "-6310.90000", "2017-12-31": "-3531.70000", "2016-12-31": "-4889.00000", "2015-12-31": "-4513.30000", "2014-12-31": "-4194.80000", "2013-12-31": "-3648.40000", "2012-12-31": "-3101.00000", "2011-12-31": "-2565.00000", "2010-12-31": "-2313.00000", "2009-12-31": "-2618.00000", "2008-12-31": "-3870.00000", "2007-12-31": "-3846.00000", "2006-12-31": "-3342.00000", "2005-12-31": "-1158.00000"}, "Net Change In Intangible Assets": {"2019-12-31": "", "2018-12-31": "", "2017-12-31": "", "2016-12-31": "", "2015-12-31": "", "2014-12-31": "", "2013-12-31": "", "2012-12-31": "", "2011-12-31": "", "2010-12-31": "", "2009-12-31": "", "2008-12-31": "", "2007-12-31": "", "2006-12-31": "", "2005-12-31": ""}, "Net Acquisitions/Divestitures": {"2019-12-31": "-1010.70000", "2018-12-31": "-46.10000", "2017-12-31": "-108.00000", "2016-12-31": "-128.50000", "2015-12-31": "-92.00000", "2014-12-31": "-116.20000", "2013-12-31": "-153.70000", "2012-12-31": "-107.00000", "2011-12-31": "-320.00000", "2010-12-31": "-91.00000", "2009-12-31": "-169.00000", "2008-12-31": "-192.00000", "2007-12-31": "-74.00000", "2006-12-31": "-89.00000", "2005-12-31": ""}, "Net Change In Short-term Investments": {"2019-12-31": "", "2018-12-31": "", "2017-12-31": "", "2016-12-31": "", "2015-12-31": "", "2014-12-31": "", "2013-12-31": "", "2012-12-31": "", "2011-12-31": "", "2010-12-31": "", "2009-12-31": "", "2008-12-31": "", "2007-12-31": "", "2006-12-31": "", "2005-12-31": ""}, "Net Change In Long-Term Investments": {"2019-12-31": "-81.80010", "2018-12-31": "-57.80010", "2017-12-31": "-58.39990", "2016-12-31": "-44.60010", "2015-12-31": "-64.30010", "2014-12-31": "-56.20000", "2013-12-31": "-69.00000", "2012-12-31": "-59.00000", "2011-12-31": "58.00000", "2010-12-31": "-101.00000", "2009-12-31": "-105.00000", "2008-12-31": "-5.00000", "2007-12-31": "127.00000", "2006-12-31": "-279.00000", "2005-12-31": "98.00000"}, "Net Change In Investments - Total": {"2019-12-31": "-81.80010", "2018-12-31": "-57.80010", "2017-12-31": "-58.39990", "2016-12-31": "-44.60010", "2015-12-31": "-64.30010", "2014-12-31": "-56.20000", "2013-12-31": "-69.00000", "2012-12-31": "-59.00000", "2011-12-31": "58.00000", "2010-12-31": "-101.00000", "2009-12-31": "-105.00000", "2008-12-31": "-5.00000", "2007-12-31": "127.00000", "2006-12-31": "-279.00000", "2005-12-31": "98.00000"}, "Investing Activities - Other": {"2019-12-31": "-0.60000", "2018-12-31": "61.20000", "2017-12-31": "41.70000", "2016-12-31": "15.50000", "2015-12-31": "97.00000", "2014-12-31": "-38.70000", "2013-12-31": "53.30000", "2012-12-31": "-124.00000", "2011-12-31": "-63.00000", "2010-12-31": "-18.00000", "2009-12-31": "-24.00000", "2008-12-31": "40.00000", "2007-12-31": "-128.00000", "2006-12-31": "-33.00000", "2005-12-31": "55.00000"}, "Cash Flow From Investing Activities": {"2019-12-31": "-7144.50000", "2018-12-31": "-6353.60000", "2017-12-31": "-3656.40000", "2016-12-31": "-5046.60000", "2015-12-31": "-4572.60000", "2014-12-31": "-4405.90000", "2013-12-31": "-3817.80000", "2012-12-31": "-3391.00000", "2011-12-31": "-2890.00000", "2010-12-31": "-2523.00000", "2009-12-31": "-2916.00000", "2008-12-31": "-4027.00000", "2007-12-31": "-3921.00000", "2006-12-31": "-3743.00000", "2005-12-31": "-1005.00000"}, "Net Long-Term Debt": {"2019-12-31": "3240.10000", "2018-12-31": "2085.10000", "2017-12-31": "652.80000", "2016-12-31": "693.39990", "2015-12-31": "847.00020", "2014-12-31": "178.40000", "2013-12-31": "648.20020", "2012-12-31": "1142.00000", "2011-12-31": "-408.00000", "2010-12-31": "-818.00000", "2009-12-31": "1408.00000", "2008-12-31": "853.00000", "2007-12-31": "1278.00000", "2006-12-31": "1350.00000", "2005-12-31": "-134.00000"}, "Net Current Debt": {"2019-12-31": "928.30000", "2018-12-31": "271.40000", "2017-12-31": "-74.40000", "2016-12-31": "913.00000", "2015-12-31": "-546.00000", "2014-12-31": "589.00000", "2013-12-31": "-221.00000", "2012-12-31": "-669.00000", "2011-12-31": "304.00000", "2010-12-31": "1220.00000", "2009-12-31": "-1850.00000", "2008-12-31": "1316.00000", "2007-12-31": "642.00000", "2006-12-31": "7.00000", "2005-12-31": "-13.00000"}, "Debt Issuance/Retirement Net - Total": {"2019-12-31": "4168.40000", "2018-12-31": "2356.50000", "2017-12-31": "578.40000", "2016-12-31": "1606.40000", "2015-12-31": "301.00020", "2014-12-31": "767.40000", "2013-12-31": "427.20020", "2012-12-31": "473.00000", "2011-12-31": "-104.00000", "2010-12-31": "402.00000", "2009-12-31": "-442.00000", "2008-12-31": "2169.00000", "2007-12-31": "1920.00000", "2006-12-31": "1357.00000", "2005-12-31": "-147.00000"}, "Net Common Equity Issued/Repurchased": {"2019-12-31": "65.30000", "2018-12-31": "73.60000", "2017-12-31": "12.20000", "2016-12-31": "34.20000", "2015-12-31": "81.60000", "2014-12-31": "73.60000", "2013-12-31": "83.20000", "2012-12-31": "83.00000", "2011-12-31": "92.00000", "2010-12-31": "93.00000", "2009-12-31": "1728.00000", "2008-12-31": "159.00000", "2007-12-31": "144.00000", "2006-12-31": "99.00000", "2005-12-31": "-25.00000"}, "Net Total Equity Issued/Repurchased": {"2019-12-31": "65.30000", "2018-12-31": "73.60000", "2017-12-31": "12.20000", "2016-12-31": "34.20000", "2015-12-31": "81.60000", "2014-12-31": "73.60000", "2013-12-31": "83.20000", "2012-12-31": "83.00000", "2011-12-31": "28.00000", "2010-12-31": "93.00000", "2009-12-31": "1728.00000", "2008-12-31": "159.00000", "2007-12-31": "144.00000", "2006-12-31": "99.00000", "2005-12-31": "-25.00000"}, "Total Common And Preferred Stock Dividends Paid": {"2019-12-31": "-1350.00000", "2018-12-31": "-1255.50000", "2017-12-31": "-1191.90000", "2016-12-31": "-1121.00000", "2015-12-31": "-1059.00000", "2014-12-31": "-997.60000", "2013-12-31": "-954.30000", "2012-12-31": "-916.00000", "2011-12-31": "-900.00000", "2010-12-31": "-827.00000", "2009-12-31": "-761.00000", "2008-12-31": "-669.00000", "2007-12-31": "-639.00000", "2006-12-31": "-594.00000", "2005-12-31": "-553.00000"}, "Financial Activities - Other": {"2019-12-31": "-20.80000", "2018-12-31": "-12.70000", "2017-12-31": "-3.60000", "2016-12-31": "-15.70000", "2015-12-31": "14.70000", "2014-12-31": "5.70000", "2013-12-31": "5.20000", "2012-12-31": "5.00000", "2011-12-31": "5.00000", "2010-12-31": "-3.00000", "2009-12-31": "-5.00000", "2008-12-31": "20.00000", "2007-12-31": "-21.00000", "2006-12-31": "49.00000", "2005-12-31": "-66.00000"}, "Cash Flow From Financial Activities": {"2019-12-31": "2862.90000", "2018-12-31": "1161.90000", "2017-12-31": "-604.90000", "2016-12-31": "503.90000", "2015-12-31": "-661.70000", "2014-12-31": "-150.90000", "2013-12-31": "-438.70000", "2012-12-31": "-355.00000", "2011-12-31": "-971.00000", "2010-12-31": "-335.00000", "2009-12-31": "520.00000", "2008-12-31": "1679.00000", "2007-12-31": "1404.00000", "2006-12-31": "911.00000", "2005-12-31": "-791.00000"}, "Net Cash Flow": {"2019-12-31": "-11.50000", "2018-12-31": "31.50000", "2017-12-31": "9.10000", "2016-12-31": "-23.40000", "2015-12-31": "5.30000", "2014-12-31": "45.00000", "2013-12-31": "-161.20000", "2012-12-31": "58.00000", "2011-12-31": "-73.00000", "2010-12-31": "-196.00000", "2009-12-31": "79.00000", "2008-12-31": "233.00000", "2007-12-31": "-123.00000", "2006-12-31": "-100.00000", "2005-12-31": "81.00000"}, "Stock-Based Compensation": {"2019-12-31": "", "2018-12-31": "", "2017-12-31": "", "2016-12-31": "", "2015-12-31": "", "2014-12-31": "", "2013-12-31": "", "2012-12-31": "", "2011-12-31": "", "2010-12-31": "", "2009-12-31": "", "2008-12-31": "", "2007-12-31": "", "2006-12-31": "", "2005-12-31": ""}, "Common Stock Dividends Paid": {"2019-12-31": "-1350.00000", "2018-12-31": "-1255.50000", "2017-12-31": "-1191.90000", "2016-12-31": "-1121.00000", "2015-12-31": "-1059.00000", "2014-12-31": "-997.60000", "2013-12-31": "-954.30000", "2012-12-31": "-916.00000", "2011-12-31": "-898.00000", "2010-12-31": "-824.00000", "2009-12-31": "-758.00000", "2008-12-31": "-666.00000", "2007-12-31": "-636.00000", "2006-12-31": "-591.00000", "2005-12-31": "-553.00000"}}, "cash flow statement, quarterly": {"Net Income/Loss": {"2020-09-30": 748.2, "2020-06-30": 514.5, "2020-03-31": "499.30000", "2019-12-31": 152.7, "2019-09-30": 733.9, "2019-06-30": 459.1, "2019-03-31": "574.10000", "2018-12-31": 364.8, "2018-09-30": 579.7, "2018-06-30": 530.1, "2018-03-31": "456.70000", "2017-12-31": 401.8, "2017-09-30": 556.7, "2017-06-30": 376.2, "2017-03-31": "594.20000", "2016-12-31": 375.2, "2016-09-30": -764.2, "2016-06-30": 503.9, "2016-03-31": "503.10000", "2015-12-31": 470.7, "2015-09-30": 519.6, "2015-06-30": 431.3, "2015-03-31": "630.70000", "2014-12-31": 192, "2014-09-30": 494, "2014-06-30": 391, "2014-03-31": "561.00000", "2013-12-31": 347.2, "2013-09-30": 434, "2013-06-30": 339, "2013-03-31": "364.00000", "2012-12-31": 21, "2012-09-30": 488, "2012-06-30": 363, "2012-03-31": "390.00000", "2011-12-31": 311, "2011-09-30": 930, "2011-06-30": 353, "2011-03-31": "355.00000", "2010-12-31": 178, "2010-09-30": 557, "2010-06-30": 137, "2010-03-31": "346.00000", "2009-12-31": 239, "2009-09-30": 446, "2009-06-30": 317, "2009-03-31": "363.00000", "2008-12-31": 154, "2008-09-30": 376, "2008-06-30": 282, "2008-03-31": "576.00000", "2007-12-31": 240, "2007-09-30": 407, "2007-06-30": 180, "2007-03-31": "271.00000", "2006-12-31": 181, "2006-09-30": 265, "2006-06-30": 175, "2006-03-31": "381.00000", "2005-12-31": -149, "2005-09-30": 387, "2005-06-30": 221, "2005-03-31": "355.00000"}, "Total Depreciation And Amortization - Cash Flow": {"2020-09-30": 666.2, "2020-06-30": 701.7, "2020-03-31": "695.60000", "2019-12-31": 794.9, "2019-09-30": 670.7, "2019-06-30": 643.6, "2019-03-31": "630.90000", "2018-12-31": 622.3, "2018-09-30": 633.8, "2018-06-30": 577.2, "2018-03-31": "567.10000", "2017-12-31": 535.6, "2017-09-30": 551.7, "2017-06-30": 522, "2017-03-31": "517.00000", "2016-12-31": 431, "2016-09-30": 575.8, "2016-06-30": 546.5, "2016-03-31": "537.60000", "2015-12-31": 525.1, "2015-09-30": 571, "2015-06-30": 524.9, "2015-03-31": "533.70000", "2014-12-31": 509.8, "2014-09-30": 519, "2014-06-30": 484, "2014-03-31": "529.00000", "2013-12-31": 432.1, "2013-09-30": 485, "2013-06-30": 472, "2013-03-31": "454.00000", "2012-12-31": 465, "2012-09-30": 506, "2012-06-30": 490, "2012-03-31": "457.00000", "2011-12-31": 426, "2011-09-30": 481, "2011-06-30": 448, "2011-03-31": "437.00000", "2010-12-31": 430, "2010-09-30": 468, "2010-06-30": 444, "2010-03-31": "438.00000", "2009-12-31": 419, "2009-09-30": 437, "2009-06-30": 409, "2009-03-31": "395.00000", "2008-12-31": 363, "2008-09-30": 414, "2008-06-30": 396, "2008-03-31": "385.00000", "2007-12-31": 360, "2007-09-30": 396, "2007-06-30": 389, "2007-03-31": "407.00000", "2006-12-31": 276, "2006-09-30": 488, "2006-06-30": 377, "2006-03-31": "362.00000", "2005-12-31": 213, "2005-09-30": 450, "2005-06-30": 461, "2005-03-31": "263.00000"}, "Other Non-Cash Items": {"2020-09-30": 134.4, "2020-06-30": 199.6, "2020-03-31": "57.20000", "2019-12-31": -363.7, "2019-09-30": 301.7, "2019-06-30": -13.5, "2019-03-31": "20.90000", "2018-12-31": -291.8, "2018-09-30": 280, "2018-06-30": 194.2, "2018-03-31": "-56.40000", "2017-12-31": -15.5, "2017-09-30": 555, "2017-06-30": 180.5, "2017-03-31": "-100.40000", "2016-12-31": -249.6, "2016-09-30": 1823.6, "2016-06-30": 324.3, "2016-03-31": "326.80000", "2015-12-31": -159.5, "2015-09-30": 348.7, "2015-06-30": 217.5, "2015-03-31": "130.70000", "2014-12-31": 193.2, "2014-09-30": 81, "2014-06-30": 144, "2014-03-31": "30.00000", "2013-12-31": -67.2, "2013-09-30": 455, "2013-06-30": 298, "2013-03-31": "157.00000", "2012-12-31": 63, "2012-09-30": 271, "2012-06-30": 215, "2012-03-31": "291.00000", "2011-12-31": -586, "2011-09-30": -278, "2011-06-30": 222, "2011-03-31": "-4.00000", "2010-12-31": 272, "2010-09-30": -367, "2010-06-30": 149, "2010-03-31": "-136.00000", "2009-12-31": 327, "2009-09-30": 226, "2009-06-30": 30, "2009-03-31": "-13.00000", "2008-12-31": -74, "2008-09-30": 52, "2008-06-30": 166, "2008-03-31": "-66.00000", "2007-12-31": -124, "2007-09-30": -16, "2007-06-30": 174, "2007-03-31": "-148.00000", "2006-12-31": -97, "2006-09-30": 154, "2006-06-30": 33, "2006-03-31": "-92.00000", "2005-12-31": 41, "2005-09-30": -309, "2005-06-30": -285, "2005-03-31": "-186.00000"}, "Total Non-Cash Items": {"2020-09-30": 800.6, "2020-06-30": 901.3, "2020-03-31": "752.80000", "2019-12-31": 431.2, "2019-09-30": 972.4, "2019-06-30": 630.1001, "2019-03-31": "651.79990", "2018-12-31": 330.5, "2018-09-30": 913.8, "2018-06-30": 771.4, "2018-03-31": "510.70000", "2017-12-31": 520.1, "2017-09-30": 1106.7, "2017-06-30": 702.5, "2017-03-31": "416.60000", "2016-12-31": 181.4, "2016-09-30": 2399.4, "2016-06-30": 870.8, "2016-03-31": "864.40000", "2015-12-31": 365.6, "2015-09-30": 919.7, "2015-06-30": 742.4, "2015-03-31": "664.40000", "2014-12-31": 703, "2014-09-30": 600, "2014-06-30": 628, "2014-03-31": "559.00000", "2013-12-31": 364.9, "2013-09-30": 940, "2013-06-30": 770, "2013-03-31": "611.00000", "2012-12-31": 528, "2012-09-30": 777, "2012-06-30": 705, "2012-03-31": "748.00000", "2011-12-31": -160, "2011-09-30": 203, "2011-06-30": 670, "2011-03-31": "433.00000", "2010-12-31": 702, "2010-09-30": 101, "2010-06-30": 593, "2010-03-31": "302.00000", "2009-12-31": 746, "2009-09-30": 663, "2009-06-30": 439, "2009-03-31": "382.00000", "2008-12-31": 289, "2008-09-30": 466, "2008-06-30": 562, "2008-03-31": "319.00000", "2007-12-31": 236, "2007-09-30": 380, "2007-06-30": 563, "2007-03-31": "259.00000", "2006-12-31": 179, "2006-09-30": 642, "2006-06-30": 410, "2006-03-31": "270.00000", "2005-12-31": 254, "2005-09-30": 141, "2005-06-30": 176, "2005-03-31": "77.00000"}, "Change In Accounts Receivable": {"2020-09-30": -58.2, "2020-06-30": -48.1, "2020-03-31": "-32.60000", "2019-12-31": 122.8, "2019-09-30": -40.5, "2019-06-30": 108, "2019-03-31": "57.50000", "2018-12-31": 198.2, "2018-09-30": 157.6, "2018-06-30": -249.6, "2018-03-31": "39.70000", "2017-12-31": -172.8, "2017-09-30": -69.2, "2017-06-30": 34.7, "2017-03-31": "235.80000", "2016-12-31": 14.2, "2016-09-30": -74.8, "2016-06-30": -155.2, "2016-03-31": "-10.80000", "2015-12-31": 217.7, "2015-09-30": 16.5, "2015-06-30": -31.7, "2015-03-31": "-2.30000", "2014-12-31": -41.3, "2014-09-30": 54, "2014-06-30": 10, "2014-03-31": "-83.00000", "2013-12-31": 18.9, "2013-09-30": 57, "2013-06-30": -49, "2013-03-31": "-4.00000", "2012-12-31": -12, "2012-09-30": -97, "2012-06-30": -114, "2012-03-31": "207.00000", "2011-12-31": 56, "2011-09-30": -2, "2011-06-30": -128, "2011-03-31": "181.00000", "2010-12-31": -100, "2010-09-30": 36, "2010-06-30": -185, "2010-03-31": "-617.00000", "2009-12-31": -27, "2009-09-30": 39, "2009-06-30": -73, "2009-03-31": "102.00000", "2008-12-31": 140, "2008-09-30": 54, "2008-06-30": -184, "2008-03-31": "61.00000", "2007-12-31": 96, "2007-09-30": -128, "2007-06-30": -52, "2007-03-31": "-29.00000", "2006-12-31": 38, "2006-09-30": -63, "2006-06-30": -12, "2006-03-31": "214.00000", "2005-12-31": -12, "2005-09-30": -150, "2005-06-30": 51, "2005-03-31": "104.00000"}, "Change In Inventories": {"2020-09-30": 22.9, "2020-06-30": -84.5, "2020-03-31": "-35.80000", "2019-12-31": -131.6, "2019-09-30": -2, "2019-06-30": -88.2, "2019-03-31": "-26.40000", "2018-12-31": -78, "2018-09-30": 67.5, "2018-06-30": 2.7, "2018-03-31": "28.50000", "2017-12-31": -40.6, "2017-09-30": 68, "2017-06-30": -22.9, "2017-03-31": "13.40000", "2016-12-31": 48.6, "2016-09-30": 118.6, "2016-06-30": -11.6, "2016-03-31": "-95.40000", "2015-12-31": -232.4, "2015-09-30": 45.8, "2015-06-30": 15.9, "2015-03-31": "132.10000", "2014-12-31": -121.2, "2014-09-30": 15, "2014-06-30": -2, "2014-03-31": "209.00000", "2013-12-31": 47.2, "2013-09-30": 133, "2013-06-30": -60, "2013-03-31": "-1.00000", "2012-12-31": -55, "2012-09-30": 30, "2012-06-30": -73, "2012-03-31": "-126.00000", "2011-12-31": -99, "2011-09-30": 129, "2011-06-30": 25, "2011-03-31": "121.00000", "2010-12-31": -19, "2010-09-30": 169, "2010-06-30": -12, "2010-03-31": "83.00000", "2009-12-31": -81, "2009-09-30": -81, "2009-06-30": -195, "2009-03-31": "-118.00000", "2008-12-31": -134, "2008-09-30": 33, "2008-06-30": -102, "2008-03-31": "20.00000", "2007-12-31": 29, "2007-09-30": 77, "2007-06-30": -87, "2007-03-31": "-3.00000", "2006-12-31": -103, "2006-09-30": 56, "2006-06-30": -90, "2006-03-31": "-50.00000", "2005-12-31": -74, "2005-09-30": 83, "2005-06-30": -93, "2005-03-31": "64.00000"}, "Change In Accounts Payable": {"2020-09-30": 86.6, "2020-06-30": 46.4, "2020-03-31": "-111.10000", "2019-12-31": 38.2, "2019-09-30": 40, "2019-06-30": 80.2, "2019-03-31": "-152.60000", "2018-12-31": 81.6, "2018-09-30": 8.6, "2018-06-30": 75.7, "2018-03-31": "-129.30000", "2017-12-31": 33, "2017-09-30": 79.5, "2017-06-30": 80.2, "2017-03-31": "-250.70000", "2016-12-31": 117.1, "2016-09-30": 70.4, "2016-06-30": 11.8, "2016-03-31": "-34.40000", "2015-12-31": 29.8, "2015-09-30": -0.1, "2015-06-30": -59, "2015-03-31": "45.80000", "2014-12-31": -34.9, "2014-09-30": -1, "2014-06-30": -72, "2014-03-31": "33.00000", "2013-12-31": 122.1, "2013-09-30": 29, "2013-06-30": -54, "2013-03-31": "-3.00000", "2012-12-31": 75, "2012-09-30": -35, "2012-06-30": -74, "2012-03-31": "-26.00000", "2011-12-31": 22, "2011-09-30": 21, "2011-06-30": 39, "2011-03-31": "-126.00000", "2010-12-31": 127, "2010-09-30": 5, "2010-06-30": -85, "2010-03-31": "-83.00000", "2009-12-31": 37, "2009-09-30": -47, "2009-06-30": 15, "2009-03-31": "3.00000", "2008-12-31": -171, "2008-09-30": -111, "2008-06-30": 195, "2008-03-31": "-7.00000", "2007-12-31": 33, "2007-09-30": 4, "2007-06-30": -27, "2007-03-31": "-31.00000", "2006-12-31": 105, "2006-09-30": -32, "2006-06-30": 98, "2006-03-31": "-115.00000", "2005-12-31": -33, "2005-09-30": 110, "2005-06-30": 56, "2005-03-31": "7.00000"}, "Change In Assets/Liabilities": {"2020-09-30": -85.6, "2020-06-30": -128.6, "2020-03-31": "-363.00000", "2019-12-31": -191.9, "2019-09-30": 35.1, "2019-06-30": -103.6, "2019-03-31": "-219.10000", "2018-12-31": -7.2, "2018-09-30": 318.3, "2018-06-30": 127.8, "2018-03-31": "-29.80000", "2017-12-31": 2.7, "2017-09-30": -97.2, "2017-06-30": -0.9, "2017-03-31": "-389.30000", "2016-12-31": -71.5, "2016-09-30": 35.1, "2016-06-30": -159.3, "2016-03-31": "-257.80000", "2015-12-31": -201.9, "2015-09-30": 166.5, "2015-06-30": -12.1, "2015-03-31": "-246.50000", "2014-12-31": 209.4, "2014-09-30": 250, "2014-06-30": 179, "2014-03-31": "-130.00000", "2013-12-31": -208.3, "2013-09-30": -5, "2013-06-30": -41, "2013-03-31": "-142.00000", "2012-12-31": 31, "2012-09-30": 74, "2012-06-30": 92, "2012-03-31": "-287.00000", "2011-12-31": 39, "2011-09-30": 215, "2011-06-30": 45, "2011-03-31": "-38.00000", "2010-12-31": 84, "2010-09-30": -103, "2010-06-30": 342, "2010-03-31": "-75.00000", "2009-12-31": -43, "2009-09-30": 90, "2009-06-30": 43, "2009-03-31": "-314.00000", "2008-12-31": 165, "2008-09-30": 40, "2008-06-30": -33, "2008-03-31": "-443.00000", "2007-12-31": 112, "2007-09-30": 134, "2007-06-30": -18, "2007-03-31": "-173.00000", "2006-12-31": 190, "2006-09-30": 110, "2006-06-30": 44, "2006-03-31": "-293.00000", "2005-12-31": 262, "2005-09-30": 200, "2005-06-30": -23, "2005-03-31": "-185.00000"}, "Total Change In Assets/Liabilities": {"2020-09-30": -372.8, "2020-06-30": -285.3, "2020-03-31": "-636.40000", "2019-12-31": 336.3, "2019-09-30": -157.2, "2019-06-30": -96.7, "2019-03-31": "-417.60000", "2018-12-31": 595.3, "2018-09-30": 432.3, "2018-06-30": -96.9, "2018-03-31": "-165.20000", "2017-12-31": 224.3, "2017-09-30": -256.2, "2017-06-30": -168.5, "2017-03-31": "-204.00000", "2016-12-31": 544.2, "2016-09-30": 60, "2016-06-30": -448.8, "2016-03-31": "-567.60000", "2015-12-31": 1.7, "2015-09-30": 272.5, "2015-06-30": -232.5, "2015-03-31": "-37.40000", "2014-12-31": -7.6, "2014-09-30": 424, "2014-06-30": 45, "2014-03-31": "13.00000", "2013-12-31": 344.1, "2013-09-30": 150, "2013-06-30": -349, "2013-03-31": "-219.00000", "2012-12-31": 343, "2012-09-30": -66, "2012-06-30": -231, "2012-03-31": "-262.00000", "2011-12-31": 299, "2011-09-30": 473, "2011-06-30": -121, "2011-03-31": "42.00000", "2010-12-31": 80, "2010-09-30": 462, "2010-06-30": -150, "2010-03-31": "-646.00000", "2009-12-31": -381, "2009-09-30": -95, "2009-06-30": -216, "2009-03-31": "-428.00000", "2008-12-31": 79, "2008-09-30": 16, "2008-06-30": -274, "2008-03-31": "-264.00000", "2007-12-31": 288, "2007-09-30": -126, "2007-06-30": -125, "2007-03-31": "-179.00000", "2006-12-31": 176, "2006-09-30": 166, "2006-06-30": -45, "2006-03-31": "-68.00000", "2005-12-31": 73, "2005-09-30": 189, "2005-06-30": -82, "2005-03-31": "235.00000"}, "Cash Flow From Operating Activities": {"2020-09-30": 1176, "2020-06-30": 1130.5, "2020-03-31": "615.70000", "2019-12-31": 920.2, "2019-09-30": 1549.1, "2019-06-30": 992.5, "2019-03-31": "808.30000", "2018-12-31": 1290.6, "2018-09-30": 1925.8, "2018-06-30": 1204.6, "2018-03-31": "802.20000", "2017-12-31": 1146.2, "2017-09-30": 1407.2, "2017-06-30": 910.2, "2017-03-31": "806.80000", "2016-12-31": 1100.8, "2016-09-30": 1695.2, "2016-06-30": 925.9, "2016-03-31": "799.90000", "2015-12-31": 838, "2015-09-30": 1711.8, "2015-06-30": 941.2, "2015-03-31": "1257.70000", "2014-12-31": 887.4, "2014-09-30": 1518, "2014-06-30": 1064, "2014-03-31": "1133.00000", "2013-12-31": 1056.2, "2013-09-30": 1524, "2013-06-30": 760, "2013-03-31": "756.00000", "2012-12-31": 892, "2012-09-30": 1199, "2012-06-30": 837, "2012-03-31": "876.00000", "2011-12-31": 450, "2011-09-30": 1606, "2011-06-30": 902, "2011-03-31": "830.00000", "2010-12-31": 960, "2010-09-30": 1120, "2010-06-30": 580, "2010-03-31": "2.00000", "2009-12-31": 604, "2009-09-30": 1014, "2009-06-30": 540, "2009-03-31": "317.00000", "2008-12-31": 522, "2008-09-30": 858, "2008-06-30": 570, "2008-03-31": "631.00000", "2007-12-31": 764, "2007-09-30": 661, "2007-06-30": 618, "2007-03-31": "351.00000", "2006-12-31": 536, "2006-09-30": 1073, "2006-06-30": 540, "2006-03-31": "583.00000", "2005-12-31": 178, "2005-09-30": 717, "2005-06-30": 315, "2005-03-31": "667.00000"}, "Net Change In Property, Plant, And Equipment": {"2020-09-30": -1445.5, "2020-06-30": -1452.2, "2020-03-31": "-1792.70000", "2019-12-31": -1715.4, "2019-09-30": -1349.3, "2019-06-30": -1421.3, "2019-03-31": "-1565.40000", "2018-12-31": -1622.5, "2018-09-30": -1465, "2018-06-30": -1317.6, "2018-03-31": "-1905.80000", "2017-12-31": -1913.1, "2017-09-30": -1267.8002, "2017-06-30": -1144.5998, "2017-03-31": "793.80000", "2016-12-31": -1502, "2016-09-30": -1101.2, "2016-06-30": -1082.3, "2016-03-31": "-1203.50000", "2015-12-31": -1230.6, "2015-09-30": -1101.2, "2015-06-30": -1104.5, "2015-03-31": "-1077.00000", "2014-12-31": -1252.8, "2014-09-30": -1014, "2014-06-30": -978, "2014-03-31": "-950.00000", "2013-12-31": -1175.4, "2013-09-30": -843, "2013-06-30": -785, "2013-03-31": "-845.00000", "2012-12-31": -917, "2012-09-30": -733, "2012-06-30": -633, "2012-03-31": "-818.00000", "2011-12-31": -822, "2011-09-30": -714, "2011-06-30": -556, "2011-03-31": "-473.00000", "2010-12-31": -828, "2010-09-30": -516, "2010-06-30": -499, "2010-03-31": "-470.00000", "2009-12-31": -683, "2009-09-30": -617, "2009-06-30": -593, "2009-03-31": "-725.00000", "2008-12-31": -1280, "2008-09-30": -970, "2008-06-30": -860, "2008-03-31": "-760.00000", "2007-12-31": -817, "2007-09-30": -1280, "2007-06-30": -910, "2007-03-31": "-839.00000", "2006-12-31": -1034, "2006-09-30": -815, "2006-06-30": -839, "2006-03-31": "-654.00000", "2005-12-31": -1147, "2005-09-30": -491, "2005-06-30": -270, "2005-03-31": "750.00000"}, "Net Change In Intangible Assets": {"2020-09-30": 0, "2020-06-30": 0, "2020-03-31": "", "2019-12-31": 0, "2019-09-30": 0, "2019-06-30": 0, "2019-03-31": "", "2018-12-31": 0, "2018-09-30": 0, "2018-06-30": 0, "2018-03-31": "", "2017-12-31": 0, "2017-09-30": 0, "2017-06-30": 0, "2017-03-31": "", "2016-12-31": 0, "2016-09-30": 0, "2016-06-30": 0, "2016-03-31": "", "2015-12-31": 0, "2015-09-30": 0, "2015-06-30": 0, "2015-03-31": "", "2014-12-31": 0, "2014-09-30": 0, "2014-06-30": 0, "2014-03-31": "", "2013-12-31": 0, "2013-09-30": 0, "2013-06-30": 0, "2013-03-31": "", "2012-12-31": 0, "2012-09-30": 0, "2012-06-30": 0, "2012-03-31": "", "2011-12-31": 0, "2011-09-30": 0, "2011-06-30": 0, "2011-03-31": "", "2010-12-31": 0, "2010-09-30": 0, "2010-06-30": 0, "2010-03-31": "", "2009-12-31": 0, "2009-09-30": 0, "2009-06-30": 0, "2009-03-31": "", "2008-12-31": 0, "2008-09-30": 0, "2008-06-30": 0, "2008-03-31": "", "2007-12-31": 0, "2007-09-30": 0, "2007-06-30": 0, "2007-03-31": "", "2006-12-31": 0, "2006-09-30": 0, "2006-06-30": 0, "2006-03-31": "", "2005-12-31": 0, "2005-09-30": 0, "2005-06-30": 0, "2005-03-31": ""}, "Net Acquisitions/Divestitures": {"2020-09-30": -30.7, "2020-06-30": -36.4, "2020-03-31": "-1.30000", "2019-12-31": 2.5, "2019-09-30": -398.2, "2019-06-30": -582.6, "2019-03-31": "-32.40000", "2018-12-31": -20, "2018-09-30": -1.9, "2018-06-30": -0.4, "2018-03-31": "-23.80000", "2017-12-31": -34.8, "2017-09-30": -34.3, "2017-06-30": -35.2, "2017-03-31": "-3.70000", "2016-12-31": -0.9, "2016-09-30": -48.4, "2016-06-30": -33.7, "2016-03-31": "-45.50000", "2015-12-31": -38.7, "2015-09-30": -1.1, "2015-06-30": -0.4, "2015-03-31": "-51.80000", "2014-12-31": -7.2, "2014-09-30": -51, "2014-06-30": -9, "2014-03-31": "-49.00000", "2013-12-31": -43.7, "2013-09-30": -51, "2013-06-30": -12, "2013-03-31": "-47.00000", "2012-12-31": -94, "2012-09-30": -2, "2012-06-30": 0, "2012-03-31": "-11.00000", "2011-12-31": -2, "2011-09-30": -11, "2011-06-30": -66, "2011-03-31": "-241.00000", "2010-12-31": -22, "2010-09-30": -28, "2010-06-30": -3, "2010-03-31": "-38.00000", "2009-12-31": -16, "2009-09-30": -1, "2009-06-30": -76, "2009-03-31": "-76.00000", "2008-12-31": -93, "2008-09-30": 0, "2008-06-30": -1, "2008-03-31": "-98.00000", "2007-12-31": -1, "2007-09-30": 384, "2007-06-30": -457, "2007-03-31": "", "2006-12-31": -89, "2006-09-30": 0, "2006-06-30": 0, "2006-03-31": "", "2005-12-31": 218, "2005-09-30": -218, "2005-06-30": 0, "2005-03-31": ""}, "Net Change In Short-term Investments": {"2020-09-30": 0, "2020-06-30": 0, "2020-03-31": "", "2019-12-31": 0, "2019-09-30": 0, "2019-06-30": 0, "2019-03-31": "", "2018-12-31": 0, "2018-09-30": 0, "2018-06-30": 0, "2018-03-31": "", "2017-12-31": 0, "2017-09-30": 0, "2017-06-30": 0, "2017-03-31": "", "2016-12-31": 0, "2016-09-30": 0, "2016-06-30": 0, "2016-03-31": "", "2015-12-31": 0, "2015-09-30": 0, "2015-06-30": 0, "2015-03-31": "", "2014-12-31": 0, "2014-09-30": 0, "2014-06-30": 0, "2014-03-31": "", "2013-12-31": 0, "2013-09-30": 0, "2013-06-30": 0, "2013-03-31": "", "2012-12-31": 0, "2012-09-30": 0, "2012-06-30": 0, "2012-03-31": "", "2011-12-31": 0, "2011-09-30": 0, "2011-06-30": 0, "2011-03-31": "", "2010-12-31": 0, "2010-09-30": 0, "2010-06-30": 0, "2010-03-31": "", "2009-12-31": 0, "2009-09-30": 0, "2009-06-30": 0, "2009-03-31": "", "2008-12-31": 0, "2008-09-30": 0, "2008-06-30": 0, "2008-03-31": "", "2007-12-31": 0, "2007-09-30": 0, "2007-06-30": 0, "2007-03-31": "", "2006-12-31": 0, "2006-09-30": 0, "2006-06-30": 0, "2006-03-31": "", "2005-12-31": 0, "2005-09-30": 0, "2005-06-30": 0, "2005-03-31": ""}, "Net Change In Long-Term Investments": {"2020-09-30": -19.4, "2020-06-30": -20, "2020-03-31": "2.90000", "2019-12-31": -4.5001, "2019-09-30": -41.3, "2019-06-30": -17.5, "2019-03-31": "-18.50000", "2018-12-31": -17.5002, "2018-09-30": -8.9, "2018-06-30": -14.0999, "2018-03-31": "-17.30000", "2017-12-31": -11.1998, "2017-09-30": -18.1001, "2017-06-30": -11, "2017-03-31": "-18.10000", "2016-12-31": -17.1001, "2016-09-30": -7.1, "2016-06-30": -6.0999, "2016-03-31": "-14.30010", "2015-12-31": -12.2001, "2015-09-30": -26.4, "2015-06-30": -7.7, "2015-03-31": "-18.00000", "2014-12-31": -11.2, "2014-09-30": -18, "2014-06-30": -10, "2014-03-31": "-17.00000", "2013-12-31": -11, "2013-09-30": -20, "2013-06-30": -10, "2013-03-31": "-28.00000", "2012-12-31": -13, "2012-09-30": -17, "2012-06-30": -10, "2012-03-31": "-19.00000", "2011-12-31": -12, "2011-09-30": 3, "2011-06-30": 37, "2011-03-31": "30.00000", "2010-12-31": -36, "2010-09-30": -76, "2010-06-30": -17, "2010-03-31": "28.00000", "2009-12-31": -56, "2009-09-30": -17, "2009-06-30": -11, "2009-03-31": "-21.00000", "2008-12-31": 469, "2008-09-30": -505, "2008-06-30": 22, "2008-03-31": "9.00000", "2007-12-31": -90, "2007-09-30": 9, "2007-06-30": -28, "2007-03-31": "236.00000", "2006-12-31": -182, "2006-09-30": -46, "2006-06-30": 38, "2006-03-31": "-89.00000", "2005-12-31": 39, "2005-09-30": -13, "2005-06-30": -13, "2005-03-31": "85.00000"}, "Net Change In Investments - Total": {"2020-09-30": -19.4, "2020-06-30": -20, "2020-03-31": "2.90000", "2019-12-31": -4.5001, "2019-09-30": -41.3, "2019-06-30": -17.5, "2019-03-31": "-18.50000", "2018-12-31": -17.5002, "2018-09-30": -8.9, "2018-06-30": -14.0999, "2018-03-31": "-17.30000", "2017-12-31": -11.1998, "2017-09-30": -18.1001, "2017-06-30": -11, "2017-03-31": "-18.10000", "2016-12-31": -17.1001, "2016-09-30": -7.1, "2016-06-30": -6.0999, "2016-03-31": "-14.30010", "2015-12-31": -12.2001, "2015-09-30": -26.4, "2015-06-30": -7.7, "2015-03-31": "-18.00000", "2014-12-31": -11.2, "2014-09-30": -18, "2014-06-30": -10, "2014-03-31": "-17.00000", "2013-12-31": -11, "2013-09-30": -20, "2013-06-30": -10, "2013-03-31": "-28.00000", "2012-12-31": -13, "2012-09-30": -17, "2012-06-30": -10, "2012-03-31": "-19.00000", "2011-12-31": -12, "2011-09-30": 3, "2011-06-30": 37, "2011-03-31": "30.00000", "2010-12-31": -36, "2010-09-30": -76, "2010-06-30": -17, "2010-03-31": "28.00000", "2009-12-31": -56, "2009-09-30": -17, "2009-06-30": -11, "2009-03-31": "-21.00000", "2008-12-31": 469, "2008-09-30": -505, "2008-06-30": 22, "2008-03-31": "9.00000", "2007-12-31": -90, "2007-09-30": 9, "2007-06-30": -28, "2007-03-31": "236.00000", "2006-12-31": -182, "2006-09-30": -46, "2006-06-30": 38, "2006-03-31": "-89.00000", "2005-12-31": 39, "2005-09-30": -13, "2005-06-30": -13, "2005-03-31": "85.00000"}, "Investing Activities - Other": {"2020-09-30": 35.9, "2020-06-30": 27, "2020-03-31": "25.10000", "2019-12-31": -69.5, "2019-09-30": 26.2, "2019-06-30": 9.2, "2019-03-31": "33.50000", "2018-12-31": -4.9, "2018-09-30": 26, "2018-06-30": 21, "2018-03-31": "19.10000", "2017-12-31": 25.4, "2017-09-30": -5.7, "2017-06-30": 17.8, "2017-03-31": "4.20000", "2016-12-31": -97.9, "2016-09-30": 27.7, "2016-06-30": -39.3, "2016-03-31": "125.00000", "2015-12-31": -42.7, "2015-09-30": 74.8, "2015-06-30": -61, "2015-03-31": "125.90000", "2014-12-31": -55.7, "2014-09-30": 72, "2014-06-30": -90, "2014-03-31": "35.00000", "2013-12-31": -67.7, "2013-09-30": 37, "2013-06-30": -64, "2013-03-31": "148.00000", "2012-12-31": -86, "2012-09-30": 1, "2012-06-30": -95, "2012-03-31": "56.00000", "2011-12-31": -87, "2011-09-30": 35, "2011-06-30": -82, "2011-03-31": "71.00000", "2010-12-31": -62, "2010-09-30": 37, "2010-06-30": -43, "2010-03-31": "50.00000", "2009-12-31": -64, "2009-09-30": 16, "2009-06-30": -71, "2009-03-31": "95.00000", "2008-12-31": -62, "2008-09-30": 59, "2008-06-30": 88, "2008-03-31": "-45.00000", "2007-12-31": -78, "2007-09-30": 79, "2007-06-30": -104, "2007-03-31": "-25.00000", "2006-12-31": 19, "2006-09-30": -24, "2006-06-30": -21, "2006-03-31": "-7.00000", "2005-12-31": -55, "2005-09-30": 204, "2005-06-30": -101, "2005-03-31": "7.00000"}, "Cash Flow From Investing Activities": {"2020-09-30": -1459.7, "2020-06-30": -1481.6, "2020-03-31": "-1766.00000", "2019-12-31": -1786.9, "2019-09-30": -1762.6, "2019-06-30": -2012.2, "2019-03-31": "-1582.80000", "2018-12-31": -1664.9, "2018-09-30": -1449.8, "2018-06-30": -1311.1, "2018-03-31": "-1927.80000", "2017-12-31": -1933.7, "2017-09-30": -1325.9, "2017-06-30": -1173, "2017-03-31": "776.20000", "2016-12-31": -1617.9, "2016-09-30": -1129, "2016-06-30": -1161.4, "2016-03-31": "-1138.30000", "2015-12-31": -1324.2, "2015-09-30": -1053.9, "2015-06-30": -1173.6, "2015-03-31": "-1020.90000", "2014-12-31": -1326.9, "2014-09-30": -1011, "2014-06-30": -1087, "2014-03-31": "-981.00000", "2013-12-31": -1297.8, "2013-09-30": -877, "2013-06-30": -871, "2013-03-31": "-772.00000", "2012-12-31": -1110, "2012-09-30": -751, "2012-06-30": -738, "2012-03-31": "-792.00000", "2011-12-31": -923, "2011-09-30": -687, "2011-06-30": -667, "2011-03-31": "-613.00000", "2010-12-31": -948, "2010-09-30": -583, "2010-06-30": -562, "2010-03-31": "-430.00000", "2009-12-31": -819, "2009-09-30": -619, "2009-06-30": -751, "2009-03-31": "-727.00000", "2008-12-31": -966, "2008-09-30": -1416, "2008-06-30": -751, "2008-03-31": "-894.00000", "2007-12-31": -986, "2007-09-30": -808, "2007-06-30": -1499, "2007-03-31": "-628.00000", "2006-12-31": -1286, "2006-09-30": -885, "2006-06-30": -822, "2006-03-31": "-750.00000", "2005-12-31": -945, "2005-09-30": -518, "2005-06-30": -384, "2005-03-31": "842.00000"}, "Net Long-Term Debt": {"2020-09-30": 1272.2, "2020-06-30": 863.8, "2020-03-31": "1103.00000", "2019-12-31": 820.7, "2019-09-30": 406.5, "2019-06-30": 962.2, "2019-03-31": "1050.70000", "2018-12-31": 532.3, "2018-09-30": 716.9001, "2018-06-30": 555.6999, "2018-03-31": "280.20000", "2017-12-31": 433.9001, "2017-09-30": 1146.4, "2017-06-30": 293.3999, "2017-03-31": "-1220.90000", "2016-12-31": 523.2999, "2016-09-30": 261.8, "2016-06-30": -269.5, "2016-03-31": "177.80000", "2015-12-31": 213.8999, "2015-09-30": -101.9998, "2015-06-30": 227.7001, "2015-03-31": "507.40000", "2014-12-31": 593.4, "2014-09-30": -89, "2014-06-30": 1, "2014-03-31": "-327.00000", "2013-12-31": 895.2002, "2013-09-30": -82, "2013-06-30": 38, "2013-03-31": "-203.00000", "2012-12-31": 499, "2012-09-30": -95, "2012-06-30": -37, "2012-03-31": "775.00000", "2011-12-31": 47, "2011-09-30": -231, "2011-06-30": -444, "2011-03-31": "220.00000", "2010-12-31": -491, "2010-09-30": -98, "2010-06-30": -219, "2010-03-31": "-10.00000", "2009-12-31": 217, "2009-09-30": 530, "2009-06-30": -170, "2009-03-31": "831.00000", "2008-12-31": -50, "2008-09-30": 219, "2008-06-30": 80, "2008-03-31": "604.00000", "2007-12-31": 273, "2007-09-30": 131, "2007-06-30": 676, "2007-03-31": "198.00000", "2006-12-31": 832, "2006-09-30": 113, "2006-06-30": 492, "2006-03-31": "-87.00000", "2005-12-31": 420, "2005-09-30": -174, "2005-06-30": -450, "2005-03-31": "70.00000"}, "Net Current Debt": {"2020-09-30": -679.6, "2020-06-30": -1387.5, "2020-03-31": "1625.80000", "2019-12-31": 328.3, "2019-09-30": 233, "2019-06-30": 419, "2019-03-31": "-52.00000", "2018-12-31": -332.6, "2018-09-30": -346.6, "2018-06-30": -69.6, "2018-03-31": "1020.20000", "2017-12-31": 579.3, "2017-09-30": -792.4, "2017-06-30": 315.7, "2017-03-31": "-177.00000", "2016-12-31": 234.7, "2016-09-30": -582, "2016-06-30": 839.3, "2016-03-31": "421.00000", "2015-12-31": 18, "2015-09-30": -323, "2015-06-30": 250, "2015-03-31": "-491.00000", "2014-12-31": 64, "2014-09-30": -200, "2014-06-30": 150, "2014-03-31": "575.00000", "2013-12-31": -458, "2013-09-30": -320, "2013-06-30": 231, "2013-03-31": "326.00000", "2012-12-31": -235, "2012-09-30": 8, "2012-06-30": 158, "2012-03-31": "-600.00000", "2011-12-31": 371, "2011-09-30": -360, "2011-06-30": 206, "2011-03-31": "87.00000", "2010-12-31": -120, "2010-09-30": -6, "2010-06-30": 408, "2010-03-31": "938.00000", "2009-12-31": -226, "2009-09-30": -210, "2009-06-30": -1414, "2009-03-31": "", "2008-12-31": 674, "2008-09-30": 597, "2008-06-30": 296, "2008-03-31": "-251.00000", "2007-12-31": 73, "2007-09-30": 149, "2007-06-30": 263, "2007-03-31": "157.00000", "2006-12-31": -4, "2006-09-30": -136, "2006-06-30": -69, "2006-03-31": "216.00000", "2005-12-31": -5, "2005-09-30": 1, "2005-06-30": -4, "2005-03-31": "-5.00000"}, "Debt Issuance/Retirement Net - Total": {"2020-09-30": 592.6, "2020-06-30": -523.7, "2020-03-31": "2728.80000", "2019-12-31": 1149, "2019-09-30": 639.5, "2019-06-30": 1381.2, "2019-03-31": "998.70000", "2018-12-31": 199.7, "2018-09-30": 370.3, "2018-06-30": 486.1, "2018-03-31": "1300.40000", "2017-12-31": 1013.2001, "2017-09-30": 354, "2017-06-30": 609.0999, "2017-03-31": "-1397.90000", "2016-12-31": 758, "2016-09-30": -320.2, "2016-06-30": 569.8, "2016-03-31": "598.80000", "2015-12-31": 231.8999, "2015-09-30": -424.9998, "2015-06-30": 477.7001, "2015-03-31": "16.40000", "2014-12-31": 657.4, "2014-09-30": -289, "2014-06-30": 151, "2014-03-31": "248.00000", "2013-12-31": 437.2002, "2013-09-30": -402, "2013-06-30": 269, "2013-03-31": "123.00000", "2012-12-31": 264, "2012-09-30": -87, "2012-06-30": 121, "2012-03-31": "175.00000", "2011-12-31": 418, "2011-09-30": -591, "2011-06-30": -238, "2011-03-31": "307.00000", "2010-12-31": -611, "2010-09-30": -104, "2010-06-30": 189, "2010-03-31": "928.00000", "2009-12-31": -9, "2009-09-30": 320, "2009-06-30": -1584, "2009-03-31": "831.00000", "2008-12-31": 624, "2008-09-30": 816, "2008-06-30": 376, "2008-03-31": "353.00000", "2007-12-31": 346, "2007-09-30": 280, "2007-06-30": 939, "2007-03-31": "355.00000", "2006-12-31": 828, "2006-09-30": -23, "2006-06-30": 423, "2006-03-31": "129.00000", "2005-12-31": 415, "2005-09-30": -173, "2005-06-30": -454, "2005-03-31": "65.00000"}, "Net Common Equity Issued/Repurchased": {"2020-09-30": 25.5, "2020-06-30": 54.9, "2020-03-31": "56.10000", "2019-12-31": 20.6, "2019-09-30": 12.4, "2019-06-30": 17.8, "2019-03-31": "14.50000", "2018-12-31": 11.1, "2018-09-30": 11.6, "2018-06-30": 18.7, "2018-03-31": "32.20000", "2017-12-31": 12.2, "2017-09-30": 0, "2017-06-30": 0, "2017-03-31": "", "2016-12-31": 0, "2016-09-30": 3.3, "2016-06-30": 18.8, "2016-03-31": "12.10000", "2015-12-31": 13.7, "2015-09-30": 12.1, "2015-06-30": 25.4, "2015-03-31": "30.40000", "2014-12-31": 10.6, "2014-09-30": 34, "2014-06-30": 14, "2014-03-31": "15.00000", "2013-12-31": 22.2, "2013-09-30": 20, "2013-06-30": 26, "2013-03-31": "15.00000", "2012-12-31": 19, "2012-09-30": 14, "2012-06-30": 19, "2012-03-31": "31.00000", "2011-12-31": 22, "2011-09-30": 21, "2011-06-30": 18, "2011-03-31": "31.00000", "2010-12-31": 28, "2010-09-30": 23, "2010-06-30": 16, "2010-03-31": "26.00000", "2009-12-31": 22, "2009-09-30": 18, "2009-06-30": 1640, "2009-03-31": "48.00000", "2008-12-31": 53, "2008-09-30": 34, "2008-06-30": 27, "2008-03-31": "45.00000", "2007-12-31": 28, "2007-09-30": 26, "2007-06-30": 36, "2007-03-31": "54.00000", "2006-12-31": 75, "2006-09-30": 18, "2006-06-30": 1, "2006-03-31": "5.00000", "2005-12-31": 9, "2005-09-30": 365, "2005-06-30": 18, "2005-03-31": "-417.00000"}, "Net Total Equity Issued/Repurchased": {"2020-09-30": 25.5, "2020-06-30": 54.9, "2020-03-31": "56.10000", "2019-12-31": 20.6, "2019-09-30": 12.4, "2019-06-30": 17.8, "2019-03-31": "14.50000", "2018-12-31": 11.1, "2018-09-30": 11.6, "2018-06-30": 18.7, "2018-03-31": "32.20000", "2017-12-31": 12.2, "2017-09-30": 0, "2017-06-30": 0, "2017-03-31": "", "2016-12-31": 0, "2016-09-30": 3.3, "2016-06-30": 18.8, "2016-03-31": "12.10000", "2015-12-31": 13.7, "2015-09-30": 12.1, "2015-06-30": 25.4, "2015-03-31": "30.40000", "2014-12-31": 10.6, "2014-09-30": 34, "2014-06-30": 14, "2014-03-31": "15.00000", "2013-12-31": 22.2, "2013-09-30": 20, "2013-06-30": 26, "2013-03-31": "15.00000", "2012-12-31": 19, "2012-09-30": 14, "2012-06-30": 19, "2012-03-31": "31.00000", "2011-12-31": -42, "2011-09-30": 21, "2011-06-30": 18, "2011-03-31": "31.00000", "2010-12-31": 28, "2010-09-30": 23, "2010-06-30": 16, "2010-03-31": "26.00000", "2009-12-31": 22, "2009-09-30": 18, "2009-06-30": 1640, "2009-03-31": "48.00000", "2008-12-31": 53, "2008-09-30": 34, "2008-06-30": 27, "2008-03-31": "45.00000", "2007-12-31": 28, "2007-09-30": 26, "2007-06-30": 36, "2007-03-31": "54.00000", "2006-12-31": 75, "2006-09-30": 18, "2006-06-30": 1, "2006-03-31": "5.00000", "2005-12-31": 9, "2005-09-30": 365, "2005-06-30": 18, "2005-03-31": "-417.00000"}, "Total Common And Preferred Stock Dividends Paid": {"2020-09-30": -351.1, "2020-06-30": -340.9, "2020-03-31": "-363.70000", "2019-12-31": -348, "2019-09-30": -333.9, "2019-06-30": -334.5, "2019-03-31": "-333.60000", "2018-12-31": -333, "2018-09-30": -308.3, "2018-06-30": -308.1, "2018-03-31": "-306.10000", "2017-12-31": -316.9, "2017-09-30": -290.1, "2017-06-30": -293.5, "2017-03-31": "-291.40000", "2016-12-31": -291.2, "2016-09-30": -276.7, "2016-06-30": -276.6, "2016-03-31": "-276.50000", "2015-12-31": -275.6, "2015-09-30": -261.3, "2015-06-30": -261.1, "2015-03-31": "-261.00000", "2014-12-31": -261.6, "2014-09-30": -246, "2014-06-30": -245, "2014-03-31": "-245.00000", "2013-12-31": -245.3, "2013-09-30": -240, "2013-06-30": -239, "2013-03-31": "-230.00000", "2012-12-31": -229, "2012-09-30": -229, "2012-06-30": -229, "2012-03-31": "-229.00000", "2011-12-31": -230, "2011-09-30": -223, "2011-06-30": -223, "2011-03-31": "-224.00000", "2010-12-31": -223, "2010-09-30": -204, "2010-06-30": -202, "2010-03-31": "-198.00000", "2009-12-31": -195, "2009-09-30": -201, "2009-06-30": -195, "2009-03-31": "-170.00000", "2008-12-31": -167, "2008-09-30": -168, "2008-06-30": -166, "2008-03-31": "-168.00000", "2007-12-31": -172, "2007-09-30": -156, "2007-06-30": -156, "2007-03-31": "-155.00000", "2006-12-31": -157, "2006-09-30": -146, "2006-06-30": -145, "2006-03-31": "-146.00000", "2005-12-31": -145, "2005-09-30": -135, "2005-06-30": -135, "2005-03-31": "-138.00000"}, "Financial Activities - Other": {"2020-09-30": -24.2, "2020-06-30": -5.3, "2020-03-31": "-32.70000", "2019-12-31": -12.1, "2019-09-30": -4.4, "2019-06-30": -18.2, "2019-03-31": "13.90000", "2018-12-31": 3.1, "2018-09-30": 0.6, "2018-06-30": -19.4, "2018-03-31": "3.00000", "2017-12-31": 0.8, "2017-09-30": 1.3, "2017-06-30": -7.9, "2017-03-31": "2.20000", "2016-12-31": -8.9, "2016-09-30": -7.2, "2016-06-30": -17.6, "2016-03-31": "18.00000", "2015-12-31": 15.6, "2015-09-30": -1, "2015-06-30": -4.8, "2015-03-31": "4.90000", "2014-12-31": 2.7, "2014-09-30": -2, "2014-06-30": 1, "2014-03-31": "4.00000", "2013-12-31": -0.8, "2013-09-30": 5, "2013-06-30": -7, "2013-03-31": "8.00000", "2012-12-31": 0, "2012-09-30": 0, "2012-06-30": 1, "2012-03-31": "4.00000", "2011-12-31": 2, "2011-09-30": 3, "2011-06-30": 0, "2011-03-31": "", "2010-12-31": -2, "2010-09-30": 0, "2010-06-30": -1, "2010-03-31": "", "2009-12-31": 10, "2009-09-30": -13, "2009-06-30": -2, "2009-03-31": "", "2008-12-31": 7, "2008-09-30": -4, "2008-06-30": 7, "2008-03-31": "10.00000", "2007-12-31": 2, "2007-09-30": 21, "2007-06-30": -25, "2007-03-31": "-19.00000", "2006-12-31": 46, "2006-09-30": -27, "2006-06-30": -24, "2006-03-31": "54.00000", "2005-12-31": 40, "2005-09-30": -14, "2005-06-30": -14, "2005-03-31": "-78.00000"}, "Cash Flow From Financial Activities": {"2020-09-30": 242.8, "2020-06-30": -815, "2020-03-31": "2388.50000", "2019-12-31": 809.5, "2019-09-30": 313.6, "2019-06-30": 1046.3, "2019-03-31": "693.50000", "2018-12-31": -119.1, "2018-09-30": 74.2, "2018-06-30": 177.3, "2018-03-31": "1029.50000", "2017-12-31": 709.3, "2017-09-30": 65.2, "2017-06-30": 307.7, "2017-03-31": "-1687.10000", "2016-12-31": 457.9, "2016-09-30": -600.8, "2016-06-30": 294.4, "2016-03-31": "352.40000", "2015-12-31": -14.4, "2015-09-30": -675.2, "2015-06-30": 237.2, "2015-03-31": "-209.30000", "2014-12-31": 409.1, "2014-09-30": -503, "2014-06-30": -79, "2014-03-31": "22.00000", "2013-12-31": 213.3, "2013-09-30": -617, "2013-06-30": 49, "2013-03-31": "-84.00000", "2012-12-31": 54, "2012-09-30": -302, "2012-06-30": -88, "2012-03-31": "-19.00000", "2011-12-31": 148, "2011-09-30": -790, "2011-06-30": -443, "2011-03-31": "114.00000", "2010-12-31": -808, "2010-09-30": -285, "2010-06-30": 2, "2010-03-31": "756.00000", "2009-12-31": -172, "2009-09-30": 124, "2009-06-30": -141, "2009-03-31": "709.00000", "2008-12-31": 517, "2008-09-30": 678, "2008-06-30": 244, "2008-03-31": "240.00000", "2007-12-31": 204, "2007-09-30": 171, "2007-06-30": 794, "2007-03-31": "235.00000", "2006-12-31": 792, "2006-09-30": -178, "2006-06-30": 255, "2006-03-31": "42.00000", "2005-12-31": 319, "2005-09-30": 43, "2005-06-30": -585, "2005-03-31": "-568.00000"}, "Net Cash Flow": {"2020-09-30": -40.9, "2020-06-30": -1166.1, "2020-03-31": "1238.20000", "2019-12-31": -57.2, "2019-09-30": 100.1, "2019-06-30": 26.6, "2019-03-31": "-81.00000", "2018-12-31": -493.4, "2018-09-30": 550.2, "2018-06-30": 70.8, "2018-03-31": "-96.10000", "2017-12-31": -78.2, "2017-09-30": 146.5, "2017-06-30": 44.9, "2017-03-31": "-104.10000", "2016-12-31": -59.2, "2016-09-30": -34.6, "2016-06-30": 56.4, "2016-03-31": "14.00000", "2015-12-31": -10, "2015-09-30": -17.4, "2015-06-30": 4.8, "2015-03-31": "27.90000", "2014-12-31": -31, "2014-09-30": 4, "2014-06-30": -102, "2014-03-31": "174.00000", "2013-12-31": -29.2, "2013-09-30": 30, "2013-06-30": -62, "2013-03-31": "-100.00000", "2012-12-31": -164, "2012-09-30": 146, "2012-06-30": 11, "2012-03-31": "65.00000", "2011-12-31": -325, "2011-09-30": 129, "2011-06-30": -208, "2011-03-31": "331.00000", "2010-12-31": -796, "2010-09-30": 252, "2010-06-30": 20, "2010-03-31": "328.00000", "2009-12-31": -387, "2009-09-30": 519, "2009-06-30": -352, "2009-03-31": "299.00000", "2008-12-31": 73, "2008-09-30": 120, "2008-06-30": 63, "2008-03-31": "-23.00000", "2007-12-31": -18, "2007-09-30": 24, "2007-06-30": -87, "2007-03-31": "-42.00000", "2006-12-31": 42, "2006-09-30": 10, "2006-06-30": -27, "2006-03-31": "-125.00000", "2005-12-31": -448, "2005-09-30": 242, "2005-06-30": -654, "2005-03-31": "941.00000"}, "Stock-Based Compensation": {"2020-09-30": 0, "2020-06-30": 0, "2020-03-31": "", "2019-12-31": 0, "2019-09-30": 0, "2019-06-30": 0, "2019-03-31": "", "2018-12-31": 0, "2018-09-30": 0, "2018-06-30": 0, "2018-03-31": "", "2017-12-31": 0, "2017-09-30": 0, "2017-06-30": 0, "2017-03-31": "", "2016-12-31": 0, "2016-09-30": 0, "2016-06-30": 0, "2016-03-31": "", "2015-12-31": 0, "2015-09-30": 0, "2015-06-30": 0, "2015-03-31": "", "2014-12-31": 0, "2014-09-30": 0, "2014-06-30": 0, "2014-03-31": "", "2013-12-31": 0, "2013-09-30": 0, "2013-06-30": 0, "2013-03-31": "", "2012-12-31": 0, "2012-09-30": 0, "2012-06-30": 0, "2012-03-31": "", "2011-12-31": 0, "2011-09-30": 0, "2011-06-30": 0, "2011-03-31": "", "2010-12-31": 0, "2010-09-30": 0, "2010-06-30": 0, "2010-03-31": "", "2009-12-31": 0, "2009-09-30": 0, "2009-06-30": 0, "2009-03-31": "", "2008-12-31": 0, "2008-09-30": 0, "2008-06-30": 0, "2008-03-31": "", "2007-12-31": 0, "2007-09-30": 0, "2007-06-30": 0, "2007-03-31": "", "2006-12-31": 0, "2006-09-30": 0, "2006-06-30": 0, "2006-03-31": "", "2005-12-31": 0, "2005-09-30": 0, "2005-06-30": 0, "2005-03-31": ""}, "Common Stock Dividends Paid": {"2020-09-30": -351.1, "2020-06-30": -340.9, "2020-03-31": "-363.70000", "2019-12-31": -348, "2019-09-30": -333.9, "2019-06-30": -334.5, "2019-03-31": "-333.60000", "2018-12-31": -333, "2018-09-30": -308.3, "2018-06-30": -308.1, "2018-03-31": "-306.10000", "2017-12-31": -316.9, "2017-09-30": -290.1, "2017-06-30": -293.5, "2017-03-31": "-291.40000", "2016-12-31": -291.2, "2016-09-30": -276.7, "2016-06-30": -276.6, "2016-03-31": "-276.50000", "2015-12-31": -275.6, "2015-09-30": -261.3, "2015-06-30": -261.1, "2015-03-31": "-261.00000", "2014-12-31": -261.6, "2014-09-30": -246, "2014-06-30": -245, "2014-03-31": "-245.00000", "2013-12-31": -245.3, "2013-09-30": -240, "2013-06-30": -239, "2013-03-31": "-230.00000", "2012-12-31": -229, "2012-09-30": -229, "2012-06-30": -229, "2012-03-31": "-229.00000", "2011-12-31": -230, "2011-09-30": -222, "2011-06-30": -223, "2011-03-31": "-223.00000", "2010-12-31": -222, "2010-09-30": -203, "2010-06-30": -202, "2010-03-31": "-197.00000", "2009-12-31": -194, "2009-09-30": -200, "2009-06-30": -195, "2009-03-31": "-169.00000", "2008-12-31": -166, "2008-09-30": -167, "2008-06-30": -166, "2008-03-31": "-167.00000", "2007-12-31": -169, "2007-09-30": -156, "2007-06-30": -156, "2007-03-31": "-155.00000", "2006-12-31": -154, "2006-09-30": -146, "2006-06-30": -145, "2006-03-31": "-146.00000", "2005-12-31": -145, "2005-09-30": -135, "2005-06-30": -135, "2005-03-31": "-138.00000"}}, "financial ratios": {"Current Ratio": {"2019-12-31": "0.39590", "2018-12-31": "0.47570", "2017-12-31": "0.51420", "2016-12-31": "0.63530", "2015-12-31": "0.57290", "2014-12-31": "0.56210", "2013-12-31": "0.70520", "2012-12-31": "0.67260", "2011-12-31": "0.63260", "2010-12-31": "0.76960", "2009-12-31": "0.89280", "2008-12-31": "0.59950", "2007-12-31": "0.58630", "2006-12-31": "0.65760", "2005-12-31": "0.72250"}, "Long-term Debt / Capital": {"2019-12-31": "0.55790", "2018-12-31": "0.53180", "2017-12-31": "0.51470", "2016-12-31": "0.49940", "2015-12-31": "0.49770", "2014-12-31": "0.48760", "2013-12-31": "0.51130", "2012-12-31": "0.50570", "2011-12-31": "0.50700", "2010-12-31": "0.53230", "2009-12-31": "0.54530", "2008-12-31": "0.59190", "2007-12-31": "0.58490", "2006-12-31": "0.56910", "2005-12-31": "0.54920"}, "Debt/Equity Ratio": {"2019-12-31": "1.48460", "2018-12-31": "1.32520", "2017-12-31": "1.24560", "2016-12-31": "1.26120", "2015-12-31": "1.13780", "2014-12-31": "1.18030", "2013-12-31": "1.18950", "2012-12-31": "1.22980", "2011-12-31": "1.23870", "2010-12-31": "1.33290", "2009-12-31": "1.34120", "2008-12-31": "1.67680", "2007-12-31": "1.55310", "2006-12-31": "1.45730", "2005-12-31": "1.34640"}, "Gross Margin": {"2019-12-31": "67.18740", "2018-12-31": "64.27140", "2017-12-31": "65.56350", "2016-12-31": "65.01670", "2015-12-31": "62.87530", "2014-12-31": "61.18290", "2013-12-31": "62.47280", "2012-12-31": "64.67050", "2011-12-31": "62.87380", "2010-12-31": "65.14180", "2009-12-31": "66.40970", "2008-12-31": "60.14540", "2007-12-31": "62.87740", "2006-12-31": "62.97730", "2005-12-31": "62.55470"}, "Operating Margin": {"2019-12-31": "16.65850", "2018-12-31": "16.56430", "2017-12-31": "22.85270", "2016-12-31": "7.10560", "2015-12-31": "20.26050", "2014-12-31": "19.09440", "2013-12-31": "19.05360", "2012-12-31": "17.77180", "2011-12-31": "18.40430", "2010-12-31": "18.45840", "2009-12-31": "20.54270", "2008-12-31": "19.30060", "2007-12-31": "17.33180", "2006-12-31": "15.57600", "2005-12-31": "15.91120"}, "EBIT Margin": {"2019-12-31": "16.65850", "2018-12-31": "16.56430", "2017-12-31": "22.85270", "2016-12-31": "7.10560", "2015-12-31": "20.26050", "2014-12-31": "19.09440", "2013-12-31": "19.05360", "2012-12-31": "17.77180", "2011-12-31": "18.40430", "2010-12-31": "18.45840", "2009-12-31": "20.54270", "2008-12-31": "19.30060", "2007-12-31": "17.33180", "2006-12-31": "15.57600", "2005-12-31": "15.91120"}, "EBITDA Margin": {"2019-12-31": "34.26680", "2018-12-31": "31.38550", "2017-12-31": "36.63750", "2016-12-31": "19.87050", "2015-12-31": "33.35640", "2014-12-31": "31.56070", "2013-12-31": "31.49560", "2012-12-31": "30.60560", "2011-12-31": "30.25930", "2010-12-31": "30.79640", "2009-12-31": "32.84900", "2008-12-31": "30.09000", "2007-12-31": "28.93120", "2006-12-31": "27.48380", "2005-12-31": "27.36360"}, "Pre-Tax Profit Margin": {"2019-12-31": "11.79070", "2018-12-31": "12.18530", "2017-12-31": "18.25750", "2016-12-31": "2.90350", "2015-12-31": "15.94160", "2014-12-31": "14.67100", "2013-12-31": "14.13100", "2012-12-31": "12.19140", "2011-12-31": "15.65890", "2010-12-31": "12.81630", "2009-12-31": "14.36730", "2008-12-31": "13.95430", "2007-12-31": "12.42900", "2006-12-31": "11.70180", "2005-12-31": "11.99740"}, "Net Profit Margin": {"2019-12-31": "12.34530", "2018-12-31": "11.87850", "2017-12-31": "12.39940", "2016-12-31": "3.72950", "2015-12-31": "12.44200", "2014-12-31": "9.97520", "2013-12-31": "9.99430", "2012-12-31": "8.42420", "2011-12-31": "12.84070", "2010-12-31": "8.39400", "2009-12-31": "10.06010", "2008-12-31": "9.55680", "2007-12-31": "8.13900", "2006-12-31": "7.93850", "2005-12-31": "6.72120"}, "Asset Turnover": {"2019-12-31": "0.20500", "2018-12-31": "0.23540", "2017-12-31": "0.23830", "2016-12-31": "0.25810", "2015-12-31": "0.26670", "2014-12-31": "0.27510", "2013-12-31": "0.26260", "2012-12-31": "0.27490", "2011-12-31": "0.28950", "2010-12-31": "0.28590", "2009-12-31": "0.27900", "2008-12-31": "0.31980", "2007-12-31": "0.33190", "2006-12-31": "0.33230", "2005-12-31": "0.33480"}, "Inventory Turnover Ratio": {"2019-12-31": "4.36720", "2018-12-31": "6.28220", "2017-12-31": "5.57260", "2016-12-31": "5.92400", "2015-12-31": "4.56040", "2014-12-31": "4.82890", "2013-12-31": "3.90660", "2012-12-31": "3.47600", "2011-12-31": "4.34370", "2010-12-31": "3.47310", "2009-12-31": "2.72790", "2008-12-31": "4.90620", "2007-12-31": "5.13650", "2006-12-31": "5.11830", "2005-12-31": "6.24660"}, "Receiveable Turnover": {"2019-12-31": "9.12640", "2018-12-31": "8.40680", "2017-12-31": "8.15700", "2016-12-31": "8.54600", "2015-12-31": "10.02940", "2014-12-31": "8.92470", "2013-12-31": "7.96420", "2012-12-31": "7.98770", "2011-12-31": "8.24210", "2010-12-31": "7.50230", "2009-12-31": "12.84670", "2008-12-31": "13.54600", "2007-12-31": "11.97850", "2006-12-31": "12.13650", "2005-12-31": "9.92710"}, "Days Sales In Receivables": {"2019-12-31": "39.99390", "2018-12-31": "43.41720", "2017-12-31": "44.74680", "2016-12-31": "42.71010", "2015-12-31": "36.39310", "2014-12-31": "40.89780", "2013-12-31": "45.82980", "2012-12-31": "45.69520", "2011-12-31": "44.28490", "2010-12-31": "48.65150", "2009-12-31": "28.41200", "2008-12-31": "26.94530", "2007-12-31": "30.47120", "2006-12-31": "30.07450", "2005-12-31": "36.76820"}, "ROE - Return On Equity": {"2019-12-31": "9.64080", "2018-12-31": "10.13310", "2017-12-31": "10.53260", "2016-12-31": "3.56200", "2015-12-31": "9.87770", "2014-12-31": "9.45350", "2013-12-31": "9.16260", "2012-12-31": "8.28250", "2011-12-31": "10.74670", "2010-12-31": "8.94140", "2009-12-31": "10.42620", "2008-12-31": "12.84780", "2007-12-31": "11.43960", "2006-12-31": "10.53970", "2005-12-31": "11.32260"}, "Return On Tangible Equity": {"2019-12-31": "9.66630", "2018-12-31": "10.16110", "2017-12-31": "10.56290", "2016-12-31": "3.57270", "2015-12-31": "9.90680", "2014-12-31": "9.48310", "2013-12-31": "9.21480", "2012-12-31": "8.33220", "2011-12-31": "10.80270", "2010-12-31": "8.99160", "2009-12-31": "10.48680", "2008-12-31": "12.93960", "2007-12-31": "11.52650", "2006-12-31": "10.62550", "2005-12-31": "11.41810"}, "ROA - Return On Assets": {"2019-12-31": "2.52960", "2018-12-31": "2.80700", "2017-12-31": "2.98000", "2016-12-31": "0.97770", "2015-12-31": "2.86720", "2014-12-31": "2.67110", "2013-12-31": "2.61260", "2012-12-31": "2.32130", "2011-12-31": "3.01780", "2010-12-31": "2.41400", "2009-12-31": "2.83360", "2008-12-31": "3.04730", "2007-12-31": "2.85970", "2006-12-31": "2.61140", "2005-12-31": "2.84470"}, "ROI - Return On Investment": {"2019-12-31": "4.26240", "2018-12-31": "4.74430", "2017-12-31": "5.11190", "2016-12-31": "1.78310", "2015-12-31": "4.96160", "2014-12-31": "4.84370", "2013-12-31": "4.47800", "2012-12-31": "4.09430", "2011-12-31": "5.29780", "2010-12-31": "4.18210", "2009-12-31": "4.74100", "2008-12-31": "5.24270", "2007-12-31": "4.74860", "2006-12-31": "4.54190", "2005-12-31": "5.10390"}, "Book Value Per Share": {"2019-12-31": "40.29630", "2018-12-31": "38.64080", "2017-12-31": "37.22230", "2016-12-31": "35.42740", "2015-12-31": "36.46230", "2014-12-31": "34.37760", "2013-12-31": "32.97820", "2012-12-31": "31.37330", "2011-12-31": "30.33580", "2010-12-31": "28.33150", "2009-12-31": "27.48640", "2008-12-31": "26.37470", "2007-12-31": "25.17060", "2006-12-31": "23.72720", "2005-12-31": "23.08250"}, "Operating Cash Flow Per Share": {"2019-12-31": -1.9574, "2018-12-31": 1.9096, "2017-12-31": -0.5281, "2016-12-31": -0.4829, "2015-12-31": 0.2661, "2014-12-31": 1.0034, "2013-12-31": 0.5685, "2012-12-31": -0.0095, "2011-12-31": 2.301, "2010-12-31": 0.158, "2009-12-31": -1.0019, "2008-12-31": 0.4123, "2007-12-31": -0.9086, "2006-12-31": 2.0953, "2005-12-31": 4.7953}, "Free Cash Flow Per Share": {"2019-12-31": -1.3935, "2018-12-31": -3.7025, "2017-12-31": 2.2465, "2016-12-31": -1.2267, "2015-12-31": -0.3539, "2014-12-31": -0.0857, "2013-12-31": -0.5298, "2012-12-31": -1.0857, "2011-12-31": 1.8072, "2010-12-31": 1.0393, "2009-12-31": 2.8818, "2008-12-31": 0.4348, "2007-12-31": -2.0897, "2006-12-31": -3.3754, "2005-12-31": 1.8369}}, "financial ratios, quarterly": {"Current Ratio": {"2020-09-30": "0.47950", "2020-06-30": "0.42220", "2020-03-31": "0.45410", "2019-12-31": "0.39590", "2019-09-30": "0.48380", "2019-06-30": "0.48600", "2019-03-31": "0.48990", "2018-12-31": "0.47570", "2018-09-30": "0.55690", "2018-06-30": "0.50450", "2018-03-31": "0.43660", "2017-12-31": "0.51420", "2017-09-30": "0.55560", "2017-06-30": "0.45390", "2017-03-31": "0.45690", "2016-12-31": "0.63530", "2016-09-30": "0.76470", "2016-06-30": "0.56400", "2016-03-31": "0.57410", "2015-12-31": "0.57290", "2015-09-30": "0.64440", "2015-06-30": "0.63530", "2015-03-31": "0.57740", "2014-12-31": "0.56210", "2014-09-30": "0.55130", "2014-06-30": "0.56880", "2014-03-31": "0.66500", "2013-12-31": "0.70520", "2013-09-30": "0.75840", "2013-06-30": "0.70900", "2013-03-31": "0.71210", "2012-12-31": "0.67260", "2012-09-30": "0.68400", "2012-06-30": "0.69970", "2012-03-31": "0.66450", "2011-12-31": "0.63260", "2011-09-30": "0.76950", "2011-06-30": "0.80750", "2011-03-31": "0.79960", "2010-12-31": "0.76960", "2010-09-30": "0.88180", "2010-06-30": "1.00260", "2010-03-31": "1.00020", "2009-12-31": "0.89280", "2009-09-30": "0.89810", "2009-06-30": "0.78320", "2009-03-31": "0.64230", "2008-12-31": "0.59950", "2008-09-30": "0.69630", "2008-06-30": "0.71210", "2008-03-31": "0.64980", "2007-12-31": "0.58630", "2007-09-30": "0.63390", "2007-06-30": "0.56220", "2007-03-31": "0.59590", "2006-12-31": "0.65760", "2006-09-30": "0.56740", "2006-06-30": "0.71370", "2006-03-31": "0.66800", "2005-12-31": "0.72250", "2005-09-30": "0.86290", "2005-06-30": "0.77910", "2005-03-31": "0.79590"}, "Long-term Debt / Capital": {"2020-09-30": "0.57710", "2020-06-30": "0.56780", "2020-03-31": "0.56310", "2019-12-31": "0.55790", "2019-09-30": "0.55110", "2019-06-30": "0.55450", "2019-03-31": "0.54360", "2018-12-31": "0.53180", "2018-09-30": "0.52280", "2018-06-30": "0.51300", "2018-03-31": "0.50450", "2017-12-31": "0.51470", "2017-09-30": "0.50350", "2017-06-30": "0.48480", "2017-03-31": "0.48560", "2016-12-31": "0.49940", "2016-09-30": "0.49970", "2016-06-30": "0.48790", "2016-03-31": "0.49450", "2015-12-31": "0.49770", "2015-09-30": "0.49850", "2015-06-30": "0.50450", "2015-03-31": "0.49310", "2014-12-31": "0.48760", "2014-09-30": "0.48160", "2014-06-30": "0.48470", "2014-03-31": "0.50090", "2013-12-31": "0.51130", "2013-09-30": "0.50690", "2013-06-30": "0.50420", "2013-03-31": "0.50760", "2012-12-31": "0.50570", "2012-09-30": "0.49420", "2012-06-30": "0.50510", "2012-03-31": "0.50800", "2011-12-31": "0.50700", "2011-09-30": "0.50890", "2011-06-30": "0.52750", "2011-03-31": "0.53150", "2010-12-31": "0.53230", "2010-09-30": "0.53940", "2010-06-30": "0.55130", "2010-03-31": "0.54990", "2009-12-31": "0.54530", "2009-09-30": "0.54600", "2009-06-30": "0.54600", "2009-03-31": "0.59210", "2008-12-31": "0.59190", "2008-09-30": "0.58400", "2008-06-30": "0.58820", "2008-03-31": "0.58370", "2007-12-31": "0.58490", "2007-09-30": "0.58320", "2007-06-30": "0.57510", "2007-03-31": "0.56760", "2006-12-31": "0.56910", "2006-09-30": "0.53530", "2006-06-30": "0.55690", "2006-03-31": "0.54150", "2005-12-31": "0.54920", "2005-09-30": "0.55100", "2005-06-30": "0.56420", "2005-03-31": "0.56350"}, "Debt/Equity Ratio": {"2020-09-30": "1.57330", "2020-06-30": "1.57080", "2020-03-31": "1.61720", "2019-12-31": "1.48460", "2019-09-30": "1.41970", "2019-06-30": "1.42660", "2019-03-31": "1.36700", "2018-12-31": "1.32520", "2018-09-30": "1.31340", "2018-06-30": "1.31300", "2018-03-31": "1.30300", "2017-12-31": "1.24560", "2017-09-30": "1.20300", "2017-06-30": "1.19910", "2017-03-31": "1.17280", "2016-12-31": "1.26120", "2016-09-30": "1.22140", "2016-06-30": "1.17380", "2016-03-31": "1.15780", "2015-12-31": "1.13780", "2015-09-30": "1.14110", "2015-06-30": "1.18580", "2015-03-31": "1.16440", "2014-12-31": "1.18030", "2014-09-30": "1.14630", "2014-06-30": "1.18220", "2014-03-31": "1.18270", "2013-12-31": "1.18950", "2013-09-30": "1.19180", "2013-06-30": "1.23290", "2013-03-31": "1.22430", "2012-12-31": "1.22980", "2012-09-30": "1.20500", "2012-06-30": "1.23330", "2012-03-31": "1.23650", "2011-12-31": "1.23870", "2011-09-30": "1.20990", "2011-06-30": "1.31100", "2011-03-31": "1.34150", "2010-12-31": "1.33290", "2010-09-30": "1.37280", "2010-06-30": "1.41830", "2010-03-31": "1.39580", "2009-12-31": "1.34120", "2009-09-30": "1.34760", "2009-06-30": "1.35220", "2009-03-31": "1.71740", "2008-12-31": "1.67680", "2008-09-30": "1.58550", "2008-06-30": "1.54810", "2008-03-31": "1.52970", "2007-12-31": "1.55310", "2007-09-30": "1.55040", "2007-06-30": "1.55610", "2007-03-31": "1.47560", "2006-12-31": "1.45730", "2006-09-30": "1.34240", "2006-06-30": "1.35840", "2006-03-31": "1.31800", "2005-12-31": "1.34640", "2005-09-30": "1.30850", "2005-06-30": "1.42330", "2005-03-31": "1.49710"}, "Gross Margin": {"2020-09-30": "70.48000", "2020-06-30": "72.38410", "2020-03-31": "69.28620", "2019-12-31": "68.55090", "2019-09-30": "67.20510", "2019-06-30": "68.05460", "2019-03-31": "65.18930", "2018-12-31": "65.12330", "2018-09-30": "62.49570", "2018-06-30": "66.52050", "2018-03-31": "63.14260", "2017-12-31": "66.15580", "2017-09-30": "65.27150", "2017-06-30": "66.68530", "2017-03-31": "64.27430", "2016-12-31": "64.12760", "2016-09-30": "64.44480", "2016-06-30": "66.35930", "2016-03-31": "65.21550", "2015-12-31": "83.00000", "2015-09-30": "61.93750", "2015-06-30": "64.56220", "2015-03-31": "46.49160", "2014-12-31": "57.26400", "2014-09-30": "63.25400", "2014-06-30": "62.51240", "2014-03-31": "61.14460", "2013-12-31": "58.22580", "2013-09-30": "63.09870", "2013-06-30": "64.62870", "2013-03-31": "63.35600", "2012-12-31": "64.35100", "2012-09-30": "63.73920", "2012-06-30": "66.99520", "2012-03-31": "63.77930", "2011-12-31": "60.83040", "2011-09-30": "61.57400", "2011-06-30": "64.89330", "2011-03-31": "64.31640", "2010-12-31": "64.50200", "2010-09-30": "64.66540", "2010-06-30": "66.60710", "2010-03-31": "64.92010", "2009-12-31": "66.27060", "2009-09-30": "66.78880", "2009-06-30": "68.08240", "2009-03-31": "64.60380", "2008-12-31": "62.33000", "2008-09-30": "55.28510", "2008-06-30": "59.98310", "2008-03-31": "64.14770", "2007-12-31": "62.79000", "2007-09-30": "61.54660", "2007-06-30": "63.15960", "2007-03-31": "64.27900", "2006-12-31": "65.24800", "2006-09-30": "61.49140", "2006-06-30": "61.68260", "2006-03-31": "63.73870", "2005-12-31": "61.12450", "2005-09-30": "62.37980", "2005-06-30": "64.95210", "2005-03-31": "61.89230"}, "Operating Margin": {"2020-09-30": "23.19500", "2020-06-30": "20.68400", "2020-03-31": "20.05600", "2019-12-31": "8.14990", "2019-09-30": "22.20630", "2019-06-30": "15.41860", "2019-03-31": "19.43400", "2018-12-31": "14.49850", "2018-09-30": "15.43010", "2018-06-30": "18.86280", "2018-03-31": "17.43940", "2017-12-31": "19.18170", "2017-09-30": "23.75570", "2017-06-30": "20.50330", "2017-03-31": "27.60280", "2016-12-31": "14.05510", "2016-09-30": "-24.24440", "2016-06-30": "22.25080", "2016-03-31": "22.07470", "2015-12-31": "12.90280", "2015-09-30": "21.66810", "2015-06-30": "21.01290", "2015-03-31": "24.07650", "2014-12-31": "11.75400", "2014-09-30": "21.74960", "2014-06-30": "18.96640", "2014-03-31": "22.39670", "2013-12-31": "19.98760", "2013-09-30": "20.95310", "2013-06-30": "15.27080", "2013-03-31": "19.73340", "2012-12-31": "6.89180", "2012-09-30": "21.94420", "2012-06-30": "20.86740", "2012-03-31": "20.80000", "2011-12-31": "9.95940", "2011-09-30": "20.54000", "2011-06-30": "19.86700", "2011-03-31": "22.30560", "2010-12-31": "14.15260", "2010-09-30": "25.22150", "2010-06-30": "11.72620", "2010-03-31": "21.23840", "2009-12-31": "14.65570", "2009-09-30": "24.18950", "2009-06-30": "21.29920", "2009-03-31": "21.68880", "2008-12-31": "13.00990", "2008-09-30": "17.58530", "2008-06-30": "16.52570", "2008-03-31": "30.08360", "2007-12-31": "13.03420", "2007-09-30": "21.06100", "2007-06-30": "17.45070", "2007-03-31": "17.19790", "2006-12-31": "12.43300", "2006-09-30": "14.88590", "2006-06-30": "12.63620", "2006-03-31": "22.16860", "2005-12-31": "6.48500", "2005-09-30": "18.75000", "2005-06-30": "16.14050", "2005-03-31": "21.53340"}, "EBIT Margin": {"2020-09-30": "23.19500", "2020-06-30": "20.68400", "2020-03-31": "20.05600", "2019-12-31": "8.14990", "2019-09-30": "22.20630", "2019-06-30": "15.41860", "2019-03-31": "19.43400", "2018-12-31": "14.49850", "2018-09-30": "15.43010", "2018-06-30": "18.86280", "2018-03-31": "17.43940", "2017-12-31": "19.18170", "2017-09-30": "23.75570", "2017-06-30": "20.50330", "2017-03-31": "27.60280", "2016-12-31": "14.05510", "2016-09-30": "-24.24440", "2016-06-30": "22.25080", "2016-03-31": "22.07470", "2015-12-31": "12.90280", "2015-09-30": "21.66810", "2015-06-30": "21.01290", "2015-03-31": "24.07650", "2014-12-31": "11.75400", "2014-09-30": "21.74960", "2014-06-30": "18.96640", "2014-03-31": "22.39670", "2013-12-31": "19.98760", "2013-09-30": "20.95310", "2013-06-30": "15.27080", "2013-03-31": "19.73340", "2012-12-31": "6.89180", "2012-09-30": "21.94420", "2012-06-30": "20.86740", "2012-03-31": "20.80000", "2011-12-31": "9.95940", "2011-09-30": "20.54000", "2011-06-30": "19.86700", "2011-03-31": "22.30560", "2010-12-31": "14.15260", "2010-09-30": "25.22150", "2010-06-30": "11.72620", "2010-03-31": "21.23840", "2009-12-31": "14.65570", "2009-09-30": "24.18950", "2009-06-30": "21.29920", "2009-03-31": "21.68880", "2008-12-31": "13.00990", "2008-09-30": "17.58530", "2008-06-30": "16.52570", "2008-03-31": "30.08360", "2007-12-31": "13.03420", "2007-09-30": "21.06100", "2007-06-30": "17.45070", "2007-03-31": "17.19790", "2006-12-31": "12.43300", "2006-09-30": "14.88590", "2006-06-30": "12.63620", "2006-03-31": "22.16860", "2005-12-31": "6.48500", "2005-09-30": "18.75000", "2005-06-30": "16.14050", "2005-03-31": "21.53340"}, "EBITDA Margin": {"2020-09-30": "", "2020-06-30": "", "2020-03-31": "", "2019-12-31": "", "2019-09-30": "", "2019-06-30": "", "2019-03-31": "", "2018-12-31": "", "2018-09-30": "", "2018-06-30": "", "2018-03-31": "", "2017-12-31": "", "2017-09-30": "", "2017-06-30": "", "2017-03-31": "", "2016-12-31": "", "2016-09-30": "", "2016-06-30": "", "2016-03-31": "", "2015-12-31": "", "2015-09-30": "", "2015-06-30": "", "2015-03-31": "", "2014-12-31": "", "2014-09-30": "", "2014-06-30": "", "2014-03-31": "", "2013-12-31": "", "2013-09-30": "", "2013-06-30": "", "2013-03-31": "", "2012-12-31": "", "2012-09-30": "", "2012-06-30": "", "2012-03-31": "", "2011-12-31": "", "2011-09-30": "", "2011-06-30": "", "2011-03-31": "", "2010-12-31": "", "2010-09-30": "", "2010-06-30": "", "2010-03-31": "", "2009-12-31": "", "2009-09-30": "", "2009-06-30": "", "2009-03-31": "", "2008-12-31": "", "2008-09-30": "", "2008-06-30": "", "2008-03-31": "", "2007-12-31": "", "2007-09-30": "", "2007-06-30": "", "2007-03-31": "", "2006-12-31": "", "2006-09-30": "", "2006-06-30": "", "2006-03-31": "", "2005-12-31": "", "2005-09-30": "", "2005-06-30": "", "2005-03-31": ""}, "Pre-Tax Profit Margin": {"2020-09-30": "18.00860", "2020-06-30": "14.53640", "2020-03-31": "13.77450", "2019-12-31": "2.43640", "2019-09-30": "17.59680", "2019-06-30": "10.83780", "2019-03-31": "14.79250", "2018-12-31": "9.70250", "2018-09-30": "11.09830", "2018-06-30": "14.54200", "2018-03-31": "13.34390", "2017-12-31": "14.54970", "2017-09-30": "19.50450", "2017-06-30": "15.40050", "2017-03-31": "23.14600", "2016-12-31": "10.74110", "2016-09-30": "-28.45750", "2016-06-30": "17.43690", "2016-03-31": "17.64200", "2015-12-31": "8.10580", "2015-09-30": "17.51140", "2015-06-30": "16.47110", "2015-03-31": "20.16420", "2014-12-31": "7.00310", "2014-09-30": "17.37560", "2014-06-30": "14.41640", "2014-03-31": "18.28740", "2013-12-31": "14.71750", "2013-09-30": "16.28350", "2013-06-30": "10.97150", "2013-03-31": "14.24460", "2012-12-31": "-0.16610", "2012-09-30": "17.20400", "2012-06-30": "15.29150", "2012-03-31": "15.72410", "2011-12-31": "6.82350", "2011-09-30": "22.70940", "2011-06-30": "14.43610", "2011-03-31": "16.80970", "2010-12-31": "8.35760", "2010-09-30": "19.98030", "2010-06-30": "5.98210", "2010-03-31": "15.38250", "2009-12-31": "8.44000", "2009-09-30": "18.32540", "2009-06-30": "14.64710", "2009-03-31": "15.67380", "2008-12-31": "5.46970", "2008-09-30": "13.52900", "2008-06-30": "11.39310", "2008-03-31": "25.00720", "2007-12-31": "8.79120", "2007-09-30": "16.15200", "2007-06-30": "11.63380", "2007-03-31": "12.52760", "2006-12-31": "8.94770", "2006-09-30": "11.04620", "2006-06-30": "8.37870", "2006-03-31": "18.24320", "2005-12-31": "1.79370", "2005-09-30": "16.79690", "2005-06-30": "11.35150", "2005-03-31": "17.03100"}, "Net Profit Margin": {"2020-09-30": "18.40940", "2020-06-30": "14.90560", "2020-03-31": "13.21410", "2019-12-31": "4.24500", "2019-09-30": "16.99880", "2019-06-30": "12.90860", "2019-03-31": "14.11950", "2018-12-31": "9.56040", "2018-09-30": "13.33000", "2018-06-30": "13.16660", "2018-03-31": "11.22450", "2017-12-31": "10.51600", "2017-09-30": "13.27020", "2017-06-30": "10.48510", "2017-03-31": "15.05610", "2016-12-31": "9.85200", "2016-09-30": "-16.46100", "2016-06-30": "12.89780", "2016-03-31": "12.39090", "2015-12-31": "12.99140", "2015-09-30": "11.69610", "2015-06-30": "11.23680", "2015-03-31": "13.73680", "2014-12-31": "5.41180", "2014-09-30": "11.84810", "2014-06-30": "9.64390", "2014-03-31": "12.04820", "2013-12-31": "10.72920", "2013-09-30": "10.36880", "2013-06-30": "9.43610", "2013-03-31": "9.48770", "2012-12-31": "0.58120", "2012-09-30": "11.71800", "2012-06-30": "10.19430", "2012-03-31": "10.73100", "2011-12-31": "8.94310", "2011-09-30": "21.41700", "2011-06-30": "9.75340", "2011-03-31": "9.46380", "2010-12-31": "5.12520", "2010-09-30": "13.65650", "2010-06-30": "4.04760", "2010-03-31": "9.63860", "2009-12-31": "7.25170", "2009-09-30": "12.48940", "2009-06-30": "9.86880", "2009-03-31": "10.41060", "2008-12-31": "4.69720", "2008-09-30": "8.92390", "2008-06-30": "7.92440", "2008-03-31": "16.52730", "2007-12-31": "7.05130", "2007-09-30": "10.74160", "2007-06-30": "5.72160", "2007-03-31": "8.55160", "2006-12-31": "6.06570", "2006-09-30": "7.37340", "2006-06-30": "5.96050", "2006-03-31": "12.25870", "2005-12-31": "-5.13970", "2005-09-30": "11.62860", "2005-06-30": "7.83970", "2005-03-31": "11.58240"}, "Asset Turnover": {"2020-09-30": "0.05170", "2020-06-30": "0.04490", "2020-03-31": "0.04820", "2019-12-31": "0.04760", "2019-09-30": "0.05840", "2019-06-30": "0.04930", "2019-03-31": "0.05740", "2018-12-31": "0.05520", "2018-09-30": "0.06410", "2018-06-30": "0.06000", "2018-03-31": "0.06170", "2017-12-31": "0.05890", "2017-09-30": "0.06420", "2017-06-30": "0.05700", "2017-03-31": "0.06370", "2016-12-31": "0.05970", "2016-09-30": "0.07570", "2016-06-30": "0.06150", "2016-03-31": "0.06470", "2015-12-31": "0.05860", "2015-09-30": "0.07250", "2015-06-30": "0.06280", "2015-03-31": "0.07630", "2014-12-31": "0.05920", "2014-09-30": "0.07180", "2014-06-30": "0.07020", "2014-03-31": "0.08150", "2013-12-31": "0.05720", "2013-09-30": "0.07600", "2013-06-30": "0.06520", "2013-03-31": "0.07010", "2012-12-31": "0.06650", "2012-09-30": "0.07720", "2012-06-30": "0.06650", "2012-03-31": "0.06850", "2011-12-31": "0.06590", "2011-09-30": "0.08470", "2011-06-30": "0.07110", "2011-03-31": "0.07380", "2010-12-31": "0.06810", "2010-09-30": "0.08150", "2010-06-30": "0.06730", "2010-03-31": "0.07190", "2009-12-31": "0.06790", "2009-09-30": "0.07520", "2009-06-30": "0.06910", "2009-03-31": "0.07540", "2008-12-31": "0.07170", "2008-09-30": "0.09740", "2008-06-30": "0.08310", "2008-03-31": "0.08390", "2007-12-31": "0.08130", "2007-09-30": "0.09600", "2007-06-30": "0.08030", "2007-03-31": "0.08350", "2006-12-31": "0.07860", "2006-09-30": "0.09880", "2006-06-30": "0.08110", "2006-03-31": "0.08690", "2005-12-31": "0.08010", "2005-09-30": "0.09260", "2005-06-30": "0.08310", "2005-03-31": "0.08730"}, "Inventory Turnover Ratio": {"2020-09-30": "0.94720", "2020-06-30": "0.75390", "2020-03-31": "0.96250", "2019-12-31": "0.97260", "2019-09-30": "1.34600", "2019-06-30": "1.10360", "2019-03-31": "1.49190", "2018-12-31": "1.43930", "2018-09-30": "1.91660", "2018-06-30": "1.46750", "2018-03-31": "1.61690", "2017-12-31": "1.35290", "2017-09-30": "1.55540", "2017-06-30": "1.21310", "2017-03-31": "1.47100", "2016-12-31": "1.40560", "2016-09-30": "1.61410", "2016-06-30": "0.96150", "2016-03-31": "1.04080", "2015-12-31": "0.45880", "2015-09-30": "1.52640", "2015-06-30": "1.16910", "2015-03-31": "2.05610", "2014-12-31": "1.14440", "2014-09-30": "1.26890", "2014-06-30": "1.24360", "2014-03-31": "1.48760", "2013-12-31": "0.94810", "2013-09-30": "1.07010", "2013-06-30": "0.80500", "2013-03-31": "0.92240", "2012-12-31": "0.84790", "2012-09-30": "1.03080", "2012-06-30": "0.78450", "2012-03-31": "0.92600", "2011-12-31": "1.04410", "2011-09-30": "1.41940", "2011-06-30": "0.97090", "2011-03-31": "1.00230", "2010-12-31": "0.84190", "2010-09-30": "1.01920", "2010-06-30": "0.71150", "2010-03-31": "0.79950", "2009-12-31": "0.66650", "2009-09-30": "0.75180", "2009-06-30": "0.68780", "2009-03-31": "0.94880", "2008-12-31": "1.03920", "2008-09-30": "1.84090", "2008-06-30": "1.35270", "2008-03-31": "1.31260", "2007-12-31": "1.26060", "2007-09-30": "1.51610", "2007-06-30": "1.11660", "2007-03-31": "1.20170", "2006-12-31": "1.13580", "2006-09-30": "1.70860", "2006-06-30": "1.30060", "2006-03-31": "1.45230", "2005-12-31": "1.55230", "2005-09-30": "1.92910", "2005-06-30": "1.35530", "2005-03-31": "1.83650"}, "Receiveable Turnover": {"2020-09-30": "2.19720", "2020-06-30": "1.95030", "2020-03-31": "2.15190", "2019-12-31": "2.12070", "2019-09-30": "2.36430", "2019-06-30": "2.00630", "2019-03-31": "2.15520", "2018-12-31": "1.97310", "2018-09-30": "2.04570", "2018-06-30": "1.76740", "2018-03-31": "2.18650", "2017-12-31": "2.01500", "2017-09-30": "2.35780", "2017-06-30": "2.15220", "2017-03-31": "2.29860", "2016-12-31": "1.97740", "2016-09-30": "2.47460", "2016-06-30": "2.14460", "2016-03-31": "2.45150", "2015-12-31": "2.20340", "2015-09-30": "2.39150", "2015-06-30": "1.99310", "2015-03-31": "2.42480", "2014-12-31": "1.92110", "2014-09-30": "2.24310", "2014-06-30": "2.09970", "2014-03-31": "2.39220", "2013-12-31": "1.73630", "2013-09-30": "2.25000", "2013-06-30": "1.85500", "2013-03-31": "2.04710", "2012-12-31": "1.93110", "2012-09-30": "2.24040", "2012-06-30": "2.01530", "2012-03-31": "2.17070", "2011-12-31": "1.87790", "2011-09-30": "2.32960", "2011-06-30": "1.93410", "2011-03-31": "2.13260", "2010-12-31": "1.78580", "2010-09-30": "2.23790", "2010-06-30": "1.81920", "2010-03-31": "2.15520", "2009-12-31": "3.12570", "2009-09-30": "3.44700", "2009-06-30": "3.08780", "2009-03-31": "3.59460", "2008-12-31": "3.03560", "2008-09-30": "3.53080", "2008-06-30": "2.87130", "2008-03-31": "3.30190", "2007-12-31": "2.93290", "2007-09-30": "3.15220", "2007-06-30": "2.93470", "2007-03-31": "2.91000", "2006-12-31": "2.86920", "2006-09-30": "3.31860", "2006-06-30": "2.88690", "2006-03-31": "3.10800", "2005-12-31": "2.37620", "2005-09-30": "2.75040", "2005-06-30": "2.66450", "2005-03-31": "2.72440"}, "Days Sales In Receivables": {"2020-09-30": "40.96080", "2020-06-30": "46.14630", "2020-03-31": "41.82390", "2019-12-31": "42.43890", "2019-09-30": "38.06700", "2019-06-30": "44.85900", "2019-03-31": "41.75880", "2018-12-31": "45.61440", "2018-09-30": "43.99370", "2018-06-30": "50.92270", "2018-03-31": "41.16170", "2017-12-31": "44.66460", "2017-09-30": "38.17110", "2017-06-30": "41.81800", "2017-03-31": "39.15490", "2016-12-31": "45.51410", "2016-09-30": "36.36990", "2016-06-30": "41.96560", "2016-03-31": "36.71290", "2015-12-31": "40.84570", "2015-09-30": "37.63370", "2015-06-30": "45.15640", "2015-03-31": "37.11690", "2014-12-31": "46.84820", "2014-09-30": "40.12260", "2014-06-30": "42.86350", "2014-03-31": "37.62260", "2013-12-31": "51.83470", "2013-09-30": "40.00000", "2013-06-30": "48.51760", "2013-03-31": "43.96500", "2012-12-31": "46.60670", "2012-09-30": "40.17080", "2012-06-30": "44.65780", "2012-03-31": "41.46210", "2011-12-31": "47.92680", "2011-09-30": "38.63370", "2011-06-30": "46.53370", "2011-03-31": "42.20110", "2010-12-31": "50.39900", "2010-09-30": "40.21650", "2010-06-30": "49.47320", "2010-03-31": "41.75960", "2009-12-31": "28.79340", "2009-09-30": "26.10940", "2009-06-30": "29.14740", "2009-03-31": "25.03760", "2008-12-31": "29.64770", "2008-09-30": "25.49030", "2008-06-30": "31.34520", "2008-03-31": "27.25700", "2007-12-31": "30.68680", "2007-09-30": "28.55110", "2007-06-30": "30.66750", "2007-03-31": "30.92770", "2006-12-31": "31.36730", "2006-09-30": "27.12020", "2006-06-30": "31.17510", "2006-03-31": "28.95750", "2005-12-31": "37.87510", "2005-09-30": "32.72240", "2005-06-30": "33.77790", "2005-03-31": "33.03430"}, "ROE - Return On Equity": {"2020-09-30": "3.62590", "2020-06-30": "2.53720", "2020-03-31": "2.49550", "2019-12-31": "0.76680", "2019-09-30": "3.66990", "2019-06-30": "2.36370", "2019-03-31": "2.98570", "2018-12-31": "1.91400", "2018-09-30": "3.04360", "2018-06-30": "2.82700", "2018-03-31": "2.46710", "2017-12-31": "2.19400", "2017-09-30": "3.07480", "2017-06-30": "2.10760", "2017-03-31": "3.35480", "2016-12-31": "2.15380", "2016-09-30": "-4.40640", "2016-06-30": "2.75140", "2016-03-31": "2.77320", "2015-12-31": "1.14610", "2015-09-30": "2.89010", "2015-06-30": "2.47330", "2015-03-31": "3.59580", "2014-12-31": "0.92420", "2014-09-30": "2.86270", "2014-06-30": "2.35760", "2014-03-31": "3.41680", "2013-12-31": "2.09440", "2013-09-30": "2.75330", "2013-06-30": "2.18190", "2013-03-31": "2.36040", "2012-12-31": "0.13780", "2012-09-30": "3.18830", "2012-06-30": "2.41870", "2012-03-31": "2.62500", "2011-12-31": "1.43880", "2011-09-30": "4.48370", "2011-06-30": "2.53250", "2011-03-31": "2.57640", "2010-12-31": "1.30670", "2010-09-30": "4.07880", "2010-06-30": "1.03240", "2010-03-31": "2.59680", "2009-12-31": "1.81890", "2009-09-30": "3.41400", "2009-06-30": "2.52290", "2009-03-31": "3.31260", "2008-12-31": "1.33520", "2008-09-30": "3.44420", "2008-06-30": "2.64320", "2008-03-31": "5.49150", "2007-12-31": "2.16290", "2007-09-30": "4.10740", "2007-06-30": "2.66160", "2007-03-31": "2.84070", "2006-12-31": "1.88060", "2006-09-30": "2.78220", "2006-06-30": "1.82470", "2006-03-31": "4.02810", "2005-12-31": "1.01230", "2005-09-30": "4.06230", "2005-06-30": "2.60080", "2005-03-31": "4.28160"}, "Return On Tangible Equity": {"2020-09-30": "3.63520", "2020-06-30": "2.54380", "2020-03-31": "2.50210", "2019-12-31": "0.76890", "2019-09-30": "3.67960", "2019-06-30": "2.37010", "2019-03-31": "2.99380", "2018-12-31": "1.91930", "2018-09-30": "3.05200", "2018-06-30": "2.83490", "2018-03-31": "2.47410", "2017-12-31": "2.20030", "2017-09-30": "3.08370", "2017-06-30": "2.11380", "2017-03-31": "3.36480", "2016-12-31": "2.16030", "2016-09-30": "-4.41980", "2016-06-30": "2.75930", "2016-03-31": "2.78120", "2015-12-31": "1.14940", "2015-09-30": "2.89870", "2015-06-30": "2.48630", "2015-03-31": "3.61490", "2014-12-31": "0.92710", "2014-09-30": "2.87830", "2014-06-30": "2.37060", "2014-03-31": "3.43580", "2013-12-31": "2.10630", "2013-09-30": "2.76930", "2013-06-30": "2.19470", "2013-03-31": "2.37440", "2012-12-31": "0.13870", "2012-09-30": "3.20720", "2012-06-30": "2.43330", "2012-03-31": "2.64100", "2011-12-31": "1.44630", "2011-09-30": "4.50710", "2011-06-30": "2.54630", "2011-03-31": "2.59070", "2010-12-31": "1.31400", "2010-09-30": "4.10160", "2010-06-30": "1.03840", "2010-03-31": "2.61170", "2009-12-31": "1.82950", "2009-09-30": "3.43390", "2009-06-30": "2.53800", "2009-03-31": "3.33580", "2008-12-31": "1.34470", "2008-09-30": "3.46830", "2008-06-30": "2.66220", "2008-03-31": "5.53150", "2007-12-31": "2.17930", "2007-09-30": "4.13910", "2007-06-30": "2.68270", "2007-03-31": "2.86350", "2006-12-31": "1.89590", "2006-09-30": "2.80450", "2006-06-30": "1.83960", "2006-03-31": "4.06100", "2005-12-31": "1.02090", "2005-09-30": "4.09700", "2005-06-30": "2.62460", "2005-03-31": "4.32130"}, "ROA - Return On Assets": {"2020-09-30": "0.95080", "2020-06-30": "0.66130", "2020-03-31": "0.64240", "2019-12-31": "0.20120", "2019-09-30": "0.99310", "2019-06-30": "0.63280", "2019-03-31": "0.81180", "2018-12-31": "0.53020", "2018-09-30": "0.85730", "2018-06-30": "0.79270", "2018-03-31": "0.69610", "2017-12-31": "0.62070", "2017-09-30": "0.87030", "2017-06-30": "0.59960", "2017-03-31": "0.96260", "2016-12-31": "0.59120", "2016-09-30": "-1.24380", "2016-06-30": "0.79980", "2016-03-31": "0.80510", "2015-12-31": "0.33270", "2015-09-30": "0.83770", "2015-06-30": "0.70790", "2015-03-31": "1.03300", "2014-12-31": "0.26110", "2014-09-30": "0.83380", "2014-06-30": "0.67860", "2014-03-31": "0.98360", "2013-12-31": "0.59720", "2013-09-30": "0.78960", "2013-06-30": "0.61660", "2013-03-31": "0.66730", "2012-12-31": "0.03860", "2012-09-30": "0.90630", "2012-06-30": "0.67950", "2012-03-31": "0.73720", "2011-12-31": "0.40400", "2011-09-30": "1.28350", "2011-06-30": "0.69550", "2011-03-31": "0.70210", "2010-12-31": "0.35280", "2010-09-30": "1.11640", "2010-06-30": "0.27430", "2010-03-31": "0.69720", "2009-12-31": "0.49430", "2009-09-30": "0.94510", "2009-06-30": "0.69490", "2009-03-31": "0.79150", "2008-12-31": "0.31670", "2008-09-30": "0.87360", "2008-06-30": "0.65810", "2008-03-31": "1.39410", "2007-12-31": "0.54070", "2007-09-30": "1.03150", "2007-06-30": "0.65570", "2007-03-31": "0.71440", "2006-12-31": "0.46590", "2006-09-30": "0.72830", "2006-06-30": "0.47530", "2006-03-31": "1.05690", "2005-12-31": "0.25430", "2005-09-30": "1.01510", "2005-06-30": "0.64230", "2005-03-31": "1.00860"}, "ROI - Return On Investment": {"2020-09-30": "1.53350", "2020-06-30": "1.09660", "2020-03-31": "1.09040", "2019-12-31": "0.33900", "2019-09-30": "1.64730", "2019-06-30": "1.05300", "2019-03-31": "1.36280", "2018-12-31": "0.89610", "2018-09-30": "1.45230", "2018-06-30": "1.37680", "2018-03-31": "1.22250", "2017-12-31": "1.06480", "2017-09-30": "1.52650", "2017-06-30": "1.08580", "2017-03-31": "1.72560", "2016-12-31": "1.07820", "2016-09-30": "-2.20470", "2016-06-30": "1.40890", "2016-03-31": "1.40170", "2015-12-31": "0.57570", "2015-09-30": "1.44950", "2015-06-30": "1.22550", "2015-03-31": "1.82270", "2014-12-31": "0.47360", "2014-09-30": "1.48390", "2014-06-30": "1.21480", "2014-03-31": "1.70550", "2013-12-31": "1.02360", "2013-09-30": "1.35770", "2013-06-30": "1.08180", "2013-03-31": "1.16220", "2012-12-31": "0.06810", "2012-09-30": "1.61260", "2012-06-30": "1.19700", "2012-03-31": "1.29150", "2011-12-31": "0.70930", "2011-09-30": "2.20200", "2011-06-30": "1.19650", "2011-03-31": "1.20710", "2010-12-31": "0.61120", "2010-09-30": "1.87850", "2010-06-30": "0.46320", "2010-03-31": "1.16870", "2009-12-31": "0.82710", "2009-09-30": "1.54980", "2009-06-30": "1.14540", "2009-03-31": "1.35140", "2008-12-31": "0.54480", "2008-09-30": "1.43280", "2008-06-30": "1.08850", "2008-03-31": "2.28630", "2007-12-31": "0.89780", "2007-09-30": "1.71190", "2007-06-30": "1.13100", "2007-03-31": "1.22820", "2006-12-31": "0.81040", "2006-09-30": "1.29270", "2006-06-30": "0.80860", "2006-03-31": "1.84710", "2005-12-31": "0.45630", "2005-09-30": "1.82410", "2005-06-30": "1.13340", "2005-03-31": "1.86890"}, "Book Value Per Share": {"2020-09-30": "41.57290", "2020-06-30": "40.88260", "2020-03-31": "40.40260", "2019-12-31": "40.29630", "2019-09-30": "40.48640", "2019-06-30": "39.33750", "2019-03-31": "38.96920", "2018-12-31": "38.64080", "2018-09-30": "38.62690", "2018-06-30": "38.04090", "2018-03-31": "37.58610", "2017-12-31": "37.22230", "2017-09-30": "36.81160", "2017-06-30": "36.29150", "2017-03-31": "36.02050", "2016-12-31": "35.42740", "2016-09-30": "35.27090", "2016-06-30": "37.43400", "2016-03-31": "36.93020", "2015-12-31": "36.46230", "2015-09-30": "36.08150", "2015-06-30": "35.55620", "2015-03-31": "35.20500", "2014-12-31": "34.37760", "2014-09-30": "34.48710", "2014-06-30": "33.94630", "2014-03-31": "33.64140", "2013-12-31": "32.97820", "2013-09-30": "32.35050", "2013-06-30": "31.92090", "2013-03-31": "31.72920", "2012-12-31": "31.37330", "2012-09-30": "31.54470", "2012-06-30": "30.95520", "2012-03-31": "30.68170", "2011-12-31": "30.33580", "2011-09-30": "30.34560", "2011-06-30": "28.90550", "2011-03-31": "28.60480", "2010-12-31": "28.33150", "2010-09-30": "28.44760", "2010-06-30": "27.68180", "2010-03-31": "27.82470", "2009-12-31": "27.48640", "2009-09-30": "27.36500", "2009-06-30": "26.76900", "2009-03-31": "26.87360", "2008-12-31": "26.37470", "2008-09-30": "27.08670", "2008-06-30": "26.43640", "2008-03-31": "26.12420", "2007-12-31": "25.17060", "2007-09-30": "24.78310", "2007-06-30": "22.95280", "2007-03-31": "23.95970", "2006-12-31": "23.72720", "2006-09-30": "24.14570", "2006-06-30": "23.92710", "2006-03-31": "23.82260", "2005-12-31": "23.08250", "2005-09-30": "22.83590", "2005-06-30": "21.80560", "2005-03-31": "21.53500"}, "Operating Cash Flow Per Share": {"2020-09-30": 2.3632, "2020-06-30": 2.2713, "2020-03-31": "1.23980", "2019-12-31": 1.8599, "2019-09-30": 3.126, "2019-06-30": 2.0006, "2019-03-31": "1.63460", "2018-12-31": 2.6168, "2018-09-30": 3.8953, "2018-06-30": 2.4396, "2018-03-31": "1.62680", "2017-12-31": 2.3318, "2017-09-30": 2.8518, "2017-06-30": 1.8456, "2017-03-31": "1.63970", "2016-12-31": 2.2411, "2016-09-30": 3.4456, "2016-06-30": 1.8823, "2016-03-31": "1.62800", "2015-12-31": 1.7119, "2015-09-30": 3.4849, "2015-06-30": 1.916, "2015-03-31": "2.56710", "2014-12-31": 1.8162, "2014-09-30": 3.1005, "2014-06-30": 2.1767, "2014-03-31": "2.32040", "2013-12-31": 2.1714, "2013-09-30": 3.1246, "2013-06-30": 1.5599, "2013-03-31": "1.55450", "2012-12-31": 1.8423, "2012-09-30": 2.4666, "2012-06-30": 1.724, "2012-03-31": "1.80900", "2011-12-31": 0.9375, "2011-09-30": 3.3221, "2011-06-30": 1.8675, "2011-03-31": "1.72430", "2010-12-31": 2.0027, "2010-09-30": 2.3331, "2010-06-30": 1.2104, "2010-03-31": "0.00420", "2009-12-31": 1.4709, "2009-09-30": 2.1067, "2009-06-30": 1.0367, "2009-03-31": "0.77810", "2008-12-31": 1.2966, "2008-09-30": 2.116, "2008-06-30": 1.4123, "2008-03-31": "1.56940", "2007-12-31": 1.9092, "2007-09-30": 1.6495, "2007-06-30": 1.5426, "2007-03-31": "0.88070", "2006-12-31": 1.3489, "2006-09-30": 2.7023, "2006-06-30": 1.3656, "2006-03-31": "1.47380", "2005-12-31": 0.4389, "2005-09-30": 1.8058, "2005-06-30": 0.8577, "2005-03-31": "1.69290"}, "Free Cash Flow Per Share": {"2020-09-30": -0.5411, "2020-06-30": -0.6433, "2020-03-31": "-2.37010", "2019-12-31": -1.6061, "2019-09-30": 0.4036, "2019-06-30": -0.8628, "2019-03-31": "-1.53110", "2018-12-31": -0.6728, "2018-09-30": 0.9351, "2018-06-30": -0.2272, "2018-03-31": "-2.23800", "2017-12-31": -1.5544, "2017-09-30": 0.2808, "2017-06-30": -0.4798, "2017-03-31": "3.25300", "2016-12-31": -0.816, "2016-09-30": 1.2081, "2016-06-30": -0.3176, "2016-03-31": "-0.82140", "2015-12-31": -0.7997, "2015-09-30": 1.244, "2015-06-30": -0.3333, "2015-03-31": "0.36880", "2014-12-31": -0.7472, "2014-09-30": 1.0303, "2014-06-30": 0.1758, "2014-03-31": "0.37480", "2013-12-31": -0.2443, "2013-09-30": 1.3979, "2013-06-30": -0.0512, "2013-03-31": "-0.18300", "2012-12-31": -0.0507, "2012-09-30": 0.9595, "2012-06-30": 0.4206, "2012-03-31": "0.11980", "2011-12-31": -0.7688, "2011-09-30": 1.8458, "2011-06-30": 0.7163, "2011-03-31": "0.74160", "2010-12-31": 0.2754, "2010-09-30": 1.2599, "2010-06-30": 0.1698, "2010-03-31": "-0.97740", "2009-12-31": -0.1775, "2009-09-30": 0.8421, "2009-06-30": 0.0253, "2009-03-31": "-1.00150", "2008-12-31": -1.8788, "2008-09-30": -0.2743, "2008-06-30": -0.7195, "2008-03-31": "-0.32080", "2007-12-31": -0.1326, "2007-09-30": -1.545, "2007-06-30": -0.7262, "2007-03-31": "-1.22440", "2006-12-31": -1.2559, "2006-09-30": 0.6529, "2006-06-30": -0.756, "2006-03-31": "-0.17950", "2005-12-31": -2.4913, "2005-09-30": 0.5308, "2005-06-30": 0.201, "2005-03-31": "3.59640"}}, "revenue": {"American Electric Power Annual Revenue (Millions of US $)": {"2019": "$15,561", "2018": "$16,196", "2017": "$15,425", "2016": "$16,380", "2015": "$16,453", "2014": "$16,379", "2013": "$14,814", "2012": "$14,945", "2011": "$15,116", "2010": "$14,427", "2009": "$13,489", "2008": "$14,440", "2007": "$13,380", "2006": "$12,622", "2005": "$12,111"}, "American Electric Power Quarterly Revenue (Millions of US $)": {"2020-09-30": "$4,066", "2020-06-30": "$3,494", "2020-03-31": "$3,748", "2019-12-31": "$3,616", "2019-09-30": "$4,315", "2019-06-30": "$3,574", "2019-03-31": "$4,057", "2018-12-31": "$3,801", "2018-09-30": "$4,333", "2018-06-30": "$4,013", "2018-03-31": "$4,048", "2017-12-31": "$3,810", "2017-09-30": "$4,105", "2017-06-30": "$3,577", "2017-03-31": "$3,933", "2016-12-31": "$3,790", "2016-09-30": "$4,652", "2016-06-30": "$3,893", "2016-03-31": "$4,045", "2015-12-31": "$3,615", "2015-09-30": "$4,431", "2015-06-30": "$3,827", "2015-03-31": "$4,580", "2014-12-31": "$3,526", "2014-09-30": "$4,161", "2014-06-30": "$4,044", "2014-03-31": "$4,648", "2013-12-31": "$3,230", "2013-09-30": "$4,176", "2013-06-30": "$3,582", "2013-03-31": "$3,826", "2012-12-31": "$3,613", "2012-09-30": "$4,156", "2012-06-30": "$3,551", "2012-03-31": "$3,625", "2011-12-31": "$3,444", "2011-09-30": "$4,333", "2011-06-30": "$3,609", "2011-03-31": "$3,730", "2010-12-31": "$3,434", "2010-09-30": "$4,064", "2010-06-30": "$3,360", "2010-03-31": "$3,569", "2009-12-31": "$3,282", "2009-09-30": "$3,547", "2009-06-30": "$3,202", "2009-03-31": "$3,458", "2008-12-31": "$3,236", "2008-09-30": "$4,191", "2008-06-30": "$3,546", "2008-03-31": "$3,467", "2007-12-31": "$3,276", "2007-09-30": "$3,789", "2007-06-30": "$3,146", "2007-03-31": "$3,169", "2006-12-31": "$2,984", "2006-09-30": "$3,594", "2006-06-30": "$2,936", "2006-03-31": "$3,108", "2005-12-31": "$2,899", "2005-09-30": "$3,328", "2005-06-30": "$2,819", "2005-03-31": "$3,065"}}, "gross-profit": {"American Electric Power Annual Gross Profit (Millions of US $)": {"2019": "$10,455", "2018": "$10,409", "2017": "$10,113", "2016": "$10,650", "2015": "$10,345", "2014": "$10,021", "2013": "$9,254", "2012": "$9,665", "2011": "$9,504", "2010": "$9,398", "2009": "$8,958", "2008": "$8,685", "2007": "$8,413", "2006": "$7,949", "2005": "$7,576"}, "American Electric Power Quarterly Gross Profit (Millions of US $)": {"2020-09-30": "$2,866", "2020-06-30": "$2,529", "2020-03-31": "$2,597", "2019-12-31": "$2,479", "2019-09-30": "$2,900", "2019-06-30": "$2,432", "2019-03-31": "$2,645", "2018-12-31": "$2,475", "2018-09-30": "$2,708", "2018-06-30": "$2,670", "2018-03-31": "$2,556", "2017-12-31": "$2,521", "2017-09-30": "$2,679", "2017-06-30": "$2,385", "2017-03-31": "$2,528", "2016-12-31": "$2,431", "2016-09-30": "$2,998", "2016-06-30": "$2,583", "2016-03-31": "$2,638", "2015-12-31": "$3,000", "2015-09-30": "$2,745", "2015-06-30": "$2,471", "2015-03-31": "$2,130", "2014-12-31": "$2,019", "2014-09-30": "$2,632", "2014-06-30": "$2,528", "2014-03-31": "$2,842", "2013-12-31": "$1,880", "2013-09-30": "$2,635", "2013-06-30": "$2,315", "2013-03-31": "$2,424", "2012-12-31": "$2,325", "2012-09-30": "$2,649", "2012-06-30": "$2,379", "2012-03-31": "$2,312", "2011-12-31": "$2,095", "2011-09-30": "$2,668", "2011-06-30": "$2,342", "2011-03-31": "$2,399", "2010-12-31": "$2,215", "2010-09-30": "$2,628", "2010-06-30": "$2,238", "2010-03-31": "$2,317", "2009-12-31": "$2,175", "2009-09-30": "$2,369", "2009-06-30": "$2,180", "2009-03-31": "$2,234", "2008-12-31": "$2,017", "2008-09-30": "$2,317", "2008-06-30": "$2,127", "2008-03-31": "$2,224", "2007-12-31": "$2,057", "2007-09-30": "$2,332", "2007-06-30": "$1,987", "2007-03-31": "$2,037", "2006-12-31": "$1,947", "2006-09-30": "$2,210", "2006-06-30": "$1,811", "2006-03-31": "$1,981", "2005-12-31": "$1,772", "2005-09-30": "$2,076", "2005-06-30": "$1,831", "2005-03-31": "$1,897"}}, "operating-income": {"American Electric Power Annual Operating Income (Millions of US $)": {"2019": "$2,592", "2018": "$2,683", "2017": "$3,525", "2016": "$1,164", "2015": "$3,333", "2014": "$3,127", "2013": "$2,822", "2012": "$2,656", "2011": "$2,782", "2010": "$2,663", "2009": "$2,771", "2008": "$2,787", "2007": "$2,319", "2006": "$1,966", "2005": "$1,927"}, "American Electric Power Quarterly Operating Income (Millions of US $)": {"2020-09-30": "$943", "2020-06-30": "$723", "2020-03-31": "$752", "2019-12-31": "$295", "2019-09-30": "$958", "2019-06-30": "$551", "2019-03-31": "$788", "2018-12-31": "$551", "2018-09-30": "$669", "2018-06-30": "$757", "2018-03-31": "$706", "2017-12-31": "$731", "2017-09-30": "$975", "2017-06-30": "$733", "2017-03-31": "$1,086", "2016-12-31": "$533", "2016-09-30": "$-1,128", "2016-06-30": "$866", "2016-03-31": "$893", "2015-12-31": "$466", "2015-09-30": "$960", "2015-06-30": "$804", "2015-03-31": "$1,103", "2014-12-31": "$414", "2014-09-30": "$905", "2014-06-30": "$767", "2014-03-31": "$1,041", "2013-12-31": "$645", "2013-09-30": "$875", "2013-06-30": "$547", "2013-03-31": "$755", "2012-12-31": "$249", "2012-09-30": "$912", "2012-06-30": "$741", "2012-03-31": "$754", "2011-12-31": "$343", "2011-09-30": "$890", "2011-06-30": "$717", "2011-03-31": "$832", "2010-12-31": "$486", "2010-09-30": "$1,025", "2010-06-30": "$394", "2010-03-31": "$758", "2009-12-31": "$481", "2009-09-30": "$858", "2009-06-30": "$682", "2009-03-31": "$750", "2008-12-31": "$421", "2008-09-30": "$737", "2008-06-30": "$586", "2008-03-31": "$1,043", "2007-12-31": "$427", "2007-09-30": "$798", "2007-06-30": "$549", "2007-03-31": "$545", "2006-12-31": "$371", "2006-09-30": "$535", "2006-06-30": "$371", "2006-03-31": "$689", "2005-12-31": "$188", "2005-09-30": "$624", "2005-06-30": "$455", "2005-03-31": "$660"}}, "ebitda": {"American Electric Power Annual EBITDA (Millions of US $)": {"2019": "$5,332", "2018": "$5,083", "2017": "$5,651", "2016": "$3,255", "2015": "$5,488", "2014": "$5,169", "2013": "$4,666", "2012": "$4,574", "2011": "$4,574", "2010": "$4,443", "2009": "$4,431", "2008": "$4,345", "2007": "$3,871", "2006": "$3,469", "2005": "$3,314"}, "American Electric Power Quarterly EBITDA (Millions of US $)": {"2020-09-30": "$1,609", "2020-06-30": "$1,424", "2020-03-31": "$1,447", "2019-12-31": "$1,090", "2019-09-30": "$1,629", "2019-06-30": "$1,195", "2019-03-31": "$1,419", "2018-12-31": "$1,173", "2018-09-30": "$1,302", "2018-06-30": "$1,334", "2018-03-31": "$1,273", "2017-12-31": "$1,266", "2017-09-30": "$1,527", "2017-06-30": "$1,255", "2017-03-31": "$1,603", "2016-12-31": "$964", "2016-09-30": "$-552", "2016-06-30": "$1,413", "2016-03-31": "$1,431", "2015-12-31": "$991", "2015-09-30": "$1,531", "2015-06-30": "$1,329", "2015-03-31": "$1,637", "2014-12-31": "$924", "2014-09-30": "$1,424", "2014-06-30": "$1,251", "2014-03-31": "$1,570", "2013-12-31": "$1,078", "2013-09-30": "$1,360", "2013-06-30": "$1,019", "2013-03-31": "$1,209", "2012-12-31": "$714", "2012-09-30": "$1,418", "2012-06-30": "$1,231", "2012-03-31": "$1,211", "2011-12-31": "$769", "2011-09-30": "$1,371", "2011-06-30": "$1,165", "2011-03-31": "$1,269", "2010-12-31": "$916", "2010-09-30": "$1,493", "2010-06-30": "$838", "2010-03-31": "$1,196", "2009-12-31": "$900", "2009-09-30": "$1,295", "2009-06-30": "$1,091", "2009-03-31": "$1,145", "2008-12-31": "$784", "2008-09-30": "$1,151", "2008-06-30": "$982", "2008-03-31": "$1,428", "2007-12-31": "$787", "2007-09-30": "$1,194", "2007-06-30": "$938", "2007-03-31": "$952", "2006-12-31": "$647", "2006-09-30": "$1,023", "2006-06-30": "$748", "2006-03-31": "$1,051", "2005-12-31": "$401", "2005-09-30": "$1,074", "2005-06-30": "$916", "2005-03-31": "$923"}}, "net-income": {"American Electric Power Annual Net Income (Millions of US $)": {"2019": "$1,921", "2018": "$1,924", "2017": "$1,913", "2016": "$611", "2015": "$2,047", "2014": "$1,634", "2013": "$1,481", "2012": "$1,259", "2011": "$1,941", "2010": "$1,211", "2009": "$1,357", "2008": "$1,380", "2007": "$1,089", "2006": "$1,002", "2005": "$814"}, "American Electric Power Quarterly Net Income (Millions of US $)": {"2020-09-30": "$749", "2020-06-30": "$521", "2020-03-31": "$495", "2019-12-31": "$154", "2019-09-30": "$734", "2019-06-30": "$461", "2019-03-31": "$573", "2018-12-31": "$363", "2018-09-30": "$578", "2018-06-30": "$528", "2018-03-31": "$454", "2017-12-31": "$401", "2017-09-30": "$545", "2017-06-30": "$375", "2017-03-31": "$592", "2016-12-31": "$373", "2016-09-30": "$-766", "2016-06-30": "$502", "2016-03-31": "$501", "2015-12-31": "$470", "2015-09-30": "$518", "2015-06-30": "$430", "2015-03-31": "$629", "2014-12-31": "$191", "2014-09-30": "$493", "2014-06-30": "$390", "2014-03-31": "$560", "2013-12-31": "$347", "2013-09-30": "$433", "2013-06-30": "$338", "2013-03-31": "$363", "2012-12-31": "$21", "2012-09-30": "$487", "2012-06-30": "$362", "2012-03-31": "$389", "2011-12-31": "$308", "2011-09-30": "$928", "2011-06-30": "$352", "2011-03-31": "$353", "2010-12-31": "$176", "2010-09-30": "$555", "2010-06-30": "$136", "2010-03-31": "$344", "2009-12-31": "$238", "2009-09-30": "$443", "2009-06-30": "$316", "2009-03-31": "$360", "2008-12-31": "$152", "2008-09-30": "$374", "2008-06-30": "$281", "2008-03-31": "$573", "2007-12-31": "$231", "2007-09-30": "$407", "2007-06-30": "$180", "2007-03-31": "$271", "2006-12-31": "$181", "2006-09-30": "$265", "2006-06-30": "$175", "2006-03-31": "$381", "2005-12-31": "$-149", "2005-09-30": "$387", "2005-06-30": "$221", "2005-03-31": "$355"}}, "eps-earnings-per-share-diluted": {"American Electric Power Annual EPS": {"2019": "$3.88", "2018": "$3.90", "2017": "$3.88", "2016": "$1.24", "2015": "$4.17", "2014": "$3.34", "2013": "$3.04", "2012": "$2.60", "2011": "$4.02", "2010": "$2.53", "2009": "$2.96", "2008": "$3.42", "2007": "$2.72", "2006": "$2.53", "2005": "$2.08"}, "American Electric Power Quarterly EPS": {"2020-09-30": "$1.50", "2020-06-30": "$1.05", "2020-03-31": "$1.00", "2019-12-31": "$0.31", "2019-09-30": "$1.48", "2019-06-30": "$0.93", "2019-03-31": "$1.16", "2018-12-31": "$0.74", "2018-09-30": "$1.17", "2018-06-30": "$1.07", "2018-03-31": "$0.92", "2017-12-31": "$0.82", "2017-09-30": "$1.10", "2017-06-30": "$0.76", "2017-03-31": "$1.20", "2016-12-31": "$0.76", "2016-09-30": "$-1.56", "2016-06-30": "$1.02", "2016-03-31": "$1.02", "2015-12-31": "$0.94", "2015-09-30": "$1.06", "2015-06-30": "$0.88", "2015-03-31": "$1.29", "2014-12-31": "$0.38", "2014-09-30": "$1.01", "2014-06-30": "$0.80", "2014-03-31": "$1.15", "2013-12-31": "$0.71", "2013-09-30": "$0.89", "2013-06-30": "$0.69", "2013-03-31": "$0.75", "2012-12-31": "$0.05", "2012-09-30": "$1.00", "2012-06-30": "$0.75", "2012-03-31": "$0.80", "2011-12-31": "$0.64", "2011-09-30": "$1.92", "2011-06-30": "$0.73", "2011-03-31": "$0.73", "2010-12-31": "$0.37", "2010-09-30": "$1.16", "2010-06-30": "$0.28", "2010-03-31": "$0.72", "2009-12-31": "$0.47", "2009-09-30": "$0.93", "2009-06-30": "$0.67", "2009-03-31": "$0.89", "2008-12-31": "$0.36", "2008-09-30": "$0.93", "2008-06-30": "$0.70", "2008-03-31": "$1.43", "2007-12-31": "$0.57", "2007-09-30": "$1.02", "2007-06-30": "$0.45", "2007-03-31": "$0.68", "2006-12-31": "$0.46", "2006-09-30": "$0.67", "2006-06-30": "$0.44", "2006-03-31": "$0.96", "2005-12-31": "$-0.39", "2005-09-30": "$0.99", "2005-06-30": "$0.58", "2005-03-31": "$0.90"}}, "shares-outstanding": {"American Electric Power Annual Shares Outstanding (Millions of Shares)": {"2019": "495", "2018": "494", "2017": "493", "2016": "492", "2015": "491", "2014": "489", "2013": "487", "2012": "485", "2011": "482", "2010": "480", "2009": "459", "2008": "404", "2007": "400", "2006": "396", "2005": "391"}, "American Electric Power Quarterly Shares Outstanding (Millions of Shares)": {"2020-09-30": "497", "2020-06-30": "497", "2020-03-31": "497", "2019-12-31": "495", "2019-09-30": "495", "2019-06-30": "495", "2019-03-31": "494", "2018-12-31": "494", "2018-09-30": "494", "2018-06-30": "494", "2018-03-31": "493", "2017-12-31": "493", "2017-09-30": "493", "2017-06-30": "493", "2017-03-31": "492", "2016-12-31": "492", "2016-09-30": "492", "2016-06-30": "492", "2016-03-31": "491", "2015-12-31": "491", "2015-09-30": "491", "2015-06-30": "490", "2015-03-31": "490", "2014-12-31": "489", "2014-09-30": "489", "2014-06-30": "489", "2014-03-31": "488", "2013-12-31": "487", "2013-09-30": "487", "2013-06-30": "487", "2013-03-31": "486", "2012-12-31": "485", "2012-09-30": "485", "2012-06-30": "485", "2012-03-31": "484", "2011-12-31": "482", "2011-09-30": "483", "2011-06-30": "482", "2011-03-31": "481", "2010-12-31": "480", "2010-09-30": "480", "2010-06-30": "479", "2010-03-31": "479", "2009-12-31": "459", "2009-09-30": "477", "2009-06-30": "472", "2009-03-31": "407", "2008-12-31": "404", "2008-09-30": "404", "2008-06-30": "403", "2008-03-31": "402", "2007-12-31": "400", "2007-09-30": "400", "2007-06-30": "400", "2007-03-31": "399", "2006-12-31": "396", "2006-09-30": "396", "2006-06-30": "396", "2006-03-31": "396", "2005-12-31": "391", "2005-09-30": "390", "2005-06-30": "385", "2005-03-31": "394"}}, "total-assets": {"American Electric Power Annual Total Assets (Millions of US $)": {"2019": "$75,892", "2018": "$68,803", "2017": "$64,729", "2016": "$63,468", "2015": "$61,683", "2014": "$59,545", "2013": "$56,414", "2012": "$54,367", "2011": "$52,223", "2010": "$50,455", "2009": "$48,348", "2008": "$45,155", "2007": "$40,319", "2006": "$37,987", "2005": "$36,172"}, "American Electric Power Quarterly Total Assets (Millions of US $)": {"2020-09-30": "$78,689", "2020-06-30": "$77,805", "2020-03-31": "$77,724", "2019-12-31": "$75,892", "2019-09-30": "$73,901", "2019-06-30": "$72,550", "2019-03-31": "$70,722", "2018-12-31": "$68,803", "2018-09-30": "$67,617", "2018-06-30": "$66,870", "2018-03-31": "$65,610", "2017-12-31": "$64,729", "2017-09-30": "$63,965", "2017-06-30": "$62,739", "2017-03-31": "$61,728", "2016-12-31": "$63,468", "2016-09-30": "$61,442", "2016-06-30": "$63,317", "2016-03-31": "$62,487", "2015-12-31": "$61,683", "2015-09-30": "$61,099", "2015-06-30": "$60,938", "2015-03-31": "$60,038", "2014-12-31": "$59,545", "2014-09-30": "$57,925", "2014-06-30": "$57,620", "2014-03-31": "$57,038", "2013-12-31": "$56,414", "2013-09-30": "$54,963", "2013-06-30": "$54,979", "2013-03-31": "$54,550", "2012-12-31": "$54,367", "2012-09-30": "$53,843", "2012-06-30": "$53,421", "2012-03-31": "$52,902", "2011-12-31": "$52,223", "2011-09-30": "$51,187", "2011-06-30": "$50,752", "2011-03-31": "$50,560", "2010-12-31": "$50,455", "2010-09-30": "$49,892", "2010-06-30": "$49,937", "2010-03-31": "$49,625", "2009-12-31": "$48,348", "2009-09-30": "$47,193", "2009-06-30": "$46,338", "2009-03-31": "$45,865", "2008-12-31": "$45,155", "2008-09-30": "$43,038", "2008-06-30": "$42,696", "2008-03-31": "$41,317", "2007-12-31": "$40,319", "2007-09-30": "$39,456", "2007-06-30": "$39,193", "2007-03-31": "$37,936", "2006-12-31": "$37,987", "2006-09-30": "$36,385", "2006-06-30": "$36,184", "2006-03-31": "$35,765", "2005-12-31": "$36,172", "2005-09-30": "$35,956", "2005-06-30": "$33,939", "2005-03-31": "$35,097"}}, "cash-on-hand": {"American Electric Power Annual Cash on Hand (Millions of US $)": {"2019": "$635", "2018": "$603", "2017": "$574", "2016": "$542", "2015": "$563", "2014": "$548", "2013": "$471", "2012": "$603", "2011": "$515", "2010": "$710", "2009": "$853", "2008": "$738", "2007": "$543", "2006": "$726", "2005": "$528"}, "American Electric Power Quarterly Cash on Hand (Millions of US $)": {"2020-09-30": "$673", "2020-06-30": "$697", "2020-03-31": "$1,856", "2019-12-31": "$635", "2019-09-30": "$688", "2019-06-30": "$565", "2019-03-31": "$532", "2018-12-31": "$603", "2018-09-30": "$1,102", "2018-06-30": "$550", "2018-03-31": "$484", "2017-12-31": "$574", "2017-09-30": "$655", "2017-06-30": "$490", "2017-03-31": "$450", "2016-12-31": "$542", "2016-09-30": "$491", "2016-06-30": "$554", "2016-03-31": "$455", "2015-12-31": "$563", "2015-09-30": "$493", "2015-06-30": "$551", "2015-03-31": "$483", "2014-12-31": "$548", "2014-09-30": "$512", "2014-06-30": "$567", "2014-03-31": "$602", "2013-12-31": "$471", "2013-09-30": "$435", "2013-06-30": "$415", "2013-03-31": "$440", "2012-12-31": "$603", "2012-09-30": "$721", "2012-06-30": "$594", "2012-03-31": "$503", "2011-12-31": "$515", "2011-09-30": "$786", "2011-06-30": "$728", "2011-03-31": "$921", "2010-12-31": "$710", "2010-09-30": "$1,416", "2010-06-30": "$1,136", "2010-03-31": "$1,056", "2009-12-31": "$853", "2009-09-30": "$1,136", "2009-06-30": "$647", "2009-03-31": "$925", "2008-12-31": "$738", "2008-09-30": "$1,008", "2008-06-30": "$461", "2008-03-31": "$494", "2007-12-31": "$543", "2007-09-30": "$427", "2007-06-30": "$509", "2007-03-31": "$456", "2006-12-31": "$726", "2006-09-30": "$457", "2006-06-30": "$422", "2006-03-31": "$478", "2005-12-31": "$528", "2005-09-30": "$922", "2005-06-30": "$882", "2005-03-31": "$1,442"}}, "long-term-debt": {"American Electric Power Annual Long Term Debt (Millions of US $)": {"2019": "$25,127", "2018": "$21,648", "2017": "$19,420", "2016": "$17,378", "2015": "$17,741", "2014": "$16,012", "2013": "$16,828", "2012": "$15,586", "2011": "$15,083", "2010": "$15,502", "2009": "$15,757", "2008": "$15,536", "2007": "$14,202", "2006": "$12,429", "2005": "$11,073"}, "American Electric Power Quarterly Long Term Debt (Millions of US $)": {"2020-09-30": "$28,156", "2020-06-30": "$26,638", "2020-03-31": "$25,783", "2019-12-31": "$25,127", "2019-09-30": "$24,554", "2019-06-30": "$24,174", "2019-03-31": "$22,898", "2018-12-31": "$21,648", "2018-09-30": "$20,870", "2018-06-30": "$19,751", "2018-03-31": "$18,845", "2017-12-31": "$19,420", "2017-09-30": "$18,362", "2017-06-30": "$16,797", "2017-03-31": "$16,722", "2016-12-31": "$17,378", "2016-09-30": "$17,320", "2016-06-30": "$17,537", "2016-03-31": "$17,749", "2015-12-31": "$17,741", "2015-09-30": "$17,600", "2015-06-30": "$17,761", "2015-03-31": "$16,778", "2014-12-31": "$16,012", "2014-09-30": "$15,677", "2014-06-30": "$15,601", "2014-03-31": "$16,475", "2013-12-31": "$16,828", "2013-09-30": "$16,202", "2013-06-30": "$15,799", "2013-03-31": "$15,899", "2012-12-31": "$15,586", "2012-09-30": "$14,955", "2012-06-30": "$15,319", "2012-03-31": "$15,340", "2011-12-31": "$15,083", "2011-09-30": "$15,183", "2011-06-30": "$15,564", "2011-03-31": "$15,631", "2010-12-31": "$15,502", "2010-09-30": "$15,995", "2010-06-30": "$16,305", "2010-03-31": "$16,281", "2009-12-31": "$15,757", "2009-09-30": "$15,713", "2009-06-30": "$15,350", "2009-03-31": "$15,904", "2008-12-31": "$15,536", "2008-09-30": "$15,325", "2008-06-30": "$15,184", "2008-03-31": "$14,705", "2007-12-31": "$14,202", "2007-09-30": "$13,866", "2007-06-30": "$13,067", "2007-03-31": "$12,525", "2006-12-31": "$12,429", "2006-09-30": "$10,974", "2006-06-30": "$11,845", "2006-03-31": "$11,081", "2005-12-31": "$11,073", "2005-09-30": "$11,025", "2005-06-30": "$10,852", "2005-03-31": "$10,674"}}, "total-liabilities": {"American Electric Power Annual Total Liabilities (Millions of US $)": {"2019": "$55,979", "2018": "$49,743", "2017": "$46,416", "2016": "$46,048", "2015": "$43,778", "2014": "$42,720", "2013": "$40,328", "2012": "$39,130", "2011": "$37,558", "2010": "$36,833", "2009": "$35,208", "2008": "$34,445", "2007": "$30,240", "2006": "$28,575", "2005": "$27,084"}, "American Electric Power Quarterly Total Liabilities (Millions of US $)": {"2020-09-30": "$58,055", "2020-06-30": "$57,527", "2020-03-31": "$57,716", "2019-12-31": "$55,979", "2019-09-30": "$53,903", "2019-06-30": "$53,127", "2019-03-31": "$51,494", "2018-12-31": "$49,743", "2018-09-30": "$48,571", "2018-06-30": "$48,119", "2018-03-31": "$47,098", "2017-12-31": "$46,416", "2017-09-30": "$45,859", "2017-06-30": "$44,890", "2017-03-31": "$44,017", "2016-12-31": "$46,048", "2016-09-30": "$44,099", "2016-06-30": "$44,912", "2016-03-31": "$44,345", "2015-12-31": "$43,778", "2015-09-30": "$43,390", "2015-06-30": "$43,496", "2015-03-31": "$42,790", "2014-12-31": "$42,720", "2014-09-30": "$41,053", "2014-06-30": "$41,035", "2014-03-31": "$40,619", "2013-12-31": "$40,328", "2013-09-30": "$39,200", "2013-06-30": "$39,442", "2013-03-31": "$39,129", "2012-12-31": "$39,130", "2012-09-30": "$38,537", "2012-06-30": "$38,413", "2012-03-31": "$38,045", "2011-12-31": "$37,558", "2011-09-30": "$36,534", "2011-06-30": "$36,813", "2011-03-31": "$36,781", "2010-12-31": "$36,833", "2010-09-30": "$36,236", "2010-06-30": "$36,667", "2010-03-31": "$36,301", "2009-12-31": "$35,208", "2009-09-30": "$34,129", "2009-06-30": "$33,575", "2009-03-31": "$34,907", "2008-12-31": "$34,445", "2008-09-30": "$32,121", "2008-06-30": "$32,065", "2008-03-31": "$30,828", "2007-12-31": "$30,240", "2007-09-30": "$29,547", "2007-06-30": "$29,537", "2007-03-31": "$28,396", "2006-12-31": "$28,575", "2006-09-30": "$26,860", "2006-06-30": "$26,758", "2006-03-31": "$26,381", "2005-12-31": "$27,084", "2005-09-30": "$26,971", "2005-06-30": "$25,557", "2005-03-31": "$26,829"}}, "total-share-holder-equity": {"American Electric Power Annual Share Holder Equity (Millions of US $)": {"2019": "$19,913", "2018": "$19,059", "2017": "$18,314", "2016": "$17,420", "2015": "$17,905", "2014": "$16,825", "2013": "$16,086", "2012": "$15,237", "2011": "$14,665", "2010": "$13,622", "2009": "$13,140", "2008": "$10,710", "2007": "$10,079", "2006": "$9,412", "2005": "$9,088"}, "American Electric Power Quarterly Share Holder Equity (Millions of US $)": {"2020-09-30": "$20,635", "2020-06-30": "$20,278", "2020-03-31": "$20,008", "2019-12-31": "$19,913", "2019-09-30": "$19,998", "2019-06-30": "$19,423", "2019-03-31": "$19,229", "2018-12-31": "$19,059", "2018-09-30": "$19,047", "2018-06-30": "$18,751", "2018-03-31": "$18,512", "2017-12-31": "$18,314", "2017-09-30": "$18,106", "2017-06-30": "$17,850", "2017-03-31": "$17,712", "2016-12-31": "$17,420", "2016-09-30": "$17,343", "2016-06-30": "$18,405", "2016-03-31": "$18,142", "2015-12-31": "$17,905", "2015-09-30": "$17,709", "2015-06-30": "$17,442", "2015-03-31": "$17,248", "2014-12-31": "$16,825", "2014-09-30": "$16,872", "2014-06-30": "$16,585", "2014-03-31": "$16,419", "2013-12-31": "$16,086", "2013-09-30": "$15,763", "2013-06-30": "$15,537", "2013-03-31": "$15,421", "2012-12-31": "$15,237", "2012-09-30": "$15,306", "2012-06-30": "$15,008", "2012-03-31": "$14,857", "2011-12-31": "$14,665", "2011-09-30": "$14,653", "2011-06-30": "$13,939", "2011-03-31": "$13,779", "2010-12-31": "$13,622", "2010-09-30": "$13,656", "2010-06-30": "$13,270", "2010-03-31": "$13,324", "2009-12-31": "$13,140", "2009-09-30": "$13,064", "2009-06-30": "$12,763", "2009-03-31": "$10,958", "2008-12-31": "$10,710", "2008-09-30": "$10,917", "2008-06-30": "$10,631", "2008-03-31": "$10,489", "2007-12-31": "$10,079", "2007-09-30": "$9,909", "2007-06-30": "$9,656", "2007-03-31": "$9,540", "2006-12-31": "$9,412", "2006-09-30": "$9,525", "2006-06-30": "$9,426", "2006-03-31": "$9,384", "2005-12-31": "$9,088", "2005-09-30": "$8,985", "2005-06-30": "$8,382", "2005-03-31": "$8,268"}}, "profit-margins": {"current": "12.82%"}, "gross margin": {"2020-09-30": "70.16%", "2020-06-30": "69.23%", "2020-03-31": "68.24%", "2019-12-31": "67.19%", "2019-09-30": "66.37%", "2019-06-30": "65.08%", "2019-03-31": "64.79%", "2018-12-31": "64.27%", "2018-09-30": "64.52%", "2018-06-30": "65.26%", "2018-03-31": "65.26%", "2017-12-31": "65.56%", "2017-09-30": "65.06%", "2017-06-30": "64.83%", "2017-03-31": "64.79%", "2016-12-31": "65.02%", "2016-09-30": "69.23%", "2016-06-30": "68.61%", "2016-03-31": "68.19%", "2015-12-31": "62.88%", "2015-09-30": "57.23%", "2015-06-30": "57.49%", "2015-03-31": "57.07%", "2014-12-31": "61.18%", "2014-09-30": "61.44%", "2014-06-30": "61.41%", "2014-03-31": "61.86%", "2013-12-31": "62.47%", "2013-09-30": "63.82%", "2013-06-30": "64.00%", "2013-03-31": "64.55%", "2012-12-31": "64.67%", "2012-09-30": "63.85%", "2012-06-30": "63.22%", "2012-03-31": "62.73%", "2011-12-31": "62.87%", "2011-09-30": "63.71%", "2011-06-30": "64.60%", "2011-03-31": "64.98%", "2010-12-31": "65.14%", "2010-09-30": "65.56%", "2010-06-30": "66.14%", "2010-03-31": "66.48%", "2009-12-31": "66.41%", "2009-09-30": "65.46%", "2009-06-30": "62.10%", "2009-03-31": "60.25%", "2008-12-31": "60.15%", "2008-09-30": "60.26%", "2008-06-30": "62.08%", "2008-03-31": "62.87%", "2007-12-31": "62.88%", "2007-09-30": "63.44%", "2007-06-30": "63.45%", "2007-03-31": "63.12%", "2006-12-31": "62.98%", "2006-09-30": "62.01%", "2006-06-30": "62.26%", "2006-03-31": "63.02%", "2005-12-31": "62.55%"}, "operating margin": {"2020-09-30": "18.18%", "2020-06-30": "17.98%", "2020-03-31": "16.76%", "2019-12-31": "16.66%", "2019-09-30": "18.09%", "2019-06-30": "16.23%", "2019-03-31": "17.06%", "2018-12-31": "16.57%", "2018-09-30": "17.67%", "2018-06-30": "19.84%", "2018-03-31": "20.24%", "2017-12-31": "22.85%", "2017-09-30": "21.60%", "2017-06-30": "7.67%", "2017-03-31": "8.34%", "2016-12-31": "7.11%", "2016-09-30": "6.77%", "2016-06-30": "19.93%", "2016-03-31": "19.62%", "2015-12-31": "20.26%", "2015-09-30": "20.05%", "2015-06-30": "20.04%", "2015-03-31": "19.55%", "2014-12-31": "19.09%", "2014-09-30": "20.88%", "2014-06-30": "20.67%", "2014-03-31": "19.88%", "2013-12-31": "19.05%", "2013-09-30": "15.96%", "2013-06-30": "16.23%", "2013-03-31": "17.54%", "2012-12-31": "17.77%", "2012-09-30": "18.61%", "2012-06-30": "18.24%", "2012-03-31": "18.01%", "2011-12-31": "18.40%", "2011-09-30": "19.36%", "2011-06-30": "20.62%", "2011-03-31": "18.76%", "2010-12-31": "18.46%", "2010-09-30": "18.62%", "2010-06-30": "18.11%", "2010-03-31": "20.43%", "2009-12-31": "20.54%", "2009-09-30": "20.17%", "2009-06-30": "18.39%", "2009-03-31": "17.28%", "2008-12-31": "19.30%", "2008-09-30": "19.29%", "2008-06-30": "20.27%", "2008-03-31": "20.60%", "2007-12-31": "17.33%", "2007-09-30": "17.29%", "2007-06-30": "15.51%", "2007-03-31": "14.37%", "2006-12-31": "15.58%", "2006-09-30": "14.22%", "2006-06-30": "15.26%", "2006-03-31": "16.09%", "2005-12-31": "15.91%"}, "ebitda margin": {"2020-09-30": "37.32%", "2020-06-30": "36.84%", "2020-03-31": "35.15%", "2019-12-31": "34.27%", "2019-09-30": "34.39%", "2019-06-30": "32.28%", "2019-03-31": "32.26%", "2018-12-31": "31.38%", "2018-09-30": "31.94%", "2018-06-30": "33.80%", "2018-03-31": "34.24%", "2017-12-31": "36.64%", "2017-09-30": "34.72%", "2017-06-30": "20.50%", "2017-03-31": "21.07%", "2016-12-31": "19.88%", "2016-09-30": "20.26%", "2016-06-30": "33.57%", "2016-03-31": "33.18%", "2015-12-31": "33.36%", "2015-09-30": "33.13%", "2015-06-30": "33.02%", "2015-03-31": "32.10%", "2014-12-31": "31.56%", "2014-09-30": "33.10%", "2014-06-30": "32.67%", "2014-03-31": "32.15%", "2013-12-31": "31.50%", "2013-09-30": "28.31%", "2013-06-30": "28.73%", "2013-03-31": "30.19%", "2012-12-31": "30.61%", "2012-09-30": "31.33%", "2012-06-30": "30.64%", "2012-03-31": "30.08%", "2011-12-31": "30.26%", "2011-09-30": "31.25%", "2011-06-30": "32.64%", "2011-03-31": "30.96%", "2010-12-31": "30.80%", "2010-09-30": "31.01%", "2010-06-30": "30.74%", "2010-03-31": "32.96%", "2009-12-31": "32.85%", "2009-09-30": "32.10%", "2009-06-30": "29.61%", "2009-03-31": "28.15%", "2008-12-31": "30.09%", "2008-09-30": "30.03%", "2008-06-30": "31.19%", "2008-03-31": "31.78%", "2007-12-31": "28.93%", "2007-09-30": "28.51%", "2007-06-30": "27.61%", "2007-03-31": "26.57%", "2006-12-31": "27.48%", "2006-09-30": "25.71%", "2006-06-30": "26.68%", "2006-03-31": "28.32%", "2005-12-31": "27.36%"}, "pre tax profit margin": {"2020-09-30": "12.36%", "2020-06-30": "12.33%", "2020-03-31": "11.47%", "2019-12-31": "11.79%", "2019-09-30": "13.43%", "2019-06-30": "11.65%", "2019-03-31": "12.55%", "2018-12-31": "12.19%", "2018-09-30": "13.32%", "2018-06-30": "15.52%", "2018-03-31": "15.74%", "2017-12-31": "18.26%", "2017-09-30": "17.33%", "2017-06-30": "3.41%", "2017-03-31": "4.13%", "2016-12-31": "2.91%", "2016-09-30": "2.23%", "2016-06-30": "15.40%", "2016-03-31": "15.16%", "2015-12-31": "15.94%", "2015-09-30": "15.75%", "2015-06-30": "15.68%", "2015-03-31": "15.19%", "2014-12-31": "14.67%", "2014-09-30": "16.36%", "2014-06-30": "16.08%", "2014-03-31": "15.34%", "2013-12-31": "14.13%", "2013-09-30": "10.61%", "2013-06-30": "10.85%", "2013-03-31": "11.86%", "2012-12-31": "12.19%", "2012-09-30": "13.96%", "2012-06-30": "15.60%", "2012-03-31": "15.39%", "2011-12-31": "15.66%", "2011-09-30": "16.01%", "2011-06-30": "15.14%", "2011-03-31": "13.21%", "2010-12-31": "12.82%", "2010-09-30": "12.88%", "2010-06-30": "12.19%", "2010-03-31": "14.30%", "2009-12-31": "14.37%", "2009-09-30": "13.67%", "2009-06-30": "12.46%", "2009-03-31": "11.71%", "2008-12-31": "13.95%", "2008-09-30": "14.68%", "2008-06-30": "15.42%", "2008-03-31": "15.59%", "2007-12-31": "12.43%", "2007-09-30": "12.55%", "2007-06-30": "11.07%", "2007-03-31": "10.31%", "2006-12-31": "11.70%", "2006-09-30": "10.07%", "2006-06-30": "11.60%", "2006-03-31": "12.33%", "2005-12-31": "12.00%"}, "net profit margin": {"2020-09-30": "12.86%", "2020-06-30": "12.55%", "2020-03-31": "12.09%", "2019-12-31": "12.35%", "2019-09-30": "13.53%", "2019-06-30": "12.53%", "2019-03-31": "12.60%", "2018-12-31": "11.87%", "2018-09-30": "12.10%", "2018-06-30": "12.07%", "2018-03-31": "11.42%", "2017-12-31": "12.40%", "2017-09-30": "12.24%", "2017-06-30": "3.60%", "2017-03-31": "4.31%", "2016-12-31": "3.72%", "2016-09-30": "4.36%", "2016-06-30": "12.46%", "2016-03-31": "12.06%", "2015-12-31": "12.44%", "2015-09-30": "10.80%", "2015-06-30": "10.83%", "2015-03-31": "10.44%", "2014-12-31": "9.98%", "2014-09-30": "11.13%", "2014-06-30": "10.75%", "2014-03-31": "10.73%", "2013-12-31": "10.00%", "2013-09-30": "7.60%", "2013-06-30": "7.97%", "2013-03-31": "8.14%", "2012-12-31": "8.42%", "2012-09-30": "10.46%", "2012-06-30": "13.29%", "2012-03-31": "13.17%", "2011-12-31": "12.84%", "2011-09-30": "11.98%", "2011-06-30": "9.68%", "2011-03-31": "8.36%", "2010-12-31": "8.39%", "2010-09-30": "8.92%", "2010-06-30": "8.44%", "2010-03-31": "9.86%", "2009-12-31": "10.06%", "2009-09-30": "9.45%", "2009-06-30": "8.53%", "2009-03-31": "8.09%", "2008-12-31": "9.56%", "2008-09-30": "10.08%", "2008-06-30": "10.60%", "2008-03-31": "10.17%", "2007-12-31": "8.14%", "2007-09-30": "7.94%", "2007-06-30": "6.96%", "2007-03-31": "7.03%", "2006-12-31": "7.94%", "2006-09-30": "5.36%", "2006-06-30": "6.47%", "2006-03-31": "6.91%", "2005-12-31": "6.72%"}, "pe ratio": {"current": "19.15", "2021-02-11": "20.40", "2020-09-30": "20.75", "2020-06-30": "20.17", "2020-03-31": "20.72", "2019-12-31": "23.32", "2019-09-30": "20.65", "2019-06-30": "20.79", "2019-03-31": "18.97", "2018-12-31": "17.82", "2018-09-30": "16.45", "2018-06-30": "16.22", "2018-03-31": "17.29", "2017-12-31": "17.04", "2017-09-30": "16.34", "2017-06-30": "52.80", "2017-03-31": "41.32", "2016-12-31": "43.97", "2016-09-30": "38.26", "2016-06-30": "14.69", "2016-03-31": "14.29", "2015-12-31": "11.63", "2015-09-30": "13.00", "2015-06-30": "12.16", "2015-03-31": "13.09", "2014-12-31": "14.59", "2014-09-30": "11.34", "2014-06-30": "12.40", "2014-03-31": "11.52", "2013-12-31": "11.90", "2013-09-30": "13.95", "2013-06-30": "13.62", "2013-03-31": "14.31", "2012-12-31": "12.19", "2012-09-30": "10.11", "2012-06-30": "7.03", "2012-03-31": "6.75", "2011-12-31": "7.27", "2011-09-30": "7.08", "2011-06-30": "8.71", "2011-03-31": "9.44", "2010-12-31": "9.58", "2010-09-30": "9.06", "2010-06-30": "8.74", "2010-03-31": "7.87", "2009-12-31": "7.46", "2009-09-30": "6.83", "2009-06-30": "6.29", "2009-03-31": "5.36", "2008-12-31": "5.88", "2008-09-30": "6.09", "2008-06-30": "6.39", "2008-03-31": "7.03", "2007-12-31": "9.92", "2007-09-30": "10.18", "2007-06-30": "11.40", "2007-03-31": "11.58", "2006-12-31": "8.94"}, "price sales": {"2021-02-11": "2.63", "2020-09-30": "2.67", "2020-06-30": "2.54", "2020-03-31": "2.51", "2019-12-31": "2.89", "2019-09-30": "2.80", "2019-06-30": "2.61", "2019-03-31": "2.39", "2018-12-31": "2.12", "2018-09-30": "1.99", "2018-06-30": "1.95", "2018-03-31": "1.97", "2017-12-31": "2.11", "2017-09-30": "2.00", "2017-06-30": "1.89", "2017-03-31": "1.77", "2016-12-31": "1.64", "2016-09-30": "1.67", "2016-06-30": "1.83", "2016-03-31": "1.73", "2015-12-31": "1.45", "2015-09-30": "1.41", "2015-06-30": "1.32", "2015-03-31": "1.37", "2014-12-31": "1.46", "2014-09-30": "1.26", "2014-06-30": "1.33", "2014-03-31": "1.24", "2013-12-31": "1.19", "2013-09-30": "1.06", "2013-06-30": "1.09", "2013-03-31": "1.17", "2012-12-31": "1.03", "2012-09-30": "1.06", "2012-06-30": "0.94", "2012-03-31": "0.89", "2011-12-31": "0.93", "2011-09-30": "0.85", "2011-06-30": "0.84", "2011-03-31": "0.79", "2010-12-31": "0.81", "2010-09-30": "0.80", "2010-06-30": "0.73", "2010-03-31": "0.77", "2009-12-31": "0.75", "2009-09-30": "0.64", "2009-06-30": "0.54", "2009-03-31": "0.44", "2008-12-31": "0.56", "2008-09-30": "0.62", "2008-06-30": "0.68", "2008-03-31": "0.72", "2007-12-31": "0.81", "2007-09-30": "0.81", "2007-06-30": "0.79", "2007-03-31": "0.87", "2006-12-31": "0.75"}, "price book": {"current": "1.92", "2021-02-11": "1.90", "2020-09-30": "1.93", "2020-06-30": "1.90", "2020-03-31": "1.91", "2019-12-31": "2.25", "2019-09-30": "2.20", "2019-06-30": "2.11", "2019-03-31": "2.01", "2018-12-31": "1.80", "2018-09-30": "1.69", "2018-06-30": "1.66", "2018-03-31": "1.65", "2017-12-31": "1.77", "2017-09-30": "1.70", "2017-06-30": "1.69", "2017-03-31": "1.63", "2016-12-31": "1.54", "2016-09-30": "1.56", "2016-06-30": "1.59", "2016-03-31": "1.52", "2015-12-31": "1.34", "2015-09-30": "1.30", "2015-06-30": "1.22", "2015-03-31": "1.30", "2014-12-31": "1.42", "2014-09-30": "1.21", "2014-06-30": "1.30", "2014-03-31": "1.18", "2013-12-31": "1.10", "2013-09-30": "1.03", "2013-06-30": "1.06", "2013-03-31": "1.15", "2012-12-31": "1.01", "2012-09-30": "1.02", "2012-06-30": "0.94", "2012-03-31": "0.90", "2011-12-31": "0.97", "2011-09-30": "0.88", "2011-06-30": "0.90", "2011-03-31": "0.84", "2010-12-31": "0.86", "2010-09-30": "0.85", "2010-06-30": "0.77", "2010-03-31": "0.80", "2009-12-31": "0.81", "2009-09-30": "0.72", "2009-06-30": "0.67", "2009-03-31": "0.58", "2008-12-31": "0.77", "2008-09-30": "0.82", "2008-06-30": "0.90", "2008-03-31": "0.94", "2007-12-31": "1.08", "2007-09-30": "1.07", "2007-06-30": "1.12", "2007-03-31": "1.15", "2006-12-31": "1.01", "2006-09-30": "0.84", "2006-06-30": "0.79", "2006-03-31": "0.78"}, "price fcf": {"2021-02-11": "", "2020-09-30": "$-5.16", "2020-06-30": "$-4.22", "2020-03-31": "$-4.44", "2019-12-31": "$-3.60", "2019-09-30": "$-2.66", "2019-06-30": "$-2.13", "2019-03-31": "$-1.50", "2018-12-31": "$-2.20", "2018-09-30": "$-3.08", "2018-06-30": "$-3.74", "2018-03-31": "$-3.99", "2017-12-31": "$1.50", "2017-09-30": "$2.24", "2017-06-30": "$3.17", "2017-03-31": "$3.33", "2016-12-31": "$-0.75", "2016-09-30": "$-0.73", "2016-06-30": "$-0.69", "2016-03-31": "$-0.71", "2015-12-31": "$0.48", "2015-09-30": "$0.53", "2015-06-30": "$0.32", "2015-03-31": "$0.83", "2014-12-31": "$0.83", "2014-09-30": "$1.34", "2014-06-30": "$1.70", "2014-03-31": "$1.48", "2013-12-31": "$0.92", "2013-09-30": "$1.11", "2013-06-30": "$0.67", "2013-03-31": "$1.15", "2012-12-31": "$1.45", "2012-09-30": "$0.73", "2012-06-30": "$1.62", "2012-03-31": "$1.91", "2011-12-31": "$2.53", "2011-09-30": "$3.58", "2011-06-30": "$2.99", "2011-03-31": "$2.45", "2010-12-31": "$0.73", "2010-09-30": "$0.27", "2010-06-30": "$-0.14", "2010-03-31": "$-0.29", "2009-12-31": "$-0.31", "2009-09-30": "$-2.01", "2009-06-30": "$-3.13", "2009-03-31": "$-3.87", "2008-12-31": "$-3.19", "2008-09-30": "$-1.45", "2008-06-30": "$-2.72", "2008-03-31": "$-2.72", "2007-12-31": "$-3.63", "2007-09-30": "$-4.75", "2007-06-30": "$-2.55", "2007-03-31": "$-2.58", "2006-12-31": "$-1.54"}, "net worth": {"value": "$39.63B"}, "current ratio": {"current": "0.48", "2020-09-30": "0.48", "2020-06-30": "0.42", "2020-03-31": "0.45", "2019-12-31": "0.40", "2019-09-30": "0.48", "2019-06-30": "0.49", "2019-03-31": "0.49", "2018-12-31": "0.48", "2018-09-30": "0.56", "2018-06-30": "0.51", "2018-03-31": "0.44", "2017-12-31": "0.51", "2017-09-30": "0.56", "2017-06-30": "0.45", "2017-03-31": "0.46", "2016-12-31": "0.64", "2016-09-30": "0.77", "2016-06-30": "0.56", "2016-03-31": "0.57", "2015-12-31": "0.57", "2015-09-30": "0.64", "2015-06-30": "0.64", "2015-03-31": "0.58", "2014-12-31": "0.56", "2014-09-30": "0.55", "2014-06-30": "0.57", "2014-03-31": "0.67", "2013-12-31": "0.71", "2013-09-30": "0.76", "2013-06-30": "0.71", "2013-03-31": "0.71", "2012-12-31": "0.67", "2012-09-30": "0.68", "2012-06-30": "0.70", "2012-03-31": "0.66", "2011-12-31": "0.63", "2011-09-30": "0.77", "2011-06-30": "0.81", "2011-03-31": "0.80", "2010-12-31": "0.77", "2010-09-30": "0.88", "2010-06-30": "1.00", "2010-03-31": "1.00", "2009-12-31": "0.89", "2009-09-30": "0.90", "2009-06-30": "0.78", "2009-03-31": "0.64", "2008-12-31": "0.60", "2008-09-30": "0.70", "2008-06-30": "0.71", "2008-03-31": "0.65", "2007-12-31": "0.59", "2007-09-30": "0.63", "2007-06-30": "0.56", "2007-03-31": "0.60", "2006-12-31": "0.66", "2006-09-30": "0.57", "2006-06-30": "0.71", "2006-03-31": "0.67", "2005-12-31": "0.72", "2005-09-30": "0.86", "2005-06-30": "0.78", "2005-03-31": "0.80"}, "quick ratio": {"2020-09-30": "0.34", "2020-06-30": "0.30", "2020-03-31": "0.35", "2019-12-31": "0.28", "2019-09-30": "0.36", "2019-06-30": "0.36", "2019-03-31": "0.37", "2018-12-31": "0.37", "2018-09-30": "0.46", "2018-06-30": "0.40", "2018-03-31": "0.34", "2017-12-31": "0.40", "2017-09-30": "0.43", "2017-06-30": "0.34", "2017-03-31": "0.34", "2016-12-31": "0.53", "2016-09-30": "0.63", "2016-06-30": "0.39", "2016-03-31": "0.39", "2015-12-31": "0.38", "2015-09-30": "0.49", "2015-06-30": "0.46", "2015-03-31": "0.41", "2014-12-31": "0.40", "2014-09-30": "0.39", "2014-06-30": "0.41", "2014-03-31": "0.48", "2013-12-31": "0.47", "2013-09-30": "0.51", "2013-06-30": "0.47", "2013-03-31": "0.47", "2012-12-31": "0.45", "2012-09-30": "0.47", "2012-06-30": "0.47", "2012-03-31": "0.44", "2011-12-31": "0.44", "2011-09-30": "0.56", "2011-06-30": "0.59", "2011-03-31": "0.58", "2010-12-31": "0.55", "2010-09-30": "0.65", "2010-06-30": "0.73", "2010-03-31": "0.72", "2009-12-31": "0.58", "2009-09-30": "0.58", "2009-06-30": "0.51", "2009-03-31": "0.44", "2008-12-31": "0.41", "2008-09-30": "0.52", "2008-06-30": "0.53", "2008-03-31": "0.47", "2007-12-31": "0.40", "2007-09-30": "0.44", "2007-06-30": "0.38", "2007-03-31": "0.42", "2006-12-31": "0.49", "2006-09-30": "0.42", "2006-06-30": "0.52", "2006-03-31": "0.51", "2005-12-31": "0.59", "2005-09-30": "0.74", "2005-06-30": "0.62", "2005-03-31": "0.68"}, "debt equity ratio": {"current": "1.36", "2020-09-30": "2.81", "2020-06-30": "2.84", "2020-03-31": "2.89", "2019-12-31": "2.81", "2019-09-30": "2.70", "2019-06-30": "2.74", "2019-03-31": "2.68", "2018-12-31": "2.61", "2018-09-30": "2.55", "2018-06-30": "2.57", "2018-03-31": "2.54", "2017-12-31": "2.53", "2017-09-30": "2.53", "2017-06-30": "2.52", "2017-03-31": "2.49", "2016-12-31": "2.64", "2016-09-30": "2.54", "2016-06-30": "2.44", "2016-03-31": "2.44", "2015-12-31": "2.45", "2015-09-30": "2.45", "2015-06-30": "2.49", "2015-03-31": "2.48", "2014-12-31": "2.54", "2014-09-30": "2.43", "2014-06-30": "2.47", "2014-03-31": "2.47", "2013-12-31": "2.51", "2013-09-30": "2.49", "2013-06-30": "2.54", "2013-03-31": "2.54", "2012-12-31": "2.57", "2012-09-30": "2.52", "2012-06-30": "2.56", "2012-03-31": "2.56", "2011-12-31": "2.56", "2011-09-30": "2.49", "2011-06-30": "2.64", "2011-03-31": "2.67", "2010-12-31": "2.70", "2010-09-30": "2.65", "2010-06-30": "2.76", "2010-03-31": "2.72", "2009-12-31": "2.68", "2009-09-30": "2.61", "2009-06-30": "2.63", "2009-03-31": "3.19", "2008-12-31": "3.22", "2008-09-30": "2.94", "2008-06-30": "3.02", "2008-03-31": "2.94", "2007-12-31": "3.00", "2007-09-30": "2.98", "2007-06-30": "3.06", "2007-03-31": "2.98", "2006-12-31": "3.04", "2006-09-30": "2.82", "2006-06-30": "2.84", "2006-03-31": "2.81", "2005-12-31": "2.98", "2005-09-30": "3.00", "2005-06-30": "3.05", "2005-03-31": "3.25"}, "return on equity": {"2020-09-30": "9.50%", "2020-06-30": "9.50%", "2020-03-31": "9.30%", "2019-12-31": "9.79%", "2019-09-30": "10.97%", "2019-06-30": "10.29%", "2019-03-31": "10.74%", "2018-12-31": "10.21%", "2018-09-30": "10.51%", "2018-06-30": "10.47%", "2018-03-31": "9.76%", "2017-12-31": "10.63%", "2017-09-30": "10.61%", "2017-06-30": "3.26%", "2017-03-31": "3.96%", "2016-12-31": "3.42%", "2016-09-30": "3.94%", "2016-06-30": "11.04%", "2016-03-31": "10.78%", "2015-12-31": "11.65%", "2015-09-30": "10.22%", "2015-06-30": "10.19%", "2015-03-31": "10.09%", "2014-12-31": "9.80%", "2014-09-30": "10.85%", "2014-06-30": "10.67%", "2014-03-31": "10.52%", "2013-12-31": "9.43%", "2013-09-30": "7.46%", "2013-06-30": "7.86%", "2013-03-31": "8.09%", "2012-12-31": "8.34%", "2012-09-30": "10.33%", "2012-06-30": "13.43%", "2012-03-31": "13.61%", "2011-12-31": "13.61%", "2011-09-30": "12.92%", "2011-06-30": "10.44%", "2011-03-31": "8.98%", "2010-12-31": "8.99%", "2010-09-30": "9.54%", "2010-06-30": "8.80%", "2010-03-31": "10.26%", "2009-12-31": "10.87%", "2009-09-30": "10.70%", "2009-06-30": "10.60%", "2009-03-31": "10.80%", "2008-12-31": "12.91%", "2008-09-30": "13.86%", "2008-06-30": "14.52%", "2008-03-31": "13.86%", "2007-12-31": "11.12%", "2007-09-30": "10.79%", "2007-06-30": "9.41%", "2007-03-31": "9.41%", "2006-12-31": "10.62%", "2006-09-30": "7.18%", "2006-06-30": "8.61%", "2006-03-31": "9.38%", "2005-12-31": "9.38%"}, "return on assets": {"2020-09-30": "2.48%", "2020-06-30": "2.49%", "2020-03-31": "2.46%", "2019-12-31": "2.62%", "2019-09-30": "2.98%", "2019-06-30": "2.82%", "2019-03-31": "2.98%", "2018-12-31": "2.86%", "2018-09-30": "2.96%", "2018-06-30": "2.95%", "2018-03-31": "2.76%", "2017-12-31": "3.02%", "2017-09-30": "2.99%", "2017-06-30": "0.92%", "2017-03-31": "1.12%", "2016-12-31": "0.97%", "2016-09-30": "1.14%", "2016-06-30": "3.20%", "2016-03-31": "3.12%", "2015-12-31": "3.36%", "2015-09-30": "2.93%", "2015-06-30": "2.92%", "2015-03-31": "2.90%", "2014-12-31": "2.82%", "2014-09-30": "3.13%", "2014-06-30": "3.06%", "2014-03-31": "3.00%", "2013-12-31": "2.68%", "2013-09-30": "2.11%", "2013-06-30": "2.22%", "2013-03-31": "2.28%", "2012-12-31": "2.35%", "2012-09-30": "2.91%", "2012-06-30": "3.79%", "2012-03-31": "3.82%", "2011-12-31": "3.79%", "2011-09-30": "3.57%", "2011-06-30": "2.85%", "2011-03-31": "2.43%", "2010-12-31": "2.42%", "2010-09-30": "2.57%", "2010-06-30": "2.38%", "2010-03-31": "2.80%", "2009-12-31": "2.89%", "2009-09-30": "2.75%", "2009-06-30": "2.67%", "2009-03-31": "2.64%", "2008-12-31": "3.21%", "2008-09-30": "3.49%", "2008-06-30": "3.64%", "2008-03-31": "3.47%", "2007-12-31": "2.78%", "2007-09-30": "2.69%", "2007-06-30": "2.37%", "2007-03-31": "2.40%", "2006-12-31": "2.74%", "2006-09-30": "1.86%", "2006-06-30": "2.20%", "2006-03-31": "2.37%", "2005-12-31": "2.31%"}, "return on investments": {"2020-09-30": "5.82%", "2020-06-30": "5.99%", "2020-03-31": "5.71%", "2019-12-31": "5.91%", "2019-09-30": "6.66%", "2019-06-30": "6.15%", "2019-03-31": "6.86%", "2018-12-31": "6.86%", "2018-09-30": "7.46%", "2018-06-30": "8.45%", "2018-03-31": "8.60%", "2017-12-31": "9.84%", "2017-09-30": "9.48%", "2017-06-30": "3.53%", "2017-03-31": "3.88%", "2016-12-31": "3.30%", "2016-09-30": "3.09%", "2016-06-30": "8.92%", "2016-03-31": "8.79%", "2015-12-31": "9.51%", "2015-09-30": "9.55%", "2015-06-30": "9.59%", "2015-03-31": "9.69%", "2014-12-31": "9.59%", "2014-09-30": "10.29%", "2014-06-30": "10.24%", "2014-03-31": "9.63%", "2013-12-31": "8.85%", "2013-09-30": "7.74%", "2013-06-30": "7.96%", "2013-03-31": "8.66%", "2012-12-31": "8.74%", "2012-09-30": "9.13%", "2012-06-30": "9.09%", "2012-03-31": "9.07%", "2011-12-31": "9.39%", "2011-09-30": "9.93%", "2011-06-30": "10.40%", "2011-03-31": "9.30%", "2010-12-31": "9.03%", "2010-09-30": "9.03%", "2010-06-30": "8.53%", "2010-03-31": "9.63%", "2009-12-31": "9.84%", "2009-09-30": "9.86%", "2009-06-30": "9.64%", "2009-03-31": "9.49%", "2008-12-31": "10.77%", "2008-09-30": "11.00%", "2008-06-30": "11.52%", "2008-03-31": "11.74%", "2007-12-31": "9.99%", "2007-09-30": "10.01%", "2007-06-30": "9.18%", "2007-03-31": "8.51%", "2006-12-31": "9.35%", "2006-09-30": "8.66%", "2006-06-30": "9.14%", "2006-03-31": "9.80%", "2005-12-31": "9.84%"}, "return on tangible equity": {"2020-09-30": "9.52%", "2020-06-30": "9.52%", "2020-03-31": "9.32%", "2019-12-31": "9.81%", "2019-09-30": "11.00%", "2019-06-30": "10.32%", "2019-03-31": "10.76%", "2018-12-31": "10.23%", "2018-09-30": "10.54%", "2018-06-30": "10.50%", "2018-03-31": "9.78%", "2017-12-31": "10.66%", "2017-09-30": "10.64%", "2017-06-30": "3.27%", "2017-03-31": "3.97%", "2016-12-31": "3.43%", "2016-09-30": "3.95%", "2016-06-30": "11.07%", "2016-03-31": "10.82%", "2015-12-31": "11.69%", "2015-09-30": "10.26%", "2015-06-30": "10.24%", "2015-03-31": "10.14%", "2014-12-31": "9.85%", "2014-09-30": "10.91%", "2014-06-30": "10.73%", "2014-03-31": "10.58%", "2013-12-31": "9.49%", "2013-09-30": "7.50%", "2013-06-30": "7.91%", "2013-03-31": "8.14%", "2012-12-31": "8.39%", "2012-09-30": "10.40%", "2012-06-30": "13.51%", "2012-03-31": "13.68%", "2011-12-31": "13.69%", "2011-09-30": "12.99%", "2011-06-30": "10.50%", "2011-03-31": "9.03%", "2010-12-31": "9.04%", "2010-09-30": "9.59%", "2010-06-30": "8.85%", "2010-03-31": "10.32%", "2009-12-31": "10.94%", "2009-09-30": "10.77%", "2009-06-30": "10.67%", "2009-03-31": "10.88%", "2008-12-31": "13.01%", "2008-09-30": "13.96%", "2008-06-30": "14.63%", "2008-03-31": "13.97%", "2007-12-31": "11.20%", "2007-09-30": "10.88%", "2007-06-30": "9.48%", "2007-03-31": "9.49%", "2006-12-31": "10.70%", "2006-09-30": "7.24%", "2006-06-30": "8.68%", "2006-03-31": "9.46%", "2005-12-31": "9.46%"}, "dividend yield history": {"last payout": "$2.96", "last yield": "3.71%"}}