{"ticker": "AMG", "price": {"title": "Affiliated Managers Historical Annual Stock Price Data", "value": 112.41, "historical": {"2021": {"Average Stock Price": "110.2654", "Year Open": "99.1100", "Year High": "115.6000", "Year Low": "99.1100", "Year Close": "112.4100", "Annual % Change": "10.53%"}, "2020": {"Average Stock Price": "74.7159", "Year Open": "83.9900", "Year High": "101.7400", "Year Low": "45.1500", "Year Close": "101.7000", "Annual % Change": "20.01%"}, "2019": {"Average Stock Price": "92.2936", "Year Open": "98.2300", "Year High": "115.5300", "Year Low": "71.8000", "Year Close": "84.7400", "Annual % Change": "-13.03%"}, "2018": {"Average Stock Price": "154.7742", "Year Open": "203.0400", "Year High": "215.7600", "Year Low": "90.2400", "Year Close": "97.4400", "Annual % Change": "-52.53%"}, "2017": {"Average Stock Price": "172.4469", "Year Open": "145.7900", "Year High": "206.5100", "Year Low": "141.3400", "Year Close": "205.2500", "Annual % Change": "41.26%"}, "2016": {"Average Stock Price": "147.9987", "Year Open": "155.9900", "Year High": "179.0100", "Year Low": "117.8000", "Year Close": "145.3000", "Annual % Change": "-9.05%"}, "2015": {"Average Stock Price": "200.2642", "Year Open": "210.4300", "Year High": "228.0200", "Year Low": "144.0100", "Year Close": "159.7600", "Annual % Change": "-24.73%"}, "2014": {"Average Stock Price": "198.1507", "Year Open": "213.3800", "Year High": "216.0400", "Year Low": "179.3000", "Year Close": "212.2400", "Annual % Change": "-2.14%"}, "2013": {"Average Stock Price": "170.6620", "Year Open": "134.8500", "Year High": "216.8800", "Year Low": "133.9100", "Year Close": "216.8800", "Annual % Change": "66.64%"}, "2012": {"Average Stock Price": "113.5835", "Year Open": "97.5100", "Year High": "132.3000", "Year Low": "96.0000", "Year Close": "130.1500", "Annual % Change": "35.64%"}, "2011": {"Average Stock Price": "96.7871", "Year Open": "100.6800", "Year High": "112.2000", "Year Low": "72.8800", "Year Close": "95.9500", "Annual % Change": "-3.30%"}, "2010": {"Average Stock Price": "76.8179", "Year Open": "68.8800", "Year High": "101.8600", "Year Low": "59.7000", "Year Close": "99.2200", "Annual % Change": "47.32%"}, "2009": {"Average Stock Price": "56.5039", "Year Open": "43.4400", "Year High": "73.2800", "Year Low": "29.1900", "Year Close": "67.3500", "Annual % Change": "60.66%"}, "2008": {"Average Stock Price": "81.0765", "Year Open": "112.3200", "Year High": "112.3200", "Year Low": "18.9900", "Year Close": "41.9200", "Annual % Change": "-64.31%"}, "2007": {"Average Stock Price": "119.0067", "Year Open": "105.8800", "Year High": "134.9200", "Year Low": "103.8900", "Year Close": "117.4600", "Annual % Change": "11.73%"}, "2006": {"Average Stock Price": "95.5578", "Year Open": "82.4300", "Year High": "106.7100", "Year Low": "82.3800", "Year Close": "105.1300", "Annual % Change": "31.00%"}, "2005": {"Average Stock Price": "69.3839", "Year Open": "66.8600", "Year High": "82.7600", "Year Low": "57.0800", "Year Close": "80.2500", "Annual % Change": "18.47%"}, "2004": {"Average Stock Price": "53.3201", "Year Open": "46.5067", "Year High": "67.7400", "Year Low": "43.3500", "Year Close": "67.7400", "Annual % Change": "46.01%"}, "2003": {"Average Stock Price": "38.7730", "Year Open": "35.0000", "Year High": "48.6533", "Year Low": "24.6667", "Year Close": "46.3933", "Annual % Change": "38.35%"}, "2002": {"Average Stock Price": "39.3392", "Year Open": "46.9333", "Year High": "49.0933", "Year Low": "26.3000", "Year Close": "33.5333", "Annual % Change": "-28.63%"}, "2001": {"Average Stock Price": "39.8926", "Year Open": "33.4600", "Year High": "48.8933", "Year Low": "29.0667", "Year Close": "46.9867", "Annual % Change": "28.43%"}, "2000": {"Average Stock Price": "30.5147", "Year Open": "24.5000", "Year High": "42.8333", "Year Low": "20.9200", "Year Close": "36.5867", "Annual % Change": "35.71%"}, "1999": {"Average Stock Price": "19.0811", "Year Open": "19.6267", "Year High": "26.9600", "Year Low": "15.3333", "Year Close": "26.9600", "Annual % Change": "35.34%"}, "1998": {"Average Stock Price": "19.9898", "Year Open": "19.2067", "Year High": "26.1267", "Year Low": "9.1267", "Year Close": "19.9200", "Annual % Change": "3.03%"}}}, "market cap": {"value": "$5.1B"}, "income statement": {"Revenue": {"2019-12-31": "2239.60000", "2018-12-31": "2378.40000", "2017-12-31": "2305.00000", "2016-12-31": "2194.60000", "2015-12-31": "2484.50000", "2014-12-31": "2510.90000", "2013-12-31": "2188.80000", "2012-12-31": "1805.50000", "2011-12-31": "1704.80000", "2010-12-31": "1358.20000", "2009-12-31": "841.80000", "2008-12-31": "1158.21700", "2007-12-31": "1369.86600", "2006-12-31": "1170.35300", "2005-12-31": "916.49200"}, "Cost Of Goods Sold": {"2019-12-31": "", "2018-12-31": "", "2017-12-31": "", "2016-12-31": "", "2015-12-31": "", "2014-12-31": "", "2013-12-31": "", "2012-12-31": "", "2011-12-31": "", "2010-12-31": "", "2009-12-31": "", "2008-12-31": "", "2007-12-31": "", "2006-12-31": "", "2005-12-31": ""}, "Gross Profit": {"2019-12-31": "2239.60000", "2018-12-31": "2378.40000", "2017-12-31": "2305.00000", "2016-12-31": "2194.60000", "2015-12-31": "2484.50000", "2014-12-31": "2510.90000", "2013-12-31": "2188.80000", "2012-12-31": "1805.50000", "2011-12-31": "1704.80000", "2010-12-31": "1358.20000", "2009-12-31": "841.80000", "2008-12-31": "1158.21700", "2007-12-31": "1369.86600", "2006-12-31": "1170.35300", "2005-12-31": "916.49200"}, "Research And Development Expenses": {"2019-12-31": "", "2018-12-31": "", "2017-12-31": "", "2016-12-31": "", "2015-12-31": "", "2014-12-31": "", "2013-12-31": "", "2012-12-31": "", "2011-12-31": "", "2010-12-31": "", "2009-12-31": "", "2008-12-31": "", "2007-12-31": "", "2006-12-31": "", "2005-12-31": ""}, "SG&A Expenses": {"2019-12-31": "1319.80000", "2018-12-31": "1404.90000", "2017-12-31": "1352.10000", "2016-12-31": "1330.50000", "2015-12-31": "1471.50000", "2014-12-31": "1516.00000", "2013-12-31": "1374.70000", "2012-12-31": "1151.60000", "2011-12-31": "1069.60000", "2010-12-31": "879.10000", "2009-12-31": "529.40000", "2008-12-31": "718.36500", "2007-12-31": "778.45300", "2006-12-31": "656.41900", "2005-12-31": "528.03800"}, "Other Operating Income Or Expenses": {"2019-12-31": "-57.00000", "2018-12-31": "-69.70000", "2017-12-31": "-58.00000", "2016-12-31": "-43.30000", "2015-12-31": "-43.80000", "2014-12-31": "-40.60000", "2013-12-31": "-37.80000", "2012-12-31": "-39.40000", "2011-12-31": "-36.40000", "2010-12-31": "-31.00000", "2009-12-31": "-26.90000", "2008-12-31": "-26.51100", "2007-12-31": "-18.82200", "2006-12-31": "-23.88000", "2005-12-31": "-21.49700"}, "Operating Expenses": {"2019-12-31": "1542.60000", "2018-12-31": "1611.40000", "2017-12-31": "1516.80000", "2016-12-31": "1503.50000", "2015-12-31": "1649.50000", "2014-12-31": "1695.70000", "2013-12-31": "1554.70000", "2012-12-31": "1405.10000", "2011-12-31": "1218.70000", "2010-12-31": "984.20000", "2009-12-31": "601.90000", "2008-12-31": "791.49690", "2007-12-31": "839.37200", "2006-12-31": "716.44000", "2005-12-31": "581.43700"}, "Operating Income": {"2019-12-31": "697.00000", "2018-12-31": "766.99990", "2017-12-31": "788.20010", "2016-12-31": "691.10010", "2015-12-31": "835.00000", "2014-12-31": "815.20000", "2013-12-31": "634.10010", "2012-12-31": "400.40000", "2011-12-31": "486.10010", "2010-12-31": "374.00000", "2009-12-31": "239.90000", "2008-12-31": "366.72010", "2007-12-31": "530.49400", "2006-12-31": "453.91300", "2005-12-31": "335.05510"}, "Total Non-Operating Income/Expense": {"2019-12-31": "-389.00000", "2018-12-31": "-53.40000", "2017-12-31": "278.90000", "2016-12-31": "283.50000", "2015-12-31": "255.60000", "2014-12-31": "198.30000", "2013-12-31": "229.60000", "2012-12-31": "94.80000", "2011-12-31": "-33.40000", "2010-12-31": "4.80000", "2009-12-31": "5.80000", "2008-12-31": "-215.07700", "2007-12-31": "29.74100", "2006-12-31": "-216.02600", "2005-12-31": "-145.40300"}, "Pre-Tax Income": {"2019-12-31": "308.00000", "2018-12-31": "713.60000", "2017-12-31": "1067.10000", "2016-12-31": "974.60000", "2015-12-31": "1090.60000", "2014-12-31": "1013.50000", "2013-12-31": "863.70000", "2012-12-31": "495.20000", "2011-12-31": "452.70000", "2010-12-31": "378.80000", "2009-12-31": "245.70000", "2008-12-31": "151.64300", "2007-12-31": "560.23500", "2006-12-31": "237.88700", "2005-12-31": "189.65200"}, "Income Taxes": {"2019-12-31": "2.90000", "2018-12-31": "181.30000", "2017-12-31": "58.40000", "2016-12-31": "235.60000", "2015-12-31": "263.40000", "2014-12-31": "246.10000", "2013-12-31": "194.10000", "2012-12-31": "83.80000", "2011-12-31": "93.10000", "2010-12-31": "91.50000", "2009-12-31": "32.80000", "2008-12-31": "19.74400", "2007-12-31": "103.66000", "2006-12-31": "86.61000", "2005-12-31": "70.58300"}, "Income After Taxes": {"2019-12-31": "305.10000", "2018-12-31": "532.30000", "2017-12-31": "1008.70000", "2016-12-31": "739.00000", "2015-12-31": "827.20000", "2014-12-31": "767.40000", "2013-12-31": "669.60000", "2012-12-31": "411.40000", "2011-12-31": "359.60000", "2010-12-31": "287.30000", "2009-12-31": "212.90000", "2008-12-31": "131.89900", "2007-12-31": "456.57500", "2006-12-31": "151.27700", "2005-12-31": "119.06900"}, "Other Income": {"2019-12-31": "", "2018-12-31": "", "2017-12-31": "", "2016-12-31": "", "2015-12-31": "", "2014-12-31": "", "2013-12-31": "", "2012-12-31": "", "2011-12-31": "", "2010-12-31": "", "2009-12-31": "", "2008-12-31": "", "2007-12-31": "", "2006-12-31": "", "2005-12-31": ""}, "Income From Continuous Operations": {"2019-12-31": "305.10000", "2018-12-31": "532.30000", "2017-12-31": "1008.70000", "2016-12-31": "739.00000", "2015-12-31": "827.20000", "2014-12-31": "767.40000", "2013-12-31": "669.60000", "2012-12-31": "411.40000", "2011-12-31": "359.60000", "2010-12-31": "287.30000", "2009-12-31": "212.90000", "2008-12-31": "131.89900", "2007-12-31": "456.57500", "2006-12-31": "151.27700", "2005-12-31": "119.06900"}, "Income From Discontinued Operations": {"2019-12-31": "", "2018-12-31": "", "2017-12-31": "", "2016-12-31": "", "2015-12-31": "", "2014-12-31": "", "2013-12-31": "", "2012-12-31": "", "2011-12-31": "", "2010-12-31": "", "2009-12-31": "", "2008-12-31": "", "2007-12-31": "", "2006-12-31": "", "2005-12-31": ""}, "Net Income": {"2019-12-31": "15.70000", "2018-12-31": "243.60000", "2017-12-31": "689.50000", "2016-12-31": "472.80000", "2015-12-31": "509.50000", "2014-12-31": "433.90000", "2013-12-31": "360.50000", "2012-12-31": "174.00000", "2011-12-31": "164.90000", "2010-12-31": "138.60000", "2009-12-31": "59.50000", "2008-12-31": "-1.32500", "2007-12-31": "176.49900", "2006-12-31": "151.27700", "2005-12-31": "119.06900"}, "EBITDA": {"2019-12-31": "862.80000", "2018-12-31": "903.79990", "2017-12-31": "894.90010", "2016-12-31": "820.80010", "2015-12-31": "969.20000", "2014-12-31": "961.90000", "2013-12-31": "785.90010", "2012-12-31": "614.50000", "2011-12-31": "598.80010", "2010-12-31": "455.70000", "2009-12-31": "292.80000", "2008-12-31": "417.53310", "2007-12-31": "586.16000", "2006-12-31": "495.27600", "2005-12-31": "371.87110"}, "EBIT": {"2019-12-31": "697.00000", "2018-12-31": "766.99990", "2017-12-31": "788.20010", "2016-12-31": "691.10010", "2015-12-31": "835.00000", "2014-12-31": "815.20000", "2013-12-31": "634.10010", "2012-12-31": "400.40000", "2011-12-31": "486.10010", "2010-12-31": "374.00000", "2009-12-31": "239.90000", "2008-12-31": "366.72010", "2007-12-31": "530.49400", "2006-12-31": "453.91300", "2005-12-31": "335.05510"}, "Basic Shares Outstanding": {"2019-12-31": "50.50000", "2018-12-31": "53.60000", "2017-12-31": "56.00000", "2016-12-31": "54.20000", "2015-12-31": "54.30000", "2014-12-31": "55.00000", "2013-12-31": "53.10000", "2012-12-31": "51.70000", "2011-12-31": "51.80000", "2010-12-31": "47.40000", "2009-12-31": "41.40000", "2008-12-31": "38.21100", "2007-12-31": "29.46500", "2006-12-31": "31.28900", "2005-12-31": "33.66800"}, "Shares Outstanding": {"2019-12-31": "50.60000", "2018-12-31": "53.80000", "2017-12-31": "58.60000", "2016-12-31": "57.00000", "2015-12-31": "57.20000", "2014-12-31": "58.40000", "2013-12-31": "56.70000", "2012-12-31": "53.00000", "2011-12-31": "53.00000", "2010-12-31": "49.40000", "2009-12-31": "43.30000", "2008-12-31": "38.21100", "2007-12-31": "42.39900", "2006-12-31": "43.67000", "2005-12-31": "44.69000"}, "Basic EPS": {"2019-12-31": "0.31000", "2018-12-31": "4.55000", "2017-12-31": "12.30000", "2016-12-31": "8.73000", "2015-12-31": "9.37000", "2014-12-31": "7.89000", "2013-12-31": "6.79000", "2012-12-31": "3.36000", "2011-12-31": "3.18000", "2010-12-31": "2.92000", "2009-12-31": "1.44000", "2008-12-31": "-0.03000", "2007-12-31": "5.99000", "2006-12-31": "4.83000", "2005-12-31": "3.54000"}, "EPS - Earnings Per Share": {"2019-12-31": "0.31000", "2018-12-31": "4.52000", "2017-12-31": "12.03000", "2016-12-31": "8.57000", "2015-12-31": "9.17000", "2014-12-31": "7.70000", "2013-12-31": "6.55000", "2012-12-31": "3.28000", "2011-12-31": "3.11000", "2010-12-31": "2.81000", "2009-12-31": "1.38000", "2008-12-31": "-0.03000", "2007-12-31": "4.51000", "2006-12-31": "3.70000", "2005-12-31": "2.81000"}}, "income statement, quarterly": {"Revenue": {"2020-09-30": "494.80000", "2020-06-30": "471.10000", "2020-03-31": "507.30000", "2019-12-31": "555.60010", "2019-09-30": "549.00000", "2019-06-30": "591.90000", "2019-03-31": "543.10000", "2018-12-31": "564.59990", "2018-09-30": "601.30000", "2018-06-30": "600.10000", "2018-03-31": "612.40000", "2017-12-31": "604.10000", "2017-09-30": "585.70000", "2017-06-30": "570.90000", "2017-03-31": "544.30000", "2016-12-31": "550.40010", "2016-09-30": "544.70000", "2016-06-30": "554.10000", "2016-03-31": "545.40000", "2015-12-31": "589.80000", "2015-09-30": "613.10000", "2015-06-30": "646.60000", "2015-03-31": "635.00000", "2014-12-31": "641.19980", "2014-09-30": "640.30000", "2014-06-30": "636.30000", "2014-03-31": "593.10000", "2013-12-31": "594.00010", "2013-09-30": "551.60000", "2013-06-30": "541.00000", "2013-03-31": "502.20000", "2012-12-31": "490.90000", "2012-09-30": "467.30000", "2012-06-30": "429.60000", "2012-03-31": "417.70000", "2011-12-31": "402.40000", "2011-09-30": "413.80000", "2011-06-30": "462.30000", "2011-03-31": "426.30000", "2010-12-31": "420.70000", "2010-09-30": "354.40000", "2010-06-30": "332.10000", "2010-03-31": "251.00000", "2009-12-31": "244.61800", "2009-09-30": "217.46100", "2009-06-30": "201.24600", "2009-03-31": "178.47500", "2008-12-31": "223.39510", "2008-09-30": "290.82400", "2008-06-30": "308.96400", "2008-03-31": "335.03400", "2007-12-31": "382.96000", "2007-09-30": "345.60500", "2007-06-30": "331.46400", "2007-03-31": "309.83700", "2006-12-31": "328.76310", "2006-09-30": "280.44000", "2006-06-30": "283.10800", "2006-03-31": "278.04200", "2005-12-31": "272.49690", "2005-09-30": "234.12600", "2005-06-30": "208.25700", "2005-03-31": "201.61200"}, "Cost Of Goods Sold": {"2020-09-30": "", "2020-06-30": "", "2020-03-31": "", "2019-12-31": "", "2019-09-30": "", "2019-06-30": "", "2019-03-31": "", "2018-12-31": "", "2018-09-30": "", "2018-06-30": "", "2018-03-31": "", "2017-12-31": "", "2017-09-30": "", "2017-06-30": "", "2017-03-31": "", "2016-12-31": "", "2016-09-30": "", "2016-06-30": "", "2016-03-31": "", "2015-12-31": "", "2015-09-30": "", "2015-06-30": "", "2015-03-31": "", "2014-12-31": "", "2014-09-30": "", "2014-06-30": "", "2014-03-31": "", "2013-12-31": "", "2013-09-30": "", "2013-06-30": "", "2013-03-31": "", "2012-12-31": "", "2012-09-30": "", "2012-06-30": "", "2012-03-31": "", "2011-12-31": "", "2011-09-30": "", "2011-06-30": "", "2011-03-31": "", "2010-12-31": "", "2010-09-30": "", "2010-06-30": "", "2010-03-31": "", "2009-12-31": "", "2009-09-30": "", "2009-06-30": "", "2009-03-31": "", "2008-12-31": "", "2008-09-30": "", "2008-06-30": "", "2008-03-31": "", "2007-12-31": "", "2007-09-30": "", "2007-06-30": "", "2007-03-31": "", "2006-12-31": "", "2006-09-30": "", "2006-06-30": "", "2006-03-31": "", "2005-12-31": "", "2005-09-30": "", "2005-06-30": "", "2005-03-31": ""}, "Gross Profit": {"2020-09-30": "494.80000", "2020-06-30": "471.10000", "2020-03-31": "507.30000", "2019-12-31": "555.60010", "2019-09-30": "549.00000", "2019-06-30": "591.90000", "2019-03-31": "543.10000", "2018-12-31": "564.59990", "2018-09-30": "601.30000", "2018-06-30": "600.10000", "2018-03-31": "612.40000", "2017-12-31": "604.10000", "2017-09-30": "585.70000", "2017-06-30": "570.90000", "2017-03-31": "544.30000", "2016-12-31": "550.40010", "2016-09-30": "544.70000", "2016-06-30": "554.10000", "2016-03-31": "545.40000", "2015-12-31": "589.80000", "2015-09-30": "613.10000", "2015-06-30": "646.60000", "2015-03-31": "635.00000", "2014-12-31": "641.19980", "2014-09-30": "640.30000", "2014-06-30": "636.30000", "2014-03-31": "593.10000", "2013-12-31": "594.00010", "2013-09-30": "551.60000", "2013-06-30": "541.00000", "2013-03-31": "502.20000", "2012-12-31": "490.90000", "2012-09-30": "467.30000", "2012-06-30": "429.60000", "2012-03-31": "417.70000", "2011-12-31": "402.40000", "2011-09-30": "413.80000", "2011-06-30": "462.30000", "2011-03-31": "426.30000", "2010-12-31": "420.70000", "2010-09-30": "354.40000", "2010-06-30": "332.10000", "2010-03-31": "251.00000", "2009-12-31": "244.61800", "2009-09-30": "217.46100", "2009-06-30": "201.24600", "2009-03-31": "178.47500", "2008-12-31": "223.39510", "2008-09-30": "290.82400", "2008-06-30": "308.96400", "2008-03-31": "335.03400", "2007-12-31": "382.96000", "2007-09-30": "345.60500", "2007-06-30": "331.46400", "2007-03-31": "309.83700", "2006-12-31": "328.76310", "2006-09-30": "280.44000", "2006-06-30": "283.10800", "2006-03-31": "278.04200", "2005-12-31": "272.49690", "2005-09-30": "234.12600", "2005-06-30": "208.25700", "2005-03-31": "201.61200"}, "Research And Development Expenses": {"2020-09-30": "", "2020-06-30": "", "2020-03-31": "", "2019-12-31": "", "2019-09-30": "", "2019-06-30": "", "2019-03-31": "", "2018-12-31": "", "2018-09-30": "", "2018-06-30": "", "2018-03-31": "", "2017-12-31": "", "2017-09-30": "", "2017-06-30": "", "2017-03-31": "", "2016-12-31": "", "2016-09-30": "", "2016-06-30": "", "2016-03-31": "", "2015-12-31": "", "2015-09-30": "", "2015-06-30": "", "2015-03-31": "", "2014-12-31": "", "2014-09-30": "", "2014-06-30": "", "2014-03-31": "", "2013-12-31": "", "2013-09-30": "", "2013-06-30": "", "2013-03-31": "", "2012-12-31": "", "2012-09-30": "", "2012-06-30": "", "2012-03-31": "", "2011-12-31": "", "2011-09-30": "", "2011-06-30": "", "2011-03-31": "", "2010-12-31": "", "2010-09-30": "", "2010-06-30": "", "2010-03-31": "", "2009-12-31": "", "2009-09-30": "", "2009-06-30": "", "2009-03-31": "", "2008-12-31": "", "2008-09-30": "", "2008-06-30": "", "2008-03-31": "", "2007-12-31": "", "2007-09-30": "", "2007-06-30": "", "2007-03-31": "", "2006-12-31": "", "2006-09-30": "", "2006-06-30": "", "2006-03-31": "", "2005-12-31": "", "2005-09-30": "", "2005-06-30": "", "2005-03-31": ""}, "SG&A Expenses": {"2020-09-30": "286.60000", "2020-06-30": "290.10000", "2020-03-31": "298.10000", "2019-12-31": "328.30000", "2019-09-30": "313.50000", "2019-06-30": "354.20000", "2019-03-31": "323.80000", "2018-12-31": "329.20000", "2018-09-30": "356.40000", "2018-06-30": "346.20000", "2018-03-31": "373.10000", "2017-12-31": "359.50000", "2017-09-30": "330.60000", "2017-06-30": "331.30000", "2017-03-31": "330.70000", "2016-12-31": "340.80000", "2016-09-30": "338.40000", "2016-06-30": "328.70000", "2016-03-31": "322.60000", "2015-12-31": "352.30000", "2015-09-30": "351.20000", "2015-06-30": "406.50000", "2015-03-31": "361.50000", "2014-12-31": "390.10000", "2014-09-30": "372.50000", "2014-06-30": "395.40000", "2014-03-31": "358.00000", "2013-12-31": "396.80000", "2013-09-30": "336.20000", "2013-06-30": "334.90000", "2013-03-31": "306.80000", "2012-12-31": "317.89990", "2012-09-30": "290.70000", "2012-06-30": "276.90000", "2012-03-31": "266.10000", "2011-12-31": "263.10000", "2011-09-30": "252.40000", "2011-06-30": "287.10000", "2011-03-31": "267.00000", "2010-12-31": "274.90000", "2010-09-30": "224.90000", "2010-06-30": "214.80000", "2010-03-31": "164.50000", "2009-12-31": "146.30600", "2009-09-30": "132.10100", "2009-06-30": "134.32600", "2009-03-31": "116.66700", "2008-12-31": "148.25000", "2008-09-30": "177.18500", "2008-06-30": "189.00000", "2008-03-31": "203.93000", "2007-12-31": "200.53600", "2007-09-30": "201.40900", "2007-06-30": "192.07000", "2007-03-31": "184.43800", "2006-12-31": "168.68500", "2006-09-30": "163.78700", "2006-06-30": "163.94700", "2006-03-31": "160.00000", "2005-12-31": "153.20800", "2005-09-30": "139.48300", "2005-06-30": "120.33600", "2005-03-31": "115.01100"}, "Other Operating Income Or Expenses": {"2020-09-30": "-12.30000", "2020-06-30": "-11.30000", "2020-03-31": "-11.00000", "2019-12-31": "-20.70000", "2019-09-30": "-13.10000", "2019-06-30": "-12.20000", "2019-03-31": "-11.00000", "2018-12-31": "-36.40000", "2018-09-30": "-10.20000", "2018-06-30": "-11.10000", "2018-03-31": "-12.00000", "2017-12-31": "-22.10000", "2017-09-30": "-10.90000", "2017-06-30": "-13.60000", "2017-03-31": "-11.40000", "2016-12-31": "-150.20000", "2016-09-30": "64.10000", "2016-06-30": "55.20000", "2016-03-31": "-12.40000", "2015-12-31": "-10.00000", "2015-09-30": "-11.70000", "2015-06-30": "-12.20000", "2015-03-31": "-9.90000", "2014-12-31": "-10.00000", "2014-09-30": "-10.40000", "2014-06-30": "-10.30000", "2014-03-31": "-9.90000", "2013-12-31": "-10.30000", "2013-09-30": "-10.20000", "2013-06-30": "-8.80000", "2013-03-31": "-8.50000", "2012-12-31": "-11.60000", "2012-09-30": "-9.40000", "2012-06-30": "-9.40000", "2012-03-31": "-9.00000", "2011-12-31": "-9.30000", "2011-09-30": "-9.30000", "2011-06-30": "-9.30000", "2011-03-31": "-8.50000", "2010-12-31": "-6.70000", "2010-09-30": "-9.70000", "2010-06-30": "-8.50000", "2010-03-31": "-6.10000", "2009-12-31": "-5.54900", "2009-09-30": "-10.86500", "2009-06-30": "-4.73600", "2009-03-31": "-5.75000", "2008-12-31": "-11.15000", "2008-09-30": "-4.89800", "2008-06-30": "-5.05000", "2008-03-31": "-5.41300", "2007-12-31": "-5.04100", "2007-09-30": "-5.87700", "2007-06-30": "-5.11500", "2007-03-31": "-2.78900", "2006-12-31": "-7.18100", "2006-09-30": "-5.51600", "2006-06-30": "-5.59700", "2006-03-31": "-5.58600", "2005-12-31": "-6.42600", "2005-09-30": "-5.31400", "2005-06-30": "-4.91800", "2005-03-31": "-4.83900"}, "Operating Expenses": {"2020-09-30": "335.40000", "2020-06-30": "387.30000", "2020-03-31": "334.80000", "2019-12-31": "426.20010", "2019-09-30": "353.90000", "2019-06-30": "392.90000", "2019-03-31": "369.60000", "2018-12-31": "409.40000", "2018-09-30": "402.00000", "2018-06-30": "386.20000", "2018-03-31": "413.80000", "2017-12-31": "408.29990", "2017-09-30": "367.50000", "2017-06-30": "371.80000", "2017-03-31": "369.20000", "2016-12-31": "523.60010", "2016-09-30": "306.20000", "2016-06-30": "307.10000", "2016-03-31": "366.60000", "2015-12-31": "396.59990", "2015-09-30": "397.90000", "2015-06-30": "451.40000", "2015-03-31": "403.60000", "2014-12-31": "442.59990", "2014-09-30": "416.10000", "2014-06-30": "437.90000", "2014-03-31": "399.10000", "2013-12-31": "440.90000", "2013-09-30": "382.50000", "2013-06-30": "379.60000", "2013-03-31": "351.70000", "2012-12-31": "364.00000", "2012-09-30": "327.60000", "2012-06-30": "404.60000", "2012-03-31": "308.90000", "2011-12-31": "307.20000", "2011-09-30": "287.80000", "2011-06-30": "322.30000", "2011-03-31": "301.40000", "2010-12-31": "306.60000", "2010-09-30": "258.80000", "2010-06-30": "236.30000", "2010-03-31": "182.50000", "2009-12-31": "163.37500", "2009-09-30": "154.42600", "2009-06-30": "150.34900", "2009-03-31": "133.75000", "2008-12-31": "171.88600", "2008-09-30": "193.64100", "2008-06-30": "205.50300", "2008-03-31": "220.46700", "2007-12-31": "216.33190", "2007-09-30": "217.98500", "2007-06-30": "207.52000", "2007-03-31": "197.53500", "2006-12-31": "185.08900", "2006-09-30": "178.38100", "2006-06-30": "178.63400", "2006-03-31": "174.33600", "2005-12-31": "168.48600", "2005-09-30": "153.35700", "2005-06-30": "132.47400", "2005-03-31": "127.12000"}, "Operating Income": {"2020-09-30": "159.40000", "2020-06-30": "83.80000", "2020-03-31": "172.50000", "2019-12-31": "129.40000", "2019-09-30": "195.10000", "2019-06-30": "199.00000", "2019-03-31": "173.50000", "2018-12-31": "155.19990", "2018-09-30": "199.30000", "2018-06-30": "213.90000", "2018-03-31": "198.60000", "2017-12-31": "195.80010", "2017-09-30": "218.20000", "2017-06-30": "199.10000", "2017-03-31": "175.10000", "2016-12-31": "26.80010", "2016-09-30": "238.50000", "2016-06-30": "247.00000", "2016-03-31": "178.80000", "2015-12-31": "193.20010", "2015-09-30": "215.20000", "2015-06-30": "195.20000", "2015-03-31": "231.40000", "2014-12-31": "198.59990", "2014-09-30": "224.20000", "2014-06-30": "198.40000", "2014-03-31": "194.00000", "2013-12-31": "153.10010", "2013-09-30": "169.09990", "2013-06-30": "161.40000", "2013-03-31": "150.50000", "2012-12-31": "126.89990", "2012-09-30": "139.70000", "2012-06-30": "25.00000", "2012-03-31": "108.80000", "2011-12-31": "95.20000", "2011-09-30": "126.00000", "2011-06-30": "140.00000", "2011-03-31": "124.90000", "2010-12-31": "114.10000", "2010-09-30": "95.60000", "2010-06-30": "95.80000", "2010-03-31": "68.50000", "2009-12-31": "81.24300", "2009-09-30": "63.03500", "2009-06-30": "50.89700", "2009-03-31": "44.72500", "2008-12-31": "51.50910", "2008-09-30": "97.18300", "2008-06-30": "103.46100", "2008-03-31": "114.56700", "2007-12-31": "166.62810", "2007-09-30": "127.62000", "2007-06-30": "123.94400", "2007-03-31": "112.30200", "2006-12-31": "143.67410", "2006-09-30": "102.05900", "2006-06-30": "104.47400", "2006-03-31": "103.70600", "2005-12-31": "104.01100", "2005-09-30": "80.76900", "2005-06-30": "75.78300", "2005-03-31": "74.49200"}, "Total Non-Operating Income/Expense": {"2020-09-30": "5.90000", "2020-06-30": "-17.00000", "2020-03-31": "-130.30000", "2019-12-31": "-35.10000", "2019-09-30": "-2.50000", "2019-06-30": "16.90000", "2019-03-31": "-368.30000", "2018-12-31": "-218.80000", "2018-09-30": "51.10000", "2018-06-30": "25.40000", "2018-03-31": "88.90000", "2017-12-31": "68.20000", "2017-09-30": "64.70000", "2017-06-30": "67.80000", "2017-03-31": "78.20000", "2016-12-31": "255.20000", "2016-09-30": "-12.30000", "2016-06-30": "-11.10000", "2016-03-31": "51.70000", "2015-12-31": "96.00000", "2015-09-30": "33.90000", "2015-06-30": "66.80000", "2015-03-31": "58.90000", "2014-12-31": "114.10000", "2014-09-30": "29.20000", "2014-06-30": "40.70000", "2014-03-31": "14.30000", "2013-12-31": "183.60000", "2013-09-30": "18.30000", "2013-06-30": "11.00000", "2013-03-31": "16.70000", "2012-12-31": "50.30000", "2012-09-30": "-2.20000", "2012-06-30": "37.90000", "2012-03-31": "8.80000", "2011-12-31": "13.90000", "2011-09-30": "-26.10000", "2011-06-30": "-12.40000", "2011-03-31": "-8.80000", "2010-12-31": "31.90000", "2010-09-30": "-2.60000", "2010-06-30": "-20.70000", "2010-03-31": "-3.80000", "2009-12-31": "2.88100", "2009-09-30": "10.19100", "2009-06-30": "10.29600", "2009-03-31": "-17.56800", "2008-12-31": "-158.76000", "2008-09-30": "-33.41200", "2008-06-30": "2.31700", "2008-03-31": "-25.22200", "2007-12-31": "201.39400", "2007-09-30": "-60.02400", "2007-06-30": "-57.45700", "2007-03-31": "-54.17200", "2006-12-31": "-65.96900", "2006-09-30": "-49.44600", "2006-06-30": "-52.84200", "2006-03-31": "-47.76900", "2005-12-31": "-42.48100", "2005-09-30": "-35.51500", "2005-06-30": "-34.13000", "2005-03-31": "-33.27700"}, "Pre-Tax Income": {"2020-09-30": "165.30000", "2020-06-30": "66.80000", "2020-03-31": "42.20000", "2019-12-31": "94.30000", "2019-09-30": "192.60000", "2019-06-30": "215.90000", "2019-03-31": "-194.80000", "2018-12-31": "-63.60000", "2018-09-30": "250.40000", "2018-06-30": "239.30000", "2018-03-31": "287.50000", "2017-12-31": "263.99990", "2017-09-30": "282.90000", "2017-06-30": "266.90000", "2017-03-31": "253.30000", "2016-12-31": "282.00000", "2016-09-30": "226.20000", "2016-06-30": "235.90000", "2016-03-31": "230.50000", "2015-12-31": "289.20000", "2015-09-30": "249.10000", "2015-06-30": "262.00000", "2015-03-31": "290.30000", "2014-12-31": "312.70000", "2014-09-30": "253.40000", "2014-06-30": "239.10000", "2014-03-31": "208.30000", "2013-12-31": "336.70010", "2013-09-30": "187.40000", "2013-06-30": "172.40000", "2013-03-31": "167.20000", "2012-12-31": "177.20000", "2012-09-30": "137.50000", "2012-06-30": "62.90000", "2012-03-31": "117.60000", "2011-12-31": "109.10000", "2011-09-30": "99.90000", "2011-06-30": "127.60000", "2011-03-31": "116.10000", "2010-12-31": "146.00000", "2010-09-30": "93.00000", "2010-06-30": "75.10000", "2010-03-31": "64.70000", "2009-12-31": "84.12400", "2009-09-30": "73.22600", "2009-06-30": "61.19300", "2009-03-31": "27.15700", "2008-12-31": "-107.25100", "2008-09-30": "63.77100", "2008-06-30": "105.77800", "2008-03-31": "89.34500", "2007-12-31": "368.02200", "2007-09-30": "67.59600", "2007-06-30": "66.48700", "2007-03-31": "58.13000", "2006-12-31": "77.70500", "2006-09-30": "52.61300", "2006-06-30": "51.63200", "2006-03-31": "55.93700", "2005-12-31": "61.53000", "2005-09-30": "45.25400", "2005-06-30": "41.65300", "2005-03-31": "41.21500"}, "Income Taxes": {"2020-09-30": "37.50000", "2020-06-30": "3.30000", "2020-03-31": "2.20000", "2019-12-31": "-1.50000", "2019-09-30": "30.50000", "2019-06-30": "35.70000", "2019-03-31": "-61.80000", "2018-12-31": "35.20000", "2018-09-30": "48.50000", "2018-06-30": "34.10000", "2018-03-31": "63.50000", "2017-12-31": "-129.90000", "2017-09-30": "66.10000", "2017-06-30": "62.50000", "2017-03-31": "59.70000", "2016-12-31": "76.00000", "2016-09-30": "50.30000", "2016-06-30": "52.30000", "2016-03-31": "57.00000", "2015-12-31": "63.60000", "2015-09-30": "58.10000", "2015-06-30": "72.10000", "2015-03-31": "69.60000", "2014-12-31": "72.60000", "2014-09-30": "63.50000", "2014-06-30": "61.10000", "2014-03-31": "48.90000", "2013-12-31": "87.40000", "2013-09-30": "31.00000", "2013-06-30": "38.20000", "2013-03-31": "37.50000", "2012-12-31": "37.80000", "2012-09-30": "19.40000", "2012-06-30": "2.00000", "2012-03-31": "24.60000", "2011-12-31": "20.00000", "2011-09-30": "19.80000", "2011-06-30": "26.60000", "2011-03-31": "26.70000", "2010-12-31": "38.70000", "2010-09-30": "24.00000", "2010-06-30": "16.90000", "2010-03-31": "11.90000", "2009-12-31": "18.57300", "2009-09-30": "5.36600", "2009-06-30": "4.94400", "2009-03-31": "3.91700", "2008-12-31": "-43.31700", "2008-09-30": "24.38300", "2008-06-30": "20.34100", "2008-03-31": "18.33700", "2007-12-31": "32.54100", "2007-09-30": "25.01100", "2007-06-30": "24.60000", "2007-03-31": "21.50800", "2006-12-31": "28.75000", "2006-09-30": "19.46700", "2006-06-30": "17.69600", "2006-03-31": "20.69700", "2005-12-31": "22.76500", "2005-09-30": "16.74400", "2005-06-30": "15.41200", "2005-03-31": "15.66200"}, "Income After Taxes": {"2020-09-30": "127.80000", "2020-06-30": "63.50000", "2020-03-31": "40.00000", "2019-12-31": "95.80000", "2019-09-30": "162.10000", "2019-06-30": "180.20000", "2019-03-31": "-133.00000", "2018-12-31": "-98.80000", "2018-09-30": "201.90000", "2018-06-30": "205.20000", "2018-03-31": "224.00000", "2017-12-31": "393.90000", "2017-09-30": "216.80000", "2017-06-30": "204.40000", "2017-03-31": "193.60000", "2016-12-31": "206.00000", "2016-09-30": "175.90000", "2016-06-30": "183.60000", "2016-03-31": "173.50000", "2015-12-31": "225.60000", "2015-09-30": "191.00000", "2015-06-30": "189.90000", "2015-03-31": "220.70000", "2014-12-31": "240.10000", "2014-09-30": "189.90000", "2014-06-30": "178.00000", "2014-03-31": "159.40000", "2013-12-31": "249.29990", "2013-09-30": "156.40000", "2013-06-30": "134.20000", "2013-03-31": "129.70000", "2012-12-31": "139.40000", "2012-09-30": "118.10000", "2012-06-30": "60.90000", "2012-03-31": "93.00000", "2011-12-31": "89.10000", "2011-09-30": "80.10000", "2011-06-30": "101.00000", "2011-03-31": "89.40000", "2010-12-31": "107.30000", "2010-09-30": "69.00000", "2010-06-30": "58.20000", "2010-03-31": "52.80000", "2009-12-31": "65.55100", "2009-09-30": "67.86000", "2009-06-30": "56.24900", "2009-03-31": "23.24000", "2008-12-31": "-63.93400", "2008-09-30": "39.38800", "2008-06-30": "85.43700", "2008-03-31": "71.00800", "2007-12-31": "335.48100", "2007-09-30": "42.58500", "2007-06-30": "41.88700", "2007-03-31": "36.62200", "2006-12-31": "48.95500", "2006-09-30": "33.14600", "2006-06-30": "33.93600", "2006-03-31": "35.24000", "2005-12-31": "38.76500", "2005-09-30": "28.51000", "2005-06-30": "26.24100", "2005-03-31": "25.55300"}, "Other Income": {"2020-09-30": "", "2020-06-30": "", "2020-03-31": "", "2019-12-31": "", "2019-09-30": "", "2019-06-30": "", "2019-03-31": "", "2018-12-31": "", "2018-09-30": "", "2018-06-30": "", "2018-03-31": "", "2017-12-31": "", "2017-09-30": "", "2017-06-30": "", "2017-03-31": "", "2016-12-31": "", "2016-09-30": "", "2016-06-30": "", "2016-03-31": "", "2015-12-31": "", "2015-09-30": "", "2015-06-30": "", "2015-03-31": "", "2014-12-31": "", "2014-09-30": "", "2014-06-30": "", "2014-03-31": "", "2013-12-31": "", "2013-09-30": "", "2013-06-30": "", "2013-03-31": "", "2012-12-31": "", "2012-09-30": "", "2012-06-30": "", "2012-03-31": "", "2011-12-31": "", "2011-09-30": "", "2011-06-30": "", "2011-03-31": "", "2010-12-31": "", "2010-09-30": "", "2010-06-30": "", "2010-03-31": "", "2009-12-31": "", "2009-09-30": "", "2009-06-30": "", "2009-03-31": "", "2008-12-31": "", "2008-09-30": "", "2008-06-30": "", "2008-03-31": "", "2007-12-31": "", "2007-09-30": "", "2007-06-30": "", "2007-03-31": "", "2006-12-31": "", "2006-09-30": "", "2006-06-30": "", "2006-03-31": "", "2005-12-31": "", "2005-09-30": "", "2005-06-30": "", "2005-03-31": ""}, "Income From Continuous Operations": {"2020-09-30": "127.80000", "2020-06-30": "63.50000", "2020-03-31": "40.00000", "2019-12-31": "95.80000", "2019-09-30": "162.10000", "2019-06-30": "180.20000", "2019-03-31": "-133.00000", "2018-12-31": "-98.80000", "2018-09-30": "201.90000", "2018-06-30": "205.20000", "2018-03-31": "224.00000", "2017-12-31": "393.90000", "2017-09-30": "216.80000", "2017-06-30": "204.40000", "2017-03-31": "193.60000", "2016-12-31": "206.00000", "2016-09-30": "175.90000", "2016-06-30": "183.60000", "2016-03-31": "173.50000", "2015-12-31": "225.60000", "2015-09-30": "191.00000", "2015-06-30": "189.90000", "2015-03-31": "220.70000", "2014-12-31": "240.10000", "2014-09-30": "189.90000", "2014-06-30": "178.00000", "2014-03-31": "159.40000", "2013-12-31": "249.29990", "2013-09-30": "156.40000", "2013-06-30": "134.20000", "2013-03-31": "129.70000", "2012-12-31": "139.40000", "2012-09-30": "118.10000", "2012-06-30": "60.90000", "2012-03-31": "93.00000", "2011-12-31": "89.10000", "2011-09-30": "80.10000", "2011-06-30": "101.00000", "2011-03-31": "89.40000", "2010-12-31": "107.30000", "2010-09-30": "69.00000", "2010-06-30": "58.20000", "2010-03-31": "52.80000", "2009-12-31": "65.55100", "2009-09-30": "67.86000", "2009-06-30": "56.24900", "2009-03-31": "23.24000", "2008-12-31": "-63.93400", "2008-09-30": "39.38800", "2008-06-30": "85.43700", "2008-03-31": "71.00800", "2007-12-31": "335.48100", "2007-09-30": "42.58500", "2007-06-30": "41.88700", "2007-03-31": "36.62200", "2006-12-31": "48.95500", "2006-09-30": "33.14600", "2006-06-30": "33.93600", "2006-03-31": "35.24000", "2005-12-31": "38.76500", "2005-09-30": "28.51000", "2005-06-30": "26.24100", "2005-03-31": "25.55300"}, "Income From Discontinued Operations": {"2020-09-30": "", "2020-06-30": "", "2020-03-31": "", "2019-12-31": "", "2019-09-30": "", "2019-06-30": "", "2019-03-31": "", "2018-12-31": "", "2018-09-30": "", "2018-06-30": "", "2018-03-31": "", "2017-12-31": "", "2017-09-30": "", "2017-06-30": "", "2017-03-31": "", "2016-12-31": "", "2016-09-30": "", "2016-06-30": "", "2016-03-31": "", "2015-12-31": "", "2015-09-30": "", "2015-06-30": "", "2015-03-31": "", "2014-12-31": "", "2014-09-30": "", "2014-06-30": "", "2014-03-31": "", "2013-12-31": "", "2013-09-30": "", "2013-06-30": "", "2013-03-31": "", "2012-12-31": "", "2012-09-30": "", "2012-06-30": "", "2012-03-31": "", "2011-12-31": "", "2011-09-30": "", "2011-06-30": "", "2011-03-31": "", "2010-12-31": "", "2010-09-30": "", "2010-06-30": "", "2010-03-31": "", "2009-12-31": "", "2009-09-30": "", "2009-06-30": "", "2009-03-31": "", "2008-12-31": "", "2008-09-30": "", "2008-06-30": "", "2008-03-31": "", "2007-12-31": "", "2007-09-30": "", "2007-06-30": "", "2007-03-31": "", "2006-12-31": "", "2006-09-30": "", "2006-06-30": "", "2006-03-31": "", "2005-12-31": "", "2005-09-30": "", "2005-06-30": "", "2005-03-31": ""}, "Net Income": {"2020-09-30": "71.30000", "2020-06-30": "30.70000", "2020-03-31": "-15.60000", "2019-12-31": "22.50000", "2019-09-30": "86.30000", "2019-06-30": "107.70000", "2019-03-31": "-200.80000", "2018-12-31": "-151.30000", "2018-09-30": "124.90000", "2018-06-30": "117.00000", "2018-03-31": "153.00000", "2017-12-31": "315.30000", "2017-09-30": "125.40000", "2017-06-30": "126.30000", "2017-03-31": "122.50000", "2016-12-31": "150.30000", "2016-09-30": "110.20000", "2016-06-30": "108.30000", "2016-03-31": "104.00000", "2015-12-31": "145.10000", "2015-09-30": "107.70000", "2015-06-30": "128.70000", "2015-03-31": "128.00000", "2014-12-31": "154.40000", "2014-09-30": "103.20000", "2014-06-30": "99.10000", "2014-03-31": "77.20000", "2013-12-31": "158.20000", "2013-09-30": "75.20000", "2013-06-30": "64.70000", "2013-03-31": "62.40000", "2012-12-31": "75.10000", "2012-09-30": "54.90000", "2012-06-30": "6.60000", "2012-03-31": "37.40000", "2011-12-31": "40.20000", "2011-09-30": "40.10000", "2011-06-30": "45.50000", "2011-03-31": "39.10000", "2010-12-31": "61.90000", "2010-09-30": "34.00000", "2010-06-30": "25.20000", "2010-03-31": "17.50000", "2009-12-31": "24.62700", "2009-09-30": "17.76900", "2009-06-30": "10.97900", "2009-03-31": "6.12500", "2008-12-31": "-83.65400", "2008-09-30": "16.47100", "2008-06-30": "34.63500", "2008-03-31": "31.22300", "2007-12-31": "55.40500", "2007-09-30": "42.58500", "2007-06-30": "41.88700", "2007-03-31": "36.62200", "2006-12-31": "48.95500", "2006-09-30": "33.14600", "2006-06-30": "33.93600", "2006-03-31": "35.24000", "2005-12-31": "38.76500", "2005-09-30": "28.51000", "2005-06-30": "26.24100", "2005-03-31": "25.55300"}, "EBITDA": {"2020-09-30": "195.90000", "2020-06-30": "169.70000", "2020-03-31": "198.20000", "2019-12-31": "206.50000", "2019-09-30": "222.30000", "2019-06-30": "225.70000", "2019-03-31": "208.30000", "2018-12-31": "198.99990", "2018-09-30": "234.70000", "2018-06-30": "242.80000", "2018-03-31": "227.30000", "2017-12-31": "222.50010", "2017-09-30": "244.20000", "2017-06-30": "226.00000", "2017-03-31": "202.20000", "2016-12-31": "55.70010", "2016-09-30": "271.60000", "2016-06-30": "281.90000", "2016-03-31": "211.60000", "2015-12-31": "220.60010", "2015-09-30": "253.09990", "2015-06-30": "229.89990", "2015-03-31": "265.60000", "2014-12-31": "243.09990", "2014-09-30": "263.00000", "2014-06-30": "230.60000", "2014-03-31": "225.20000", "2013-12-31": "196.50010", "2013-09-30": "205.09990", "2013-06-30": "197.40000", "2013-03-31": "186.90000", "2012-12-31": "155.59990", "2012-09-30": "169.20000", "2012-06-30": "145.30000", "2012-03-31": "144.40000", "2011-12-31": "123.80000", "2011-09-30": "153.90000", "2011-06-30": "167.70000", "2011-03-31": "153.40000", "2010-12-31": "140.90000", "2010-09-30": "121.90000", "2010-06-30": "110.70000", "2010-03-31": "82.20000", "2009-12-31": "94.58500", "2009-09-30": "76.33700", "2009-06-30": "60.59400", "2009-03-31": "61.28400", "2008-12-31": "60.54310", "2008-09-30": "112.31700", "2008-06-30": "116.13600", "2008-03-31": "128.53700", "2007-12-31": "186.52910", "2007-09-30": "139.79300", "2007-06-30": "135.76200", "2007-03-31": "124.07600", "2006-12-31": "154.22510", "2006-09-30": "112.45700", "2006-06-30": "114.87900", "2006-03-31": "113.71500", "2005-12-31": "114.08000", "2005-09-30": "90.56700", "2005-06-30": "84.24300", "2005-03-31": "82.98100"}, "EBIT": {"2020-09-30": "159.40000", "2020-06-30": "83.80000", "2020-03-31": "172.50000", "2019-12-31": "129.40000", "2019-09-30": "195.10000", "2019-06-30": "199.00000", "2019-03-31": "173.50000", "2018-12-31": "155.20000", "2018-09-30": "199.30000", "2018-06-30": "213.90000", "2018-03-31": "198.60000", "2017-12-31": "195.80000", "2017-09-30": "218.20000", "2017-06-30": "199.10000", "2017-03-31": "175.10000", "2016-12-31": "26.80010", "2016-09-30": "238.50000", "2016-06-30": "247.00000", "2016-03-31": "178.80000", "2015-12-31": "193.20010", "2015-09-30": "215.20000", "2015-06-30": "195.20000", "2015-03-31": "231.40000", "2014-12-31": "198.60010", "2014-09-30": "224.20000", "2014-06-30": "198.40000", "2014-03-31": "194.00000", "2013-12-31": "153.10010", "2013-09-30": "169.09990", "2013-06-30": "161.40000", "2013-03-31": "150.50000", "2012-12-31": "126.90000", "2012-09-30": "139.70000", "2012-06-30": "25.00000", "2012-03-31": "108.80000", "2011-12-31": "95.20010", "2011-09-30": "126.00000", "2011-06-30": "140.00000", "2011-03-31": "124.90000", "2010-12-31": "114.10000", "2010-09-30": "95.60000", "2010-06-30": "95.80000", "2010-03-31": "68.50000", "2009-12-31": "81.24300", "2009-09-30": "63.03500", "2009-06-30": "50.89700", "2009-03-31": "44.72500", "2008-12-31": "51.50910", "2008-09-30": "97.18300", "2008-06-30": "103.46100", "2008-03-31": "114.56700", "2007-12-31": "166.62800", "2007-09-30": "127.62000", "2007-06-30": "123.94400", "2007-03-31": "112.30200", "2006-12-31": "143.67400", "2006-09-30": "102.05900", "2006-06-30": "104.47400", "2006-03-31": "103.70600", "2005-12-31": "104.01100", "2005-09-30": "80.76900", "2005-06-30": "75.78300", "2005-03-31": "74.49200"}, "Basic Shares Outstanding": {"2020-09-30": "46.30000", "2020-06-30": "47.20000", "2020-03-31": "47.80000", "2019-12-31": "50.50000", "2019-09-30": "50.40000", "2019-06-30": "51.00000", "2019-03-31": "51.90000", "2018-12-31": "53.60000", "2018-09-30": "53.10000", "2018-06-30": "54.00000", "2018-03-31": "54.60000", "2017-12-31": "56.00000", "2017-09-30": "55.80000", "2017-06-30": "56.30000", "2017-03-31": "56.70000", "2016-12-31": "54.20000", "2016-09-30": "53.90000", "2016-06-30": "53.80000", "2016-03-31": "54.00000", "2015-12-31": "54.30000", "2015-09-30": "54.20000", "2015-06-30": "54.60000", "2015-03-31": "54.80000", "2014-12-31": "55.00000", "2014-09-30": "55.60000", "2014-06-30": "55.40000", "2014-03-31": "53.70000", "2013-12-31": "53.10000", "2013-09-30": "53.20000", "2013-06-30": "53.10000", "2013-03-31": "52.70000", "2012-12-31": "51.70000", "2012-09-30": "51.70000", "2012-06-30": "51.40000", "2012-03-31": "51.60000", "2011-12-31": "51.80000", "2011-09-30": "51.90000", "2011-06-30": "52.10000", "2011-03-31": "51.80000", "2010-12-31": "47.40000", "2010-09-30": "51.20000", "2010-06-30": "44.60000", "2010-03-31": "42.40000", "2009-12-31": "41.40000", "2009-09-30": "41.85400", "2009-06-30": "41.45100", "2009-03-31": "40.02200", "2008-12-31": "38.21100", "2008-09-30": "39.52200", "2008-06-30": "39.30100", "2008-03-31": "34.47000", "2007-12-31": "29.46500", "2007-09-30": "29.85700", "2007-06-30": "29.84700", "2007-03-31": "29.69900", "2006-12-31": "31.28900", "2006-09-30": "30.37100", "2006-06-30": "31.22400", "2006-03-31": "33.68100", "2005-12-31": "33.66800", "2005-09-30": "33.92600", "2005-06-30": "33.59200", "2005-03-31": "33.31100"}, "Shares Outstanding": {"2020-09-30": "46.50000", "2020-06-30": "47.30000", "2020-03-31": "47.80000", "2019-12-31": "50.60000", "2019-09-30": "50.40000", "2019-06-30": "51.00000", "2019-03-31": "51.90000", "2018-12-31": "53.80000", "2018-09-30": "55.40000", "2018-06-30": "54.20000", "2018-03-31": "57.00000", "2017-12-31": "58.60000", "2017-09-30": "58.30000", "2017-06-30": "58.70000", "2017-03-31": "59.20000", "2016-12-31": "57.00000", "2016-09-30": "56.60000", "2016-06-30": "56.70000", "2016-03-31": "56.60000", "2015-12-31": "57.20000", "2015-09-30": "57.00000", "2015-06-30": "57.50000", "2015-03-31": "57.80000", "2014-12-31": "58.40000", "2014-09-30": "58.80000", "2014-06-30": "56.60000", "2014-03-31": "55.20000", "2013-12-31": "56.70000", "2013-09-30": "56.90000", "2013-06-30": "54.60000", "2013-03-31": "54.20000", "2012-12-31": "53.00000", "2012-09-30": "53.00000", "2012-06-30": "52.70000", "2012-03-31": "52.90000", "2011-12-31": "53.00000", "2011-09-30": "53.00000", "2011-06-30": "53.40000", "2011-03-31": "53.10000", "2010-12-31": "49.40000", "2010-09-30": "51.90000", "2010-06-30": "47.60000", "2010-03-31": "45.40000", "2009-12-31": "43.30000", "2009-09-30": "44.26700", "2009-06-30": "43.15900", "2009-03-31": "41.08200", "2008-12-31": "38.21100", "2008-09-30": "42.06400", "2008-06-30": "42.37100", "2008-03-31": "40.82200", "2007-12-31": "42.39900", "2007-09-30": "42.67300", "2007-06-30": "45.23100", "2007-03-31": "44.60100", "2006-12-31": "43.67000", "2006-09-30": "44.40000", "2006-06-30": "45.21400", "2006-03-31": "46.30800", "2005-12-31": "44.69000", "2005-09-30": "44.90800", "2005-06-30": "44.37500", "2005-03-31": "44.07600"}, "Basic EPS": {"2020-09-30": "1.54000", "2020-06-30": "0.65000", "2020-03-31": "-0.33000", "2019-12-31": "0.36000", "2019-09-30": "1.71000", "2019-06-30": "2.11000", "2019-03-31": "-3.87000", "2018-12-31": "-2.77000", "2018-09-30": "2.35000", "2018-06-30": "2.17000", "2018-03-31": "2.80000", "2017-12-31": "5.65000", "2017-09-30": "2.25000", "2017-06-30": "2.24000", "2017-03-31": "2.16000", "2016-12-31": "2.75000", "2016-09-30": "2.04000", "2016-06-30": "2.01000", "2016-03-31": "1.93000", "2015-12-31": "2.68000", "2015-09-30": "1.99000", "2015-06-30": "2.36000", "2015-03-31": "2.34000", "2014-12-31": "2.80000", "2014-09-30": "1.86000", "2014-06-30": "1.79000", "2014-03-31": "1.44000", "2013-12-31": "2.98000", "2013-09-30": "1.41000", "2013-06-30": "1.22000", "2013-03-31": "1.18000", "2012-12-31": "1.45000", "2012-09-30": "1.06000", "2012-06-30": "0.13000", "2012-03-31": "0.72000", "2011-12-31": "0.78000", "2011-09-30": "0.77000", "2011-06-30": "0.87000", "2011-03-31": "0.76000", "2010-12-31": "1.29000", "2010-09-30": "0.66000", "2010-06-30": "0.56000", "2010-03-31": "0.41000", "2009-12-31": "0.61000", "2009-09-30": "0.42000", "2009-06-30": "0.26000", "2009-03-31": "0.15000", "2008-12-31": "-2.24000", "2008-09-30": "0.42000", "2008-06-30": "0.88000", "2008-03-31": "0.91000", "2007-12-31": "1.93000", "2007-09-30": "1.43000", "2007-06-30": "1.40000", "2007-03-31": "1.23000", "2006-12-31": "1.60000", "2006-09-30": "1.09000", "2006-06-30": "1.09000", "2006-03-31": "1.05000", "2005-12-31": "1.15000", "2005-09-30": "0.84000", "2005-06-30": "0.78000", "2005-03-31": "0.77000"}, "EPS - Earnings Per Share": {"2020-09-30": "1.53000", "2020-06-30": "0.65000", "2020-03-31": "-0.33000", "2019-12-31": "0.36000", "2019-09-30": "1.71000", "2019-06-30": "2.11000", "2019-03-31": "-3.87000", "2018-12-31": "-2.75000", "2018-09-30": "2.34000", "2018-06-30": "2.16000", "2018-03-31": "2.77000", "2017-12-31": "5.46000", "2017-09-30": "2.22000", "2017-06-30": "2.22000", "2017-03-31": "2.13000", "2016-12-31": "2.67000", "2016-09-30": "2.02000", "2016-06-30": "1.98000", "2016-03-31": "1.90000", "2015-12-31": "2.62000", "2015-09-30": "1.96000", "2015-06-30": "2.31000", "2015-03-31": "2.28000", "2014-12-31": "2.73000", "2014-09-30": "1.82000", "2014-06-30": "1.75000", "2014-03-31": "1.40000", "2013-12-31": "2.85000", "2013-09-30": "1.37000", "2013-06-30": "1.18000", "2013-03-31": "1.15000", "2012-12-31": "1.41000", "2012-09-30": "1.04000", "2012-06-30": "0.12000", "2012-03-31": "0.71000", "2011-12-31": "0.76000", "2011-09-30": "0.76000", "2011-06-30": "0.85000", "2011-03-31": "0.74000", "2010-12-31": "1.25000", "2010-09-30": "0.65000", "2010-06-30": "0.53000", "2010-03-31": "0.38000", "2009-12-31": "0.57000", "2009-09-30": "0.40000", "2009-06-30": "0.26000", "2009-03-31": "0.15000", "2008-12-31": "-2.05000", "2008-09-30": "0.39000", "2008-06-30": "0.82000", "2008-03-31": "0.81000", "2007-12-31": "1.48000", "2007-09-30": "1.06000", "2007-06-30": "1.04000", "2007-03-31": "0.93000", "2006-12-31": "1.16000", "2006-09-30": "0.87000", "2006-06-30": "0.86000", "2006-03-31": "0.81000", "2005-12-31": "0.90000", "2005-09-30": "0.67000", "2005-06-30": "0.63000", "2005-03-31": "0.61000"}}, "balance sheet": {"Cash On Hand": {"2019-12-31": "539.60000", "2018-12-31": "565.50000", "2017-12-31": "439.50000", "2016-12-31": "430.80000", "2015-12-31": "563.80000", "2014-12-31": "550.60000", "2013-12-31": "469.60000", "2012-12-31": "430.40000", "2011-12-31": "449.50000", "2010-12-31": "313.30000", "2009-12-31": "259.48700", "2008-12-31": "396.43100", "2007-12-31": "222.95400", "2006-12-31": "201.72900", "2005-12-31": "140.42300"}, "Receivables": {"2019-12-31": "417.10000", "2018-12-31": "400.60000", "2017-12-31": "511.60000", "2016-12-31": "505.70000", "2015-12-31": "591.10000", "2014-12-31": "598.50000", "2013-12-31": "576.30000", "2012-12-31": "439.90000", "2011-12-31": "249.40000", "2010-12-31": "278.40000", "2009-12-31": "140.11800", "2008-12-31": "131.09900", "2007-12-31": "237.63600", "2006-12-31": "201.38500", "2005-12-31": "148.85000"}, "Inventory": {"2019-12-31": "", "2018-12-31": "", "2017-12-31": "", "2016-12-31": "", "2015-12-31": "", "2014-12-31": "", "2013-12-31": "", "2012-12-31": "", "2011-12-31": "100.40000", "2010-12-31": "116.00000", "2009-12-31": "150.49900", "2008-12-31": "79.18800", "2007-12-31": "155.89400", "2006-12-31": "123.86600", "2005-12-31": "10.98100"}, "Pre-Paid Expenses": {"2019-12-31": "", "2018-12-31": "", "2017-12-31": "", "2016-12-31": "", "2015-12-31": "", "2014-12-31": "", "2013-12-31": "", "2012-12-31": "", "2011-12-31": "77.10000", "2010-12-31": "63.20000", "2009-12-31": "35.47800", "2008-12-31": "23.96800", "2007-12-31": "33.27300", "2006-12-31": "27.29900", "2005-12-31": "35.11500"}, "Other Current Assets": {"2019-12-31": "", "2018-12-31": "", "2017-12-31": "", "2016-12-31": "", "2015-12-31": "", "2014-12-31": "", "2013-12-31": "", "2012-12-31": "", "2011-12-31": "", "2010-12-31": "", "2009-12-31": "", "2008-12-31": "", "2007-12-31": "", "2006-12-31": "", "2005-12-31": ""}, "Total Current Assets": {"2019-12-31": "956.70000", "2018-12-31": "966.10000", "2017-12-31": "951.10000", "2016-12-31": "936.50000", "2015-12-31": "1154.90000", "2014-12-31": "1149.10000", "2013-12-31": "1045.90000", "2012-12-31": "870.30000", "2011-12-31": "876.40000", "2010-12-31": "770.90000", "2009-12-31": "585.58200", "2008-12-31": "630.68600", "2007-12-31": "649.75700", "2006-12-31": "554.27900", "2005-12-31": "335.36900"}, "Property, Plant, And Equipment": {"2019-12-31": "92.30000", "2018-12-31": "104.30000", "2017-12-31": "111.00000", "2016-12-31": "110.10000", "2015-12-31": "114.10000", "2014-12-31": "95.40000", "2013-12-31": "92.30000", "2012-12-31": "81.50000", "2011-12-31": "69.10000", "2010-12-31": "67.70000", "2009-12-31": "62.40200", "2008-12-31": "71.84500", "2007-12-31": "69.87900", "2006-12-31": "63.98400", "2005-12-31": "50.59200"}, "Long-Term Investments": {"2019-12-31": "2466.80000", "2018-12-31": "3111.40000", "2017-12-31": "3469.70000", "2016-12-31": "3515.80000", "2015-12-31": "2086.40000", "2014-12-31": "1950.70000", "2013-12-31": "1287.60000", "2012-12-31": "1186.70000", "2011-12-31": "615.80000", "2010-12-31": "678.90000", "2009-12-31": "658.33200", "2008-12-31": "678.88700", "2007-12-31": "842.49000", "2006-12-31": "293.44000", "2005-12-31": "301.47600"}, "Goodwill And Intangible Assets": {"2019-12-31": "3833.70000", "2018-12-31": "3943.30000", "2017-12-31": "4112.20000", "2016-12-31": "4125.50000", "2015-12-31": "4354.80000", "2014-12-31": "4431.20000", "2013-12-31": "3802.40000", "2012-12-31": "3940.70000", "2011-12-31": "3438.40000", "2010-12-31": "3542.50000", "2009-12-31": "1984.79000", "2008-12-31": "1734.99100", "2007-12-31": "1726.98900", "2006-12-31": "1679.29300", "2005-12-31": "1576.94100"}, "Other Long-Term Assets": {"2019-12-31": "304.00000", "2018-12-31": "94.00000", "2017-12-31": "58.10000", "2016-12-31": "61.20000", "2015-12-31": "59.20000", "2014-12-31": "71.70000", "2013-12-31": "90.60000", "2012-12-31": "107.90000", "2011-12-31": "219.20000", "2010-12-31": "219.80000", "2009-12-31": "99.80000", "2008-12-31": "96.29100", "2007-12-31": "106.59000", "2006-12-31": "74.92400", "2005-12-31": "57.25800"}, "Total Long-Term Assets": {"2019-12-31": "6696.80000", "2018-12-31": "7253.00000", "2017-12-31": "7751.00000", "2016-12-31": "7812.60100", "2015-12-31": "6614.50000", "2014-12-31": "6549.00000", "2013-12-31": "5272.90000", "2012-12-31": "5316.80000", "2011-12-31": "4342.50000", "2010-12-31": "4508.90000", "2009-12-31": "2805.32400", "2008-12-31": "2582.01400", "2007-12-31": "2745.94800", "2006-12-31": "2111.64100", "2005-12-31": "1986.26700"}, "Total Assets": {"2019-12-31": "7653.50000", "2018-12-31": "8219.10000", "2017-12-31": "8702.10000", "2016-12-31": "8749.10000", "2015-12-31": "7769.40000", "2014-12-31": "7698.10000", "2013-12-31": "6318.80000", "2012-12-31": "6187.10000", "2011-12-31": "5218.90000", "2010-12-31": "5279.80000", "2009-12-31": "3390.90600", "2008-12-31": "3212.70000", "2007-12-31": "3395.70500", "2006-12-31": "2665.92000", "2005-12-31": "2321.63600"}, "Total Current Liabilities": {"2019-12-31": "2428.40000", "2018-12-31": "2576.20000", "2017-12-31": "1616.20000", "2016-12-31": "1597.90000", "2015-12-31": "1372.70000", "2014-12-31": "1663.30000", "2013-12-31": "1039.70000", "2012-12-31": "1653.90000", "2011-12-31": "417.60000", "2010-12-31": "407.40000", "2009-12-31": "227.11500", "2008-12-31": "209.98100", "2007-12-31": "316.35200", "2006-12-31": "287.81300", "2005-12-31": "256.58800"}, "Long Term Debt": {"2019-12-31": "", "2018-12-31": "", "2017-12-31": "1045.70000", "2016-12-31": "1241.00000", "2015-12-31": "1236.10000", "2014-12-31": "1039.90000", "2013-12-31": "858.70000", "2012-12-31": "340.00000", "2011-12-31": "685.60000", "2010-12-31": "882.10000", "2009-12-31": "456.97600", "2008-12-31": "679.04900", "2007-12-31": "1197.58300", "2006-12-31": "1078.85800", "2005-12-31": "899.73200"}, "Other Non-Current Liabilities": {"2019-12-31": "359.10000", "2018-12-31": "162.70000", "2017-12-31": "182.40000", "2016-12-31": "149.40000", "2015-12-31": "213.30000", "2014-12-31": "214.50000", "2013-12-31": "177.00000", "2012-12-31": "177.20000", "2011-12-31": "145.70000", "2010-12-31": "203.40000", "2009-12-31": "26.06600", "2008-12-31": "30.41400", "2007-12-31": "33.51600", "2006-12-31": "11.20900", "2005-12-31": "20.14900"}, "Total Long Term Liabilities": {"2019-12-31": "1726.00000", "2018-12-31": "1508.00000", "2017-12-31": "2507.40000", "2016-12-31": "2724.70000", "2015-12-31": "2627.60000", "2014-12-31": "2391.60000", "2013-12-31": "2134.50000", "2012-12-31": "1491.80000", "2011-12-31": "2301.70000", "2010-12-31": "2497.10000", "2009-12-31": "1682.07000", "2008-12-31": "1831.72100", "2007-12-31": "2610.15100", "2006-12-31": "1878.88500", "2005-12-31": "1247.66700"}, "Total Liabilities": {"2019-12-31": "4154.40000", "2018-12-31": "4084.20000", "2017-12-31": "4123.60000", "2016-12-31": "4322.60000", "2015-12-31": "4000.30000", "2014-12-31": "4054.90000", "2013-12-31": "3174.20000", "2012-12-31": "3145.70000", "2011-12-31": "2719.30000", "2010-12-31": "2904.50000", "2009-12-31": "1909.18500", "2008-12-31": "2041.70200", "2007-12-31": "2926.50300", "2006-12-31": "2166.69800", "2005-12-31": "1504.25500"}, "Common Stock Net": {"2019-12-31": "0.60000", "2018-12-31": "0.60000", "2017-12-31": "0.60000", "2016-12-31": "0.60000", "2015-12-31": "0.60000", "2014-12-31": "0.60000", "2013-12-31": "0.50000", "2012-12-31": "0.50000", "2011-12-31": "0.50000", "2010-12-31": "0.50000", "2009-12-31": "0.45800", "2008-12-31": "0.45800", "2007-12-31": "0.39000", "2006-12-31": "0.39000", "2005-12-31": "0.39000"}, "Retained Earnings (Accumulated Deficit)": {"2019-12-31": "3819.80000", "2018-12-31": "3876.80000", "2017-12-31": "3698.50000", "2016-12-31": "3054.40000", "2015-12-31": "2581.60000", "2014-12-31": "2163.30000", "2013-12-31": "1711.20000", "2012-12-31": "1350.70000", "2011-12-31": "1176.70000", "2010-12-31": "1011.80000", "2009-12-31": "873.13700", "2008-12-31": "813.66400", "2007-12-31": "836.42600", "2006-12-31": "654.46500", "2005-12-31": "503.18800"}, "Comprehensive Income": {"2019-12-31": "-108.80000", "2018-12-31": "-109.00000", "2017-12-31": "-21.80000", "2016-12-31": "-122.90000", "2015-12-31": "-18.10000", "2014-12-31": "31.80000", "2013-12-31": "74.00000", "2012-12-31": "79.10000", "2011-12-31": "50.00000", "2010-12-31": "100.50000", "2009-12-31": "45.95800", "2008-12-31": "-4.08100", "2007-12-31": "64.73700", "2006-12-31": "14.66600", "2005-12-31": "16.75600"}, "Other Share Holders Equity": {"2019-12-31": "", "2018-12-31": "", "2017-12-31": "", "2016-12-31": "", "2015-12-31": "", "2014-12-31": "", "2013-12-31": "", "2012-12-31": "", "2011-12-31": "", "2010-12-31": "", "2009-12-31": "", "2008-12-31": "", "2007-12-31": "", "2006-12-31": "", "2005-12-31": ""}, "Share Holder Equity": {"2019-12-31": "3499.10000", "2018-12-31": "4134.90000", "2017-12-31": "4578.50000", "2016-12-31": "4426.50000", "2015-12-31": "3769.10000", "2014-12-31": "3643.20000", "2013-12-31": "3144.60000", "2012-12-31": "3041.40000", "2011-12-31": "2499.60000", "2010-12-31": "2375.30000", "2009-12-31": "1481.72100", "2008-12-31": "1170.99800", "2007-12-31": "469.20200", "2006-12-31": "499.22200", "2005-12-31": "817.38100"}, "Total Liabilities And Share Holders Equity": {"2019-12-31": "7653.50000", "2018-12-31": "8219.10000", "2017-12-31": "8702.10000", "2016-12-31": "8749.10000", "2015-12-31": "7769.40000", "2014-12-31": "7698.10000", "2013-12-31": "6318.80000", "2012-12-31": "6187.10000", "2011-12-31": "5218.90000", "2010-12-31": "5279.80000", "2009-12-31": "3390.90600", "2008-12-31": "3212.70000", "2007-12-31": "3395.70500", "2006-12-31": "2665.92000", "2005-12-31": "2321.63600"}}, "balance sheet, quarterly": {"Cash On Hand": {"2020-09-30": "929.40000", "2020-06-30": "681.60000", "2020-03-31": "592.20000", "2019-12-31": "539.60000", "2019-09-30": "402.50000", "2019-06-30": "360.00000", "2019-03-31": "305.20000", "2018-12-31": "565.50000", "2018-09-30": "448.10000", "2018-06-30": "392.80000", "2018-03-31": "334.20000", "2017-12-31": "439.50000", "2017-09-30": "374.70000", "2017-06-30": "364.60000", "2017-03-31": "293.60000", "2016-12-31": "430.80000", "2016-09-30": "422.00000", "2016-06-30": "360.40000", "2016-03-31": "297.60000", "2015-12-31": "563.80000", "2015-09-30": "541.70000", "2015-06-30": "488.50000", "2015-03-31": "438.20000", "2014-12-31": "550.60000", "2014-09-30": "560.20000", "2014-06-30": "374.20000", "2014-03-31": "747.10000", "2013-12-31": "469.60000", "2013-09-30": "522.40000", "2013-06-30": "413.80000", "2013-03-31": "335.00000", "2012-12-31": "430.40000", "2012-09-30": "372.60000", "2012-06-30": "311.00000", "2012-03-31": "393.70000", "2011-12-31": "449.50000", "2011-09-30": "323.30000", "2011-06-30": "311.20000", "2011-03-31": "252.80000", "2010-12-31": "313.30000", "2010-09-30": "255.45200", "2010-06-30": "220.54300", "2010-03-31": "203.75100", "2009-12-31": "259.48700", "2009-09-30": "225.25000", "2009-06-30": "274.36900", "2009-03-31": "237.29100", "2008-12-31": "396.43100", "2008-09-30": "403.01000", "2008-06-30": "193.23700", "2008-03-31": "162.22800", "2007-12-31": "222.95400", "2007-09-30": "206.60900", "2007-06-30": "165.80900", "2007-03-31": "124.08400", "2006-12-31": "201.72900", "2006-09-30": "222.06200", "2006-06-30": "160.40600", "2006-03-31": "114.71900", "2005-12-31": "140.42300", "2005-09-30": "139.23500", "2005-06-30": "171.34800", "2005-03-31": "122.65300"}, "Receivables": {"2020-09-30": "404.80000", "2020-06-30": "497.10000", "2020-03-31": "437.30000", "2019-12-31": "417.10000", "2019-09-30": "485.10000", "2019-06-30": "528.70000", "2019-03-31": "571.90000", "2018-12-31": "400.60000", "2018-09-30": "524.50000", "2018-06-30": "485.90000", "2018-03-31": "532.20000", "2017-12-31": "511.60000", "2017-09-30": "579.80000", "2017-06-30": "440.30000", "2017-03-31": "449.00000", "2016-12-31": "505.70000", "2016-09-30": "600.30000", "2016-06-30": "675.40000", "2016-03-31": "703.70000", "2015-12-31": "591.10000", "2015-09-30": "466.20000", "2015-06-30": "482.00000", "2015-03-31": "514.00000", "2014-12-31": "598.50000", "2014-09-30": "524.90000", "2014-06-30": "483.00000", "2014-03-31": "622.30000", "2013-12-31": "576.30000", "2013-09-30": "429.20000", "2013-06-30": "379.70000", "2013-03-31": "532.60000", "2012-12-31": "439.90000", "2012-09-30": "294.30000", "2012-06-30": "292.20000", "2012-03-31": "305.30000", "2011-12-31": "249.40000", "2011-09-30": "276.80000", "2011-06-30": "344.70000", "2011-03-31": "335.00000", "2010-12-31": "278.40000", "2010-09-30": "241.03400", "2010-06-30": "256.21200", "2010-03-31": "312.24200", "2009-12-31": "140.11800", "2009-09-30": "132.16000", "2009-06-30": "113.89900", "2009-03-31": "101.31700", "2008-12-31": "131.09900", "2008-09-30": "170.58200", "2008-06-30": "179.36600", "2008-03-31": "209.24200", "2007-12-31": "237.63600", "2007-09-30": "197.46100", "2007-06-30": "187.72500", "2007-03-31": "178.26900", "2006-12-31": "201.38500", "2006-09-30": "160.44200", "2006-06-30": "147.72700", "2006-03-31": "154.59400", "2005-12-31": "148.85000", "2005-09-30": "136.22200", "2005-06-30": "111.83800", "2005-03-31": "109.54200"}, "Inventory": {"2020-09-30": "", "2020-06-30": "", "2020-03-31": "", "2019-12-31": "", "2019-09-30": "30.60000", "2019-06-30": "33.90000", "2019-03-31": "", "2018-12-31": "", "2018-09-30": "144.10000", "2018-06-30": "", "2018-03-31": "", "2017-12-31": "", "2017-09-30": "", "2017-06-30": "103.60000", "2017-03-31": "115.50000", "2016-12-31": "", "2016-09-30": "", "2016-06-30": "", "2016-03-31": "", "2015-12-31": "", "2015-09-30": "171.80000", "2015-06-30": "261.50000", "2015-03-31": "192.90000", "2014-12-31": "", "2014-09-30": "158.10000", "2014-06-30": "149.00000", "2014-03-31": "", "2013-12-31": "", "2013-09-30": "132.90000", "2013-06-30": "120.10000", "2013-03-31": "135.50000", "2012-12-31": "", "2012-09-30": "109.90000", "2012-06-30": "105.60000", "2012-03-31": "122.60000", "2011-12-31": "100.40000", "2011-09-30": "80.30000", "2011-06-30": "147.00000", "2011-03-31": "110.30000", "2010-12-31": "116.00000", "2010-09-30": "84.94500", "2010-06-30": "152.35600", "2010-03-31": "178.11800", "2009-12-31": "150.49900", "2009-09-30": "112.16100", "2009-06-30": "92.34900", "2009-03-31": "76.13400", "2008-12-31": "79.18800", "2008-09-30": "128.12100", "2008-06-30": "158.05100", "2008-03-31": "154.78300", "2007-12-31": "155.89400", "2007-09-30": "155.79700", "2007-06-30": "140.73800", "2007-03-31": "130.50000", "2006-12-31": "123.86600", "2006-09-30": "107.98900", "2006-06-30": "115.09700", "2006-03-31": "125.60000", "2005-12-31": "10.98100", "2005-09-30": "", "2005-06-30": "", "2005-03-31": ""}, "Pre-Paid Expenses": {"2020-09-30": "", "2020-06-30": "", "2020-03-31": "", "2019-12-31": "", "2019-09-30": "", "2019-06-30": "", "2019-03-31": "", "2018-12-31": "", "2018-09-30": "", "2018-06-30": "", "2018-03-31": "", "2017-12-31": "", "2017-09-30": "", "2017-06-30": "", "2017-03-31": "", "2016-12-31": "", "2016-09-30": "", "2016-06-30": "", "2016-03-31": "", "2015-12-31": "", "2015-09-30": "", "2015-06-30": "", "2015-03-31": "", "2014-12-31": "", "2014-09-30": "", "2014-06-30": "", "2014-03-31": "", "2013-12-31": "", "2013-09-30": "62.90000", "2013-06-30": "59.30000", "2013-03-31": "61.20000", "2012-12-31": "", "2012-09-30": "61.30000", "2012-06-30": "66.70000", "2012-03-31": "73.60000", "2011-12-31": "77.10000", "2011-09-30": "76.80000", "2011-06-30": "74.30000", "2011-03-31": "83.50000", "2010-12-31": "63.20000", "2010-09-30": "58.75600", "2010-06-30": "30.00700", "2010-03-31": "22.11900", "2009-12-31": "35.47800", "2009-09-30": "24.97500", "2009-06-30": "27.59100", "2009-03-31": "17.18800", "2008-12-31": "23.96800", "2008-09-30": "24.59500", "2008-06-30": "25.47200", "2008-03-31": "20.92600", "2007-12-31": "33.27300", "2007-09-30": "20.13400", "2007-06-30": "24.58900", "2007-03-31": "20.99000", "2006-12-31": "27.29900", "2006-09-30": "40.03900", "2006-06-30": "40.09800", "2006-03-31": "42.83300", "2005-12-31": "35.11500", "2005-09-30": "30.09400", "2005-06-30": "30.22100", "2005-03-31": "28.55400"}, "Other Current Assets": {"2020-09-30": "", "2020-06-30": "", "2020-03-31": "", "2019-12-31": "", "2019-09-30": "", "2019-06-30": "", "2019-03-31": "", "2018-12-31": "", "2018-09-30": "", "2018-06-30": "", "2018-03-31": "", "2017-12-31": "", "2017-09-30": "", "2017-06-30": "", "2017-03-31": "", "2016-12-31": "", "2016-09-30": "", "2016-06-30": "", "2016-03-31": "", "2015-12-31": "", "2015-09-30": "", "2015-06-30": "", "2015-03-31": "", "2014-12-31": "", "2014-09-30": "", "2014-06-30": "", "2014-03-31": "", "2013-12-31": "", "2013-09-30": "", "2013-06-30": "", "2013-03-31": "", "2012-12-31": "", "2012-09-30": "", "2012-06-30": "", "2012-03-31": "", "2011-12-31": "", "2011-09-30": "", "2011-06-30": "", "2011-03-31": "", "2010-12-31": "", "2010-09-30": "", "2010-06-30": "", "2010-03-31": "", "2009-12-31": "", "2009-09-30": "", "2009-06-30": "", "2009-03-31": "", "2008-12-31": "", "2008-09-30": "", "2008-06-30": "", "2008-03-31": "", "2007-12-31": "", "2007-09-30": "", "2007-06-30": "", "2007-03-31": "", "2006-12-31": "", "2006-09-30": "", "2006-06-30": "", "2006-03-31": "", "2005-12-31": "", "2005-09-30": "", "2005-06-30": "", "2005-03-31": ""}, "Total Current Assets": {"2020-09-30": "1334.20000", "2020-06-30": "1178.70000", "2020-03-31": "1029.50000", "2019-12-31": "956.70000", "2019-09-30": "918.20000", "2019-06-30": "922.60000", "2019-03-31": "877.10000", "2018-12-31": "966.10000", "2018-09-30": "1116.70000", "2018-06-30": "878.70000", "2018-03-31": "866.40000", "2017-12-31": "951.10000", "2017-09-30": "954.50000", "2017-06-30": "908.50000", "2017-03-31": "858.10000", "2016-12-31": "936.50000", "2016-09-30": "1022.30000", "2016-06-30": "1035.80000", "2016-03-31": "1001.30000", "2015-12-31": "1154.90000", "2015-09-30": "1179.70000", "2015-06-30": "1232.00000", "2015-03-31": "1145.10000", "2014-12-31": "1149.10000", "2014-09-30": "1243.20000", "2014-06-30": "1006.20000", "2014-03-31": "1369.40000", "2013-12-31": "1045.90000", "2013-09-30": "1147.40000", "2013-06-30": "972.90000", "2013-03-31": "1064.30000", "2012-12-31": "870.30000", "2012-09-30": "838.10000", "2012-06-30": "775.50000", "2012-03-31": "895.20000", "2011-12-31": "876.40000", "2011-09-30": "757.20000", "2011-06-30": "877.20000", "2011-03-31": "781.60000", "2010-12-31": "770.90000", "2010-09-30": "640.18700", "2010-06-30": "659.11800", "2010-03-31": "716.23000", "2009-12-31": "585.58200", "2009-09-30": "494.54600", "2009-06-30": "508.20800", "2009-03-31": "431.93000", "2008-12-31": "630.68600", "2008-09-30": "726.30800", "2008-06-30": "556.12600", "2008-03-31": "547.17900", "2007-12-31": "649.75700", "2007-09-30": "580.00100", "2007-06-30": "518.86100", "2007-03-31": "453.84300", "2006-12-31": "554.27900", "2006-09-30": "530.53200", "2006-06-30": "463.32800", "2006-03-31": "437.74600", "2005-12-31": "335.36900", "2005-09-30": "305.55100", "2005-06-30": "313.40700", "2005-03-31": "260.74900"}, "Property, Plant, And Equipment": {"2020-09-30": "81.60000", "2020-06-30": "85.80000", "2020-03-31": "88.90000", "2019-12-31": "92.30000", "2019-09-30": "92.90000", "2019-06-30": "99.80000", "2019-03-31": "102.30000", "2018-12-31": "104.30000", "2018-09-30": "104.80000", "2018-06-30": "109.20000", "2018-03-31": "111.30000", "2017-12-31": "111.00000", "2017-09-30": "111.70000", "2017-06-30": "109.70000", "2017-03-31": "109.10000", "2016-12-31": "110.10000", "2016-09-30": "113.40000", "2016-06-30": "112.10000", "2016-03-31": "113.10000", "2015-12-31": "114.10000", "2015-09-30": "106.90000", "2015-06-30": "97.80000", "2015-03-31": "94.90000", "2014-12-31": "95.40000", "2014-09-30": "93.90000", "2014-06-30": "95.90000", "2014-03-31": "93.10000", "2013-12-31": "92.30000", "2013-09-30": "88.10000", "2013-06-30": "84.10000", "2013-03-31": "83.10000", "2012-12-31": "81.50000", "2012-09-30": "72.40000", "2012-06-30": "70.90000", "2012-03-31": "70.20000", "2011-12-31": "69.10000", "2011-09-30": "64.80000", "2011-06-30": "65.00000", "2011-03-31": "66.00000", "2010-12-31": "67.70000", "2010-09-30": "66.78900", "2010-06-30": "68.08600", "2010-03-31": "65.30900", "2009-12-31": "62.40200", "2009-09-30": "64.87400", "2009-06-30": "66.88500", "2009-03-31": "69.15800", "2008-12-31": "71.84500", "2008-09-30": "69.71400", "2008-06-30": "69.80700", "2008-03-31": "69.66000", "2007-12-31": "69.87900", "2007-09-30": "67.80800", "2007-06-30": "66.88500", "2007-03-31": "65.22400", "2006-12-31": "63.98400", "2006-09-30": "59.86200", "2006-06-30": "59.07500", "2006-03-31": "55.32700", "2005-12-31": "50.59200", "2005-09-30": "47.14600", "2005-06-30": "42.92500", "2005-03-31": "42.05100"}, "Long-Term Investments": {"2020-09-30": "2266.40000", "2020-06-30": "2256.40000", "2020-03-31": "2316.20000", "2019-12-31": "2466.80000", "2019-09-30": "2564.90000", "2019-06-30": "2539.90000", "2019-03-31": "2526.00000", "2018-12-31": "3111.40000", "2018-09-30": "3311.50000", "2018-06-30": "3460.70000", "2018-03-31": "3496.10000", "2017-12-31": "3469.70000", "2017-09-30": "3451.30000", "2017-06-30": "3430.50000", "2017-03-31": "3447.60000", "2016-12-31": "3515.80000", "2016-09-30": "2939.60000", "2016-06-30": "2592.90000", "2016-03-31": "2602.90000", "2015-12-31": "2086.40000", "2015-09-30": "1828.20000", "2015-06-30": "1857.80000", "2015-03-31": "1836.00000", "2014-12-31": "1950.70000", "2014-09-30": "1428.60000", "2014-06-30": "1444.20000", "2014-03-31": "1132.80000", "2013-12-31": "1287.60000", "2013-09-30": "982.50000", "2013-06-30": "964.60000", "2013-03-31": "984.50000", "2012-12-31": "1186.70000", "2012-09-30": "935.80000", "2012-06-30": "587.30000", "2012-03-31": "599.20000", "2011-12-31": "615.80000", "2011-09-30": "603.00000", "2011-06-30": "622.90000", "2011-03-31": "622.70000", "2010-12-31": "678.90000", "2010-09-30": "630.99600", "2010-06-30": "635.32100", "2010-03-31": "644.87600", "2009-12-31": "658.33200", "2009-09-30": "662.85400", "2009-06-30": "664.66900", "2009-03-31": "664.07400", "2008-12-31": "678.88700", "2008-09-30": "825.98300", "2008-06-30": "831.17600", "2008-03-31": "832.28600", "2007-12-31": "842.49000", "2007-09-30": "283.67500", "2007-06-30": "281.43500", "2007-03-31": "280.08700", "2006-12-31": "293.44000", "2006-09-30": "285.80600", "2006-06-30": "287.72400", "2006-03-31": "288.80900", "2005-12-31": "301.47600", "2005-09-30": "297.88700", "2005-06-30": "252.49200", "2005-03-31": "253.23900"}, "Goodwill And Intangible Assets": {"2020-09-30": "3674.00000", "2020-06-30": "3679.90000", "2020-03-31": "3755.60000", "2019-12-31": "3833.70000", "2019-09-30": "3852.40000", "2019-06-30": "3896.60000", "2019-03-31": "3931.90000", "2018-12-31": "3943.30000", "2018-09-30": "4005.80000", "2018-06-30": "4041.90000", "2018-03-31": "4110.40000", "2017-12-31": "4112.20000", "2017-09-30": "4129.00000", "2017-06-30": "4123.60000", "2017-03-31": "4116.10000", "2016-12-31": "4125.50000", "2016-09-30": "4190.60000", "2016-06-30": "4237.90000", "2016-03-31": "4319.90000", "2015-12-31": "4354.80000", "2015-09-30": "4347.00000", "2015-06-30": "4419.80000", "2015-03-31": "4345.90000", "2014-12-31": "4431.20000", "2014-09-30": "4041.20000", "2014-06-30": "4100.60000", "2014-03-31": "3947.00000", "2013-12-31": "3802.40000", "2013-09-30": "3831.30000", "2013-06-30": "3837.00000", "2013-03-31": "3877.50000", "2012-12-31": "3940.70000", "2012-09-30": "3968.60000", "2012-06-30": "3973.20000", "2012-03-31": "3424.60000", "2011-12-31": "3438.40000", "2011-09-30": "3468.20000", "2011-06-30": "3522.70000", "2011-03-31": "3552.20000", "2010-12-31": "3542.50000", "2010-09-30": "3396.56200", "2010-06-30": "3380.50200", "2010-03-31": "2324.47200", "2009-12-31": "1984.79000", "2009-09-30": "1992.21900", "2009-06-30": "1732.36400", "2009-03-31": "1719.94400", "2008-12-31": "1734.99100", "2008-09-30": "1758.24700", "2008-06-30": "1769.56000", "2008-03-31": "1726.10400", "2007-12-31": "1726.98900", "2007-09-30": "1721.63400", "2007-06-30": "1713.38800", "2007-03-31": "1669.47500", "2006-12-31": "1679.29300", "2006-09-30": "1583.60800", "2006-06-30": "1581.72100", "2006-03-31": "1568.44000", "2005-12-31": "1576.94100", "2005-09-30": "1571.01200", "2005-06-30": "1333.18600", "2005-03-31": "1332.76900"}, "Other Long-Term Assets": {"2020-09-30": "313.30000", "2020-06-30": "295.30000", "2020-03-31": "292.10000", "2019-12-31": "304.00000", "2019-09-30": "250.60000", "2019-06-30": "268.90000", "2019-03-31": "239.70000", "2018-12-31": "94.00000", "2018-09-30": "", "2018-06-30": "", "2018-03-31": "", "2017-12-31": "58.10000", "2017-09-30": "54.90000", "2017-06-30": "60.00000", "2017-03-31": "59.20000", "2016-12-31": "61.20000", "2016-09-30": "57.50000", "2016-06-30": "56.00000", "2016-03-31": "54.10000", "2015-12-31": "59.20000", "2015-09-30": "73.40000", "2015-06-30": "71.40000", "2015-03-31": "72.00000", "2014-12-31": "71.70000", "2014-09-30": "77.30000", "2014-06-30": "83.30000", "2014-03-31": "78.60000", "2013-12-31": "90.60000", "2013-09-30": "211.80000", "2013-06-30": "214.10000", "2013-03-31": "215.70000", "2012-12-31": "107.90000", "2012-09-30": "215.90000", "2012-06-30": "207.80000", "2012-03-31": "220.70000", "2011-12-31": "219.20000", "2011-09-30": "238.60000", "2011-06-30": "237.20000", "2011-03-31": "236.80000", "2010-12-31": "219.80000", "2010-09-30": "216.40800", "2010-06-30": "195.42600", "2010-03-31": "114.98400", "2009-12-31": "99.80000", "2009-09-30": "110.04300", "2009-06-30": "108.17000", "2009-03-31": "104.16800", "2008-12-31": "96.29100", "2008-09-30": "143.92900", "2008-06-30": "115.70800", "2008-03-31": "119.14100", "2007-12-31": "106.59000", "2007-09-30": "101.94500", "2007-06-30": "99.04100", "2007-03-31": "99.45600", "2006-12-31": "74.92400", "2006-09-30": "71.82200", "2006-06-30": "64.91400", "2006-03-31": "44.95900", "2005-12-31": "57.25800", "2005-09-30": "42.42400", "2005-06-30": "33.77100", "2005-03-31": "34.28300"}, "Total Long-Term Assets": {"2020-09-30": "6335.30000", "2020-06-30": "6317.40000", "2020-03-31": "6452.80000", "2019-12-31": "6696.80000", "2019-09-30": "6760.80000", "2019-06-30": "6805.20000", "2019-03-31": "6799.90000", "2018-12-31": "7253.00000", "2018-09-30": "7422.10000", "2018-06-30": "7611.80000", "2018-03-31": "7717.80000", "2017-12-31": "7751.00000", "2017-09-30": "7746.90000", "2017-06-30": "7723.80000", "2017-03-31": "7732.00000", "2016-12-31": "7812.60100", "2016-09-30": "7301.10000", "2016-06-30": "6998.90000", "2016-03-31": "7090.00000", "2015-12-31": "6614.50000", "2015-09-30": "6355.50000", "2015-06-30": "6446.80000", "2015-03-31": "6348.80000", "2014-12-31": "6549.00000", "2014-09-30": "5641.00000", "2014-06-30": "5724.00000", "2014-03-31": "5251.50000", "2013-12-31": "5272.90000", "2013-09-30": "5113.70000", "2013-06-30": "5099.80000", "2013-03-31": "5160.80000", "2012-12-31": "5316.80000", "2012-09-30": "5192.70000", "2012-06-30": "4839.20000", "2012-03-31": "4314.70000", "2011-12-31": "4342.50000", "2011-09-30": "4374.60000", "2011-06-30": "4447.80000", "2011-03-31": "4477.70000", "2010-12-31": "4508.90000", "2010-09-30": "4310.75500", "2010-06-30": "4279.33500", "2010-03-31": "3149.64100", "2009-12-31": "2805.32400", "2009-09-30": "2829.99000", "2009-06-30": "2572.08800", "2009-03-31": "2557.34400", "2008-12-31": "2582.01400", "2008-09-30": "2797.87300", "2008-06-30": "2786.25100", "2008-03-31": "2747.19100", "2007-12-31": "2745.94800", "2007-09-30": "2175.06200", "2007-06-30": "2160.74900", "2007-03-31": "2114.24200", "2006-12-31": "2111.64100", "2006-09-30": "2001.09800", "2006-06-30": "1993.43400", "2006-03-31": "1957.53500", "2005-12-31": "1986.26700", "2005-09-30": "1958.46900", "2005-06-30": "1662.37400", "2005-03-31": "1662.34200"}, "Total Assets": {"2020-09-30": "7669.50000", "2020-06-30": "7496.10000", "2020-03-31": "7482.30000", "2019-12-31": "7653.50000", "2019-09-30": "7679.00000", "2019-06-30": "7727.80000", "2019-03-31": "7677.00000", "2018-12-31": "8219.10000", "2018-09-30": "8538.80000", "2018-06-30": "8490.50000", "2018-03-31": "8584.20000", "2017-12-31": "8702.10000", "2017-09-30": "8701.40000", "2017-06-30": "8632.30000", "2017-03-31": "8590.10000", "2016-12-31": "8749.10000", "2016-09-30": "8323.40000", "2016-06-30": "8034.70000", "2016-03-31": "8091.30000", "2015-12-31": "7769.40000", "2015-09-30": "7535.20000", "2015-06-30": "7678.80000", "2015-03-31": "7493.90000", "2014-12-31": "7698.10000", "2014-09-30": "6884.20000", "2014-06-30": "6730.20000", "2014-03-31": "6620.90000", "2013-12-31": "6318.80000", "2013-09-30": "6261.10000", "2013-06-30": "6072.70000", "2013-03-31": "6225.10000", "2012-12-31": "6187.10000", "2012-09-30": "6030.80000", "2012-06-30": "5614.70000", "2012-03-31": "5209.90000", "2011-12-31": "5218.90000", "2011-09-30": "5131.80000", "2011-06-30": "5325.00000", "2011-03-31": "5259.30000", "2010-12-31": "5279.80000", "2010-09-30": "4950.94200", "2010-06-30": "4938.45300", "2010-03-31": "3865.87100", "2009-12-31": "3390.90600", "2009-09-30": "3324.53600", "2009-06-30": "3080.29600", "2009-03-31": "2989.27400", "2008-12-31": "3212.70000", "2008-09-30": "3524.18100", "2008-06-30": "3342.37700", "2008-03-31": "3294.37000", "2007-12-31": "3395.70500", "2007-09-30": "2755.06300", "2007-06-30": "2679.61000", "2007-03-31": "2568.08500", "2006-12-31": "2665.92000", "2006-09-30": "2531.63000", "2006-06-30": "2456.76200", "2006-03-31": "2395.28100", "2005-12-31": "2321.63600", "2005-09-30": "2264.02000", "2005-06-30": "1975.78100", "2005-03-31": "1923.09100"}, "Total Current Liabilities": {"2020-09-30": "2825.60000", "2020-06-30": "2615.30000", "2020-03-31": "2458.90000", "2019-12-31": "2428.40000", "2019-09-30": "648.00000", "2019-06-30": "607.10000", "2019-03-31": "2357.20000", "2018-12-31": "2576.20000", "2018-09-30": "2296.40000", "2018-06-30": "662.90000", "2018-03-31": "667.30000", "2017-12-31": "1616.20000", "2017-09-30": "1567.20000", "2017-06-30": "618.30000", "2017-03-31": "1325.30000", "2016-12-31": "1597.90000", "2016-09-30": "1452.90000", "2016-06-30": "1476.50000", "2016-03-31": "1634.40000", "2015-12-31": "1372.70000", "2015-09-30": "1109.30000", "2015-06-30": "1107.00000", "2015-03-31": "1112.20000", "2014-12-31": "1663.30000", "2014-09-30": "985.30000", "2014-06-30": "878.50000", "2014-03-31": "909.50000", "2013-12-31": "1039.70000", "2013-09-30": "582.80000", "2013-06-30": "423.70000", "2013-03-31": "539.20000", "2012-12-31": "1653.90000", "2012-09-30": "372.90000", "2012-06-30": "330.30000", "2012-03-31": "347.00000", "2011-12-31": "417.60000", "2011-09-30": "369.00000", "2011-06-30": "387.20000", "2011-03-31": "383.10000", "2010-12-31": "407.40000", "2010-09-30": "395.27400", "2010-06-30": "335.99600", "2010-03-31": "304.31300", "2009-12-31": "227.11500", "2009-09-30": "218.04800", "2009-06-30": "121.81600", "2009-03-31": "102.94800", "2008-12-31": "209.98100", "2008-09-30": "253.71600", "2008-06-30": "200.25100", "2008-03-31": "208.68500", "2007-12-31": "316.35200", "2007-09-30": "243.38100", "2007-06-30": "172.24100", "2007-03-31": "125.18000", "2006-12-31": "287.81300", "2006-09-30": "315.37100", "2006-06-30": "263.67400", "2006-03-31": "214.42400", "2005-12-31": "256.58800", "2005-09-30": "189.35100", "2005-06-30": "133.23900", "2005-03-31": "113.33100"}, "Long Term Debt": {"2020-09-30": "", "2020-06-30": "", "2020-03-31": "", "2019-12-31": "", "2019-09-30": "1792.60000", "2019-06-30": "1791.40000", "2019-03-31": "", "2018-12-31": "", "2018-09-30": "306.60000", "2018-06-30": "1882.60000", "2018-03-31": "1861.50000", "2017-12-31": "1045.70000", "2017-09-30": "1044.70000", "2017-06-30": "2032.40000", "2017-03-31": "1242.30000", "2016-12-31": "1241.00000", "2016-09-30": "1239.80000", "2016-06-30": "1238.50000", "2016-03-31": "1237.40000", "2015-12-31": "1236.10000", "2015-09-30": "1389.20000", "2015-06-30": "1388.40000", "2015-03-31": "1387.80000", "2014-12-31": "1039.90000", "2014-09-30": "1039.30000", "2014-06-30": "1038.80000", "2014-03-31": "1038.30000", "2013-12-31": "858.70000", "2013-09-30": "915.00000", "2013-06-30": "844.80000", "2013-03-31": "944.00000", "2012-12-31": "340.00000", "2012-09-30": "1091.50000", "2012-06-30": "887.80000", "2012-03-31": "689.20000", "2011-12-31": "685.60000", "2011-09-30": "642.20000", "2011-06-30": "723.90000", "2011-03-31": "765.50000", "2010-12-31": "882.10000", "2010-09-30": "789.98700", "2010-06-30": "1075.35600", "2010-03-31": "630.13700", "2009-12-31": "456.97600", "2009-09-30": "454.11600", "2009-06-30": "451.25500", "2009-03-31": "448.39500", "2008-12-31": "679.04900", "2008-09-30": "747.74400", "2008-06-30": "651.17000", "2008-03-31": "653.68100", "2007-12-31": "1197.58300", "2007-09-30": "1032.48300", "2007-06-30": "1098.47700", "2007-03-31": "1137.34000", "2006-12-31": "1078.85800", "2006-09-30": "929.24600", "2006-06-30": "907.65900", "2006-03-31": "933.44900", "2005-12-31": "899.73200", "2005-09-30": "981.16700", "2005-06-30": "841.01200", "2005-03-31": "850.85700"}, "Other Non-Current Liabilities": {"2020-09-30": "463.10000", "2020-06-30": "468.50000", "2020-03-31": "539.30000", "2019-12-31": "359.10000", "2019-09-30": "346.50000", "2019-06-30": "354.60000", "2019-03-31": "386.20000", "2018-12-31": "162.70000", "2018-09-30": "166.50000", "2018-06-30": "162.40000", "2018-03-31": "216.30000", "2017-12-31": "182.40000", "2017-09-30": "178.30000", "2017-06-30": "203.60000", "2017-03-31": "253.30000", "2016-12-31": "149.40000", "2016-09-30": "170.30000", "2016-06-30": "179.70000", "2016-03-31": "189.70000", "2015-12-31": "213.30000", "2015-09-30": "188.00000", "2015-06-30": "229.40000", "2015-03-31": "181.30000", "2014-12-31": "214.50000", "2014-09-30": "201.40000", "2014-06-30": "203.80000", "2014-03-31": "237.40000", "2013-12-31": "177.00000", "2013-09-30": "167.30000", "2013-06-30": "169.10000", "2013-03-31": "172.00000", "2012-12-31": "177.20000", "2012-09-30": "162.40000", "2012-06-30": "160.70000", "2012-03-31": "151.40000", "2011-12-31": "145.70000", "2011-09-30": "223.30000", "2011-06-30": "216.10000", "2011-03-31": "215.00000", "2010-12-31": "203.40000", "2010-09-30": "188.90500", "2010-06-30": "174.54500", "2010-03-31": "123.65500", "2009-12-31": "26.06600", "2009-09-30": "26.32900", "2009-06-30": "26.13300", "2009-03-31": "28.35500", "2008-12-31": "30.41400", "2008-09-30": "32.74100", "2008-06-30": "33.09300", "2008-03-31": "33.07100", "2007-12-31": "33.51600", "2007-09-30": "32.28300", "2007-06-30": "31.49400", "2007-03-31": "30.23400", "2006-12-31": "11.20900", "2006-09-30": "14.24400", "2006-06-30": "16.52500", "2006-03-31": "17.36400", "2005-12-31": "20.14900", "2005-09-30": "21.32500", "2005-06-30": "23.87300", "2005-03-31": "26.58000"}, "Total Long Term Liabilities": {"2020-09-30": "1515.50000", "2020-06-30": "1538.90000", "2020-03-31": "1514.50000", "2019-12-31": "1726.00000", "2019-09-30": "3397.80000", "2019-06-30": "3294.90000", "2019-03-31": "1559.50000", "2018-12-31": "1508.00000", "2018-09-30": "1921.20000", "2018-06-30": "3470.20000", "2018-03-31": "3494.30000", "2017-12-31": "2507.40000", "2017-09-30": "2729.90000", "2017-06-30": "3643.60000", "2017-03-31": "2895.80000", "2016-12-31": "2724.70000", "2016-09-30": "2840.70000", "2016-06-30": "2773.70000", "2016-03-31": "2684.50000", "2015-12-31": "2627.60000", "2015-09-30": "2820.00000", "2015-06-30": "2935.00000", "2015-03-31": "2836.90000", "2014-12-31": "2391.60000", "2014-09-30": "2385.00000", "2014-06-30": "2345.40000", "2014-03-31": "2335.70000", "2013-12-31": "2134.50000", "2013-09-30": "2675.70000", "2013-06-30": "2556.60000", "2013-03-31": "2647.90000", "2012-12-31": "1491.80000", "2012-09-30": "2803.20000", "2012-06-30": "2547.20000", "2012-03-31": "2389.30000", "2011-12-31": "2301.70000", "2011-09-30": "2322.40000", "2011-06-30": "2477.20000", "2011-03-31": "2525.10000", "2010-12-31": "2497.10000", "2010-09-30": "2345.86800", "2010-06-30": "2566.66000", "2010-03-31": "2023.72200", "2009-12-31": "1682.07000", "2009-09-30": "1673.34200", "2009-06-30": "1628.67000", "2009-03-31": "1595.95100", "2008-12-31": "1831.72100", "2008-09-30": "2068.71400", "2008-06-30": "1972.00600", "2008-03-31": "1966.80500", "2007-12-31": "2610.15100", "2007-09-30": "1870.30000", "2007-06-30": "1915.42000", "2007-03-31": "1929.14300", "2006-12-31": "1878.88500", "2006-09-30": "1681.07500", "2006-06-30": "1649.66900", "2006-03-31": "1364.29700", "2005-12-31": "1247.66700", "2005-09-30": "1264.03200", "2005-06-30": "1076.63200", "2005-03-31": "1073.16900"}, "Total Liabilities": {"2020-09-30": "4341.10000", "2020-06-30": "4154.20000", "2020-03-31": "3973.40000", "2019-12-31": "4154.40000", "2019-09-30": "4045.80000", "2019-06-30": "3902.00000", "2019-03-31": "3916.70000", "2018-12-31": "4084.20000", "2018-09-30": "4217.60000", "2018-06-30": "4133.10000", "2018-03-31": "4161.60000", "2017-12-31": "4123.60000", "2017-09-30": "4297.10000", "2017-06-30": "4261.90000", "2017-03-31": "4221.10000", "2016-12-31": "4322.60000", "2016-09-30": "4293.60000", "2016-06-30": "4250.20000", "2016-03-31": "4318.90000", "2015-12-31": "4000.30000", "2015-09-30": "3929.30000", "2015-06-30": "4042.00000", "2015-03-31": "3949.10000", "2014-12-31": "4054.90000", "2014-09-30": "3370.30000", "2014-06-30": "3223.90000", "2014-03-31": "3245.20000", "2013-12-31": "3174.20000", "2013-09-30": "3258.50000", "2013-06-30": "2980.30000", "2013-03-31": "3187.10000", "2012-12-31": "3145.70000", "2012-09-30": "3176.10000", "2012-06-30": "2877.50000", "2012-03-31": "2736.30000", "2011-12-31": "2719.30000", "2011-09-30": "2691.40000", "2011-06-30": "2864.40000", "2011-03-31": "2908.20000", "2010-12-31": "2904.50000", "2010-09-30": "2741.14200", "2010-06-30": "2902.65600", "2010-03-31": "2328.03500", "2009-12-31": "1909.18500", "2009-09-30": "1891.39000", "2009-06-30": "1750.48600", "2009-03-31": "1698.89900", "2008-12-31": "2041.70200", "2008-09-30": "2322.43000", "2008-06-30": "2172.25700", "2008-03-31": "2175.49000", "2007-12-31": "2926.50300", "2007-09-30": "2113.68100", "2007-06-30": "2087.66100", "2007-03-31": "2054.32300", "2006-12-31": "2166.69800", "2006-09-30": "1996.44600", "2006-06-30": "1913.34300", "2006-03-31": "1578.72100", "2005-12-31": "1504.25500", "2005-09-30": "1453.38300", "2005-06-30": "1209.87100", "2005-03-31": "1186.50000"}, "Common Stock Net": {"2020-09-30": "0.60000", "2020-06-30": "0.60000", "2020-03-31": "0.60000", "2019-12-31": "0.60000", "2019-09-30": "0.60000", "2019-06-30": "0.60000", "2019-03-31": "0.60000", "2018-12-31": "0.60000", "2018-09-30": "0.60000", "2018-06-30": "0.60000", "2018-03-31": "0.60000", "2017-12-31": "0.60000", "2017-09-30": "0.60000", "2017-06-30": "0.60000", "2017-03-31": "0.60000", "2016-12-31": "0.60000", "2016-09-30": "0.60000", "2016-06-30": "0.60000", "2016-03-31": "0.60000", "2015-12-31": "0.60000", "2015-09-30": "0.60000", "2015-06-30": "0.60000", "2015-03-31": "0.60000", "2014-12-31": "0.60000", "2014-09-30": "0.60000", "2014-06-30": "0.60000", "2014-03-31": "0.60000", "2013-12-31": "0.50000", "2013-09-30": "0.50000", "2013-06-30": "0.50000", "2013-03-31": "0.50000", "2012-12-31": "0.50000", "2012-09-30": "0.50000", "2012-06-30": "0.50000", "2012-03-31": "0.50000", "2011-12-31": "0.50000", "2011-09-30": "0.50000", "2011-06-30": "0.50000", "2011-03-31": "0.50000", "2010-12-31": "0.50000", "2010-09-30": "0.53900", "2010-06-30": "0.50800", "2010-03-31": "0.45800", "2009-12-31": "0.45800", "2009-09-30": "0.45800", "2009-06-30": "0.45800", "2009-03-31": "0.45800", "2008-12-31": "0.45800", "2008-09-30": "0.45800", "2008-06-30": "0.45800", "2008-03-31": "0.45800", "2007-12-31": "0.39000", "2007-09-30": "0.39000", "2007-06-30": "0.39000", "2007-03-31": "0.39000", "2006-12-31": "0.39000", "2006-09-30": "0.39000", "2006-06-30": "0.39000", "2006-03-31": "0.39000", "2005-12-31": "0.39000", "2005-09-30": "0.39000", "2005-06-30": "0.38700", "2005-03-31": "0.38700"}, "Retained Earnings (Accumulated Deficit)": {"2020-09-30": "3890.10000", "2020-06-30": "3819.30000", "2020-03-31": "3789.10000", "2019-12-31": "3819.80000", "2019-09-30": "3813.60000", "2019-06-30": "3743.70000", "2019-03-31": "3652.60000", "2018-12-31": "3876.80000", "2018-09-30": "4044.10000", "2018-06-30": "3935.50000", "2018-03-31": "3834.90000", "2017-12-31": "3698.50000", "2017-09-30": "3394.40000", "2017-06-30": "3280.30000", "2017-03-31": "3165.40000", "2016-12-31": "3054.40000", "2016-09-30": "2902.70000", "2016-06-30": "2891.30000", "2016-03-31": "2783.80000", "2015-12-31": "2581.60000", "2015-09-30": "2529.00000", "2015-06-30": "2420.00000", "2015-03-31": "2291.30000", "2014-12-31": "2163.30000", "2014-09-30": "1992.70000", "2014-06-30": "1888.40000", "2014-03-31": "1788.40000", "2013-12-31": "1711.20000", "2013-09-30": "1553.00000", "2013-06-30": "1477.80000", "2013-03-31": "1413.10000", "2012-12-31": "1350.70000", "2012-09-30": "1275.60000", "2012-06-30": "1220.70000", "2012-03-31": "1214.10000", "2011-12-31": "1176.70000", "2011-09-30": "1136.40000", "2011-06-30": "1096.30000", "2011-03-31": "1050.90000", "2010-12-31": "1011.80000", "2010-09-30": "949.75900", "2010-06-30": "915.80400", "2010-03-31": "890.59900", "2009-12-31": "873.13700", "2009-09-30": "848.53700", "2009-06-30": "830.76800", "2009-03-31": "819.78900", "2008-12-31": "813.66400", "2008-09-30": "929.34700", "2008-06-30": "904.49900", "2008-03-31": "869.20400", "2007-12-31": "836.42600", "2007-09-30": "775.55900", "2007-06-30": "732.97400", "2007-03-31": "691.08700", "2006-12-31": "654.46500", "2006-09-30": "605.51100", "2006-06-30": "572.36400", "2006-03-31": "538.42800", "2005-12-31": "503.18800", "2005-09-30": "464.42400", "2005-06-30": "435.91300", "2005-03-31": "409.67200"}, "Comprehensive Income": {"2020-09-30": "-154.90000", "2020-06-30": "-170.40000", "2020-03-31": "-146.50000", "2019-12-31": "-108.80000", "2019-09-30": "-125.00000", "2019-06-30": "-95.10000", "2019-03-31": "-106.90000", "2018-12-31": "-109.00000", "2018-09-30": "-60.10000", "2018-06-30": "-6.70000", "2018-03-31": "-0.90000", "2017-12-31": "-21.80000", "2017-09-30": "-51.10000", "2017-06-30": "-94.40000", "2017-03-31": "-108.70000", "2016-12-31": "-122.90000", "2016-09-30": "-80.80000", "2016-06-30": "-76.30000", "2016-03-31": "-26.70000", "2015-12-31": "-18.10000", "2015-09-30": "-12.50000", "2015-06-30": "76.10000", "2015-03-31": "-2.80000", "2014-12-31": "31.80000", "2014-09-30": "52.80000", "2014-06-30": "73.30000", "2014-03-31": "51.40000", "2013-12-31": "74.00000", "2013-09-30": "63.40000", "2013-06-30": "38.60000", "2013-03-31": "58.00000", "2012-12-31": "79.10000", "2012-09-30": "66.00000", "2012-06-30": "50.10000", "2012-03-31": "71.70000", "2011-12-31": "50.00000", "2011-09-30": "29.00000", "2011-06-30": "110.40000", "2011-03-31": "111.90000", "2010-12-31": "100.50000", "2010-09-30": "70.97300", "2010-06-30": "47.16100", "2010-03-31": "71.35000", "2009-12-31": "45.95800", "2009-09-30": "36.51500", "2009-06-30": "10.72300", "2009-03-31": "-13.95300", "2008-12-31": "-4.08100", "2008-09-30": "47.41200", "2008-06-30": "62.28900", "2008-03-31": "52.82900", "2007-12-31": "64.73700", "2007-09-30": "67.48200", "2007-06-30": "44.13100", "2007-03-31": "17.83300", "2006-12-31": "14.66600", "2006-09-30": "28.54400", "2006-06-30": "29.75000", "2006-03-31": "16.29100", "2005-12-31": "16.75600", "2005-09-30": "16.38800", "2005-06-30": "1.38500", "2005-03-31": "2.75400"}, "Other Share Holders Equity": {"2020-09-30": "", "2020-06-30": "", "2020-03-31": "", "2019-12-31": "", "2019-09-30": "", "2019-06-30": "", "2019-03-31": "", "2018-12-31": "", "2018-09-30": "", "2018-06-30": "", "2018-03-31": "", "2017-12-31": "", "2017-09-30": "", "2017-06-30": "", "2017-03-31": "", "2016-12-31": "", "2016-09-30": "", "2016-06-30": "", "2016-03-31": "", "2015-12-31": "", "2015-09-30": "", "2015-06-30": "", "2015-03-31": "", "2014-12-31": "", "2014-09-30": "", "2014-06-30": "", "2014-03-31": "", "2013-12-31": "", "2013-09-30": "", "2013-06-30": "", "2013-03-31": "", "2012-12-31": "", "2012-09-30": "", "2012-06-30": "", "2012-03-31": "", "2011-12-31": "", "2011-09-30": "", "2011-06-30": "", "2011-03-31": "", "2010-12-31": "", "2010-09-30": "", "2010-06-30": "", "2010-03-31": "", "2009-12-31": "", "2009-09-30": "", "2009-06-30": "", "2009-03-31": "", "2008-12-31": "", "2008-09-30": "", "2008-06-30": "", "2008-03-31": "", "2007-12-31": "", "2007-09-30": "", "2007-06-30": "", "2007-03-31": "", "2006-12-31": "", "2006-09-30": "", "2006-06-30": "", "2006-03-31": "", "2005-12-31": "", "2005-09-30": "", "2005-06-30": "", "2005-03-31": ""}, "Share Holder Equity": {"2020-09-30": "3328.40000", "2020-06-30": "3341.90000", "2020-03-31": "3508.90000", "2019-12-31": "3499.10000", "2019-09-30": "3633.20000", "2019-06-30": "3825.80000", "2019-03-31": "3760.30000", "2018-12-31": "4134.90000", "2018-09-30": "4321.20000", "2018-06-30": "4357.40000", "2018-03-31": "4422.60000", "2017-12-31": "4578.50000", "2017-09-30": "4404.30000", "2017-06-30": "4370.40000", "2017-03-31": "4369.00000", "2016-12-31": "4426.50000", "2016-09-30": "4029.80000", "2016-06-30": "3784.50000", "2016-03-31": "3772.40000", "2015-12-31": "3769.10000", "2015-09-30": "3605.90000", "2015-06-30": "3636.80000", "2015-03-31": "3544.80000", "2014-12-31": "3643.20000", "2014-09-30": "3513.90000", "2014-06-30": "3506.30000", "2014-03-31": "3375.70000", "2013-12-31": "3144.60000", "2013-09-30": "3002.60000", "2013-06-30": "3092.40000", "2013-03-31": "3038.00000", "2012-12-31": "3041.40000", "2012-09-30": "2854.70000", "2012-06-30": "2737.20000", "2012-03-31": "2473.60000", "2011-12-31": "2499.60000", "2011-09-30": "2440.40000", "2011-06-30": "2460.60000", "2011-03-31": "2351.10000", "2010-12-31": "2375.30000", "2010-09-30": "2209.80000", "2010-06-30": "2035.79700", "2010-03-31": "1537.83600", "2009-12-31": "1481.72100", "2009-09-30": "1433.14600", "2009-06-30": "1329.81000", "2009-03-31": "1290.37500", "2008-12-31": "1170.99800", "2008-09-30": "1201.75100", "2008-06-30": "1170.12000", "2008-03-31": "1118.88000", "2007-12-31": "469.20200", "2007-09-30": "641.38200", "2007-06-30": "591.94900", "2007-03-31": "513.76200", "2006-12-31": "499.22200", "2006-09-30": "535.18400", "2006-06-30": "543.41900", "2006-03-31": "816.56000", "2005-12-31": "817.38100", "2005-09-30": "810.63700", "2005-06-30": "765.91000", "2005-03-31": "736.59100"}, "Total Liabilities And Share Holders Equity": {"2020-09-30": "7669.50000", "2020-06-30": "7496.10000", "2020-03-31": "7482.30000", "2019-12-31": "7653.50000", "2019-09-30": "7679.00000", "2019-06-30": "7727.80000", "2019-03-31": "7677.00000", "2018-12-31": "8219.10000", "2018-09-30": "8538.80000", "2018-06-30": "8490.50000", "2018-03-31": "8584.20000", "2017-12-31": "8702.10000", "2017-09-30": "8701.40000", "2017-06-30": "8632.30000", "2017-03-31": "8590.10000", "2016-12-31": "8749.10000", "2016-09-30": "8323.40000", "2016-06-30": "8034.70000", "2016-03-31": "8091.30000", "2015-12-31": "7769.40000", "2015-09-30": "7535.20000", "2015-06-30": "7678.80000", "2015-03-31": "7493.90000", "2014-12-31": "7698.10000", "2014-09-30": "6884.20000", "2014-06-30": "6730.20000", "2014-03-31": "6620.90000", "2013-12-31": "6318.80000", "2013-09-30": "6261.10000", "2013-06-30": "6072.70000", "2013-03-31": "6225.10000", "2012-12-31": "6187.10000", "2012-09-30": "6030.80000", "2012-06-30": "5614.70000", "2012-03-31": "5209.90000", "2011-12-31": "5218.90000", "2011-09-30": "5131.80000", "2011-06-30": "5325.00000", "2011-03-31": "5259.30000", "2010-12-31": "5279.80000", "2010-09-30": "4950.94200", "2010-06-30": "4938.45300", "2010-03-31": "3865.87100", "2009-12-31": "3390.90600", "2009-09-30": "3324.53600", "2009-06-30": "3080.29600", "2009-03-31": "2989.27400", "2008-12-31": "3212.70000", "2008-09-30": "3524.18100", "2008-06-30": "3342.37700", "2008-03-31": "3294.37000", "2007-12-31": "3395.70500", "2007-09-30": "2755.06300", "2007-06-30": "2679.61000", "2007-03-31": "2568.08500", "2006-12-31": "2665.92000", "2006-09-30": "2531.63000", "2006-06-30": "2456.76200", "2006-03-31": "2395.28100", "2005-12-31": "2321.63600", "2005-09-30": "2264.02000", "2005-06-30": "1975.78100", "2005-03-31": "1923.09100"}}, "cash flow statement": {"Net Income/Loss": {"2019-12-31": "305.10000", "2018-12-31": "532.30000", "2017-12-31": "1008.70000", "2016-12-31": "739.00000", "2015-12-31": "827.20000", "2014-12-31": "767.40000", "2013-12-31": "669.60000", "2012-12-31": "411.40000", "2011-12-31": "359.60000", "2010-12-31": "287.30000", "2009-12-31": "212.90000", "2008-12-31": "131.89900", "2007-12-31": "456.57500", "2006-12-31": "151.27700", "2005-12-31": "119.06900"}, "Total Depreciation And Amortization - Cash Flow": {"2019-12-31": "165.80000", "2018-12-31": "136.80000", "2017-12-31": "106.70000", "2016-12-31": "129.70000", "2015-12-31": "134.20000", "2014-12-31": "146.70000", "2013-12-31": "151.80000", "2012-12-31": "214.10000", "2011-12-31": "112.70000", "2010-12-31": "81.70000", "2009-12-31": "52.90000", "2008-12-31": "50.81300", "2007-12-31": "55.66600", "2006-12-31": "41.36300", "2005-12-31": "36.81600"}, "Other Non-Cash Items": {"2019-12-31": "607.30000", "2018-12-31": "616.80000", "2017-12-31": "68.10000", "2016-12-31": "141.20000", "2015-12-31": "223.10000", "2014-12-31": "283.70000", "2013-12-31": "41.00000", "2012-12-31": "79.70000", "2011-12-31": "173.70000", "2010-12-31": "56.20000", "2009-12-31": "22.90000", "2008-12-31": "241.56000", "2007-12-31": "-0.95900", "2006-12-31": "53.79800", "2005-12-31": "32.99300"}, "Total Non-Cash Items": {"2019-12-31": "773.10000", "2018-12-31": "753.60000", "2017-12-31": "174.80000", "2016-12-31": "270.90000", "2015-12-31": "357.30000", "2014-12-31": "430.40000", "2013-12-31": "192.80000", "2012-12-31": "293.80000", "2011-12-31": "286.40000", "2010-12-31": "137.90000", "2009-12-31": "75.80000", "2008-12-31": "292.37300", "2007-12-31": "54.70700", "2006-12-31": "95.16100", "2005-12-31": "69.80900"}, "Change In Accounts Receivable": {"2019-12-31": "-15.80000", "2018-12-31": "14.40000", "2017-12-31": "-53.50000", "2016-12-31": "", "2015-12-31": "", "2014-12-31": "", "2013-12-31": "", "2012-12-31": "-41.60000", "2011-12-31": "22.60000", "2010-12-31": "-49.20000", "2009-12-31": "-6.50000", "2008-12-31": "102.78800", "2007-12-31": "-35.96300", "2006-12-31": "-52.28100", "2005-12-31": "-53.84600"}, "Change In Inventories": {"2019-12-31": "", "2018-12-31": "", "2017-12-31": "", "2016-12-31": "", "2015-12-31": "4.10000", "2014-12-31": "1.30000", "2013-12-31": "", "2012-12-31": "", "2011-12-31": "", "2010-12-31": "", "2009-12-31": "", "2008-12-31": "6.04500", "2007-12-31": "12.76600", "2006-12-31": "7.70700", "2005-12-31": ""}, "Change In Accounts Payable": {"2019-12-31": "-56.10000", "2018-12-31": "-6.80000", "2017-12-31": "52.30000", "2016-12-31": "20.30000", "2015-12-31": "-32.00000", "2014-12-31": "189.60000", "2013-12-31": "177.60000", "2012-12-31": "0.40000", "2011-12-31": "11.10000", "2010-12-31": "66.40000", "2009-12-31": "-60.90000", "2008-12-31": "-86.08000", "2007-12-31": "19.98800", "2006-12-31": "65.81400", "2005-12-31": "32.21700"}, "Change In Assets/Liabilities": {"2019-12-31": "-77.20000", "2018-12-31": "-152.90000", "2017-12-31": "-11.90000", "2016-12-31": "20.10000", "2015-12-31": "56.60000", "2014-12-31": "18.10000", "2013-12-31": "-114.60000", "2012-12-31": "-4.70000", "2011-12-31": "1.50000", "2010-12-31": "-1.10000", "2009-12-31": "-4.80000", "2008-12-31": "38.92400", "2007-12-31": "-6.77900", "2006-12-31": "32.40100", "2005-12-31": "36.82900"}, "Total Change In Assets/Liabilities": {"2019-12-31": "-149.10000", "2018-12-31": "-145.30000", "2017-12-31": "-13.10000", "2016-12-31": "40.40000", "2015-12-31": "28.70000", "2014-12-31": "209.00000", "2013-12-31": "63.00000", "2012-12-31": "-45.90000", "2011-12-31": "35.20000", "2010-12-31": "16.10000", "2009-12-31": "-72.20000", "2008-12-31": "61.67700", "2007-12-31": "-9.98800", "2006-12-31": "53.64100", "2005-12-31": "15.20000"}, "Cash Flow From Operating Activities": {"2019-12-31": "929.10000", "2018-12-31": "1140.60000", "2017-12-31": "1170.40000", "2016-12-31": "1050.30000", "2015-12-31": "1213.20000", "2014-12-31": "1436.90000", "2013-12-31": "957.10000", "2012-12-31": "633.20000", "2011-12-31": "708.50000", "2010-12-31": "480.70000", "2009-12-31": "243.20000", "2008-12-31": "507.96500", "2007-12-31": "509.40300", "2006-12-31": "301.00300", "2005-12-31": "204.07800"}, "Net Change In Property, Plant, And Equipment": {"2019-12-31": "-9.60000", "2018-12-31": "-18.70000", "2017-12-31": "-18.50000", "2016-12-31": "-20.20000", "2015-12-31": "-38.20000", "2014-12-31": "-19.20000", "2013-12-31": "-24.00000", "2012-12-31": "-20.00000", "2011-12-31": "-16.10000", "2010-12-31": "-8.80000", "2009-12-31": "-2.60000", "2008-12-31": "-9.55400", "2007-12-31": "-16.82100", "2006-12-31": "-21.51000", "2005-12-31": "-14.52300"}, "Net Change In Intangible Assets": {"2019-12-31": "", "2018-12-31": "", "2017-12-31": "", "2016-12-31": "", "2015-12-31": "", "2014-12-31": "", "2013-12-31": "", "2012-12-31": "", "2011-12-31": "", "2010-12-31": "", "2009-12-31": "", "2008-12-31": "", "2007-12-31": "", "2006-12-31": "", "2005-12-31": ""}, "Net Acquisitions/Divestitures": {"2019-12-31": "", "2018-12-31": "", "2017-12-31": "", "2016-12-31": "", "2015-12-31": "", "2014-12-31": "", "2013-12-31": "", "2012-12-31": "", "2011-12-31": "", "2010-12-31": "", "2009-12-31": "", "2008-12-31": "", "2007-12-31": "", "2006-12-31": "", "2005-12-31": ""}, "Net Change In Short-term Investments": {"2019-12-31": "", "2018-12-31": "", "2017-12-31": "", "2016-12-31": "", "2015-12-31": "", "2014-12-31": "", "2013-12-31": "", "2012-12-31": "", "2011-12-31": "", "2010-12-31": "", "2009-12-31": "", "2008-12-31": "", "2007-12-31": "", "2006-12-31": "", "2005-12-31": ""}, "Net Change In Long-Term Investments": {"2019-12-31": "-14.80000", "2018-12-31": "0.50000", "2017-12-31": "32.30000", "2016-12-31": "-1312.00000", "2015-12-31": "-286.30000", "2014-12-31": "-1248.90000", "2013-12-31": "-26.30000", "2012-12-31": "-782.30000", "2011-12-31": "-51.60000", "2010-12-31": "-965.00000", "2009-12-31": "-178.90000", "2008-12-31": "-84.05900", "2007-12-31": "-495.70100", "2006-12-31": "-143.56900", "2005-12-31": "-67.50600"}, "Net Change In Investments - Total": {"2019-12-31": "-14.80000", "2018-12-31": "0.50000", "2017-12-31": "32.30000", "2016-12-31": "-1312.00000", "2015-12-31": "-286.30000", "2014-12-31": "-1248.90000", "2013-12-31": "-26.30000", "2012-12-31": "-782.30000", "2011-12-31": "-51.60000", "2010-12-31": "-965.00000", "2009-12-31": "-178.90000", "2008-12-31": "-84.05900", "2007-12-31": "-495.70100", "2006-12-31": "-143.56900", "2005-12-31": "-67.50600"}, "Investing Activities - Other": {"2019-12-31": "", "2018-12-31": "", "2017-12-31": "", "2016-12-31": "", "2015-12-31": "", "2014-12-31": "", "2013-12-31": "", "2012-12-31": "", "2011-12-31": "", "2010-12-31": "", "2009-12-31": "", "2008-12-31": "", "2007-12-31": "", "2006-12-31": "", "2005-12-31": ""}, "Cash Flow From Investing Activities": {"2019-12-31": "-24.40000", "2018-12-31": "-18.20000", "2017-12-31": "13.80000", "2016-12-31": "-1332.20000", "2015-12-31": "-324.50000", "2014-12-31": "-1268.10000", "2013-12-31": "-50.30000", "2012-12-31": "-802.30000", "2011-12-31": "-67.70000", "2010-12-31": "-973.80000", "2009-12-31": "-181.50000", "2008-12-31": "-93.61300", "2007-12-31": "-512.52200", "2006-12-31": "-165.07900", "2005-12-31": "-82.02900"}, "Net Long-Term Debt": {"2019-12-31": "-39.30000", "2018-12-31": "-30.60000", "2017-12-31": "-260.00000", "2016-12-31": "225.00000", "2015-12-31": "-2.70000", "2014-12-31": "740.30000", "2013-12-31": "719.00000", "2012-12-31": "411.40000", "2011-12-31": "-282.50000", "2010-12-31": "431.20000", "2009-12-31": "-230.30000", "2008-12-31": "174.01400", "2007-12-31": "154.00000", "2006-12-31": "124.25000", "2005-12-31": "-36.31100"}, "Net Current Debt": {"2019-12-31": "", "2018-12-31": "", "2017-12-31": "", "2016-12-31": "", "2015-12-31": "", "2014-12-31": "", "2013-12-31": "", "2012-12-31": "", "2011-12-31": "", "2010-12-31": "", "2009-12-31": "", "2008-12-31": "5.62800", "2007-12-31": "-2.54200", "2006-12-31": "-7.68700", "2005-12-31": "-15.86300"}, "Debt Issuance/Retirement Net - Total": {"2019-12-31": "-39.30000", "2018-12-31": "-30.60000", "2017-12-31": "-260.00000", "2016-12-31": "225.00000", "2015-12-31": "-2.70000", "2014-12-31": "740.30000", "2013-12-31": "719.00000", "2012-12-31": "411.40000", "2011-12-31": "-282.50000", "2010-12-31": "431.20000", "2009-12-31": "-230.30000", "2008-12-31": "179.64200", "2007-12-31": "151.45800", "2006-12-31": "116.56300", "2005-12-31": "-52.17400"}, "Net Common Equity Issued/Repurchased": {"2019-12-31": "-491.60000", "2018-12-31": "-609.80000", "2017-12-31": "-517.00000", "2016-12-31": "328.40000", "2015-12-31": "-476.50000", "2014-12-31": "-215.10000", "2013-12-31": "-85.60000", "2012-12-31": "-95.40000", "2011-12-31": "-46.40000", "2010-12-31": "-89.40000", "2009-12-31": "-2.40000", "2008-12-31": "77.52600", "2007-12-31": "-450.90600", "2006-12-31": "-483.71300", "2005-12-31": "-53.42500"}, "Net Total Equity Issued/Repurchased": {"2019-12-31": "-491.60000", "2018-12-31": "-609.80000", "2017-12-31": "-517.00000", "2016-12-31": "328.40000", "2015-12-31": "-476.50000", "2014-12-31": "-215.10000", "2013-12-31": "-1286.90000", "2012-12-31": "-95.40000", "2011-12-31": "-46.40000", "2010-12-31": "-89.40000", "2009-12-31": "-2.40000", "2008-12-31": "-155.41700", "2007-12-31": "49.09400", "2006-12-31": "-183.71300", "2005-12-31": "-53.42500"}, "Total Common And Preferred Stock Dividends Paid": {"2019-12-31": "-65.30000", "2018-12-31": "-64.40000", "2017-12-31": "-44.90000", "2016-12-31": "", "2015-12-31": "", "2014-12-31": "", "2013-12-31": "", "2012-12-31": "", "2011-12-31": "", "2010-12-31": "", "2009-12-31": "", "2008-12-31": "", "2007-12-31": "", "2006-12-31": "", "2005-12-31": ""}, "Financial Activities - Other": {"2019-12-31": "-338.50000", "2018-12-31": "-278.30000", "2017-12-31": "-367.80000", "2016-12-31": "-352.50000", "2015-12-31": "-378.50000", "2014-12-31": "-602.80000", "2013-12-31": "-301.20000", "2012-12-31": "-169.80000", "2011-12-31": "-174.90000", "2010-12-31": "203.20000", "2009-12-31": "30.50000", "2008-12-31": "-262.56500", "2007-12-31": "-178.98600", "2006-12-31": "-7.93200", "2005-12-31": "-16.66800"}, "Cash Flow From Financial Activities": {"2019-12-31": "-934.70000", "2018-12-31": "-983.10000", "2017-12-31": "-1189.70000", "2016-12-31": "200.90000", "2015-12-31": "-857.70000", "2014-12-31": "-77.60000", "2013-12-31": "-869.10000", "2012-12-31": "146.20000", "2011-12-31": "-503.80000", "2010-12-31": "545.00000", "2009-12-31": "-202.20000", "2008-12-31": "-238.34000", "2007-12-31": "21.56600", "2006-12-31": "-75.08200", "2005-12-31": "-122.26700"}, "Net Cash Flow": {"2019-12-31": "-21.30000", "2018-12-31": "129.20000", "2017-12-31": "8.70000", "2016-12-31": "-130.90000", "2015-12-31": "13.20000", "2014-12-31": "81.00000", "2013-12-31": "39.20000", "2012-12-31": "-19.10000", "2011-12-31": "136.20000", "2010-12-31": "53.80000", "2009-12-31": "-136.90000", "2008-12-31": "173.47700", "2007-12-31": "21.22500", "2006-12-31": "61.30600", "2005-12-31": "0.14600"}, "Stock-Based Compensation": {"2019-12-31": "90.40000", "2018-12-31": "101.10000", "2017-12-31": "90.40000", "2016-12-31": "80.40000", "2015-12-31": "102.70000", "2014-12-31": "113.70000", "2013-12-31": "84.10000", "2012-12-31": "69.30000", "2011-12-31": "52.40000", "2010-12-31": "19.50000", "2009-12-31": "8.60000", "2008-12-31": "53.96800", "2007-12-31": "9.03900", "2006-12-31": "1.65400", "2005-12-31": ""}, "Common Stock Dividends Paid": {"2019-12-31": "-65.30000", "2018-12-31": "-64.40000", "2017-12-31": "-44.90000", "2016-12-31": "", "2015-12-31": "0.00000", "2014-12-31": "", "2013-12-31": "", "2012-12-31": "", "2011-12-31": "", "2010-12-31": "", "2009-12-31": "", "2008-12-31": "", "2007-12-31": "", "2006-12-31": "", "2005-12-31": ""}}, "cash flow statement, quarterly": {"Net Income/Loss": {"2020-09-30": 127.8, "2020-06-30": 63.4, "2020-03-31": "40.00000", "2019-12-31": 95.8, "2019-09-30": 162.1, "2019-06-30": 180.2, "2019-03-31": "-133.00000", "2018-12-31": -98.8, "2018-09-30": 201.8, "2018-06-30": 205.3, "2018-03-31": "224.00000", "2017-12-31": 393.8, "2017-09-30": 216.9, "2017-06-30": 204.4, "2017-03-31": "193.60000", "2016-12-31": 206, "2016-09-30": 176, "2016-06-30": 183.5, "2016-03-31": "173.50000", "2015-12-31": 228, "2015-09-30": 188.6, "2015-06-30": 189.9, "2015-03-31": "220.70000", "2014-12-31": 240, "2014-09-30": 190, "2014-06-30": 178, "2014-03-31": "159.40000", "2013-12-31": 249.2, "2013-09-30": 156.4, "2013-06-30": 134.3, "2013-03-31": "129.70000", "2012-12-31": 139.4, "2012-09-30": 118.1, "2012-06-30": 60.9, "2012-03-31": "93.00000", "2011-12-31": 89.1, "2011-09-30": 80.1, "2011-06-30": 101, "2011-03-31": "89.40000", "2010-12-31": 107.3, "2010-09-30": 69, "2010-06-30": 58.2, "2010-03-31": "52.80000", "2009-12-31": 65.551, "2009-09-30": 67.86, "2009-06-30": 56.249, "2009-03-31": "23.24000", "2008-12-31": -63.934, "2008-09-30": 39.388, "2008-06-30": 85.437, "2008-03-31": "71.00800", "2007-12-31": 335.481, "2007-09-30": 42.585, "2007-06-30": 41.887, "2007-03-31": "36.62200", "2006-12-31": 48.954, "2006-09-30": 33.147, "2006-06-30": 33.936, "2006-03-31": "35.24000", "2005-12-31": 38.764, "2005-09-30": 28.511, "2005-06-30": 26.241, "2005-03-31": "25.55300"}, "Total Depreciation And Amortization - Cash Flow": {"2020-09-30": 36.5, "2020-06-30": 85.9, "2020-03-31": "25.70000", "2019-12-31": 77.1, "2019-09-30": 27.2, "2019-06-30": 26.7, "2019-03-31": "34.80000", "2018-12-31": 43.8, "2018-09-30": 35.4, "2018-06-30": 28.9, "2018-03-31": "28.70000", "2017-12-31": 26.7, "2017-09-30": 26, "2017-06-30": 26.9, "2017-03-31": "27.10000", "2016-12-31": 28.9, "2016-09-30": 33.1, "2016-06-30": 34.9, "2016-03-31": "32.80000", "2015-12-31": 27.4, "2015-09-30": 37.9, "2015-06-30": 34.7, "2015-03-31": "34.20000", "2014-12-31": 44.5, "2014-09-30": 38.8, "2014-06-30": 32.2, "2014-03-31": "31.20000", "2013-12-31": 43.4, "2013-09-30": 36, "2013-06-30": 36, "2013-03-31": "36.40000", "2012-12-31": 28.7, "2012-09-30": 29.5, "2012-06-30": 120.3, "2012-03-31": "35.60000", "2011-12-31": 28.6, "2011-09-30": 27.9, "2011-06-30": 27.7, "2011-03-31": "28.50000", "2010-12-31": 26.8, "2010-09-30": 26.3, "2010-06-30": 14.9, "2010-03-31": "13.70000", "2009-12-31": 13.342, "2009-09-30": 13.302, "2009-06-30": 9.697, "2009-03-31": "16.55900", "2008-12-31": 9.034, "2008-09-30": 15.134, "2008-06-30": 12.675, "2008-03-31": "13.97000", "2007-12-31": 19.901, "2007-09-30": 12.173, "2007-06-30": 11.818, "2007-03-31": "11.77400", "2006-12-31": 10.551, "2006-09-30": 10.398, "2006-06-30": 10.405, "2006-03-31": "10.00900", "2005-12-31": 10.069, "2005-09-30": 9.798, "2005-06-30": 8.46, "2005-03-31": "8.48900"}, "Other Non-Cash Items": {"2020-09-30": 71.3, "2020-06-30": 66.1, "2020-03-31": "252.20000", "2019-12-31": 104, "2019-09-30": 65.9, "2019-06-30": 53.7, "2019-03-31": "383.70000", "2018-12-31": 305.4, "2018-09-30": 52.7, "2018-06-30": 84.6, "2018-03-31": "174.10000", "2017-12-31": -189.8, "2017-09-30": 50.7, "2017-06-30": 47.6, "2017-03-31": "159.60000", "2016-12-31": -66.2, "2016-09-30": 56.9, "2016-06-30": 51.6, "2016-03-31": "98.90000", "2015-12-31": -58.2, "2015-09-30": 51.6, "2015-06-30": 76.9, "2015-03-31": "152.80000", "2014-12-31": -12, "2014-09-30": 48.9, "2014-06-30": 69.7, "2014-03-31": "177.10000", "2013-12-31": -102.2, "2013-09-30": 13.8, "2013-06-30": 73.4, "2013-03-31": "56.00000", "2012-12-31": 15, "2012-09-30": 19.8, "2012-06-30": 6.6, "2012-03-31": "38.30000", "2011-12-31": 31.9, "2011-09-30": 48.3, "2011-06-30": 24.7, "2011-03-31": "68.80000", "2010-12-31": -13.9, "2010-09-30": 16.2, "2010-06-30": 31.3, "2010-03-31": "22.60000", "2009-12-31": 5.88, "2009-09-30": -0.875, "2009-06-30": -10.319, "2009-03-31": "28.21400", "2008-12-31": 135.101, "2008-09-30": 55.278, "2008-06-30": 23.075, "2008-03-31": "28.10600", "2007-12-31": -54.558, "2007-09-30": 13.421, "2007-06-30": 11.804, "2007-03-31": "28.37400", "2006-12-31": 7.481, "2006-09-30": 11.216, "2006-06-30": 9.382, "2006-03-31": "25.71900", "2005-12-31": -0.001, "2005-09-30": 11.967, "2005-06-30": 14.268, "2005-03-31": "6.75900"}, "Total Non-Cash Items": {"2020-09-30": 107.8, "2020-06-30": 152, "2020-03-31": "277.90000", "2019-12-31": 181.1, "2019-09-30": 93.1, "2019-06-30": 80.4, "2019-03-31": "418.50000", "2018-12-31": 349.2, "2018-09-30": 88.1, "2018-06-30": 113.5, "2018-03-31": "202.80000", "2017-12-31": -163.1, "2017-09-30": 76.7, "2017-06-30": 74.5, "2017-03-31": "186.70000", "2016-12-31": -37.3, "2016-09-30": 90, "2016-06-30": 86.5, "2016-03-31": "131.70000", "2015-12-31": -30.8, "2015-09-30": 89.5, "2015-06-30": 111.6, "2015-03-31": "187.00000", "2014-12-31": 32.5, "2014-09-30": 87.7, "2014-06-30": 101.9, "2014-03-31": "208.30000", "2013-12-31": -58.8, "2013-09-30": 49.8, "2013-06-30": 109.4, "2013-03-31": "92.40000", "2012-12-31": 43.7, "2012-09-30": 49.3, "2012-06-30": 126.9, "2012-03-31": "73.90000", "2011-12-31": 60.5, "2011-09-30": 76.2, "2011-06-30": 52.4, "2011-03-31": "97.30000", "2010-12-31": 12.9, "2010-09-30": 42.5, "2010-06-30": 46.2, "2010-03-31": "36.30000", "2009-12-31": 19.222, "2009-09-30": 12.427, "2009-06-30": -0.622, "2009-03-31": "44.77300", "2008-12-31": 144.135, "2008-09-30": 70.412, "2008-06-30": 35.75, "2008-03-31": "42.07600", "2007-12-31": -34.657, "2007-09-30": 25.594, "2007-06-30": 23.622, "2007-03-31": "40.14800", "2006-12-31": 18.032, "2006-09-30": 21.614, "2006-06-30": 19.787, "2006-03-31": "35.72800", "2005-12-31": 10.068, "2005-09-30": 21.765, "2005-06-30": 22.728, "2005-03-31": "15.24800"}, "Change In Accounts Receivable": {"2020-09-30": 0, "2020-06-30": 0, "2020-03-31": "", "2019-12-31": -15.8, "2019-09-30": 0, "2019-06-30": 0, "2019-03-31": "", "2018-12-31": 14.4, "2018-09-30": 0, "2018-06-30": 0, "2018-03-31": "", "2017-12-31": -53.5, "2017-09-30": 0, "2017-06-30": 0, "2017-03-31": "", "2016-12-31": 0, "2016-09-30": 0, "2016-06-30": 0, "2016-03-31": "", "2015-12-31": 0, "2015-09-30": 0, "2015-06-30": 0, "2015-03-31": "", "2014-12-31": 0, "2014-09-30": 0, "2014-06-30": 66.5, "2014-03-31": "-66.50000", "2013-12-31": 0, "2013-09-30": 80.9, "2013-06-30": -80.9, "2013-03-31": "", "2012-12-31": -20.3, "2012-09-30": 2.4, "2012-06-30": -11.2, "2012-03-31": "-12.50000", "2011-12-31": 4.4, "2011-09-30": 37, "2011-06-30": -21.8, "2011-03-31": "3.00000", "2010-12-31": -37.2, "2010-09-30": 13.3, "2010-06-30": -24.4, "2010-03-31": "-0.90000", "2009-12-31": -7.345, "2009-09-30": -17.05, "2009-06-30": -11.447, "2009-03-31": "29.34200", "2008-12-31": 35.384, "2008-09-30": 8.48, "2008-06-30": 30.874, "2008-03-31": "28.05000", "2007-12-31": -40.076, "2007-09-30": -9.265, "2007-06-30": -10.088, "2007-03-31": "23.46600", "2006-12-31": -38.906, "2006-09-30": -12.735, "2006-06-30": 6.808, "2006-03-31": "-7.44800", "2005-12-31": -21.874, "2005-09-30": -11.622, "2005-06-30": -2.295, "2005-03-31": "-18.05500"}, "Change In Inventories": {"2020-09-30": 0, "2020-06-30": 0, "2020-03-31": "", "2019-12-31": 0, "2019-09-30": 0, "2019-06-30": 0, "2019-03-31": "", "2018-12-31": 0, "2018-09-30": 0, "2018-06-30": 0, "2018-03-31": "", "2017-12-31": 0, "2017-09-30": 0, "2017-06-30": 0, "2017-03-31": "", "2016-12-31": 0, "2016-09-30": 0, "2016-06-30": 0, "2016-03-31": "", "2015-12-31": 4.1, "2015-09-30": 0, "2015-06-30": 0, "2015-03-31": "", "2014-12-31": 1.3, "2014-09-30": 0, "2014-06-30": 0, "2014-03-31": "", "2013-12-31": 0, "2013-09-30": 0, "2013-06-30": 0, "2013-03-31": "", "2012-12-31": 0, "2012-09-30": 0, "2012-06-30": 0, "2012-03-31": "", "2011-12-31": 0, "2011-09-30": 0, "2011-06-30": 0, "2011-03-31": "", "2010-12-31": 0, "2010-09-30": 0, "2010-06-30": 0, "2010-03-31": "", "2009-12-31": -0.331, "2009-09-30": 0, "2009-06-30": -0.648, "2009-03-31": "0.97900", "2008-12-31": 8.835, "2008-09-30": 3.866, "2008-06-30": -0.072, "2008-03-31": "-6.58400", "2007-12-31": 0.968, "2007-09-30": 0.794, "2007-06-30": 8.831, "2007-03-31": "2.17300", "2006-12-31": 4.842, "2006-09-30": 1.891, "2006-06-30": 0.974, "2006-03-31": "", "2005-12-31": 0, "2005-09-30": 0, "2005-06-30": 0, "2005-03-31": ""}, "Change In Accounts Payable": {"2020-09-30": -59.8, "2020-06-30": 132.7, "2020-03-31": "-209.60000", "2019-12-31": 38.6, "2019-09-30": 18.1, "2019-06-30": 60.1, "2019-03-31": "-172.90000", "2018-12-31": 19.9, "2018-09-30": 75.9, "2018-06-30": 25.4, "2018-03-31": "-128.00000", "2017-12-31": 68.4, "2017-09-30": 117.9, "2017-06-30": 46.4, "2017-03-31": "-180.40000", "2016-12-31": 207.4, "2016-09-30": -10.9, "2016-06-30": 4.5, "2016-03-31": "-180.70000", "2015-12-31": 34.5, "2015-09-30": 72.3, "2015-06-30": 44.6, "2015-03-31": "-183.40000", "2014-12-31": 10.2, "2014-09-30": 168.8, "2014-06-30": 61.4, "2014-03-31": "-50.80000", "2013-12-31": -10.8, "2013-09-30": 124.6, "2013-06-30": -126.2, "2013-03-31": "190.00000", "2012-12-31": 7.8, "2012-09-30": 38.8, "2012-06-30": 42.2, "2012-03-31": "-88.40000", "2011-12-31": -10.8, "2011-09-30": 36.8, "2011-06-30": 48, "2011-03-31": "-62.90000", "2010-12-31": 27.6, "2010-09-30": 52, "2010-06-30": 23.8, "2010-03-31": "-37.00000", "2009-12-31": -11.024, "2009-09-30": 11.243, "2009-06-30": 26.861, "2009-03-31": "-87.98000", "2008-12-31": -63.331, "2008-09-30": 56.111, "2008-06-30": 30.757, "2008-03-31": "-109.61700", "2007-12-31": 1.975, "2007-09-30": 79.254, "2007-06-30": 48.633, "2007-03-31": "-109.87400", "2006-12-31": 2.963, "2006-09-30": 42.495, "2006-06-30": 53.331, "2006-03-31": "-32.97500", "2005-12-31": 6.518, "2005-09-30": 21.873, "2005-06-30": 14.306, "2005-03-31": "-10.48000"}, "Change In Assets/Liabilities": {"2020-09-30": 75.6, "2020-06-30": -58.3, "2020-03-31": "-22.70000", "2019-12-31": 12.8, "2019-09-30": 34.1, "2019-06-30": 6.4, "2019-03-31": "-130.50000", "2018-12-31": -20.3, "2018-09-30": -66.9, "2018-06-30": 28.1, "2018-03-31": "-93.80000", "2017-12-31": 124.3, "2017-09-30": -55, "2017-06-30": -3.4, "2017-03-31": "-77.80000", "2016-12-31": -10.3, "2016-09-30": 88, "2016-06-30": 39.3, "2016-03-31": "-96.90000", "2015-12-31": 81.2, "2015-09-30": 34.9, "2015-06-30": 18.5, "2015-03-31": "-78.00000", "2014-12-31": 120, "2014-09-30": -44.8, "2014-06-30": -59, "2014-03-31": "1.90000", "2013-12-31": 24.7, "2013-09-30": -132.8, "2013-06-30": 235.7, "2013-03-31": "-242.20000", "2012-12-31": 15.3, "2012-09-30": -6.6, "2012-06-30": -0.2, "2012-03-31": "-13.20000", "2011-12-31": 22.1, "2011-09-30": 1.9, "2011-06-30": -12.2, "2011-03-31": "-10.30000", "2010-12-31": 6.8, "2010-09-30": -19.1, "2010-06-30": 1.6, "2010-03-31": "9.60000", "2009-12-31": 2.355, "2009-09-30": -0.857, "2009-06-30": -8.385, "2009-03-31": "2.08700", "2008-12-31": 5.558, "2008-09-30": 5.875, "2008-06-30": 5.741, "2008-03-31": "21.75000", "2007-12-31": 10.09, "2007-09-30": 17.671, "2007-06-30": 5.334, "2007-03-31": "-39.87400", "2006-12-31": 33.073, "2006-09-30": 16.435, "2006-06-30": 15.521, "2006-03-31": "-32.62800", "2005-12-31": 34.02, "2005-09-30": 14.752, "2005-06-30": 6.356, "2005-03-31": "-18.29900"}, "Total Change In Assets/Liabilities": {"2020-09-30": 15.8, "2020-06-30": 74.4, "2020-03-31": "-232.30000", "2019-12-31": 35.6, "2019-09-30": 52.2, "2019-06-30": 66.5, "2019-03-31": "-303.40000", "2018-12-31": 14, "2018-09-30": 9, "2018-06-30": 53.5, "2018-03-31": "-221.80000", "2017-12-31": 139.2, "2017-09-30": 62.9, "2017-06-30": 43, "2017-03-31": "-258.20000", "2016-12-31": 197.1, "2016-09-30": 77.1, "2016-06-30": 43.8, "2016-03-31": "-277.60000", "2015-12-31": 119.8, "2015-09-30": 107.2, "2015-06-30": 63.1, "2015-03-31": "-261.40000", "2014-12-31": 131.5, "2014-09-30": 124, "2014-06-30": 68.9, "2014-03-31": "-115.40000", "2013-12-31": 13.9, "2013-09-30": 72.7, "2013-06-30": 28.6, "2013-03-31": "-52.20000", "2012-12-31": 2.8, "2012-09-30": 34.6, "2012-06-30": 30.8, "2012-03-31": "-114.10000", "2011-12-31": 15.7, "2011-09-30": 75.7, "2011-06-30": 14, "2011-03-31": "-70.20000", "2010-12-31": -2.8, "2010-09-30": 46.2, "2010-06-30": 1, "2010-03-31": "-28.30000", "2009-12-31": -16.345, "2009-09-30": -6.664, "2009-06-30": 6.381, "2009-03-31": "-55.57200", "2008-12-31": -13.554, "2008-09-30": 74.332, "2008-06-30": 67.3, "2008-03-31": "-66.40100", "2007-12-31": -27.043, "2007-09-30": 88.454, "2007-06-30": 52.71, "2007-03-31": "-124.10900", "2006-12-31": 1.972, "2006-09-30": 48.086, "2006-06-30": 76.634, "2006-03-31": "-73.05100", "2005-12-31": 18.664, "2005-09-30": 25.003, "2005-06-30": 18.367, "2005-03-31": "-46.83400"}, "Cash Flow From Operating Activities": {"2020-09-30": 251.4, "2020-06-30": 289.8, "2020-03-31": "85.60000", "2019-12-31": 312.5, "2019-09-30": 307.4, "2019-06-30": 327.1, "2019-03-31": "-17.90000", "2018-12-31": 264.4, "2018-09-30": 298.9, "2018-06-30": 372.3, "2018-03-31": "205.00000", "2017-12-31": 369.9, "2017-09-30": 356.5, "2017-06-30": 321.9, "2017-03-31": "122.10000", "2016-12-31": 365.8, "2016-09-30": 343.1, "2016-06-30": 315.8, "2016-03-31": "25.60000", "2015-12-31": 357, "2015-09-30": 385.7, "2015-06-30": 351.4, "2015-03-31": "119.10000", "2014-12-31": 406.5, "2014-09-30": 404.5, "2014-06-30": 328.2, "2014-03-31": "297.70000", "2013-12-31": 209.5, "2013-09-30": 282.8, "2013-06-30": 262.6, "2013-03-31": "202.20000", "2012-12-31": 186.1, "2012-09-30": 211.1, "2012-06-30": 183.5, "2012-03-31": "52.50000", "2011-12-31": 158.6, "2011-09-30": 242.2, "2011-06-30": 179.4, "2011-03-31": "128.30000", "2010-12-31": 129.2, "2010-09-30": 168.4, "2010-06-30": 115.1, "2010-03-31": "68.00000", "2009-12-31": 75.133, "2009-09-30": 80.162, "2009-06-30": 72.214, "2009-03-31": "15.69100", "2008-12-31": 77.909, "2008-09-30": 187.276, "2008-06-30": 192.962, "2008-03-31": "49.81800", "2007-12-31": 281.89, "2007-09-30": 156.633, "2007-06-30": 118.219, "2007-03-31": "-47.33900", "2006-12-31": 69.882, "2006-09-30": 102.847, "2006-06-30": 130.357, "2006-03-31": "-2.08300", "2005-12-31": 67.496, "2005-09-30": 75.279, "2005-06-30": 67.336, "2005-03-31": "-6.03300"}, "Net Change In Property, Plant, And Equipment": {"2020-09-30": -2.3, "2020-06-30": -1.9, "2020-03-31": "-2.60000", "2019-12-31": -3.2, "2019-09-30": -0.1, "2019-06-30": -3.3, "2019-03-31": "-3.00000", "2018-12-31": -5.2, "2018-09-30": -3.2, "2018-06-30": -4.8, "2018-03-31": "-5.50000", "2017-12-31": -4.6, "2017-09-30": -6.7, "2017-06-30": -3.1, "2017-03-31": "-4.10000", "2016-12-31": -5.1, "2016-09-30": -6.5, "2016-06-30": -4.5, "2016-03-31": "-4.10000", "2015-12-31": -12.7, "2015-09-30": -13.8, "2015-06-30": -7, "2015-03-31": "-4.70000", "2014-12-31": -5.5, "2014-09-30": -3.2, "2014-06-30": -6.4, "2014-03-31": "-4.10000", "2013-12-31": -8.1, "2013-09-30": -7, "2013-06-30": -4.3, "2013-03-31": "-4.60000", "2012-12-31": -10.1, "2012-09-30": -4.9, "2012-06-30": -3.7, "2012-03-31": "-1.30000", "2011-12-31": -7.8, "2011-09-30": -3.9, "2011-06-30": -2.7, "2011-03-31": "-1.70000", "2010-12-31": -3.4, "2010-09-30": -2.2, "2010-06-30": -2.1, "2010-03-31": "-1.10000", "2009-12-31": -0.947, "2009-09-30": -0.438, "2009-06-30": -0.663, "2009-03-31": "-0.55200", "2008-12-31": -1.463, "2008-09-30": -2.951, "2008-06-30": -2.592, "2008-03-31": "-2.54800", "2007-12-31": -5.439, "2007-09-30": -3.221, "2007-06-30": -4.075, "2007-03-31": "-4.08600", "2006-12-31": -6.548, "2006-09-30": -3.025, "2006-06-30": -4.801, "2006-03-31": "-7.13600", "2005-12-31": -5.422, "2005-09-30": -4.112, "2005-06-30": -2.356, "2005-03-31": "-2.63300"}, "Net Change In Intangible Assets": {"2020-09-30": 0, "2020-06-30": 0, "2020-03-31": "", "2019-12-31": 0, "2019-09-30": 0, "2019-06-30": 0, "2019-03-31": "", "2018-12-31": 0, "2018-09-30": 0, "2018-06-30": 0, "2018-03-31": "", "2017-12-31": 0, "2017-09-30": 0, "2017-06-30": 0, "2017-03-31": "", "2016-12-31": 0, "2016-09-30": 0, "2016-06-30": 0, "2016-03-31": "", "2015-12-31": 0, "2015-09-30": 0, "2015-06-30": 0, "2015-03-31": "", "2014-12-31": 0, "2014-09-30": 0, "2014-06-30": 0, "2014-03-31": "", "2013-12-31": 0, "2013-09-30": 0, "2013-06-30": 0, "2013-03-31": "", "2012-12-31": 0, "2012-09-30": 0, "2012-06-30": 0, "2012-03-31": "", "2011-12-31": 0, "2011-09-30": 0, "2011-06-30": 0, "2011-03-31": "", "2010-12-31": 0, "2010-09-30": 0, "2010-06-30": 0, "2010-03-31": "", "2009-12-31": 0, "2009-09-30": 0, "2009-06-30": 0, "2009-03-31": "", "2008-12-31": 0, "2008-09-30": 0, "2008-06-30": 0, "2008-03-31": "", "2007-12-31": 0, "2007-09-30": 0, "2007-06-30": 0, "2007-03-31": "", "2006-12-31": 0, "2006-09-30": 0, "2006-06-30": 0, "2006-03-31": "", "2005-12-31": 0, "2005-09-30": 0, "2005-06-30": 0, "2005-03-31": ""}, "Net Acquisitions/Divestitures": {"2020-09-30": 0, "2020-06-30": 0, "2020-03-31": "", "2019-12-31": 0, "2019-09-30": 0, "2019-06-30": 0, "2019-03-31": "", "2018-12-31": 0, "2018-09-30": 0, "2018-06-30": 0, "2018-03-31": "", "2017-12-31": 0, "2017-09-30": 0, "2017-06-30": 0, "2017-03-31": "", "2016-12-31": 0, "2016-09-30": 0, "2016-06-30": 0, "2016-03-31": "", "2015-12-31": 0, "2015-09-30": 0, "2015-06-30": 0, "2015-03-31": "", "2014-12-31": 0, "2014-09-30": 0, "2014-06-30": 0, "2014-03-31": "", "2013-12-31": 0, "2013-09-30": 0, "2013-06-30": 0, "2013-03-31": "", "2012-12-31": 0, "2012-09-30": 0, "2012-06-30": 0, "2012-03-31": "", "2011-12-31": 0, "2011-09-30": 0, "2011-06-30": 0, "2011-03-31": "", "2010-12-31": 0, "2010-09-30": 0, "2010-06-30": 0, "2010-03-31": "", "2009-12-31": 0, "2009-09-30": 0, "2009-06-30": 0, "2009-03-31": "", "2008-12-31": 0, "2008-09-30": 0, "2008-06-30": 0, "2008-03-31": "", "2007-12-31": 0, "2007-09-30": 0, "2007-06-30": 0, "2007-03-31": "", "2006-12-31": 0, "2006-09-30": 0, "2006-06-30": 0, "2006-03-31": "", "2005-12-31": 0, "2005-09-30": 0, "2005-06-30": 0, "2005-03-31": ""}, "Net Change In Short-term Investments": {"2020-09-30": 0, "2020-06-30": 0, "2020-03-31": "", "2019-12-31": 0, "2019-09-30": 0, "2019-06-30": 0, "2019-03-31": "", "2018-12-31": 0, "2018-09-30": 0, "2018-06-30": 0, "2018-03-31": "", "2017-12-31": 0, "2017-09-30": 0, "2017-06-30": 0, "2017-03-31": "", "2016-12-31": 0, "2016-09-30": 0, "2016-06-30": 0, "2016-03-31": "", "2015-12-31": 0, "2015-09-30": 0, "2015-06-30": 0, "2015-03-31": "", "2014-12-31": 0, "2014-09-30": 0, "2014-06-30": 0, "2014-03-31": "", "2013-12-31": 0, "2013-09-30": 0, "2013-06-30": 0, "2013-03-31": "", "2012-12-31": 0, "2012-09-30": 0, "2012-06-30": 0, "2012-03-31": "", "2011-12-31": 0, "2011-09-30": 0, "2011-06-30": 0, "2011-03-31": "", "2010-12-31": 0, "2010-09-30": 0, "2010-06-30": 0, "2010-03-31": "", "2009-12-31": 0, "2009-09-30": 0, "2009-06-30": 0, "2009-03-31": "", "2008-12-31": 0, "2008-09-30": 0, "2008-06-30": 0, "2008-03-31": "", "2007-12-31": 0, "2007-09-30": 0, "2007-06-30": 0, "2007-03-31": "", "2006-12-31": 0, "2006-09-30": 0, "2006-06-30": 0, "2006-03-31": "", "2005-12-31": 0, "2005-09-30": 6.393, "2005-06-30": -6.393, "2005-03-31": ""}, "Net Change In Long-Term Investments": {"2020-09-30": -8.8, "2020-06-30": -10.9, "2020-03-31": "18.50000", "2019-12-31": 118.7, "2019-09-30": -96.8, "2019-06-30": -39.6, "2019-03-31": "2.90000", "2018-12-31": 7.9, "2018-09-30": 7.8, "2018-06-30": -16.8, "2018-03-31": "1.60000", "2017-12-31": 13.5, "2017-09-30": 10.6, "2017-06-30": -12.2, "2017-03-31": "20.40000", "2016-12-31": -458.4, "2016-09-30": -322.2, "2016-06-30": 15.4, "2016-03-31": "-546.80000", "2015-12-31": -249.4, "2015-09-30": -18.3, "2015-06-30": -19, "2015-03-31": "0.40000", "2014-12-31": -711.6, "2014-09-30": -2.3, "2014-06-30": -424.8, "2014-03-31": "-110.20000", "2013-12-31": 1.6, "2013-09-30": -27, "2013-06-30": 1.5, "2013-03-31": "-2.40000", "2012-12-31": -44.3, "2012-09-30": -349.1, "2012-06-30": -392.3, "2012-03-31": "3.40000", "2011-12-31": -0.8, "2011-09-30": -38.8, "2011-06-30": -2.4, "2011-03-31": "-9.60000", "2010-12-31": -129.6, "2010-09-30": -23.8, "2010-06-30": -680.8, "2010-03-31": "-130.80000", "2009-12-31": -35.186, "2009-09-30": -136.276, "2009-06-30": -4.322, "2009-03-31": "-3.11600", "2008-12-31": -14.66, "2008-09-30": -0.047, "2008-06-30": -49.55, "2008-03-31": "-19.80200", "2007-12-31": -422.711, "2007-09-30": -5.304, "2007-06-30": -33.96, "2007-03-31": "-33.72600", "2006-12-31": -99.917, "2006-09-30": -11.046, "2006-06-30": -16.686, "2006-03-31": "-15.92000", "2005-12-31": -4.409, "2005-09-30": -68.768, "2005-06-30": 3.037, "2005-03-31": "2.63400"}, "Net Change In Investments - Total": {"2020-09-30": -8.8, "2020-06-30": -10.9, "2020-03-31": "18.50000", "2019-12-31": 118.7, "2019-09-30": -96.8, "2019-06-30": -39.6, "2019-03-31": "2.90000", "2018-12-31": 7.9, "2018-09-30": 7.8, "2018-06-30": -16.8, "2018-03-31": "1.60000", "2017-12-31": 13.5, "2017-09-30": 10.6, "2017-06-30": -12.2, "2017-03-31": "20.40000", "2016-12-31": -458.4, "2016-09-30": -322.2, "2016-06-30": 15.4, "2016-03-31": "-546.80000", "2015-12-31": -249.4, "2015-09-30": -18.3, "2015-06-30": -19, "2015-03-31": "0.40000", "2014-12-31": -711.6, "2014-09-30": -2.3, "2014-06-30": -424.8, "2014-03-31": "-110.20000", "2013-12-31": 1.6, "2013-09-30": -27, "2013-06-30": 1.5, "2013-03-31": "-2.40000", "2012-12-31": -44.3, "2012-09-30": -349.1, "2012-06-30": -392.3, "2012-03-31": "3.40000", "2011-12-31": -0.8, "2011-09-30": -38.8, "2011-06-30": -2.4, "2011-03-31": "-9.60000", "2010-12-31": -129.6, "2010-09-30": -23.8, "2010-06-30": -680.8, "2010-03-31": "-130.80000", "2009-12-31": -35.186, "2009-09-30": -136.276, "2009-06-30": -4.322, "2009-03-31": "-3.11600", "2008-12-31": -14.66, "2008-09-30": -0.047, "2008-06-30": -49.55, "2008-03-31": "-19.80200", "2007-12-31": -422.711, "2007-09-30": -5.304, "2007-06-30": -33.96, "2007-03-31": "-33.72600", "2006-12-31": -99.917, "2006-09-30": -11.046, "2006-06-30": -16.686, "2006-03-31": "-15.92000", "2005-12-31": -4.409, "2005-09-30": -62.375, "2005-06-30": -3.356, "2005-03-31": "2.63400"}, "Investing Activities - Other": {"2020-09-30": 0, "2020-06-30": 0, "2020-03-31": "", "2019-12-31": 0, "2019-09-30": 0, "2019-06-30": 0, "2019-03-31": "", "2018-12-31": 0, "2018-09-30": 0, "2018-06-30": 0, "2018-03-31": "", "2017-12-31": 0, "2017-09-30": 0, "2017-06-30": 0, "2017-03-31": "", "2016-12-31": 0, "2016-09-30": 0, "2016-06-30": 0, "2016-03-31": "", "2015-12-31": 0, "2015-09-30": 0, "2015-06-30": 0, "2015-03-31": "", "2014-12-31": 0, "2014-09-30": 0, "2014-06-30": 0, "2014-03-31": "", "2013-12-31": 0, "2013-09-30": 0, "2013-06-30": 0, "2013-03-31": "", "2012-12-31": 0, "2012-09-30": 0, "2012-06-30": 0, "2012-03-31": "", "2011-12-31": 0, "2011-09-30": 0, "2011-06-30": 0, "2011-03-31": "", "2010-12-31": 0, "2010-09-30": 0, "2010-06-30": 0, "2010-03-31": "", "2009-12-31": 0, "2009-09-30": 0, "2009-06-30": 0, "2009-03-31": "", "2008-12-31": 0, "2008-09-30": 0, "2008-06-30": 0, "2008-03-31": "", "2007-12-31": 0, "2007-09-30": 0, "2007-06-30": 0, "2007-03-31": "", "2006-12-31": 0, "2006-09-30": 0, "2006-06-30": 0, "2006-03-31": "", "2005-12-31": 0, "2005-09-30": 0, "2005-06-30": 0, "2005-03-31": ""}, "Cash Flow From Investing Activities": {"2020-09-30": -11.1, "2020-06-30": -12.8, "2020-03-31": "15.90000", "2019-12-31": 115.5, "2019-09-30": -96.9, "2019-06-30": -42.9, "2019-03-31": "-0.10000", "2018-12-31": 2.7, "2018-09-30": 4.6, "2018-06-30": -21.6, "2018-03-31": "-3.90000", "2017-12-31": 8.9, "2017-09-30": 3.9, "2017-06-30": -15.3, "2017-03-31": "16.30000", "2016-12-31": -463.5, "2016-09-30": -328.7, "2016-06-30": 10.9, "2016-03-31": "-550.90000", "2015-12-31": -262.1, "2015-09-30": -32.1, "2015-06-30": -26, "2015-03-31": "-4.30000", "2014-12-31": -717.1, "2014-09-30": -5.5, "2014-06-30": -431.2, "2014-03-31": "-114.30000", "2013-12-31": -6.5, "2013-09-30": -34, "2013-06-30": -2.8, "2013-03-31": "-7.00000", "2012-12-31": -54.4, "2012-09-30": -354, "2012-06-30": -396, "2012-03-31": "2.10000", "2011-12-31": -8.6, "2011-09-30": -42.7, "2011-06-30": -5.1, "2011-03-31": "-11.30000", "2010-12-31": -133, "2010-09-30": -26, "2010-06-30": -682.9, "2010-03-31": "-131.90000", "2009-12-31": -36.133, "2009-09-30": -136.714, "2009-06-30": -4.985, "2009-03-31": "-3.66800", "2008-12-31": -16.123, "2008-09-30": -2.998, "2008-06-30": -52.142, "2008-03-31": "-22.35000", "2007-12-31": -428.15, "2007-09-30": -8.525, "2007-06-30": -38.035, "2007-03-31": "-37.81200", "2006-12-31": -106.465, "2006-09-30": -14.071, "2006-06-30": -21.487, "2006-03-31": "-23.05600", "2005-12-31": -9.831, "2005-09-30": -66.487, "2005-06-30": -5.712, "2005-03-31": "0.00100"}, "Net Long-Term Debt": {"2020-09-30": 275, "2020-06-30": -0.2, "2020-03-31": "250.00000", "2019-12-31": 0, "2019-09-30": 0, "2019-06-30": 9.4, "2019-03-31": "-48.70000", "2018-12-31": -19.1, "2018-09-30": -36.5, "2018-06-30": 20, "2018-03-31": "5.00000", "2017-12-31": -60, "2017-09-30": -120, "2017-06-30": 5, "2017-03-31": "-85.00000", "2016-12-31": -5, "2016-09-30": -25, "2016-06-30": -167.2, "2016-03-31": "422.20000", "2015-12-31": 78.6, "2015-09-30": -58, "2015-06-30": -56.5, "2015-03-31": "33.20000", "2014-12-31": 607.3, "2014-09-30": -48.3, "2014-06-30": -94.7, "2014-03-31": "276.00000", "2013-12-31": 1147, "2013-09-30": -97.4, "2013-06-30": -117.8, "2013-03-31": "-212.80000", "2012-12-31": 18.5, "2012-09-30": 198.4, "2012-06-30": 194.7, "2012-03-31": "-0.20000", "2011-12-31": 48.2, "2011-09-30": -93.5, "2011-06-30": -117.5, "2011-03-31": "-119.70000", "2010-12-31": 92, "2010-09-30": -294.4, "2010-06-30": 463.6, "2010-03-31": "170.00000", "2009-12-31": 0.496, "2009-09-30": 2.718, "2009-06-30": 0, "2009-03-31": "-233.51400", "2008-12-31": -6.486, "2008-09-30": 127, "2008-06-30": -2.5, "2008-03-31": "56.00000", "2007-12-31": 165, "2007-09-30": -35, "2007-06-30": -39, "2007-03-31": "63.00000", "2006-12-31": 83.75, "2006-09-30": 22, "2006-06-30": -25, "2006-03-31": "43.50000", "2005-12-31": -15.5, "2005-09-30": -10.811, "2005-06-30": -10, "2005-03-31": ""}, "Net Current Debt": {"2020-09-30": 0, "2020-06-30": 0, "2020-03-31": "", "2019-12-31": 0, "2019-09-30": 0, "2019-06-30": 0, "2019-03-31": "", "2018-12-31": 0, "2018-09-30": 0, "2018-06-30": 0, "2018-03-31": "", "2017-12-31": 0, "2017-09-30": 0, "2017-06-30": 0, "2017-03-31": "", "2016-12-31": 0, "2016-09-30": 0, "2016-06-30": 0, "2016-03-31": "", "2015-12-31": 0, "2015-09-30": 0, "2015-06-30": 0, "2015-03-31": "", "2014-12-31": 0, "2014-09-30": 0, "2014-06-30": 0, "2014-03-31": "", "2013-12-31": 0, "2013-09-30": 0, "2013-06-30": 0, "2013-03-31": "", "2012-12-31": 0, "2012-09-30": 0, "2012-06-30": 0, "2012-03-31": "", "2011-12-31": 0, "2011-09-30": 0, "2011-06-30": 0, "2011-03-31": "", "2010-12-31": 0, "2010-09-30": 0, "2010-06-30": 25.4, "2010-03-31": "-25.40000", "2009-12-31": 0, "2009-09-30": 4.479, "2009-06-30": -2.932, "2009-03-31": "-1.54700", "2008-12-31": 4.365, "2008-09-30": -0.561, "2008-06-30": 0.946, "2008-03-31": "0.87800", "2007-12-31": -0.066, "2007-09-30": -1.395, "2007-06-30": -0.072, "2007-03-31": "-1.00900", "2006-12-31": 0, "2006-09-30": -2.085, "2006-06-30": -1.112, "2006-03-31": "-4.49000", "2005-12-31": -0.377, "2005-09-30": -2.201, "2005-06-30": -0.48, "2005-03-31": "-12.80500"}, "Debt Issuance/Retirement Net - Total": {"2020-09-30": 275, "2020-06-30": -0.2, "2020-03-31": "250.00000", "2019-12-31": 0, "2019-09-30": 0, "2019-06-30": 9.4, "2019-03-31": "-48.70000", "2018-12-31": -19.1, "2018-09-30": -36.5, "2018-06-30": 20, "2018-03-31": "5.00000", "2017-12-31": -60, "2017-09-30": -120, "2017-06-30": 5, "2017-03-31": "-85.00000", "2016-12-31": -5, "2016-09-30": -25, "2016-06-30": -167.2, "2016-03-31": "422.20000", "2015-12-31": 78.6, "2015-09-30": -58, "2015-06-30": -56.5, "2015-03-31": "33.20000", "2014-12-31": 607.3, "2014-09-30": -48.3, "2014-06-30": -94.7, "2014-03-31": "276.00000", "2013-12-31": 1147, "2013-09-30": -97.4, "2013-06-30": -117.8, "2013-03-31": "-212.80000", "2012-12-31": 18.5, "2012-09-30": 198.4, "2012-06-30": 194.7, "2012-03-31": "-0.20000", "2011-12-31": 48.2, "2011-09-30": -93.5, "2011-06-30": -117.5, "2011-03-31": "-119.70000", "2010-12-31": 92, "2010-09-30": -294.4, "2010-06-30": 489, "2010-03-31": "144.60000", "2009-12-31": 0.496, "2009-09-30": 7.197, "2009-06-30": -2.932, "2009-03-31": "-235.06100", "2008-12-31": -2.121, "2008-09-30": 126.439, "2008-06-30": -1.554, "2008-03-31": "56.87800", "2007-12-31": 164.934, "2007-09-30": -36.395, "2007-06-30": -39.072, "2007-03-31": "61.99100", "2006-12-31": 83.75, "2006-09-30": 19.915, "2006-06-30": -26.112, "2006-03-31": "39.01000", "2005-12-31": -15.877, "2005-09-30": -13.012, "2005-06-30": -10.48, "2005-03-31": "-12.80500"}, "Net Common Equity Issued/Repurchased": {"2020-09-30": -188.7, "2020-06-30": -92.2, "2020-03-31": "-164.60000", "2019-12-31": -193.4, "2019-09-30": -114.5, "2019-06-30": -106.7, "2019-03-31": "-77.00000", "2018-12-31": -93.8, "2018-09-30": -145.3, "2018-06-30": -192.3, "2018-03-31": "-178.40000", "2017-12-31": -161.8, "2017-09-30": -137.4, "2017-06-30": -140.5, "2017-03-31": "-77.30000", "2016-12-31": 268.9, "2016-09-30": 156.9, "2016-06-30": -30.9, "2016-03-31": "-66.50000", "2015-12-31": -65.2, "2015-09-30": -124.6, "2015-06-30": -119.4, "2015-03-31": "-167.30000", "2014-12-31": -156.5, "2014-09-30": -49.2, "2014-06-30": -16.4, "2014-03-31": "7.00000", "2013-12-31": -110.9, "2013-09-30": -15.6, "2013-06-30": -4.1, "2013-03-31": "45.00000", "2012-12-31": -55.1, "2012-09-30": 21.2, "2012-06-30": -27, "2012-03-31": "-34.50000", "2011-12-31": -12.9, "2011-09-30": -54.5, "2011-06-30": 13.6, "2011-03-31": "7.40000", "2010-12-31": -9.3, "2010-09-30": 4, "2010-06-30": 16, "2010-03-31": "-100.10000", "2009-12-31": 8.148, "2009-09-30": 10.636, "2009-06-30": -4.799, "2009-03-31": "-16.38500", "2008-12-31": -16.883, "2008-09-30": -26.959, "2008-06-30": -49.469, "2008-03-31": "170.83700", "2007-12-31": -300.747, "2007-09-30": -79.914, "2007-06-30": 3.133, "2007-03-31": "-73.37800", "2006-12-31": -67.613, "2006-09-30": -49.077, "2006-06-30": -329.575, "2006-03-31": "-37.44800", "2005-12-31": -38.161, "2005-09-30": -29.289, "2005-06-30": 12.284, "2005-03-31": "1.74100"}, "Net Total Equity Issued/Repurchased": {"2020-09-30": -188.7, "2020-06-30": -92.2, "2020-03-31": "-164.60000", "2019-12-31": -193.4, "2019-09-30": -114.5, "2019-06-30": -106.7, "2019-03-31": "-77.00000", "2018-12-31": -93.8, "2018-09-30": -145.3, "2018-06-30": -192.3, "2018-03-31": "-178.40000", "2017-12-31": -161.8, "2017-09-30": -137.4, "2017-06-30": -140.5, "2017-03-31": "-77.30000", "2016-12-31": 268.9, "2016-09-30": 156.9, "2016-06-30": -30.9, "2016-03-31": "-66.50000", "2015-12-31": -65.2, "2015-09-30": -124.6, "2015-06-30": -119.4, "2015-03-31": "-167.30000", "2014-12-31": -156.5, "2014-09-30": -49.2, "2014-06-30": -16.4, "2014-03-31": "7.00000", "2013-12-31": -1312.2, "2013-09-30": -15.6, "2013-06-30": -4.1, "2013-03-31": "45.00000", "2012-12-31": -55.1, "2012-09-30": 21.2, "2012-06-30": -27, "2012-03-31": "-34.50000", "2011-12-31": -12.9, "2011-09-30": -54.5, "2011-06-30": 13.6, "2011-03-31": "7.40000", "2010-12-31": -9.3, "2010-09-30": 4, "2010-06-30": 16, "2010-03-31": "-100.10000", "2009-12-31": 8.148, "2009-09-30": 10.636, "2009-06-30": -4.799, "2009-03-31": "-16.38500", "2008-12-31": -41.096, "2008-09-30": -26.959, "2008-06-30": -49.469, "2008-03-31": "-37.89300", "2007-12-31": 199.253, "2007-09-30": -79.914, "2007-06-30": 3.133, "2007-03-31": "-73.37800", "2006-12-31": -67.613, "2006-09-30": -49.077, "2006-06-30": -29.575, "2006-03-31": "-37.44800", "2005-12-31": -38.161, "2005-09-30": -29.289, "2005-06-30": 12.284, "2005-03-31": "1.74100"}, "Total Common And Preferred Stock Dividends Paid": {"2020-09-30": -0.5, "2020-06-30": -0.5, "2020-03-31": "-15.30000", "2019-12-31": -15.7, "2019-09-30": -16.2, "2019-06-30": -16.4, "2019-03-31": "-17.00000", "2018-12-31": -15.8, "2018-09-30": -16, "2018-06-30": -16.2, "2018-03-31": "-16.40000", "2017-12-31": -11.1, "2017-09-30": -11.2, "2017-06-30": -11.3, "2017-03-31": "-11.30000", "2016-12-31": 0, "2016-09-30": 0, "2016-06-30": 0, "2016-03-31": "", "2015-12-31": 0, "2015-09-30": 0, "2015-06-30": 0, "2015-03-31": "", "2014-12-31": 0, "2014-09-30": 0, "2014-06-30": 0, "2014-03-31": "", "2013-12-31": 0, "2013-09-30": 0, "2013-06-30": 0, "2013-03-31": "", "2012-12-31": 0, "2012-09-30": 0, "2012-06-30": 0, "2012-03-31": "", "2011-12-31": 0, "2011-09-30": 0, "2011-06-30": 0, "2011-03-31": "", "2010-12-31": 0, "2010-09-30": 0, "2010-06-30": 0, "2010-03-31": "", "2009-12-31": 0, "2009-09-30": 0, "2009-06-30": 0, "2009-03-31": "", "2008-12-31": 0, "2008-09-30": 0, "2008-06-30": 0, "2008-03-31": "", "2007-12-31": 0, "2007-09-30": 0, "2007-06-30": 0, "2007-03-31": "", "2006-12-31": 0, "2006-09-30": 0, "2006-06-30": 0, "2006-03-31": "", "2005-12-31": 0, "2005-09-30": 0, "2005-06-30": 0, "2005-03-31": ""}, "Financial Activities - Other": {"2020-09-30": -81, "2020-06-30": -95.7, "2020-03-31": "-107.80000", "2019-12-31": -91.4, "2019-09-30": -33.1, "2019-06-30": -113, "2019-03-31": "-101.00000", "2018-12-31": -12.7, "2018-09-30": -48.1, "2018-06-30": -94.2, "2018-03-31": "-123.30000", "2017-12-31": -85.3, "2017-09-30": -85.7, "2017-06-30": -93, "2017-03-31": "-103.80000", "2016-12-31": -99.6, "2016-09-30": -80.9, "2016-06-30": -76.1, "2016-03-31": "-95.90000", "2015-12-31": -76.2, "2015-09-30": -111.3, "2015-06-30": -107.6, "2015-03-31": "-83.40000", "2014-12-31": -142.9, "2014-09-30": -109, "2014-06-30": -162, "2014-03-31": "-188.90000", "2013-12-31": -92.3, "2013-09-30": -32.6, "2013-06-30": -58.4, "2013-03-31": "-117.90000", "2012-12-31": -37.7, "2012-09-30": -17.3, "2012-06-30": -36.3, "2012-03-31": "-78.50000", "2011-12-31": -59.7, "2011-09-30": -35.4, "2011-06-30": -12.4, "2011-03-31": "-67.40000", "2010-12-31": -20.9, "2010-09-30": 179.8, "2010-06-30": 81.2, "2010-03-31": "-36.90000", "2009-12-31": -13.827, "2009-09-30": -12.5, "2009-06-30": -23.912, "2009-03-31": "80.73900", "2008-12-31": -24.626, "2008-09-30": -72.529, "2008-06-30": -58.43, "2008-03-31": "-106.98000", "2007-12-31": -201.579, "2007-09-30": 7.147, "2007-06-30": -3.165, "2007-03-31": "18.61100", "2006-12-31": 0.277, "2006-09-30": 2.001, "2006-06-30": -8.154, "2006-03-31": "-2.05600", "2005-12-31": -2.009, "2005-09-30": -0.028, "2005-06-30": -14.388, "2005-03-31": "-0.24300"}, "Cash Flow From Financial Activities": {"2020-09-30": 4.8, "2020-06-30": -188.6, "2020-03-31": "-37.70000", "2019-12-31": -300.5, "2019-09-30": -163.8, "2019-06-30": -226.7, "2019-03-31": "-243.70000", "2018-12-31": -141.4, "2018-09-30": -245.9, "2018-06-30": -282.7, "2018-03-31": "-313.10000", "2017-12-31": -318.2, "2017-09-30": -354.3, "2017-06-30": -239.8, "2017-03-31": "-277.40000", "2016-12-31": 164.3, "2016-09-30": 51, "2016-06-30": -274.2, "2016-03-31": "259.80000", "2015-12-31": -62.8, "2015-09-30": -293.9, "2015-06-30": -283.5, "2015-03-31": "-217.50000", "2014-12-31": 307.9, "2014-09-30": -206.5, "2014-06-30": -273.1, "2014-03-31": "94.10000", "2013-12-31": -257.5, "2013-09-30": -145.6, "2013-06-30": -180.3, "2013-03-31": "-285.70000", "2012-12-31": -74.3, "2012-09-30": 202.3, "2012-06-30": 131.4, "2012-03-31": "-113.20000", "2011-12-31": -24.4, "2011-09-30": -183.4, "2011-06-30": -116.3, "2011-03-31": "-179.70000", "2010-12-31": 61.8, "2010-09-30": -110.6, "2010-06-30": 586.2, "2010-03-31": "7.60000", "2009-12-31": -5.183, "2009-09-30": 5.333, "2009-06-30": -31.643, "2009-03-31": "-170.70700", "2008-12-31": -67.843, "2008-09-30": 26.951, "2008-06-30": -109.453, "2008-03-31": "-87.99500", "2007-12-31": 162.608, "2007-09-30": -109.162, "2007-06-30": -39.104, "2007-03-31": "7.22400", "2006-12-31": 16.414, "2006-09-30": -27.161, "2006-06-30": -63.841, "2006-03-31": "-0.49400", "2005-12-31": -56.047, "2005-09-30": -42.329, "2005-06-30": -12.584, "2005-03-31": "-11.30700"}, "Net Cash Flow": {"2020-09-30": 250, "2020-06-30": 89.4, "2020-03-31": "52.60000", "2019-12-31": 139.1, "2019-09-30": 42.5, "2019-06-30": 54.8, "2019-03-31": "-257.70000", "2018-12-31": 120.6, "2018-09-30": 55.3, "2018-06-30": 58.6, "2018-03-31": "-105.30000", "2017-12-31": 64.8, "2017-09-30": 10.1, "2017-06-30": 71, "2017-03-31": "-137.20000", "2016-12-31": 36.4, "2016-09-30": 61.4, "2016-06-30": 41.1, "2016-03-31": "-269.80000", "2015-12-31": 22.1, "2015-09-30": 53.2, "2015-06-30": 50.3, "2015-03-31": "-112.40000", "2014-12-31": -9.6, "2014-09-30": 186, "2014-06-30": -372.9, "2014-03-31": "277.50000", "2013-12-31": -52.8, "2013-09-30": 108.6, "2013-06-30": 78.8, "2013-03-31": "-95.40000", "2012-12-31": 57.8, "2012-09-30": 61.6, "2012-06-30": -82.7, "2012-03-31": "-55.80000", "2011-12-31": 126.2, "2011-09-30": 12.1, "2011-06-30": 58.4, "2011-03-31": "-60.50000", "2010-12-31": 57.9, "2010-09-30": 34.9, "2010-06-30": 16.7, "2010-03-31": "-55.70000", "2009-12-31": 34.281, "2009-09-30": -49.119, "2009-06-30": 37.078, "2009-03-31": "-159.14000", "2008-12-31": -6.579, "2008-09-30": 209.773, "2008-06-30": 31.009, "2008-03-31": "-60.72600", "2007-12-31": 16.345, "2007-09-30": 40.8, "2007-06-30": 41.725, "2007-03-31": "-77.64500", "2006-12-31": -20.333, "2006-09-30": 61.656, "2006-06-30": 45.687, "2006-03-31": "-25.70400", "2005-12-31": 1.188, "2005-09-30": -32.113, "2005-06-30": 48.695, "2005-03-31": "-17.62400"}, "Stock-Based Compensation": {"2020-09-30": 25.2, "2020-06-30": 32.7, "2020-03-31": "24.80000", "2019-12-31": 27.5, "2019-09-30": 20.9, "2019-06-30": 22.5, "2019-03-31": "19.50000", "2018-12-31": 23.9, "2018-09-30": 27.7, "2018-06-30": 19.4, "2018-03-31": "30.10000", "2017-12-31": 21.8, "2017-09-30": 20.4, "2017-06-30": 22.2, "2017-03-31": "26.00000", "2016-12-31": 14.8, "2016-09-30": 32.4, "2016-06-30": 18, "2016-03-31": "15.20000", "2015-12-31": 18, "2015-09-30": 17.6, "2015-06-30": 49.8, "2015-03-31": "17.30000", "2014-12-31": 31.5, "2014-09-30": 21.1, "2014-06-30": 61.1, "2014-03-31": "", "2013-12-31": 46.5, "2013-09-30": 2.3, "2013-06-30": 35.3, "2013-03-31": "", "2012-12-31": 45.2, "2012-09-30": 8, "2012-06-30": 7.9, "2012-03-31": "8.20000", "2011-12-31": 33.1, "2011-09-30": 7.3, "2011-06-30": 5.9, "2011-03-31": "6.10000", "2010-12-31": 9.1, "2010-09-30": 3.6, "2010-06-30": 3.2, "2010-03-31": "3.60000", "2009-12-31": 2.905, "2009-09-30": 2.56, "2009-06-30": 1.958, "2009-03-31": "1.17700", "2008-12-31": 42.766, "2008-09-30": 3.802, "2008-06-30": 3.617, "2008-03-31": "3.78300", "2007-12-31": 2.423, "2007-09-30": 2.054, "2007-06-30": 1.918, "2007-03-31": "2.64400", "2006-12-31": 0.695, "2006-09-30": 0.358, "2006-06-30": 0.223, "2006-03-31": "0.37800", "2005-12-31": 0, "2005-09-30": 0, "2005-06-30": 0, "2005-03-31": ""}, "Common Stock Dividends Paid": {"2020-09-30": -0.5, "2020-06-30": -0.5, "2020-03-31": "-15.30000", "2019-12-31": -15.7, "2019-09-30": -16.2, "2019-06-30": -16.4, "2019-03-31": "-17.00000", "2018-12-31": -15.8, "2018-09-30": -16, "2018-06-30": -16.2, "2018-03-31": "-16.40000", "2017-12-31": -11.1, "2017-09-30": -11.2, "2017-06-30": -11.3, "2017-03-31": "-11.30000", "2016-12-31": 0, "2016-09-30": 0, "2016-06-30": 0, "2016-03-31": "", "2015-12-31": 0, "2015-09-30": 0, "2015-06-30": 0, "2015-03-31": "", "2014-12-31": 0, "2014-09-30": 0, "2014-06-30": 0, "2014-03-31": "", "2013-12-31": 0, "2013-09-30": 0, "2013-06-30": 0, "2013-03-31": "", "2012-12-31": 0, "2012-09-30": 0, "2012-06-30": 0, "2012-03-31": "", "2011-12-31": 0, "2011-09-30": 0, "2011-06-30": 0, "2011-03-31": "", "2010-12-31": 0, "2010-09-30": 0, "2010-06-30": 0, "2010-03-31": "", "2009-12-31": 0, "2009-09-30": 0, "2009-06-30": 0, "2009-03-31": "", "2008-12-31": 0, "2008-09-30": 0, "2008-06-30": 0, "2008-03-31": "", "2007-12-31": 0, "2007-09-30": 0, "2007-06-30": 0, "2007-03-31": "", "2006-12-31": 0, "2006-09-30": 0, "2006-06-30": 0, "2006-03-31": "", "2005-12-31": 0, "2005-09-30": 0, "2005-06-30": 0, "2005-03-31": ""}}, "financial ratios": {"Current Ratio": {"2019-12-31": "0.39400", "2018-12-31": "0.37500", "2017-12-31": "0.58850", "2016-12-31": "0.58610", "2015-12-31": "0.84130", "2014-12-31": "0.69090", "2013-12-31": "1.00600", "2012-12-31": "0.52620", "2011-12-31": "2.09870", "2010-12-31": "1.89220", "2009-12-31": "2.57840", "2008-12-31": "3.00350", "2007-12-31": "2.05390", "2006-12-31": "1.92580", "2005-12-31": "1.30700"}, "Long-term Debt / Capital": {"2019-12-31": "", "2018-12-31": "", "2017-12-31": "0.18590", "2016-12-31": "0.21900", "2015-12-31": "0.24700", "2014-12-31": "0.22210", "2013-12-31": "0.21450", "2012-12-31": "0.10060", "2011-12-31": "0.21520", "2010-12-31": "0.27080", "2009-12-31": "0.23570", "2008-12-31": "0.36700", "2007-12-31": "0.71850", "2006-12-31": "0.68370", "2005-12-31": "0.52400"}, "Debt/Equity Ratio": {"2019-12-31": "0.51260", "2018-12-31": "0.44250", "2017-12-31": "0.40510", "2016-12-31": "0.47660", "2015-12-31": "0.49860", "2014-12-31": "0.52010", "2013-12-31": "0.44000", "2012-12-31": "0.53610", "2011-12-31": "0.27430", "2010-12-31": "0.37140", "2009-12-31": "0.30840", "2008-12-31": "0.57990", "2007-12-31": "2.55240", "2006-12-31": "2.16110", "2005-12-31": "1.18120"}, "Gross Margin": {"2019-12-31": "100.00000", "2018-12-31": "100.00000", "2017-12-31": "100.00000", "2016-12-31": "100.00000", "2015-12-31": "100.00000", "2014-12-31": "100.00000", "2013-12-31": "100.00000", "2012-12-31": "100.00000", "2011-12-31": "100.00000", "2010-12-31": "100.00000", "2009-12-31": "100.00000", "2008-12-31": "100.00000", "2007-12-31": "100.00000", "2006-12-31": "100.00000", "2005-12-31": "100.00000"}, "Operating Margin": {"2019-12-31": "31.12160", "2018-12-31": "32.24860", "2017-12-31": "34.19520", "2016-12-31": "31.49090", "2015-12-31": "33.60840", "2014-12-31": "32.46650", "2013-12-31": "28.97020", "2012-12-31": "22.17670", "2011-12-31": "28.51360", "2010-12-31": "27.53650", "2009-12-31": "28.49850", "2008-12-31": "31.66250", "2007-12-31": "38.72600", "2006-12-31": "38.78430", "2005-12-31": "36.55840"}, "EBIT Margin": {"2019-12-31": "31.12160", "2018-12-31": "32.24860", "2017-12-31": "34.19520", "2016-12-31": "31.49090", "2015-12-31": "33.60840", "2014-12-31": "32.46650", "2013-12-31": "28.97020", "2012-12-31": "22.17670", "2011-12-31": "28.51360", "2010-12-31": "27.53650", "2009-12-31": "28.49850", "2008-12-31": "31.66250", "2007-12-31": "38.72600", "2006-12-31": "38.78430", "2005-12-31": "36.55840"}, "EBITDA Margin": {"2019-12-31": "38.52470", "2018-12-31": "38.00030", "2017-12-31": "38.82430", "2016-12-31": "37.40090", "2015-12-31": "39.00990", "2014-12-31": "38.30900", "2013-12-31": "35.90550", "2012-12-31": "34.03490", "2011-12-31": "35.12440", "2010-12-31": "33.55180", "2009-12-31": "34.78260", "2008-12-31": "36.04960", "2007-12-31": "42.78960", "2006-12-31": "42.31850", "2005-12-31": "40.57550"}, "Pre-Tax Profit Margin": {"2019-12-31": "13.75250", "2018-12-31": "30.00340", "2017-12-31": "46.29500", "2016-12-31": "44.40900", "2015-12-31": "43.89620", "2014-12-31": "40.36400", "2013-12-31": "39.46000", "2012-12-31": "27.42730", "2011-12-31": "26.55440", "2010-12-31": "27.88990", "2009-12-31": "29.18750", "2008-12-31": "13.09280", "2007-12-31": "40.89710", "2006-12-31": "20.32610", "2005-12-31": "20.69330"}, "Net Profit Margin": {"2019-12-31": "0.70100", "2018-12-31": "10.24220", "2017-12-31": "29.91320", "2016-12-31": "21.54380", "2015-12-31": "20.50710", "2014-12-31": "17.28070", "2013-12-31": "16.47020", "2012-12-31": "9.63720", "2011-12-31": "9.67270", "2010-12-31": "10.20470", "2009-12-31": "7.06820", "2008-12-31": "-0.11440", "2007-12-31": "12.88440", "2006-12-31": "12.92580", "2005-12-31": "12.99180"}, "Asset Turnover": {"2019-12-31": "0.29260", "2018-12-31": "0.28940", "2017-12-31": "0.26490", "2016-12-31": "0.25080", "2015-12-31": "0.31980", "2014-12-31": "0.32620", "2013-12-31": "0.34640", "2012-12-31": "0.29180", "2011-12-31": "0.32670", "2010-12-31": "0.25720", "2009-12-31": "0.24830", "2008-12-31": "0.36050", "2007-12-31": "0.40340", "2006-12-31": "0.43900", "2005-12-31": "0.39480"}, "Inventory Turnover Ratio": {"2019-12-31": "", "2018-12-31": "", "2017-12-31": "", "2016-12-31": "", "2015-12-31": "", "2014-12-31": "", "2013-12-31": "", "2012-12-31": "", "2011-12-31": "", "2010-12-31": "", "2009-12-31": "", "2008-12-31": "", "2007-12-31": "", "2006-12-31": "", "2005-12-31": ""}, "Receiveable Turnover": {"2019-12-31": "5.36950", "2018-12-31": "5.93710", "2017-12-31": "4.50550", "2016-12-31": "4.33970", "2015-12-31": "4.20320", "2014-12-31": "4.19530", "2013-12-31": "3.79800", "2012-12-31": "4.10430", "2011-12-31": "6.83560", "2010-12-31": "4.87860", "2009-12-31": "6.00780", "2008-12-31": "8.83470", "2007-12-31": "5.76460", "2006-12-31": "5.81150", "2005-12-31": "6.15720"}, "Days Sales In Receivables": {"2019-12-31": "67.97710", "2018-12-31": "61.47790", "2017-12-31": "81.01260", "2016-12-31": "84.10670", "2015-12-31": "86.83900", "2014-12-31": "87.00170", "2013-12-31": "96.10270", "2012-12-31": "88.93020", "2011-12-31": "53.39690", "2010-12-31": "74.81670", "2009-12-31": "60.75440", "2008-12-31": "41.31450", "2007-12-31": "63.31800", "2006-12-31": "62.80630", "2005-12-31": "59.28070"}, "ROE - Return On Equity": {"2019-12-31": "8.71940", "2018-12-31": "12.87340", "2017-12-31": "22.03120", "2016-12-31": "16.69490", "2015-12-31": "21.94690", "2014-12-31": "21.06390", "2013-12-31": "21.29360", "2012-12-31": "13.52670", "2011-12-31": "14.38630", "2010-12-31": "12.09530", "2009-12-31": "14.36840", "2008-12-31": "11.26380", "2007-12-31": "97.30880", "2006-12-31": "30.30250", "2005-12-31": "14.56710"}, "Return On Tangible Equity": {"2019-12-31": "-91.18350", "2018-12-31": "277.81890", "2017-12-31": "216.32030", "2016-12-31": "245.51540", "2015-12-31": "-141.23270", "2014-12-31": "-97.38580", "2013-12-31": "-101.79380", "2012-12-31": "-45.74670", "2011-12-31": "-38.30420", "2010-12-31": "-24.61450", "2009-12-31": "-42.32020", "2008-12-31": "-23.38660", "2007-12-31": "-36.29990", "2006-12-31": "-12.81930", "2005-12-31": "-15.67610"}, "ROA - Return On Assets": {"2019-12-31": "3.98640", "2018-12-31": "6.47640", "2017-12-31": "11.59150", "2016-12-31": "8.44660", "2015-12-31": "10.64690", "2014-12-31": "9.96870", "2013-12-31": "10.59700", "2012-12-31": "6.64930", "2011-12-31": "6.89030", "2010-12-31": "5.44150", "2009-12-31": "6.27860", "2008-12-31": "4.10560", "2007-12-31": "13.44570", "2006-12-31": "5.67450", "2005-12-31": "5.12870"}, "ROI - Return On Investment": {"2019-12-31": "8.71940", "2018-12-31": "12.87340", "2017-12-31": "17.93500", "2016-12-31": "13.03930", "2015-12-31": "16.52680", "2014-12-31": "16.38660", "2013-12-31": "16.72620", "2012-12-31": "12.16660", "2011-12-31": "11.28970", "2010-12-31": "8.81990", "2009-12-31": "10.98160", "2008-12-31": "7.12950", "2007-12-31": "27.39260", "2006-12-31": "9.58610", "2005-12-31": "6.93430"}, "Book Value Per Share": {"2019-12-31": "72.74640", "2018-12-31": "79.51730", "2017-12-31": "83.09440", "2016-12-31": "78.06880", "2015-12-31": "70.05760", "2014-12-31": "66.72530", "2013-12-31": "59.44420", "2012-12-31": "58.26440", "2011-12-31": "48.63040", "2010-12-31": "46.03300", "2009-12-31": "34.98750", "2008-12-31": "25.57040", "2007-12-31": "12.02340", "2006-12-31": "12.79270", "2005-12-31": "20.94560"}, "Operating Cash Flow Per Share": {"2019-12-31": -2.839, "2018-12-31": 1.228, "2017-12-31": 1.5464, "2016-12-31": -2.7835, "2015-12-31": -3.3947, "2014-12-31": 7.7244, "2013-12-31": 4.9329, "2012-12-31": -1.4207, "2011-12-31": 3.6371, "2010-12-31": 4.1142, "2009-12-31": -7.6771, "2008-12-31": 1.2792, "2007-12-31": 5.1218, "2006-12-31": 2.3262, "2005-12-31": 4.5665}, "Free Cash Flow Per Share": {"2019-12-31": -2.6813, "2018-12-31": 1.1962, "2017-12-31": 1.5851, "2016-12-31": -2.4701, "2015-12-31": -3.7337, "2014-12-31": 7.8189, "2013-12-31": 4.887, "2012-12-31": -1.4944, "2011-12-31": 3.5116, "2010-12-31": 3.996, "2009-12-31": -7.4871, "2008-12-31": 1.4259, "2007-12-31": 5.2177, "2006-12-31": 2.1585, "2005-12-31": 4.2416}}, "financial ratios, quarterly": {"Current Ratio": {"2020-09-30": "0.47220", "2020-06-30": "0.45070", "2020-03-31": "0.41870", "2019-12-31": "0.39400", "2019-09-30": "1.41700", "2019-06-30": "1.51970", "2019-03-31": "0.37210", "2018-12-31": "0.37500", "2018-09-30": "0.48630", "2018-06-30": "1.32550", "2018-03-31": "1.29840", "2017-12-31": "0.58850", "2017-09-30": "0.60900", "2017-06-30": "1.46940", "2017-03-31": "0.64750", "2016-12-31": "0.58610", "2016-09-30": "0.70360", "2016-06-30": "0.70150", "2016-03-31": "0.61260", "2015-12-31": "0.84130", "2015-09-30": "1.06350", "2015-06-30": "1.11290", "2015-03-31": "1.02960", "2014-12-31": "0.69090", "2014-09-30": "1.26170", "2014-06-30": "1.14540", "2014-03-31": "1.50570", "2013-12-31": "1.00600", "2013-09-30": "1.96880", "2013-06-30": "2.29620", "2013-03-31": "1.97390", "2012-12-31": "0.52620", "2012-09-30": "2.24750", "2012-06-30": "2.34790", "2012-03-31": "2.57980", "2011-12-31": "2.09870", "2011-09-30": "2.05200", "2011-06-30": "2.26550", "2011-03-31": "2.04020", "2010-12-31": "1.89220", "2010-09-30": "1.61960", "2010-06-30": "1.96170", "2010-03-31": "2.35360", "2009-12-31": "2.57840", "2009-09-30": "2.26810", "2009-06-30": "4.17190", "2009-03-31": "4.19560", "2008-12-31": "3.00350", "2008-09-30": "2.86270", "2008-06-30": "2.77710", "2008-03-31": "2.62200", "2007-12-31": "2.05390", "2007-09-30": "2.38310", "2007-06-30": "3.01240", "2007-03-31": "3.62550", "2006-12-31": "1.92580", "2006-09-30": "1.68220", "2006-06-30": "1.75720", "2006-03-31": "2.04150", "2005-12-31": "1.30700", "2005-09-30": "1.61370", "2005-06-30": "2.35220", "2005-03-31": "2.30080"}, "Long-term Debt / Capital": {"2020-09-30": "", "2020-06-30": "", "2020-03-31": "", "2019-12-31": "", "2019-09-30": "0.33040", "2019-06-30": "0.31890", "2019-03-31": "", "2018-12-31": "", "2018-09-30": "0.06630", "2018-06-30": "0.30170", "2018-03-31": "0.29620", "2017-12-31": "0.18590", "2017-09-30": "0.19170", "2017-06-30": "0.31740", "2017-03-31": "0.22140", "2016-12-31": "0.21900", "2016-09-30": "0.23530", "2016-06-30": "0.24660", "2016-03-31": "0.24700", "2015-12-31": "0.24700", "2015-09-30": "0.27810", "2015-06-30": "0.27630", "2015-03-31": "0.28140", "2014-12-31": "0.22210", "2014-09-30": "0.22830", "2014-06-30": "0.22860", "2014-03-31": "0.23520", "2013-12-31": "0.21450", "2013-09-30": "0.23360", "2013-06-30": "0.21460", "2013-03-31": "0.23710", "2012-12-31": "0.10060", "2012-09-30": "0.27660", "2012-06-30": "0.24490", "2012-03-31": "0.21790", "2011-12-31": "0.21520", "2011-09-30": "0.20830", "2011-06-30": "0.22730", "2011-03-31": "0.24560", "2010-12-31": "0.27080", "2010-09-30": "0.26330", "2010-06-30": "0.34560", "2010-03-31": "0.29070", "2009-12-31": "0.23570", "2009-09-30": "0.24060", "2009-06-30": "0.25340", "2009-03-31": "0.25790", "2008-12-31": "0.36700", "2008-09-30": "0.38360", "2008-06-30": "0.35750", "2008-03-31": "0.36880", "2007-12-31": "0.71850", "2007-09-30": "0.61680", "2007-06-30": "0.64980", "2007-03-31": "0.68880", "2006-12-31": "0.68370", "2006-09-30": "0.63450", "2006-06-30": "0.62550", "2006-03-31": "0.53340", "2005-12-31": "0.52400", "2005-09-30": "0.54760", "2005-06-30": "0.52340", "2005-03-31": "0.53600"}, "Debt/Equity Ratio": {"2020-09-30": "0.69430", "2020-06-30": "0.61130", "2020-03-31": "0.58280", "2019-12-31": "0.51260", "2019-09-30": "0.49340", "2019-06-30": "0.46820", "2019-03-31": "0.47360", "2018-12-31": "0.44250", "2018-09-30": "0.42610", "2018-06-30": "0.43200", "2018-03-31": "0.42090", "2017-12-31": "0.40510", "2017-09-30": "0.43450", "2017-06-30": "0.46500", "2017-03-31": "0.46370", "2016-12-31": "0.47660", "2016-09-30": "0.52440", "2016-06-30": "0.56460", "2016-03-31": "0.60990", "2015-12-31": "0.49860", "2015-09-30": "0.49900", "2015-06-30": "0.51240", "2015-03-31": "0.54240", "2014-12-31": "0.52010", "2014-09-30": "0.36690", "2014-06-30": "0.38180", "2014-03-31": "0.42610", "2013-12-31": "0.44000", "2013-09-30": "0.30470", "2013-06-30": "0.27320", "2013-03-31": "0.31070", "2012-12-31": "0.53610", "2012-09-30": "0.38240", "2012-06-30": "0.32430", "2012-03-31": "0.27860", "2011-12-31": "0.27430", "2011-09-30": "0.26320", "2011-06-30": "0.29420", "2011-03-31": "0.32560", "2010-12-31": "0.37140", "2010-09-30": "0.35750", "2010-06-30": "0.52820", "2010-03-31": "0.40980", "2009-12-31": "0.30840", "2009-09-30": "0.31690", "2009-06-30": "0.33930", "2009-03-31": "0.34750", "2008-12-31": "0.57990", "2008-09-30": "0.62220", "2008-06-30": "0.55650", "2008-03-31": "0.58420", "2007-12-31": "2.55240", "2007-09-30": "1.60980", "2007-06-30": "1.85570", "2007-03-31": "2.21370", "2006-12-31": "2.16110", "2006-09-30": "1.85920", "2006-06-30": "1.79130", "2006-03-31": "1.22370", "2005-12-31": "1.18120", "2005-09-30": "1.21040", "2005-06-30": "1.09810", "2005-03-31": "1.15510"}, "Gross Margin": {"2020-09-30": "100.00000", "2020-06-30": "100.00000", "2020-03-31": "100.00000", "2019-12-31": "100.00000", "2019-09-30": "100.00000", "2019-06-30": "100.00000", "2019-03-31": "100.00000", "2018-12-31": "100.00000", "2018-09-30": "100.00000", "2018-06-30": "100.00000", "2018-03-31": "100.00000", "2017-12-31": "100.00000", "2017-09-30": "100.00000", "2017-06-30": "100.00000", "2017-03-31": "100.00000", "2016-12-31": "100.00000", "2016-09-30": "100.00000", "2016-06-30": "100.00000", "2016-03-31": "100.00000", "2015-12-31": "100.00000", "2015-09-30": "100.00000", "2015-06-30": "100.00000", "2015-03-31": "100.00000", "2014-12-31": "100.00000", "2014-09-30": "100.00000", "2014-06-30": "100.00000", "2014-03-31": "100.00000", "2013-12-31": "100.00000", "2013-09-30": "100.00000", "2013-06-30": "100.00000", "2013-03-31": "100.00000", "2012-12-31": "100.00000", "2012-09-30": "100.00000", "2012-06-30": "100.00000", "2012-03-31": "100.00000", "2011-12-31": "100.00000", "2011-09-30": "100.00000", "2011-06-30": "100.00000", "2011-03-31": "100.00000", "2010-12-31": "100.00000", "2010-09-30": "100.00000", "2010-06-30": "100.00000", "2010-03-31": "100.00000", "2009-12-31": "100.00000", "2009-09-30": "100.00000", "2009-06-30": "100.00000", "2009-03-31": "100.00000", "2008-12-31": "100.00000", "2008-09-30": "100.00000", "2008-06-30": "100.00000", "2008-03-31": "100.00000", "2007-12-31": "100.00000", "2007-09-30": "100.00000", "2007-06-30": "100.00000", "2007-03-31": "100.00000", "2006-12-31": "100.00000", "2006-09-30": "100.00000", "2006-06-30": "100.00000", "2006-03-31": "100.00000", "2005-12-31": "100.00000", "2005-09-30": "100.00000", "2005-06-30": "100.00000", "2005-03-31": "100.00000"}, "Operating Margin": {"2020-09-30": "32.21500", "2020-06-30": "17.78820", "2020-03-31": "34.00350", "2019-12-31": "23.29010", "2019-09-30": "35.53730", "2019-06-30": "33.62050", "2019-03-31": "31.94620", "2018-12-31": "27.48850", "2018-09-30": "33.14490", "2018-06-30": "35.64410", "2018-03-31": "32.42980", "2017-12-31": "32.41190", "2017-09-30": "37.25460", "2017-06-30": "34.87480", "2017-03-31": "32.16980", "2016-12-31": "4.86920", "2016-09-30": "43.78560", "2016-06-30": "44.57680", "2016-03-31": "32.78330", "2015-12-31": "32.75690", "2015-09-30": "35.10030", "2015-06-30": "30.18870", "2015-03-31": "36.44090", "2014-12-31": "30.97320", "2014-09-30": "35.01480", "2014-06-30": "31.18030", "2014-03-31": "32.70950", "2013-12-31": "25.77440", "2013-09-30": "30.65630", "2013-06-30": "29.83360", "2013-03-31": "29.96820", "2012-12-31": "25.85050", "2012-09-30": "29.89510", "2012-06-30": "5.81940", "2012-03-31": "26.04740", "2011-12-31": "23.65810", "2011-09-30": "30.44950", "2011-06-30": "30.28340", "2011-03-31": "29.29860", "2010-12-31": "27.12150", "2010-09-30": "26.97520", "2010-06-30": "28.84670", "2010-03-31": "27.29080", "2009-12-31": "33.21220", "2009-09-30": "28.98680", "2009-06-30": "25.29090", "2009-03-31": "25.05950", "2008-12-31": "23.05740", "2008-09-30": "33.41640", "2008-06-30": "33.48640", "2008-03-31": "34.19560", "2007-12-31": "43.51060", "2007-09-30": "36.92660", "2007-06-30": "37.39290", "2007-03-31": "36.24550", "2006-12-31": "43.70140", "2006-09-30": "36.39250", "2006-06-30": "36.90250", "2006-03-31": "37.29870", "2005-12-31": "38.16960", "2005-09-30": "34.49810", "2005-06-30": "36.38920", "2005-03-31": "36.94820"}, "EBIT Margin": {"2020-09-30": "32.21500", "2020-06-30": "17.78820", "2020-03-31": "34.00350", "2019-12-31": "23.29010", "2019-09-30": "35.53730", "2019-06-30": "33.62050", "2019-03-31": "31.94620", "2018-12-31": "27.48850", "2018-09-30": "33.14490", "2018-06-30": "35.64410", "2018-03-31": "32.42980", "2017-12-31": "32.41190", "2017-09-30": "37.25460", "2017-06-30": "34.87480", "2017-03-31": "32.16980", "2016-12-31": "4.86920", "2016-09-30": "43.78560", "2016-06-30": "44.57680", "2016-03-31": "32.78330", "2015-12-31": "32.75690", "2015-09-30": "35.10030", "2015-06-30": "30.18870", "2015-03-31": "36.44090", "2014-12-31": "30.97320", "2014-09-30": "35.01480", "2014-06-30": "31.18030", "2014-03-31": "32.70950", "2013-12-31": "25.77440", "2013-09-30": "30.65630", "2013-06-30": "29.83360", "2013-03-31": "29.96820", "2012-12-31": "25.85050", "2012-09-30": "29.89510", "2012-06-30": "5.81940", "2012-03-31": "26.04740", "2011-12-31": "23.65810", "2011-09-30": "30.44950", "2011-06-30": "30.28340", "2011-03-31": "29.29860", "2010-12-31": "27.12150", "2010-09-30": "26.97520", "2010-06-30": "28.84670", "2010-03-31": "27.29080", "2009-12-31": "33.21220", "2009-09-30": "28.98680", "2009-06-30": "25.29090", "2009-03-31": "25.05950", "2008-12-31": "23.05740", "2008-09-30": "33.41640", "2008-06-30": "33.48640", "2008-03-31": "34.19560", "2007-12-31": "43.51060", "2007-09-30": "36.92660", "2007-06-30": "37.39290", "2007-03-31": "36.24550", "2006-12-31": "43.70140", "2006-09-30": "36.39250", "2006-06-30": "36.90250", "2006-03-31": "37.29870", "2005-12-31": "38.16960", "2005-09-30": "34.49810", "2005-06-30": "36.38920", "2005-03-31": "36.94820"}, "EBITDA Margin": {"2020-09-30": "", "2020-06-30": "", "2020-03-31": "", "2019-12-31": "", "2019-09-30": "", "2019-06-30": "", "2019-03-31": "", "2018-12-31": "", "2018-09-30": "", "2018-06-30": "", "2018-03-31": "", "2017-12-31": "", "2017-09-30": "", "2017-06-30": "", "2017-03-31": "", "2016-12-31": "", "2016-09-30": "", "2016-06-30": "", "2016-03-31": "", "2015-12-31": "", "2015-09-30": "", "2015-06-30": "", "2015-03-31": "", "2014-12-31": "", "2014-09-30": "", "2014-06-30": "", "2014-03-31": "", "2013-12-31": "", "2013-09-30": "", "2013-06-30": "", "2013-03-31": "", "2012-12-31": "", "2012-09-30": "", "2012-06-30": "", "2012-03-31": "", "2011-12-31": "", "2011-09-30": "", "2011-06-30": "", "2011-03-31": "", "2010-12-31": "", "2010-09-30": "", "2010-06-30": "", "2010-03-31": "", "2009-12-31": "", "2009-09-30": "", "2009-06-30": "", "2009-03-31": "", "2008-12-31": "", "2008-09-30": "", "2008-06-30": "", "2008-03-31": "", "2007-12-31": "", "2007-09-30": "", "2007-06-30": "", "2007-03-31": "", "2006-12-31": "", "2006-09-30": "", "2006-06-30": "", "2006-03-31": "", "2005-12-31": "", "2005-09-30": "", "2005-06-30": "", "2005-03-31": ""}, "Pre-Tax Profit Margin": {"2020-09-30": "33.40740", "2020-06-30": "14.17960", "2020-03-31": "8.31850", "2019-12-31": "16.97260", "2019-09-30": "35.08200", "2019-06-30": "36.47580", "2019-03-31": "-35.86820", "2018-12-31": "-11.26460", "2018-09-30": "41.64310", "2018-06-30": "39.87670", "2018-03-31": "46.94640", "2017-12-31": "43.70140", "2017-09-30": "48.30120", "2017-06-30": "46.75070", "2017-03-31": "46.53680", "2016-12-31": "51.23550", "2016-09-30": "41.52740", "2016-06-30": "42.57350", "2016-03-31": "42.26260", "2015-12-31": "49.03360", "2015-09-30": "40.62960", "2015-06-30": "40.51960", "2015-03-31": "45.71650", "2014-12-31": "48.76800", "2014-09-30": "39.57520", "2014-06-30": "37.57660", "2014-03-31": "35.12060", "2013-12-31": "56.68350", "2013-09-30": "33.97390", "2013-06-30": "31.86690", "2013-03-31": "33.29350", "2012-12-31": "36.09700", "2012-09-30": "29.42440", "2012-06-30": "14.64150", "2012-03-31": "28.15420", "2011-12-31": "27.11230", "2011-09-30": "24.14210", "2011-06-30": "27.60110", "2011-03-31": "27.23430", "2010-12-31": "34.70410", "2010-09-30": "26.24150", "2010-06-30": "22.61370", "2010-03-31": "25.77690", "2009-12-31": "34.39000", "2009-09-30": "33.67320", "2009-06-30": "30.40710", "2009-03-31": "15.21610", "2008-12-31": "-48.00960", "2008-09-30": "21.92770", "2008-06-30": "34.23640", "2008-03-31": "26.66740", "2007-12-31": "96.09930", "2007-09-30": "19.55870", "2007-06-30": "20.05860", "2007-03-31": "18.76150", "2006-12-31": "23.63560", "2006-09-30": "18.76090", "2006-06-30": "18.23760", "2006-03-31": "20.11820", "2005-12-31": "22.58010", "2005-09-30": "19.32890", "2005-06-30": "20.00080", "2005-03-31": "20.44270"}, "Net Profit Margin": {"2020-09-30": "14.40990", "2020-06-30": "6.51670", "2020-03-31": "-3.07510", "2019-12-31": "4.04970", "2019-09-30": "15.71950", "2019-06-30": "18.19560", "2019-03-31": "-36.97290", "2018-12-31": "-26.79770", "2018-09-30": "20.77170", "2018-06-30": "19.49680", "2018-03-31": "24.98370", "2017-12-31": "52.19330", "2017-09-30": "21.41030", "2017-06-30": "22.12300", "2017-03-31": "22.50600", "2016-12-31": "27.30740", "2016-09-30": "20.23130", "2016-06-30": "19.54520", "2016-03-31": "19.06860", "2015-12-31": "24.60160", "2015-09-30": "17.56650", "2015-06-30": "19.90410", "2015-03-31": "20.15750", "2014-12-31": "24.07990", "2014-09-30": "16.11740", "2014-06-30": "15.57440", "2014-03-31": "13.01640", "2013-12-31": "26.63300", "2013-09-30": "13.63310", "2013-06-30": "11.95930", "2013-03-31": "12.42530", "2012-12-31": "15.29840", "2012-09-30": "11.74830", "2012-06-30": "1.53630", "2012-03-31": "8.95380", "2011-12-31": "9.99010", "2011-09-30": "9.69070", "2011-06-30": "9.84210", "2011-03-31": "9.17190", "2010-12-31": "14.71360", "2010-09-30": "9.59370", "2010-06-30": "7.58810", "2010-03-31": "6.97210", "2009-12-31": "10.06750", "2009-09-30": "8.17110", "2009-06-30": "5.45550", "2009-03-31": "3.43190", "2008-12-31": "-37.44670", "2008-09-30": "5.66360", "2008-06-30": "11.21000", "2008-03-31": "9.31940", "2007-12-31": "14.46760", "2007-09-30": "12.32190", "2007-06-30": "12.63700", "2007-03-31": "11.81980", "2006-12-31": "14.89070", "2006-09-30": "11.81930", "2006-06-30": "11.98700", "2006-03-31": "12.67440", "2005-12-31": "14.22590", "2005-09-30": "12.17720", "2005-06-30": "12.60030", "2005-03-31": "12.67440"}, "Asset Turnover": {"2020-09-30": "0.06450", "2020-06-30": "0.06280", "2020-03-31": "0.06780", "2019-12-31": "0.07260", "2019-09-30": "0.07150", "2019-06-30": "0.07660", "2019-03-31": "0.07070", "2018-12-31": "0.06870", "2018-09-30": "0.07040", "2018-06-30": "0.07070", "2018-03-31": "0.07130", "2017-12-31": "0.06940", "2017-09-30": "0.06730", "2017-06-30": "0.06610", "2017-03-31": "0.06340", "2016-12-31": "0.06290", "2016-09-30": "0.06540", "2016-06-30": "0.06900", "2016-03-31": "0.06740", "2015-12-31": "0.07590", "2015-09-30": "0.08140", "2015-06-30": "0.08420", "2015-03-31": "0.08470", "2014-12-31": "0.08330", "2014-09-30": "0.09300", "2014-06-30": "0.09450", "2014-03-31": "0.08960", "2013-12-31": "0.09400", "2013-09-30": "0.08810", "2013-06-30": "0.08910", "2013-03-31": "0.08070", "2012-12-31": "0.07930", "2012-09-30": "0.07750", "2012-06-30": "0.07650", "2012-03-31": "0.08020", "2011-12-31": "0.07710", "2011-09-30": "0.08060", "2011-06-30": "0.08680", "2011-03-31": "0.08110", "2010-12-31": "0.07970", "2010-09-30": "0.07160", "2010-06-30": "0.06720", "2010-03-31": "0.06490", "2009-12-31": "0.07210", "2009-09-30": "0.06540", "2009-06-30": "0.06530", "2009-03-31": "0.05970", "2008-12-31": "0.06950", "2008-09-30": "0.08250", "2008-06-30": "0.09240", "2008-03-31": "0.10170", "2007-12-31": "0.11280", "2007-09-30": "0.12540", "2007-06-30": "0.12370", "2007-03-31": "0.12060", "2006-12-31": "0.12330", "2006-09-30": "0.11080", "2006-06-30": "0.11520", "2006-03-31": "0.11610", "2005-12-31": "0.11740", "2005-09-30": "0.10340", "2005-06-30": "0.10540", "2005-03-31": "0.10480"}, "Inventory Turnover Ratio": {"2020-09-30": "", "2020-06-30": "", "2020-03-31": "", "2019-12-31": "", "2019-09-30": "", "2019-06-30": "", "2019-03-31": "", "2018-12-31": "", "2018-09-30": "", "2018-06-30": "", "2018-03-31": "", "2017-12-31": "", "2017-09-30": "", "2017-06-30": "", "2017-03-31": "", "2016-12-31": "", "2016-09-30": "", "2016-06-30": "", "2016-03-31": "", "2015-12-31": "", "2015-09-30": "", "2015-06-30": "", "2015-03-31": "", "2014-12-31": "", "2014-09-30": "", "2014-06-30": "", "2014-03-31": "", "2013-12-31": "", "2013-09-30": "", "2013-06-30": "", "2013-03-31": "", "2012-12-31": "", "2012-09-30": "", "2012-06-30": "", "2012-03-31": "", "2011-12-31": "", "2011-09-30": "", "2011-06-30": "", "2011-03-31": "", "2010-12-31": "", "2010-09-30": "", "2010-06-30": "", "2010-03-31": "", "2009-12-31": "", "2009-09-30": "", "2009-06-30": "", "2009-03-31": "", "2008-12-31": "", "2008-09-30": "", "2008-06-30": "", "2008-03-31": "", "2007-12-31": "", "2007-09-30": "", "2007-06-30": "", "2007-03-31": "", "2006-12-31": "", "2006-09-30": "", "2006-06-30": "", "2006-03-31": "", "2005-12-31": "", "2005-09-30": "", "2005-06-30": "", "2005-03-31": ""}, "Receiveable Turnover": {"2020-09-30": "1.22230", "2020-06-30": "0.94770", "2020-03-31": "1.16010", "2019-12-31": "1.33210", "2019-09-30": "1.13170", "2019-06-30": "1.11950", "2019-03-31": "0.94960", "2018-12-31": "1.40940", "2018-09-30": "1.14640", "2018-06-30": "1.23500", "2018-03-31": "1.15070", "2017-12-31": "1.18080", "2017-09-30": "1.01020", "2017-06-30": "1.29660", "2017-03-31": "1.21220", "2016-12-31": "1.08840", "2016-09-30": "0.90740", "2016-06-30": "0.82040", "2016-03-31": "0.77500", "2015-12-31": "0.99780", "2015-09-30": "1.31510", "2015-06-30": "1.34150", "2015-03-31": "1.23540", "2014-12-31": "1.07130", "2014-09-30": "1.21990", "2014-06-30": "1.31740", "2014-03-31": "0.95310", "2013-12-31": "1.03070", "2013-09-30": "1.28520", "2013-06-30": "1.42480", "2013-03-31": "0.94290", "2012-12-31": "1.11590", "2012-09-30": "1.58780", "2012-06-30": "1.47020", "2012-03-31": "1.36820", "2011-12-31": "1.61350", "2011-09-30": "1.49490", "2011-06-30": "1.34120", "2011-03-31": "1.27250", "2010-12-31": "1.51110", "2010-09-30": "1.47030", "2010-06-30": "1.29620", "2010-03-31": "0.80390", "2009-12-31": "1.74580", "2009-09-30": "1.64540", "2009-06-30": "1.76690", "2009-03-31": "1.76160", "2008-12-31": "1.70400", "2008-09-30": "1.70490", "2008-06-30": "1.72250", "2008-03-31": "1.60120", "2007-12-31": "1.61150", "2007-09-30": "1.75020", "2007-06-30": "1.76570", "2007-03-31": "1.73800", "2006-12-31": "1.63250", "2006-09-30": "1.74790", "2006-06-30": "1.91640", "2006-03-31": "1.79850", "2005-12-31": "1.83070", "2005-09-30": "1.71870", "2005-06-30": "1.86210", "2005-03-31": "1.84050"}, "Days Sales In Receivables": {"2020-09-30": "73.62980", "2020-06-30": "94.96710", "2020-03-31": "77.58130", "2019-12-31": "67.56480", "2019-09-30": "79.52460", "2019-06-30": "80.39030", "2019-03-31": "94.77260", "2018-12-31": "63.85760", "2018-09-30": "78.50490", "2018-06-30": "72.87290", "2018-03-31": "78.21360", "2017-12-31": "76.21920", "2017-09-30": "89.09340", "2017-06-30": "69.41150", "2017-03-31": "74.24220", "2016-12-31": "82.69080", "2016-09-30": "99.18670", "2016-06-30": "109.70220", "2016-03-31": "116.12210", "2015-12-31": "90.19840", "2015-09-30": "68.43580", "2015-06-30": "67.08940", "2015-03-31": "72.85040", "2014-12-31": "84.00660", "2014-09-30": "73.77950", "2014-06-30": "68.31680", "2014-03-31": "94.43100", "2013-12-31": "87.31820", "2013-09-30": "70.02900", "2013-06-30": "63.16640", "2013-03-31": "95.44800", "2012-12-31": "80.64980", "2012-09-30": "56.68090", "2012-06-30": "61.21510", "2012-03-31": "65.78170", "2011-12-31": "55.78030", "2011-09-30": "60.20300", "2011-06-30": "67.10580", "2011-03-31": "70.72490", "2010-12-31": "59.55790", "2010-09-30": "61.21070", "2010-06-30": "69.43420", "2010-03-31": "111.95930", "2009-12-31": "51.55230", "2009-09-30": "54.69670", "2009-06-30": "50.93720", "2009-03-31": "51.09140", "2008-12-31": "52.81630", "2008-09-30": "52.78930", "2008-06-30": "52.24860", "2008-03-31": "56.20860", "2007-12-31": "55.84720", "2007-09-30": "51.42140", "2007-06-30": "50.97160", "2007-03-31": "51.78270", "2006-12-31": "55.12980", "2006-09-30": "51.48970", "2006-06-30": "46.96240", "2006-03-31": "50.04090", "2005-12-31": "49.16200", "2005-09-30": "52.36490", "2005-06-30": "48.33170", "2005-03-31": "48.89980"}, "ROE - Return On Equity": {"2020-09-30": "3.83970", "2020-06-30": "1.90010", "2020-03-31": "1.14000", "2019-12-31": "2.73780", "2019-09-30": "4.46160", "2019-06-30": "4.71010", "2019-03-31": "-3.53700", "2018-12-31": "-2.38940", "2018-09-30": "4.67230", "2018-06-30": "4.70920", "2018-03-31": "5.06490", "2017-12-31": "8.60330", "2017-09-30": "4.92250", "2017-06-30": "4.67690", "2017-03-31": "4.43120", "2016-12-31": "4.65380", "2016-09-30": "4.36500", "2016-06-30": "4.85140", "2016-03-31": "4.59920", "2015-12-31": "5.98550", "2015-09-30": "5.29690", "2015-06-30": "5.22160", "2015-03-31": "6.22600", "2014-12-31": "6.59040", "2014-09-30": "5.40430", "2014-06-30": "5.07660", "2014-03-31": "4.72200", "2013-12-31": "7.92790", "2013-09-30": "5.20880", "2013-06-30": "4.33970", "2013-03-31": "4.26930", "2012-12-31": "4.58340", "2012-09-30": "4.13700", "2012-06-30": "2.22490", "2012-03-31": "3.75970", "2011-12-31": "3.56460", "2011-09-30": "3.28220", "2011-06-30": "4.10470", "2011-03-31": "3.80250", "2010-12-31": "4.51730", "2010-09-30": "3.12250", "2010-06-30": "2.85880", "2010-03-31": "3.43340", "2009-12-31": "4.42400", "2009-09-30": "4.73500", "2009-06-30": "4.22990", "2009-03-31": "1.80100", "2008-12-31": "-5.45980", "2008-09-30": "3.27760", "2008-06-30": "7.30160", "2008-03-31": "6.34630", "2007-12-31": "71.50030", "2007-09-30": "6.63960", "2007-06-30": "7.07610", "2007-03-31": "7.12820", "2006-12-31": "9.80630", "2006-09-30": "6.19340", "2006-06-30": "6.24490", "2006-03-31": "4.31570", "2005-12-31": "4.74260", "2005-09-30": "3.51700", "2005-06-30": "3.42610", "2005-03-31": "3.46910"}, "Return On Tangible Equity": {"2020-09-30": "-36.97920", "2020-06-30": "-18.78700", "2020-03-31": "-16.21400", "2019-12-31": "-28.63120", "2019-09-30": "-73.95080", "2019-06-30": "-254.51870", "2019-03-31": "77.50590", "2018-12-31": "-51.56590", "2018-09-30": "64.01400", "2018-06-30": "65.03970", "2018-03-31": "71.74880", "2017-12-31": "84.47360", "2017-09-30": "78.75040", "2017-06-30": "82.82020", "2017-03-31": "76.55220", "2016-12-31": "68.43870", "2016-09-30": "-109.39070", "2016-06-30": "-40.49410", "2016-03-31": "-31.68950", "2015-12-31": "-38.51800", "2015-09-30": "-25.77250", "2015-06-30": "-24.25290", "2015-03-31": "-27.54960", "2014-12-31": "-30.46950", "2014-09-30": "-36.01370", "2014-06-30": "-29.95120", "2014-03-31": "-27.90130", "2013-12-31": "-37.89910", "2013-09-30": "-18.87290", "2013-06-30": "-18.02310", "2013-03-31": "-15.44970", "2012-12-31": "-15.50100", "2012-09-30": "-10.60240", "2012-06-30": "-4.92720", "2012-03-31": "-9.77920", "2011-12-31": "-9.49080", "2011-09-30": "-7.79330", "2011-06-30": "-9.50950", "2011-03-31": "-7.44320", "2010-12-31": "-9.19290", "2010-09-30": "-5.81410", "2010-06-30": "-4.32810", "2010-03-31": "-6.71210", "2009-12-31": "-13.03020", "2009-09-30": "-12.13800", "2009-06-30": "-13.97300", "2009-03-31": "-5.41010", "2008-12-31": "11.33600", "2008-09-30": "-7.07790", "2008-06-30": "-14.25280", "2008-03-31": "-11.69390", "2007-12-31": "-26.67230", "2007-09-30": "-3.94210", "2007-06-30": "-3.73510", "2007-03-31": "-3.16880", "2006-12-31": "-4.14850", "2006-09-30": "-3.16150", "2006-06-30": "-3.26840", "2006-03-31": "-4.68690", "2005-12-31": "-5.10360", "2005-09-30": "-3.74950", "2005-06-30": "-4.62580", "2005-03-31": "-4.28610"}, "ROA - Return On Assets": {"2020-09-30": "1.66630", "2020-06-30": "0.84710", "2020-03-31": "0.53460", "2019-12-31": "1.25170", "2019-09-30": "2.11100", "2019-06-30": "2.33180", "2019-03-31": "-1.73240", "2018-12-31": "-1.20210", "2018-09-30": "2.36450", "2018-06-30": "2.41680", "2018-03-31": "2.60940", "2017-12-31": "4.52650", "2017-09-30": "2.49160", "2017-06-30": "2.36790", "2017-03-31": "2.25380", "2016-12-31": "2.35450", "2016-09-30": "2.11330", "2016-06-30": "2.28510", "2016-03-31": "2.14430", "2015-12-31": "2.90370", "2015-09-30": "2.53480", "2015-06-30": "2.47300", "2015-03-31": "2.94510", "2014-12-31": "3.11900", "2014-09-30": "2.75850", "2014-06-30": "2.64480", "2014-03-31": "2.40750", "2013-12-31": "3.94540", "2013-09-30": "2.49800", "2013-06-30": "2.20990", "2013-03-31": "2.08350", "2012-12-31": "2.25310", "2012-09-30": "1.95830", "2012-06-30": "1.08470", "2012-03-31": "1.78510", "2011-12-31": "1.70730", "2011-09-30": "1.56090", "2011-06-30": "1.89670", "2011-03-31": "1.69980", "2010-12-31": "2.03230", "2010-09-30": "1.39370", "2010-06-30": "1.17850", "2010-03-31": "1.36580", "2009-12-31": "1.93310", "2009-09-30": "2.04120", "2009-06-30": "1.82610", "2009-03-31": "0.77740", "2008-12-31": "-1.99000", "2008-09-30": "1.11770", "2008-06-30": "2.55620", "2008-03-31": "2.15540", "2007-12-31": "9.87960", "2007-09-30": "1.54570", "2007-06-30": "1.56320", "2007-03-31": "1.42600", "2006-12-31": "1.83630", "2006-09-30": "1.30930", "2006-06-30": "1.38130", "2006-03-31": "1.47120", "2005-12-31": "1.66970", "2005-09-30": "1.25930", "2005-06-30": "1.32810", "2005-03-31": "1.32870"}, "ROI - Return On Investment": {"2020-09-30": "3.83970", "2020-06-30": "1.90010", "2020-03-31": "1.14000", "2019-12-31": "2.73780", "2019-09-30": "2.98760", "2019-06-30": "3.20800", "2019-03-31": "-3.53700", "2018-12-31": "-2.38940", "2018-09-30": "4.36280", "2018-06-30": "3.28850", "2018-03-31": "3.56460", "2017-12-31": "7.00370", "2017-09-30": "3.97870", "2017-06-30": "3.19240", "2017-03-31": "3.45020", "2016-12-31": "3.63480", "2016-09-30": "3.33800", "2016-06-30": "3.65520", "2016-03-31": "3.46320", "2015-12-31": "4.50730", "2015-09-30": "3.82370", "2015-06-30": "3.77900", "2015-03-31": "4.47430", "2014-12-31": "5.12690", "2014-09-30": "4.17070", "2014-06-30": "3.91630", "2014-03-31": "3.61120", "2013-12-31": "6.22740", "2013-09-30": "3.99220", "2013-06-30": "3.40850", "2013-03-31": "3.25720", "2012-12-31": "4.12260", "2012-09-30": "2.99280", "2012-06-30": "1.68000", "2012-03-31": "2.94040", "2011-12-31": "2.79730", "2011-09-30": "2.59850", "2011-06-30": "3.17160", "2011-03-31": "2.86850", "2010-12-31": "3.29400", "2010-09-30": "2.30020", "2010-06-30": "1.87070", "2010-03-31": "2.43550", "2009-12-31": "3.38120", "2009-09-30": "3.59570", "2009-06-30": "3.15820", "2009-03-31": "1.33660", "2008-12-31": "-3.45580", "2008-09-30": "2.02040", "2008-06-30": "4.69100", "2008-03-31": "4.00600", "2007-12-31": "20.12740", "2007-09-30": "2.54410", "2007-06-30": "2.47790", "2007-03-31": "2.21800", "2006-12-31": "3.10220", "2006-09-30": "2.26340", "2006-06-30": "2.33870", "2006-03-31": "2.01370", "2005-12-31": "2.25760", "2005-09-30": "1.59110", "2005-06-30": "1.63300", "2005-03-31": "1.60970"}, "Book Value Per Share": {"2020-09-30": "73.31280", "2020-06-30": "71.40810", "2020-03-31": "74.34110", "2019-12-31": "72.74640", "2019-09-30": "73.10260", "2019-06-30": "75.45960", "2019-03-31": "73.15760", "2018-12-31": "79.51730", "2018-09-30": "81.99620", "2018-06-30": "81.59920", "2018-03-31": "81.44750", "2017-12-31": "83.09440", "2017-09-30": "79.21400", "2017-06-30": "78.18250", "2017-03-31": "74.68380", "2016-12-31": "78.06880", "2016-09-30": "71.07230", "2016-06-30": "67.82260", "2016-03-31": "67.60570", "2015-12-31": "70.05760", "2015-09-30": "66.40700", "2015-06-30": "65.17560", "2015-03-31": "63.52690", "2014-12-31": "66.72530", "2014-09-30": "63.23030", "2014-06-30": "63.11630", "2014-03-31": "61.06440", "2013-12-31": "59.44420", "2013-09-30": "56.67530", "2013-06-30": "58.51060", "2013-03-31": "57.60550", "2012-12-31": "58.26440", "2012-09-30": "55.10900", "2012-06-30": "53.30690", "2012-03-31": "48.16110", "2011-12-31": "48.63040", "2011-09-30": "47.41400", "2011-06-30": "47.26830", "2011-03-31": "45.16740", "2010-12-31": "46.03300", "2010-09-30": "42.84880", "2010-06-30": "39.84100", "2010-03-31": "34.52010", "2009-12-31": "34.98750", "2009-09-30": "34.07870", "2009-06-30": "31.90600", "2009-03-31": "31.26670", "2008-12-31": "25.57040", "2008-09-30": "30.28910", "2008-06-30": "29.82030", "2008-03-31": "28.65180", "2007-12-31": "12.02340", "2007-09-30": "21.44800", "2007-06-30": "20.03420", "2007-03-31": "17.24610", "2006-12-31": "12.79270", "2006-09-30": "17.73600", "2006-06-30": "17.80830", "2006-03-31": "26.07240", "2005-12-31": "20.94560", "2005-09-30": "23.87880", "2005-06-30": "22.34280", "2005-03-31": "21.98120"}, "Operating Cash Flow Per Share": {"2020-09-30": 5.543, "2020-06-30": 6.1458, "2020-03-31": "1.79080", "2019-12-31": 6.1276, "2019-09-30": 6.1714, "2019-06-30": 6.4076, "2019-03-31": "-0.34490", "2018-12-31": 5.3848, "2018-09-30": 5.1646, "2018-06-30": 7.0548, "2018-03-31": "3.59650", "2017-12-31": 6.242, "2017-09-30": 6.1668, "2017-06-30": 5.5014, "2017-03-31": "2.06250", "2016-12-31": 6.3327, "2016-09-30": 6.0724, "2016-06-30": 5.5689, "2016-03-31": "0.45230", "2015-12-31": 6.1887, "2015-09-30": 6.8385, "2015-06-30": 6.122, "2015-03-31": "2.06060", "2014-12-31": 7.0807, "2014-09-30": 6.4655, "2014-06-30": 5.6652, "2014-03-31": "5.39310", "2013-12-31": 3.7413, "2013-09-30": 4.626, "2013-06-30": 4.7822, "2013-03-31": "3.73060", "2012-12-31": 3.5114, "2012-09-30": 3.9576, "2012-06-30": 3.4858, "2012-03-31": "0.99240", "2011-12-31": 2.9924, "2011-09-30": 4.6133, "2011-06-30": 3.346, "2011-03-31": "2.41620", "2010-12-31": 2.9582, "2010-09-30": 2.926, "2010-06-30": 2.3488, "2010-03-31": "1.49780", "2009-12-31": 1.8199, "2009-09-30": 1.7599, "2009-06-30": 1.6549, "2009-03-31": "0.38190", "2008-12-31": 3.0698, "2008-09-30": 4.494, "2008-06-30": 4.5095, "2008-03-31": "1.22040", "2007-12-31": 6.683, "2007-09-30": 3.7644, "2007-06-30": 2.6285, "2007-03-31": "-1.06140", "2006-12-31": 1.6873, "2006-09-30": 2.3684, "2006-06-30": 2.882, "2006-03-31": "-0.04500", "2005-12-31": 1.5251, "2005-09-30": 1.6599, "2005-06-30": 1.5184, "2005-03-31": "-0.13690"}, "Free Cash Flow Per Share": {"2020-09-30": 5.4919, "2020-06-30": 6.105, "2020-03-31": "1.73640", "2019-12-31": 6.0648, "2019-09-30": 6.1679, "2019-06-30": 6.3419, "2019-03-31": "-0.40270", "2018-12-31": 5.281, "2018-09-30": 5.1109, "2018-06-30": 6.9613, "2018-03-31": "3.50000", "2017-12-31": 6.1647, "2017-09-30": 6.0511, "2017-06-30": 5.448, "2017-03-31": "1.99320", "2016-12-31": 6.245, "2016-09-30": 5.9574, "2016-06-30": 5.4896, "2016-03-31": "0.37990", "2015-12-31": 5.9683, "2015-09-30": 6.5946, "2015-06-30": 5.9999, "2015-03-31": "1.97920", "2014-12-31": 6.9849, "2014-09-30": 6.418, "2014-06-30": 5.554, "2014-03-31": "5.31880", "2013-12-31": 3.5974, "2013-09-30": 4.5096, "2013-06-30": 4.704, "2013-03-31": "3.64580", "2012-12-31": 3.3207, "2012-09-30": 3.8658, "2012-06-30": 3.4154, "2012-03-31": "0.96790", "2011-12-31": 2.8453, "2011-09-30": 4.5391, "2011-06-30": 3.2956, "2011-03-31": "2.38420", "2010-12-31": 2.884, "2010-09-30": 2.8892, "2010-06-30": 2.3058, "2010-03-31": "1.47360", "2009-12-31": 1.7973, "2009-09-30": 1.7507, "2009-06-30": 1.6401, "2009-03-31": "0.36850", "2008-12-31": 3.0122, "2008-09-30": 4.4229, "2008-06-30": 4.4506, "2008-03-31": "1.15800", "2007-12-31": 6.553, "2007-09-30": 3.6782, "2007-06-30": 2.5396, "2007-03-31": "-1.15300", "2006-12-31": 1.5317, "2006-09-30": 2.2954, "2006-06-30": 2.7721, "2006-03-31": "-0.19910", "2005-12-31": 1.4029, "2005-09-30": 1.5697, "2005-06-30": 1.4656, "2005-03-31": "-0.19660"}}, "revenue": {"Affiliated Managers Annual Revenue (Millions of US $)": {"2019": "$2,240", "2018": "$2,378", "2017": "$2,305", "2016": "$2,195", "2015": "$2,485", "2014": "$2,511", "2013": "$2,189", "2012": "$1,806", "2011": "$1,705", "2010": "$1,358", "2009": "$842", "2008": "$1,158", "2007": "$1,370", "2006": "$1,170", "2005": "$916"}, "Affiliated Managers Quarterly Revenue (Millions of US $)": {"2020-09-30": "$495", "2020-06-30": "$471", "2020-03-31": "$507", "2019-12-31": "$556", "2019-09-30": "$549", "2019-06-30": "$592", "2019-03-31": "$543", "2018-12-31": "$565", "2018-09-30": "$601", "2018-06-30": "$600", "2018-03-31": "$612", "2017-12-31": "$604", "2017-09-30": "$586", "2017-06-30": "$571", "2017-03-31": "$544", "2016-12-31": "$550", "2016-09-30": "$545", "2016-06-30": "$554", "2016-03-31": "$545", "2015-12-31": "$590", "2015-09-30": "$613", "2015-06-30": "$647", "2015-03-31": "$635", "2014-12-31": "$641", "2014-09-30": "$640", "2014-06-30": "$636", "2014-03-31": "$593", "2013-12-31": "$594", "2013-09-30": "$552", "2013-06-30": "$541", "2013-03-31": "$502", "2012-12-31": "$491", "2012-09-30": "$467", "2012-06-30": "$430", "2012-03-31": "$418", "2011-12-31": "$402", "2011-09-30": "$414", "2011-06-30": "$462", "2011-03-31": "$426", "2010-12-31": "$421", "2010-09-30": "$354", "2010-06-30": "$332", "2010-03-31": "$251", "2009-12-31": "$245", "2009-09-30": "$217", "2009-06-30": "$201", "2009-03-31": "$178", "2008-12-31": "$223", "2008-09-30": "$291", "2008-06-30": "$309", "2008-03-31": "$335", "2007-12-31": "$383", "2007-09-30": "$346", "2007-06-30": "$331", "2007-03-31": "$310", "2006-12-31": "$329", "2006-09-30": "$280", "2006-06-30": "$283", "2006-03-31": "$278", "2005-12-31": "$272", "2005-09-30": "$234", "2005-06-30": "$208", "2005-03-31": "$202"}}, "gross-profit": {"Affiliated Managers Annual Gross Profit (Millions of US $)": {"2019": "$2,240", "2018": "$2,378", "2017": "$2,305", "2016": "$2,195", "2015": "$2,485", "2014": "$2,511", "2013": "$2,189", "2012": "$1,806", "2011": "$1,705", "2010": "$1,358", "2009": "$842", "2008": "$1,158", "2007": "$1,370", "2006": "$1,170", "2005": "$916"}, "Affiliated Managers Quarterly Gross Profit (Millions of US $)": {"2020-09-30": "$495", "2020-06-30": "$471", "2020-03-31": "$507", "2019-12-31": "$556", "2019-09-30": "$549", "2019-06-30": "$592", "2019-03-31": "$543", "2018-12-31": "$565", "2018-09-30": "$601", "2018-06-30": "$600", "2018-03-31": "$612", "2017-12-31": "$604", "2017-09-30": "$586", "2017-06-30": "$571", "2017-03-31": "$544", "2016-12-31": "$550", "2016-09-30": "$545", "2016-06-30": "$554", "2016-03-31": "$545", "2015-12-31": "$590", "2015-09-30": "$613", "2015-06-30": "$647", "2015-03-31": "$635", "2014-12-31": "$641", "2014-09-30": "$640", "2014-06-30": "$636", "2014-03-31": "$593", "2013-12-31": "$594", "2013-09-30": "$552", "2013-06-30": "$541", "2013-03-31": "$502", "2012-12-31": "$491", "2012-09-30": "$467", "2012-06-30": "$430", "2012-03-31": "$418", "2011-12-31": "$402", "2011-09-30": "$414", "2011-06-30": "$462", "2011-03-31": "$426", "2010-12-31": "$421", "2010-09-30": "$354", "2010-06-30": "$332", "2010-03-31": "$251", "2009-12-31": "$245", "2009-09-30": "$217", "2009-06-30": "$201", "2009-03-31": "$178", "2008-12-31": "$223", "2008-09-30": "$291", "2008-06-30": "$309", "2008-03-31": "$335", "2007-12-31": "$383", "2007-09-30": "$346", "2007-06-30": "$331", "2007-03-31": "$310", "2006-12-31": "$329", "2006-09-30": "$280", "2006-06-30": "$283", "2006-03-31": "$278", "2005-12-31": "$272", "2005-09-30": "$234", "2005-06-30": "$208", "2005-03-31": "$202"}}, "operating-income": {"Affiliated Managers Annual Operating Income (Millions of US $)": {"2019": "$697", "2018": "$767", "2017": "$788", "2016": "$691", "2015": "$835", "2014": "$815", "2013": "$634", "2012": "$400", "2011": "$486", "2010": "$374", "2009": "$240", "2008": "$367", "2007": "$530", "2006": "$454", "2005": "$335"}, "Affiliated Managers Quarterly Operating Income (Millions of US $)": {"2020-09-30": "$159", "2020-06-30": "$84", "2020-03-31": "$173", "2019-12-31": "$129", "2019-09-30": "$195", "2019-06-30": "$199", "2019-03-31": "$174", "2018-12-31": "$155", "2018-09-30": "$199", "2018-06-30": "$214", "2018-03-31": "$199", "2017-12-31": "$196", "2017-09-30": "$218", "2017-06-30": "$199", "2017-03-31": "$175", "2016-12-31": "$27", "2016-09-30": "$239", "2016-06-30": "$247", "2016-03-31": "$179", "2015-12-31": "$193", "2015-09-30": "$215", "2015-06-30": "$195", "2015-03-31": "$231", "2014-12-31": "$199", "2014-09-30": "$224", "2014-06-30": "$198", "2014-03-31": "$194", "2013-12-31": "$153", "2013-09-30": "$169", "2013-06-30": "$161", "2013-03-31": "$151", "2012-12-31": "$127", "2012-09-30": "$140", "2012-06-30": "$25", "2012-03-31": "$109", "2011-12-31": "$95", "2011-09-30": "$126", "2011-06-30": "$140", "2011-03-31": "$125", "2010-12-31": "$114", "2010-09-30": "$96", "2010-06-30": "$96", "2010-03-31": "$69", "2009-12-31": "$81", "2009-09-30": "$63", "2009-06-30": "$51", "2009-03-31": "$45", "2008-12-31": "$52", "2008-09-30": "$97", "2008-06-30": "$103", "2008-03-31": "$115", "2007-12-31": "$167", "2007-09-30": "$128", "2007-06-30": "$124", "2007-03-31": "$112", "2006-12-31": "$144", "2006-09-30": "$102", "2006-06-30": "$104", "2006-03-31": "$104", "2005-12-31": "$104", "2005-09-30": "$81", "2005-06-30": "$76", "2005-03-31": "$74"}}, "ebitda": {"Affiliated Managers Annual EBITDA (Millions of US $)": {"2019": "$863", "2018": "$904", "2017": "$895", "2016": "$821", "2015": "$969", "2014": "$962", "2013": "$786", "2012": "$615", "2011": "$599", "2010": "$456", "2009": "$293", "2008": "$418", "2007": "$586", "2006": "$495", "2005": "$372"}, "Affiliated Managers Quarterly EBITDA (Millions of US $)": {"2020-09-30": "$196", "2020-06-30": "$170", "2020-03-31": "$198", "2019-12-31": "$207", "2019-09-30": "$222", "2019-06-30": "$226", "2019-03-31": "$208", "2018-12-31": "$199", "2018-09-30": "$235", "2018-06-30": "$243", "2018-03-31": "$227", "2017-12-31": "$223", "2017-09-30": "$244", "2017-06-30": "$226", "2017-03-31": "$202", "2016-12-31": "$56", "2016-09-30": "$272", "2016-06-30": "$282", "2016-03-31": "$212", "2015-12-31": "$221", "2015-09-30": "$253", "2015-06-30": "$230", "2015-03-31": "$266", "2014-12-31": "$243", "2014-09-30": "$263", "2014-06-30": "$231", "2014-03-31": "$225", "2013-12-31": "$197", "2013-09-30": "$205", "2013-06-30": "$197", "2013-03-31": "$187", "2012-12-31": "$156", "2012-09-30": "$169", "2012-06-30": "$145", "2012-03-31": "$144", "2011-12-31": "$124", "2011-09-30": "$154", "2011-06-30": "$168", "2011-03-31": "$153", "2010-12-31": "$141", "2010-09-30": "$122", "2010-06-30": "$111", "2010-03-31": "$82", "2009-12-31": "$95", "2009-09-30": "$76", "2009-06-30": "$61", "2009-03-31": "$61", "2008-12-31": "$61", "2008-09-30": "$112", "2008-06-30": "$116", "2008-03-31": "$129", "2007-12-31": "$187", "2007-09-30": "$140", "2007-06-30": "$136", "2007-03-31": "$124", "2006-12-31": "$154", "2006-09-30": "$112", "2006-06-30": "$115", "2006-03-31": "$114", "2005-12-31": "$114", "2005-09-30": "$91", "2005-06-30": "$84", "2005-03-31": "$83"}}, "net-income": {"Affiliated Managers Annual Net Income (Millions of US $)": {"2019": "$16", "2018": "$244", "2017": "$690", "2016": "$473", "2015": "$510", "2014": "$434", "2013": "$361", "2012": "$174", "2011": "$165", "2010": "$139", "2009": "$60", "2008": "$-1", "2007": "$176", "2006": "$151", "2005": "$119"}, "Affiliated Managers Quarterly Net Income (Millions of US $)": {"2020-09-30": "$71", "2020-06-30": "$31", "2020-03-31": "$-16", "2019-12-31": "$23", "2019-09-30": "$86", "2019-06-30": "$108", "2019-03-31": "$-201", "2018-12-31": "$-151", "2018-09-30": "$125", "2018-06-30": "$117", "2018-03-31": "$153", "2017-12-31": "$315", "2017-09-30": "$125", "2017-06-30": "$126", "2017-03-31": "$123", "2016-12-31": "$150", "2016-09-30": "$110", "2016-06-30": "$108", "2016-03-31": "$104", "2015-12-31": "$145", "2015-09-30": "$108", "2015-06-30": "$129", "2015-03-31": "$128", "2014-12-31": "$154", "2014-09-30": "$103", "2014-06-30": "$99", "2014-03-31": "$77", "2013-12-31": "$158", "2013-09-30": "$75", "2013-06-30": "$65", "2013-03-31": "$62", "2012-12-31": "$75", "2012-09-30": "$55", "2012-06-30": "$7", "2012-03-31": "$37", "2011-12-31": "$40", "2011-09-30": "$40", "2011-06-30": "$46", "2011-03-31": "$39", "2010-12-31": "$62", "2010-09-30": "$34", "2010-06-30": "$25", "2010-03-31": "$18", "2009-12-31": "$25", "2009-09-30": "$18", "2009-06-30": "$11", "2009-03-31": "$6", "2008-12-31": "$-84", "2008-09-30": "$16", "2008-06-30": "$35", "2008-03-31": "$31", "2007-12-31": "$55", "2007-09-30": "$43", "2007-06-30": "$42", "2007-03-31": "$37", "2006-12-31": "$49", "2006-09-30": "$33", "2006-06-30": "$34", "2006-03-31": "$35", "2005-12-31": "$39", "2005-09-30": "$29", "2005-06-30": "$26", "2005-03-31": "$26"}}, "eps-earnings-per-share-diluted": {"Affiliated Managers Annual EPS": {"2019": "$0.31", "2018": "$4.52", "2017": "$12.03", "2016": "$8.57", "2015": "$9.17", "2014": "$7.70", "2013": "$6.55", "2012": "$3.28", "2011": "$3.11", "2010": "$2.81", "2009": "$1.38", "2008": "$-0.03", "2007": "$4.51", "2006": "$3.70", "2005": "$2.81"}, "Affiliated Managers Quarterly EPS": {"2020-09-30": "$1.53", "2020-06-30": "$0.65", "2020-03-31": "$-0.33", "2019-12-31": "$0.36", "2019-09-30": "$1.71", "2019-06-30": "$2.11", "2019-03-31": "$-3.87", "2018-12-31": "$-2.75", "2018-09-30": "$2.34", "2018-06-30": "$2.16", "2018-03-31": "$2.77", "2017-12-31": "$5.46", "2017-09-30": "$2.22", "2017-06-30": "$2.22", "2017-03-31": "$2.13", "2016-12-31": "$2.67", "2016-09-30": "$2.02", "2016-06-30": "$1.98", "2016-03-31": "$1.90", "2015-12-31": "$2.62", "2015-09-30": "$1.96", "2015-06-30": "$2.31", "2015-03-31": "$2.28", "2014-12-31": "$2.73", "2014-09-30": "$1.82", "2014-06-30": "$1.75", "2014-03-31": "$1.40", "2013-12-31": "$2.85", "2013-09-30": "$1.37", "2013-06-30": "$1.18", "2013-03-31": "$1.15", "2012-12-31": "$1.41", "2012-09-30": "$1.04", "2012-06-30": "$0.12", "2012-03-31": "$0.71", "2011-12-31": "$0.76", "2011-09-30": "$0.76", "2011-06-30": "$0.85", "2011-03-31": "$0.74", "2010-12-31": "$1.25", "2010-09-30": "$0.65", "2010-06-30": "$0.53", "2010-03-31": "$0.38", "2009-12-31": "$0.57", "2009-09-30": "$0.40", "2009-06-30": "$0.26", "2009-03-31": "$0.15", "2008-12-31": "$-2.05", "2008-09-30": "$0.39", "2008-06-30": "$0.82", "2008-03-31": "$0.81", "2007-12-31": "$1.48", "2007-09-30": "$1.06", "2007-06-30": "$1.04", "2007-03-31": "$0.93", "2006-12-31": "$1.16", "2006-09-30": "$0.87", "2006-06-30": "$0.86", "2006-03-31": "$0.81", "2005-12-31": "$0.90", "2005-09-30": "$0.67", "2005-06-30": "$0.63", "2005-03-31": "$0.61"}}, "shares-outstanding": {"Affiliated Managers Annual Shares Outstanding (Millions of Shares)": {"2019": "51", "2018": "54", "2017": "59", "2016": "57", "2015": "57", "2014": "58", "2013": "57", "2012": "53", "2011": "53", "2010": "49", "2009": "43", "2008": "38", "2007": "42", "2006": "44", "2005": "45"}, "Affiliated Managers Quarterly Shares Outstanding (Millions of Shares)": {"2020-09-30": "47", "2020-06-30": "47", "2020-03-31": "48", "2019-12-31": "51", "2019-09-30": "50", "2019-06-30": "51", "2019-03-31": "52", "2018-12-31": "54", "2018-09-30": "55", "2018-06-30": "54", "2018-03-31": "57", "2017-12-31": "59", "2017-09-30": "58", "2017-06-30": "59", "2017-03-31": "59", "2016-12-31": "57", "2016-09-30": "57", "2016-06-30": "57", "2016-03-31": "57", "2015-12-31": "57", "2015-09-30": "57", "2015-06-30": "58", "2015-03-31": "58", "2014-12-31": "58", "2014-09-30": "59", "2014-06-30": "57", "2014-03-31": "55", "2013-12-31": "57", "2013-09-30": "57", "2013-06-30": "55", "2013-03-31": "54", "2012-12-31": "53", "2012-09-30": "53", "2012-06-30": "53", "2012-03-31": "53", "2011-12-31": "53", "2011-09-30": "53", "2011-06-30": "53", "2011-03-31": "53", "2010-12-31": "49", "2010-09-30": "52", "2010-06-30": "48", "2010-03-31": "45", "2009-12-31": "43", "2009-09-30": "44", "2009-06-30": "43", "2009-03-31": "41", "2008-12-31": "38", "2008-09-30": "42", "2008-06-30": "42", "2008-03-31": "41", "2007-12-31": "42", "2007-09-30": "43", "2007-06-30": "45", "2007-03-31": "45", "2006-12-31": "44", "2006-09-30": "44", "2006-06-30": "45", "2006-03-31": "46", "2005-12-31": "45", "2005-09-30": "45", "2005-06-30": "44", "2005-03-31": "44"}}, "total-assets": {"Affiliated Managers Annual Total Assets (Millions of US $)": {"2019": "$7,654", "2018": "$8,219", "2017": "$8,702", "2016": "$8,749", "2015": "$7,769", "2014": "$7,698", "2013": "$6,319", "2012": "$6,187", "2011": "$5,219", "2010": "$5,280", "2009": "$3,391", "2008": "$3,213", "2007": "$3,396", "2006": "$2,666", "2005": "$2,322"}, "Affiliated Managers Quarterly Total Assets (Millions of US $)": {"2020-09-30": "$7,670", "2020-06-30": "$7,496", "2020-03-31": "$7,482", "2019-12-31": "$7,654", "2019-09-30": "$7,679", "2019-06-30": "$7,728", "2019-03-31": "$7,677", "2018-12-31": "$8,219", "2018-09-30": "$8,539", "2018-06-30": "$8,491", "2018-03-31": "$8,584", "2017-12-31": "$8,702", "2017-09-30": "$8,701", "2017-06-30": "$8,632", "2017-03-31": "$8,590", "2016-12-31": "$8,749", "2016-09-30": "$8,323", "2016-06-30": "$8,035", "2016-03-31": "$8,091", "2015-12-31": "$7,769", "2015-09-30": "$7,535", "2015-06-30": "$7,679", "2015-03-31": "$7,494", "2014-12-31": "$7,698", "2014-09-30": "$6,884", "2014-06-30": "$6,730", "2014-03-31": "$6,621", "2013-12-31": "$6,319", "2013-09-30": "$6,261", "2013-06-30": "$6,073", "2013-03-31": "$6,225", "2012-12-31": "$6,187", "2012-09-30": "$6,031", "2012-06-30": "$5,615", "2012-03-31": "$5,210", "2011-12-31": "$5,219", "2011-09-30": "$5,132", "2011-06-30": "$5,325", "2011-03-31": "$5,259", "2010-12-31": "$5,280", "2010-09-30": "$4,951", "2010-06-30": "$4,938", "2010-03-31": "$3,866", "2009-12-31": "$3,391", "2009-09-30": "$3,325", "2009-06-30": "$3,080", "2009-03-31": "$2,989", "2008-12-31": "$3,213", "2008-09-30": "$3,524", "2008-06-30": "$3,342", "2008-03-31": "$3,294", "2007-12-31": "$3,396", "2007-09-30": "$2,755", "2007-06-30": "$2,680", "2007-03-31": "$2,568", "2006-12-31": "$2,666", "2006-09-30": "$2,532", "2006-06-30": "$2,457", "2006-03-31": "$2,395", "2005-12-31": "$2,322", "2005-09-30": "$2,264", "2005-06-30": "$1,976", "2005-03-31": "$1,923"}}, "cash-on-hand": {"Affiliated Managers Annual Cash on Hand (Millions of US $)": {"2019": "$540", "2018": "$566", "2017": "$440", "2016": "$431", "2015": "$564", "2014": "$551", "2013": "$470", "2012": "$430", "2011": "$450", "2010": "$313", "2009": "$259", "2008": "$396", "2007": "$223", "2006": "$202", "2005": "$140"}, "Affiliated Managers Quarterly Cash on Hand (Millions of US $)": {"2020-09-30": "$929", "2020-06-30": "$682", "2020-03-31": "$592", "2019-12-31": "$540", "2019-09-30": "$403", "2019-06-30": "$360", "2019-03-31": "$305", "2018-12-31": "$566", "2018-09-30": "$448", "2018-06-30": "$393", "2018-03-31": "$334", "2017-12-31": "$440", "2017-09-30": "$375", "2017-06-30": "$365", "2017-03-31": "$294", "2016-12-31": "$431", "2016-09-30": "$422", "2016-06-30": "$360", "2016-03-31": "$298", "2015-12-31": "$564", "2015-09-30": "$542", "2015-06-30": "$489", "2015-03-31": "$438", "2014-12-31": "$551", "2014-09-30": "$560", "2014-06-30": "$374", "2014-03-31": "$747", "2013-12-31": "$470", "2013-09-30": "$522", "2013-06-30": "$414", "2013-03-31": "$335", "2012-12-31": "$430", "2012-09-30": "$373", "2012-06-30": "$311", "2012-03-31": "$394", "2011-12-31": "$450", "2011-09-30": "$323", "2011-06-30": "$311", "2011-03-31": "$253", "2010-12-31": "$313", "2010-09-30": "$255", "2010-06-30": "$221", "2010-03-31": "$204", "2009-12-31": "$259", "2009-09-30": "$225", "2009-06-30": "$274", "2009-03-31": "$237", "2008-12-31": "$396", "2008-09-30": "$403", "2008-06-30": "$193", "2008-03-31": "$162", "2007-12-31": "$223", "2007-09-30": "$207", "2007-06-30": "$166", "2007-03-31": "$124", "2006-12-31": "$202", "2006-09-30": "$222", "2006-06-30": "$160", "2006-03-31": "$115", "2005-12-31": "$140", "2005-09-30": "$139", "2005-06-30": "$171", "2005-03-31": "$123"}}, "long-term-debt": {"Affiliated Managers Annual Long Term Debt (Millions of US $)": {"2019": "$", "2018": "$", "2017": "$1,046", "2016": "$1,241", "2015": "$1,236", "2014": "$1,040", "2013": "$859", "2012": "$340", "2011": "$686", "2010": "$882", "2009": "$457", "2008": "$679", "2007": "$1,198", "2006": "$1,079", "2005": "$900"}, "Affiliated Managers Quarterly Long Term Debt (Millions of US $)": {"2020-09-30": "", "2020-06-30": "", "2020-03-31": "", "2019-12-31": "", "2019-09-30": "$1,793", "2019-06-30": "$1,791", "2019-03-31": "", "2018-12-31": "", "2018-09-30": "$307", "2018-06-30": "$1,883", "2018-03-31": "$1,862", "2017-12-31": "$1,046", "2017-09-30": "$1,045", "2017-06-30": "$2,032", "2017-03-31": "$1,242", "2016-12-31": "$1,241", "2016-09-30": "$1,240", "2016-06-30": "$1,239", "2016-03-31": "$1,237", "2015-12-31": "$1,236", "2015-09-30": "$1,389", "2015-06-30": "$1,388", "2015-03-31": "$1,388", "2014-12-31": "$1,040", "2014-09-30": "$1,039", "2014-06-30": "$1,039", "2014-03-31": "$1,038", "2013-12-31": "$859", "2013-09-30": "$915", "2013-06-30": "$845", "2013-03-31": "$944", "2012-12-31": "$340", "2012-09-30": "$1,092", "2012-06-30": "$888", "2012-03-31": "$689", "2011-12-31": "$686", "2011-09-30": "$642", "2011-06-30": "$724", "2011-03-31": "$766", "2010-12-31": "$882", "2010-09-30": "$790", "2010-06-30": "$1,075", "2010-03-31": "$630", "2009-12-31": "$457", "2009-09-30": "$454", "2009-06-30": "$451", "2009-03-31": "$448", "2008-12-31": "$679", "2008-09-30": "$748", "2008-06-30": "$651", "2008-03-31": "$654", "2007-12-31": "$1,198", "2007-09-30": "$1,032", "2007-06-30": "$1,098", "2007-03-31": "$1,137", "2006-12-31": "$1,079", "2006-09-30": "$929", "2006-06-30": "$908", "2006-03-31": "$933", "2005-12-31": "$900", "2005-09-30": "$981", "2005-06-30": "$841", "2005-03-31": "$851"}}, "total-liabilities": {"Affiliated Managers Annual Total Liabilities (Millions of US $)": {"2019": "$4,154", "2018": "$4,084", "2017": "$4,124", "2016": "$4,323", "2015": "$4,000", "2014": "$4,055", "2013": "$3,174", "2012": "$3,146", "2011": "$2,719", "2010": "$2,905", "2009": "$1,909", "2008": "$2,042", "2007": "$2,927", "2006": "$2,167", "2005": "$1,504"}, "Affiliated Managers Quarterly Total Liabilities (Millions of US $)": {"2020-09-30": "$4,341", "2020-06-30": "$4,154", "2020-03-31": "$3,973", "2019-12-31": "$4,154", "2019-09-30": "$4,046", "2019-06-30": "$3,902", "2019-03-31": "$3,917", "2018-12-31": "$4,084", "2018-09-30": "$4,218", "2018-06-30": "$4,133", "2018-03-31": "$4,162", "2017-12-31": "$4,124", "2017-09-30": "$4,297", "2017-06-30": "$4,262", "2017-03-31": "$4,221", "2016-12-31": "$4,323", "2016-09-30": "$4,294", "2016-06-30": "$4,250", "2016-03-31": "$4,319", "2015-12-31": "$4,000", "2015-09-30": "$3,929", "2015-06-30": "$4,042", "2015-03-31": "$3,949", "2014-12-31": "$4,055", "2014-09-30": "$3,370", "2014-06-30": "$3,224", "2014-03-31": "$3,245", "2013-12-31": "$3,174", "2013-09-30": "$3,259", "2013-06-30": "$2,980", "2013-03-31": "$3,187", "2012-12-31": "$3,146", "2012-09-30": "$3,176", "2012-06-30": "$2,878", "2012-03-31": "$2,736", "2011-12-31": "$2,719", "2011-09-30": "$2,691", "2011-06-30": "$2,864", "2011-03-31": "$2,908", "2010-12-31": "$2,905", "2010-09-30": "$2,741", "2010-06-30": "$2,903", "2010-03-31": "$2,328", "2009-12-31": "$1,909", "2009-09-30": "$1,891", "2009-06-30": "$1,750", "2009-03-31": "$1,699", "2008-12-31": "$2,042", "2008-09-30": "$2,322", "2008-06-30": "$2,172", "2008-03-31": "$2,175", "2007-12-31": "$2,927", "2007-09-30": "$2,114", "2007-06-30": "$2,088", "2007-03-31": "$2,054", "2006-12-31": "$2,167", "2006-09-30": "$1,996", "2006-06-30": "$1,913", "2006-03-31": "$1,579", "2005-12-31": "$1,504", "2005-09-30": "$1,453", "2005-06-30": "$1,210", "2005-03-31": "$1,187"}}, "total-share-holder-equity": {"Affiliated Managers Annual Share Holder Equity (Millions of US $)": {"2019": "$3,499", "2018": "$4,135", "2017": "$4,579", "2016": "$4,427", "2015": "$3,769", "2014": "$3,643", "2013": "$3,145", "2012": "$3,041", "2011": "$2,500", "2010": "$2,375", "2009": "$1,482", "2008": "$1,171", "2007": "$469", "2006": "$499", "2005": "$817"}, "Affiliated Managers Quarterly Share Holder Equity (Millions of US $)": {"2020-09-30": "$3,328", "2020-06-30": "$3,342", "2020-03-31": "$3,509", "2019-12-31": "$3,499", "2019-09-30": "$3,633", "2019-06-30": "$3,826", "2019-03-31": "$3,760", "2018-12-31": "$4,135", "2018-09-30": "$4,321", "2018-06-30": "$4,357", "2018-03-31": "$4,423", "2017-12-31": "$4,579", "2017-09-30": "$4,404", "2017-06-30": "$4,370", "2017-03-31": "$4,369", "2016-12-31": "$4,427", "2016-09-30": "$4,030", "2016-06-30": "$3,785", "2016-03-31": "$3,772", "2015-12-31": "$3,769", "2015-09-30": "$3,606", "2015-06-30": "$3,637", "2015-03-31": "$3,545", "2014-12-31": "$3,643", "2014-09-30": "$3,514", "2014-06-30": "$3,506", "2014-03-31": "$3,376", "2013-12-31": "$3,145", "2013-09-30": "$3,003", "2013-06-30": "$3,092", "2013-03-31": "$3,038", "2012-12-31": "$3,041", "2012-09-30": "$2,855", "2012-06-30": "$2,737", "2012-03-31": "$2,474", "2011-12-31": "$2,500", "2011-09-30": "$2,440", "2011-06-30": "$2,461", "2011-03-31": "$2,351", "2010-12-31": "$2,375", "2010-09-30": "$2,210", "2010-06-30": "$2,036", "2010-03-31": "$1,538", "2009-12-31": "$1,482", "2009-09-30": "$1,433", "2009-06-30": "$1,330", "2009-03-31": "$1,290", "2008-12-31": "$1,171", "2008-09-30": "$1,202", "2008-06-30": "$1,170", "2008-03-31": "$1,119", "2007-12-31": "$469", "2007-09-30": "$641", "2007-06-30": "$592", "2007-03-31": "$514", "2006-12-31": "$499", "2006-09-30": "$535", "2006-06-30": "$543", "2006-03-31": "$817", "2005-12-31": "$817", "2005-09-30": "$811", "2005-06-30": "$766", "2005-03-31": "$737"}}, "profit-margins": {"current": "5.37%"}, "gross margin": {"2020-09-30": "100.00%", "2020-06-30": "100.00%", "2020-03-31": "100.00%", "2019-12-31": "100.00%", "2019-09-30": "100.00%", "2019-06-30": "100.00%", "2019-03-31": "100.00%", "2018-12-31": "100.00%", "2018-09-30": "100.00%", "2018-06-30": "100.00%", "2018-03-31": "100.00%", "2017-12-31": "100.00%", "2017-09-30": "100.00%", "2017-06-30": "100.00%", "2017-03-31": "100.00%", "2016-12-31": "100.00%", "2016-09-30": "100.00%", "2016-06-30": "100.00%", "2016-03-31": "100.00%", "2015-12-31": "100.00%", "2015-09-30": "100.00%", "2015-06-30": "100.00%", "2015-03-31": "100.00%", "2014-12-31": "100.00%", "2014-09-30": "100.00%", "2014-06-30": "100.00%", "2014-03-31": "100.00%", "2013-12-31": "100.00%", "2013-09-30": "100.00%", "2013-06-30": "100.00%", "2013-03-31": "100.00%", "2012-12-31": "100.00%", "2012-09-30": "100.00%", "2012-06-30": "100.00%", "2012-03-31": "100.00%", "2011-12-31": "100.00%", "2011-09-30": "100.00%", "2011-06-30": "100.00%", "2011-03-31": "100.00%", "2010-12-31": "100.00%", "2010-09-30": "100.00%", "2010-06-30": "100.00%", "2010-03-31": "100.00%", "2009-12-31": "100.00%", "2009-09-30": "100.00%", "2009-06-30": "100.00%", "2009-03-31": "100.00%", "2008-12-31": "100.00%", "2008-09-30": "100.00%", "2008-06-30": "100.00%", "2008-03-31": "100.00%", "2007-12-31": "100.00%", "2007-09-30": "100.00%", "2007-06-30": "100.00%", "2007-03-31": "100.00%", "2006-12-31": "100.00%", "2006-09-30": "100.00%", "2006-06-30": "100.00%", "2006-03-31": "100.00%", "2005-12-31": "100.00%"}, "operating margin": {"2020-09-30": "26.86%", "2020-06-30": "27.89%", "2020-03-31": "31.58%", "2019-12-31": "31.12%", "2019-09-30": "32.15%", "2019-06-30": "31.59%", "2019-03-31": "32.14%", "2018-12-31": "32.25%", "2018-09-30": "33.43%", "2018-06-30": "34.43%", "2018-03-31": "34.22%", "2017-12-31": "34.19%", "2017-09-30": "27.50%", "2017-06-30": "28.96%", "2017-03-31": "31.37%", "2016-12-31": "31.54%", "2016-09-30": "38.41%", "2016-06-30": "36.23%", "2016-03-31": "32.65%", "2015-12-31": "33.56%", "2015-09-30": "33.12%", "2015-06-30": "33.13%", "2015-03-31": "33.39%", "2014-12-31": "32.47%", "2014-09-30": "31.22%", "2014-06-30": "30.06%", "2014-03-31": "29.69%", "2013-12-31": "28.96%", "2013-09-30": "29.15%", "2013-06-30": "28.94%", "2013-03-31": "23.44%", "2012-12-31": "22.20%", "2012-09-30": "21.49%", "2012-06-30": "21.33%", "2012-03-31": "27.71%", "2011-12-31": "28.52%", "2011-09-30": "29.31%", "2011-06-30": "28.56%", "2011-03-31": "28.11%", "2010-12-31": "27.61%", "2010-09-30": "28.93%", "2010-06-30": "29.57%", "2010-03-31": "28.88%", "2009-12-31": "28.54%", "2009-09-30": "25.76%", "2009-06-30": "27.44%", "2009-03-31": "29.67%", "2008-12-31": "31.69%", "2008-09-30": "36.57%", "2008-06-30": "37.36%", "2008-03-31": "38.28%", "2007-12-31": "38.76%", "2007-09-30": "38.60%", "2007-06-30": "38.56%", "2007-03-31": "38.44%", "2006-12-31": "38.80%", "2006-09-30": "37.20%", "2006-06-30": "36.83%", "2006-03-31": "36.79%", "2005-12-31": "36.57%"}, "ebitda margin": {"2020-09-30": "38.00%", "2020-06-30": "38.26%", "2020-03-31": "38.70%", "2019-12-31": "38.53%", "2019-09-30": "38.02%", "2019-06-30": "37.72%", "2019-03-31": "38.33%", "2018-12-31": "38.02%", "2018-09-30": "38.39%", "2018-06-30": "39.01%", "2018-03-31": "38.77%", "2017-12-31": "38.83%", "2017-09-30": "32.34%", "2017-06-30": "34.21%", "2017-03-31": "37.03%", "2016-12-31": "37.47%", "2016-09-30": "44.18%", "2016-06-30": "42.05%", "2016-03-31": "38.25%", "2015-12-31": "39.03%", "2015-09-30": "39.12%", "2015-06-30": "39.09%", "2015-03-31": "39.30%", "2014-12-31": "38.33%", "2014-09-30": "37.19%", "2014-06-30": "36.13%", "2014-03-31": "36.14%", "2013-12-31": "35.91%", "2013-09-30": "35.71%", "2013-06-30": "35.43%", "2013-03-31": "34.76%", "2012-12-31": "34.00%", "2012-09-30": "33.90%", "2012-06-30": "34.07%", "2012-03-31": "34.79%", "2011-12-31": "35.15%", "2011-09-30": "35.75%", "2011-06-30": "35.12%", "2011-03-31": "34.38%", "2010-12-31": "33.58%", "2010-09-30": "34.69%", "2010-06-30": "34.83%", "2010-03-31": "34.35%", "2009-12-31": "34.84%", "2009-09-30": "31.62%", "2009-06-30": "33.03%", "2009-03-31": "34.97%", "2008-12-31": "36.10%", "2008-09-30": "41.27%", "2008-06-30": "41.66%", "2008-03-31": "42.44%", "2007-12-31": "42.85%", "2007-09-30": "42.10%", "2007-06-30": "42.08%", "2007-03-31": "42.01%", "2006-12-31": "42.31%", "2006-09-30": "40.88%", "2006-06-30": "40.67%", "2006-03-31": "40.63%", "2005-12-31": "40.61%"}, "pre tax profit margin": {"2020-09-30": "18.14%", "2020-06-30": "19.01%", "2020-03-31": "24.73%", "2019-12-31": "13.75%", "2019-09-30": "6.67%", "2019-06-30": "9.00%", "2019-03-31": "9.96%", "2018-12-31": "29.98%", "2018-09-30": "43.07%", "2018-06-30": "44.71%", "2018-03-31": "46.44%", "2017-12-31": "46.29%", "2017-09-30": "48.20%", "2017-06-30": "46.52%", "2017-03-31": "45.46%", "2016-12-31": "44.44%", "2016-09-30": "43.96%", "2016-06-30": "43.66%", "2016-03-31": "43.05%", "2015-12-31": "43.86%", "2015-09-30": "43.93%", "2015-06-30": "43.62%", "2015-03-31": "42.91%", "2014-12-31": "40.36%", "2014-09-30": "42.10%", "2014-06-30": "40.88%", "2014-03-31": "39.65%", "2013-12-31": "39.42%", "2013-09-30": "33.70%", "2013-06-30": "32.68%", "2013-03-31": "28.84%", "2012-12-31": "27.46%", "2012-09-30": "24.93%", "2012-06-30": "23.44%", "2012-03-31": "26.83%", "2011-12-31": "26.58%", "2011-09-30": "28.44%", "2011-06-30": "29.04%", "2011-03-31": "28.05%", "2010-12-31": "27.91%", "2010-09-30": "26.82%", "2010-06-30": "28.42%", "2010-03-31": "30.96%", "2009-12-31": "29.13%", "2009-09-30": "6.59%", "2009-06-30": "5.04%", "2009-03-31": "8.99%", "2008-12-31": "13.13%", "2008-09-30": "47.57%", "2008-06-30": "45.96%", "2008-03-31": "42.37%", "2007-12-31": "40.88%", "2007-09-30": "20.52%", "2007-06-30": "20.40%", "2007-03-31": "20.05%", "2006-12-31": "20.43%", "2006-09-30": "20.04%", "2006-06-30": "20.15%", "2006-03-31": "20.67%", "2005-12-31": "20.74%"}, "net profit margin": {"2020-09-30": "5.37%", "2020-06-30": "5.95%", "2020-03-31": "9.12%", "2019-12-31": "0.71%", "2019-09-30": "-7.03%", "2019-06-30": "-5.17%", "2019-03-31": "-4.76%", "2018-12-31": "10.26%", "2018-09-30": "29.38%", "2018-06-30": "29.56%", "2018-03-31": "30.30%", "2017-12-31": "29.89%", "2017-09-30": "23.28%", "2017-06-30": "23.03%", "2017-03-31": "22.39%", "2016-12-31": "21.51%", "2016-09-30": "20.90%", "2016-06-30": "20.20%", "2016-03-31": "20.29%", "2015-12-31": "20.52%", "2015-09-30": "20.47%", "2015-06-30": "20.05%", "2015-03-31": "18.97%", "2014-12-31": "17.25%", "2014-09-30": "17.74%", "2014-06-30": "17.22%", "2014-03-31": "16.45%", "2013-12-31": "16.45%", "2013-09-30": "13.28%", "2013-06-30": "12.84%", "2013-03-31": "10.53%", "2012-12-31": "9.63%", "2012-09-30": "8.10%", "2012-06-30": "7.45%", "2012-03-31": "9.61%", "2011-12-31": "9.68%", "2011-09-30": "10.85%", "2011-06-30": "10.88%", "2011-03-31": "10.44%", "2010-12-31": "10.24%", "2010-09-30": "8.63%", "2010-06-30": "8.23%", "2010-03-31": "7.88%", "2009-12-31": "7.13%", "2009-09-30": "-5.98%", "2009-06-30": "-5.71%", "2009-03-31": "-2.70%", "2008-12-31": "-0.17%", "2008-09-30": "10.39%", "2008-06-30": "11.94%", "2008-03-31": "12.26%", "2007-12-31": "12.92%", "2007-09-30": "12.99%", "2007-06-30": "12.88%", "2007-03-31": "12.73%", "2006-12-31": "12.91%", "2006-09-30": "12.67%", "2006-06-30": "12.84%", "2006-03-31": "13.00%", "2005-12-31": "13.10%"}, "pe ratio": {"current": "8.21", "2021-02-05": "48.66", "2020-09-30": "29.60", "2020-06-30": "29.94", "2020-03-31": "14.97", "2019-12-31": "205.81", "2019-09-30": "0.00", "2019-06-30": "0.00", "2019-03-31": "0.00", "2018-12-31": "21.79", "2018-09-30": "10.48", "2018-06-30": "11.48", "2018-03-31": "14.55", "2017-12-31": "16.56", "2017-09-30": "19.99", "2017-06-30": "17.87", "2017-03-31": "18.14", "2016-12-31": "16.45", "2016-09-30": "16.29", "2016-06-30": "15.88", "2016-03-31": "17.63", "2015-12-31": "16.67", "2015-09-30": "17.28", "2015-06-30": "22.42", "2015-03-31": "23.37", "2014-12-31": "25.62", "2014-09-30": "24.90", "2014-06-30": "27.16", "2014-03-31": "28.77", "2013-12-31": "32.39", "2013-09-30": "34.71", "2013-06-30": "33.31", "2013-03-31": "40.12", "2012-12-31": "38.58", "2012-09-30": "45.16", "2012-06-30": "44.95", "2012-03-31": "35.07", "2011-12-31": "29.81", "2011-09-30": "21.43", "2011-06-30": "28.75", "2011-03-31": "34.20", "2010-12-31": "35.10", "2010-09-30": "35.84", "2010-06-30": "31.67", "2010-03-31": "48.16", "2009-12-31": "48.00", "2009-09-30": "0.00", "2009-06-30": "0.00", "2009-03-31": "0.00", "2008-12-31": "64.50", "2008-09-30": "20.13", "2008-06-30": "19.57", "2008-03-31": "19.04", "2007-12-31": "24.38", "2007-09-30": "28.88", "2007-06-30": "30.59", "2007-03-31": "27.00", "2006-12-31": "27.17"}, "price sales": {"2021-02-05": "2.66", "2020-09-30": "1.62", "2020-06-30": "1.76", "2020-03-31": "1.34", "2019-12-31": "1.92", "2019-09-30": "1.90", "2019-06-30": "2.10", "2019-03-31": "2.46", "2018-12-31": "2.22", "2018-09-30": "3.11", "2018-06-30": "3.45", "2018-03-31": "4.53", "2017-12-31": "5.09", "2017-09-30": "4.78", "2017-06-30": "4.22", "2017-03-31": "4.16", "2016-12-31": "3.64", "2016-09-30": "3.56", "2016-06-30": "3.37", "2016-03-31": "3.75", "2015-12-31": "3.58", "2015-09-30": "3.77", "2015-06-30": "4.80", "2015-03-31": "4.72", "2014-12-31": "4.69", "2014-09-30": "4.48", "2014-06-30": "4.72", "2014-03-31": "4.75", "2013-12-31": "5.34", "2013-09-30": "4.64", "2013-06-30": "4.27", "2013-03-31": "4.19", "2012-12-31": "3.70", "2012-09-30": "3.67", "2012-06-30": "3.37", "2012-03-31": "3.39", "2011-12-31": "2.90", "2011-09-30": "2.29", "2011-06-30": "3.07", "2011-03-31": "3.49", "2010-12-31": "3.45", "2010-09-30": "3.03", "2010-06-30": "2.55", "2010-03-31": "3.69", "2009-12-31": "3.34", "2009-09-30": "3.19", "2009-06-30": "2.59", "2009-03-31": "1.66", "2008-12-31": "1.44", "2008-09-30": "2.55", "2008-06-30": "2.68", "2008-03-31": "2.69", "2007-12-31": "3.63", "2007-09-30": "4.13", "2007-06-30": "4.44", "2007-03-31": "3.88", "2006-12-31": "3.90"}, "price book": {"current": "1.53", "2021-02-05": "1.53", "2020-09-30": "0.93", "2020-06-30": "1.04", "2020-03-31": "0.80", "2019-12-31": "1.16", "2019-09-30": "1.13", "2019-06-30": "1.21", "2019-03-31": "1.44", "2018-12-31": "1.20", "2018-09-30": "1.63", "2018-06-30": "1.78", "2018-03-31": "2.27", "2017-12-31": "2.41", "2017-09-30": "2.33", "2017-06-30": "2.06", "2017-03-31": "2.13", "2016-12-31": "1.80", "2016-09-30": "1.97", "2016-06-30": "2.01", "2016-03-31": "2.33", "2015-12-31": "2.21", "2015-09-30": "2.50", "2015-06-30": "3.25", "2015-03-31": "3.28", "2014-12-31": "3.08", "2014-09-30": "3.07", "2014-06-30": "3.15", "2014-03-31": "3.18", "2013-12-31": "3.54", "2013-09-30": "3.12", "2013-06-30": "2.72", "2013-03-31": "2.58", "2012-12-31": "2.17", "2012-09-30": "2.16", "2012-06-30": "1.99", "2012-03-31": "2.25", "2011-12-31": "1.91", "2011-09-30": "1.60", "2011-06-30": "2.08", "2011-03-31": "2.35", "2010-12-31": "2.09", "2010-09-30": "1.76", "2010-06-30": "1.48", "2010-03-31": "2.22", "2009-12-31": "1.87", "2009-09-30": "1.85", "2009-06-30": "1.77", "2009-03-31": "1.29", "2008-12-31": "1.59", "2008-09-30": "2.65", "2008-06-30": "2.93", "2008-03-31": "3.07", "2007-12-31": "9.47", "2007-09-30": "5.76", "2007-06-30": "6.23", "2007-03-31": "6.09", "2006-12-31": "7.97", "2006-09-30": "5.47", "2006-06-30": "4.73", "2006-03-31": "3.96"}, "price fcf": {"2021-02-05": "", "2020-09-30": "$19.40", "2020-06-30": "$20.07", "2020-03-31": "$20.31", "2019-12-31": "$18.17", "2019-09-30": "$17.39", "2019-06-30": "$16.33", "2019-03-31": "$16.95", "2018-12-31": "$20.85", "2018-09-30": "$21.74", "2018-06-30": "$22.68", "2018-03-31": "$21.16", "2017-12-31": "$19.66", "2017-09-30": "$19.74", "2017-06-30": "$19.64", "2017-03-31": "$19.69", "2016-12-31": "$18.07", "2016-09-30": "$17.80", "2016-06-30": "$18.43", "2016-03-31": "$18.94", "2015-12-31": "$20.54", "2015-09-30": "$21.56", "2015-06-30": "$21.38", "2015-03-31": "$20.94", "2014-12-31": "$24.28", "2014-09-30": "$20.89", "2014-06-30": "$18.98", "2014-03-31": "$18.13", "2013-12-31": "$16.46", "2013-09-30": "$16.18", "2013-06-30": "$15.54", "2013-03-31": "$14.25", "2012-12-31": "$11.57", "2012-09-30": "$11.09", "2012-06-30": "$11.77", "2012-03-31": "$11.65", "2011-12-31": "$13.06", "2011-09-30": "$13.10", "2011-06-30": "$11.45", "2011-03-31": "$10.46", "2010-12-31": "$9.55", "2010-09-30": "$8.47", "2010-06-30": "$7.33", "2010-03-31": "$6.66", "2009-12-31": "$5.56", "2009-09-30": "$6.77", "2009-06-30": "$9.44", "2009-03-31": "$12.25", "2008-12-31": "$13.04", "2008-09-30": "$16.58", "2008-06-30": "$15.84", "2008-03-31": "$13.93", "2007-12-31": "$11.62", "2007-09-30": "$6.60", "2007-06-30": "$5.21", "2007-03-31": "$5.45", "2006-12-31": "$6.40"}, "net worth": {"value": "$5.1B"}, "current ratio": {"current": "0.47", "2020-09-30": "0.47", "2020-06-30": "0.45", "2020-03-31": "0.42", "2019-12-31": "0.39", "2019-09-30": "1.42", "2019-06-30": "1.52", "2019-03-31": "0.37", "2018-12-31": "0.38", "2018-09-30": "0.49", "2018-06-30": "1.33", "2018-03-31": "1.30", "2017-12-31": "0.59", "2017-09-30": "0.61", "2017-06-30": "1.47", "2017-03-31": "0.65", "2016-12-31": "0.59", "2016-09-30": "0.70", "2016-06-30": "0.70", "2016-03-31": "0.61", "2015-12-31": "0.84", "2015-09-30": "1.06", "2015-06-30": "1.11", "2015-03-31": "1.03", "2014-12-31": "0.69", "2014-09-30": "1.26", "2014-06-30": "1.15", "2014-03-31": "1.51", "2013-12-31": "1.01", "2013-09-30": "1.97", "2013-06-30": "2.30", "2013-03-31": "1.97", "2012-12-31": "0.53", "2012-09-30": "2.25", "2012-06-30": "2.35", "2012-03-31": "2.58", "2011-12-31": "2.10", "2011-09-30": "2.05", "2011-06-30": "2.27", "2011-03-31": "2.04", "2010-12-31": "1.89", "2010-09-30": "1.62", "2010-06-30": "1.96", "2010-03-31": "2.35", "2009-12-31": "2.58", "2009-09-30": "2.27", "2009-06-30": "4.17", "2009-03-31": "4.20", "2008-12-31": "3.00", "2008-09-30": "2.86", "2008-06-30": "2.78", "2008-03-31": "2.62", "2007-12-31": "2.05", "2007-09-30": "2.38", "2007-06-30": "3.01", "2007-03-31": "3.63", "2006-12-31": "1.93", "2006-09-30": "1.68", "2006-06-30": "1.76", "2006-03-31": "2.04", "2005-12-31": "1.31", "2005-09-30": "1.61", "2005-06-30": "2.35", "2005-03-31": "2.30"}, "quick ratio": {"2020-09-30": "0.00", "2020-06-30": "0.00", "2020-03-31": "0.00", "2019-12-31": "0.00", "2019-09-30": "1.37", "2019-06-30": "1.46", "2019-03-31": "0.00", "2018-12-31": "0.00", "2018-09-30": "0.42", "2018-06-30": "0.00", "2018-03-31": "0.00", "2017-12-31": "0.00", "2017-09-30": "0.00", "2017-06-30": "1.30", "2017-03-31": "0.56", "2016-12-31": "0.00", "2016-09-30": "0.00", "2016-06-30": "0.00", "2016-03-31": "0.00", "2015-12-31": "0.00", "2015-09-30": "0.91", "2015-06-30": "0.88", "2015-03-31": "0.86", "2014-12-31": "0.00", "2014-09-30": "1.10", "2014-06-30": "0.98", "2014-03-31": "0.00", "2013-12-31": "0.00", "2013-09-30": "1.74", "2013-06-30": "2.01", "2013-03-31": "1.72", "2012-12-31": "0.00", "2012-09-30": "1.95", "2012-06-30": "2.03", "2012-03-31": "2.23", "2011-12-31": "1.86", "2011-09-30": "1.83", "2011-06-30": "1.89", "2011-03-31": "1.75", "2010-12-31": "1.61", "2010-09-30": "1.41", "2010-06-30": "1.51", "2010-03-31": "1.77", "2009-12-31": "1.92", "2009-09-30": "1.75", "2009-06-30": "3.41", "2009-03-31": "3.46", "2008-12-31": "2.63", "2008-09-30": "2.36", "2008-06-30": "1.99", "2008-03-31": "1.88", "2007-12-31": "1.56", "2007-09-30": "1.74", "2007-06-30": "2.20", "2007-03-31": "2.58", "2006-12-31": "1.50", "2006-09-30": "1.34", "2006-06-30": "1.32", "2006-03-31": "1.46", "2005-12-31": "1.26", "2005-09-30": "0.00", "2005-06-30": "0.00", "2005-03-31": "0.00"}, "debt equity ratio": {"current": "0.00", "2020-09-30": "1.30", "2020-06-30": "1.24", "2020-03-31": "1.13", "2019-12-31": "1.19", "2019-09-30": "1.11", "2019-06-30": "1.02", "2019-03-31": "1.04", "2018-12-31": "0.99", "2018-09-30": "0.98", "2018-06-30": "0.95", "2018-03-31": "0.94", "2017-12-31": "0.90", "2017-09-30": "0.98", "2017-06-30": "0.98", "2017-03-31": "0.97", "2016-12-31": "0.98", "2016-09-30": "1.07", "2016-06-30": "1.12", "2016-03-31": "1.15", "2015-12-31": "1.06", "2015-09-30": "1.09", "2015-06-30": "1.11", "2015-03-31": "1.11", "2014-12-31": "1.11", "2014-09-30": "0.96", "2014-06-30": "0.92", "2014-03-31": "0.96", "2013-12-31": "1.01", "2013-09-30": "1.09", "2013-06-30": "0.96", "2013-03-31": "1.05", "2012-12-31": "1.03", "2012-09-30": "1.11", "2012-06-30": "1.05", "2012-03-31": "1.11", "2011-12-31": "1.09", "2011-09-30": "1.10", "2011-06-30": "1.16", "2011-03-31": "1.24", "2010-12-31": "1.22", "2010-09-30": "1.24", "2010-06-30": "1.43", "2010-03-31": "1.51", "2009-12-31": "1.29", "2009-09-30": "1.32", "2009-06-30": "1.32", "2009-03-31": "1.32", "2008-12-31": "1.74", "2008-09-30": "1.93", "2008-06-30": "1.86", "2008-03-31": "1.94", "2007-12-31": "6.24", "2007-09-30": "3.30", "2007-06-30": "3.53", "2007-03-31": "4.00", "2006-12-31": "4.34", "2006-09-30": "3.73", "2006-06-30": "3.52", "2006-03-31": "1.93", "2005-12-31": "1.84", "2005-09-30": "1.79", "2005-06-30": "1.58", "2005-03-31": "1.61"}, "return on equity": {"2020-09-30": "3.19%", "2020-06-30": "3.55%", "2020-03-31": "5.56%", "2019-12-31": "0.43%", "2019-09-30": "-4.12%", "2019-06-30": "-2.97%", "2019-03-31": "-2.65%", "2018-12-31": "5.66%", "2018-09-30": "16.06%", "2018-06-30": "15.99%", "2018-03-31": "16.18%", "2017-12-31": "15.55%", "2017-09-30": "11.93%", "2017-06-30": "11.84%", "2017-03-31": "11.82%", "2016-12-31": "11.79%", "2016-09-30": "12.16%", "2016-06-30": "12.46%", "2016-03-31": "13.15%", "2015-12-31": "14.01%", "2015-09-30": "14.39%", "2015-06-30": "14.34%", "2015-03-31": "13.63%", "2014-12-31": "12.34%", "2014-09-30": "12.91%", "2014-06-30": "12.56%", "2014-03-31": "11.89%", "2013-12-31": "11.73%", "2013-09-30": "9.10%", "2013-06-30": "8.55%", "2013-03-31": "6.82%", "2012-12-31": "6.27%", "2012-09-30": "5.26%", "2012-06-30": "4.89%", "2012-03-31": "6.60%", "2011-12-31": "6.77%", "2011-09-30": "7.77%", "2011-06-30": "7.70%", "2011-03-31": "7.13%", "2010-12-31": "6.81%", "2010-09-30": "5.62%", "2010-06-30": "5.30%", "2010-03-31": "4.98%", "2009-12-31": "4.34%", "2009-09-30": "-3.75%", "2009-06-30": "-4.09%", "2009-03-31": "-2.23%", "2008-12-31": "-0.17%", "2008-09-30": "13.84%", "2008-06-30": "19.30%", "2008-03-31": "24.25%", "2007-12-31": "31.95%", "2007-09-30": "30.45%", "2007-06-30": "30.09%", "2007-03-31": "29.27%", "2006-12-31": "25.23%", "2006-09-30": "20.80%", "2006-06-30": "18.34%", "2006-03-31": "16.07%", "2005-12-31": "15.33%"}, "return on assets": {"2020-09-30": "1.44%", "2020-06-30": "1.64%", "2020-03-31": "2.63%", "2019-12-31": "0.21%", "2019-09-30": "-2.02%", "2019-06-30": "-1.48%", "2019-03-31": "-1.34%", "2018-12-31": "2.88%", "2018-09-30": "8.28%", "2018-06-30": "8.24%", "2018-03-31": "8.31%", "2017-12-31": "7.96%", "2017-09-30": "6.05%", "2017-06-30": "5.94%", "2017-03-31": "5.83%", "2016-12-31": "5.69%", "2016-09-30": "5.80%", "2016-06-30": "5.92%", "2016-03-31": "6.26%", "2015-12-31": "6.69%", "2015-09-30": "6.83%", "2015-06-30": "6.91%", "2015-03-31": "6.72%", "2014-12-31": "6.20%", "2014-09-30": "6.58%", "2014-06-30": "6.31%", "2014-03-31": "5.93%", "2013-12-31": "5.79%", "2013-09-30": "4.48%", "2013-06-30": "4.19%", "2013-03-31": "3.31%", "2012-12-31": "3.02%", "2012-09-30": "2.52%", "2012-06-30": "2.34%", "2012-03-31": "3.12%", "2011-12-31": "3.15%", "2011-09-30": "3.56%", "2011-06-30": "3.48%", "2011-03-31": "3.13%", "2010-12-31": "2.92%", "2010-09-30": "2.38%", "2010-06-30": "2.22%", "2010-03-31": "2.11%", "2009-12-31": "1.88%", "2009-09-30": "-1.55%", "2009-06-30": "-1.59%", "2009-03-31": "-0.83%", "2008-12-31": "-0.06%", "2008-09-30": "4.04%", "2008-06-30": "5.13%", "2008-03-31": "5.64%", "2007-12-31": "6.21%", "2007-09-30": "6.41%", "2007-06-30": "6.17%", "2007-03-31": "5.99%", "2006-12-31": "6.01%", "2006-09-30": "5.81%", "2006-06-30": "5.81%", "2006-03-31": "5.76%", "2005-12-31": "5.66%"}, "return on investments": {"2020-09-30": "inf%", "2020-06-30": "42.83%", "2020-03-31": "25.21%", "2019-12-31": "25.25%", "2019-09-30": "26.19%", "2019-06-30": "28.38%", "2019-03-31": "27.31%", "2018-12-31": "17.89%", "2018-09-30": "14.19%", "2018-06-30": "14.02%", "2018-03-31": "13.67%", "2017-12-31": "13.65%", "2017-09-30": "10.70%", "2017-06-30": "11.15%", "2017-03-31": "12.76%", "2016-12-31": "13.20%", "2016-09-30": "16.90%", "2016-06-30": "16.65%", "2016-03-31": "15.61%", "2015-12-31": "16.72%", "2015-09-30": "17.11%", "2015-06-30": "17.69%", "2015-03-31": "18.21%", "2014-12-31": "17.92%", "2014-09-30": "17.56%", "2014-06-30": "16.92%", "2014-03-31": "16.64%", "2013-12-31": "16.01%", "2013-09-30": "15.98%", "2013-06-30": "15.19%", "2013-03-31": "11.87%", "2012-12-31": "11.36%", "2012-09-30": "10.60%", "2012-06-30": "10.88%", "2012-03-31": "14.90%", "2011-12-31": "15.47%", "2011-09-30": "15.98%", "2011-06-30": "15.13%", "2011-03-31": "13.81%", "2010-12-31": "13.00%", "2010-09-30": "13.39%", "2010-06-30": "13.57%", "2010-03-31": "13.58%", "2009-12-31": "13.07%", "2009-09-30": "11.63%", "2009-06-30": "13.39%", "2009-03-31": "16.14%", "2008-12-31": "19.86%", "2008-09-30": "26.74%", "2008-06-30": "29.59%", "2008-03-31": "31.39%", "2007-12-31": "31.79%", "2007-09-30": "30.82%", "2007-06-30": "30.21%", "2007-03-31": "30.08%", "2006-12-31": "29.09%", "2006-09-30": "25.95%", "2006-06-30": "23.43%", "2006-03-31": "21.26%", "2005-12-31": "19.99%"}, "return on tangible equity": {"2020-09-30": "-34.44%", "2020-06-30": "-43.55%", "2020-03-31": "-92.20%", "2019-12-31": "-8.03%", "2019-09-30": "234.07%", "2019-06-30": "-180.30%", "2019-03-31": "-67.69%", "2018-12-31": "86.07%", "2018-09-30": "201.70%", "2018-06-30": "207.60%", "2018-03-31": "221.23%", "2017-12-31": "222.08%", "2017-09-30": "194.80%", "2017-06-30": "318.13%", "2017-03-31": "-3273.33%", "2016-12-31": "-219.28%", "2016-09-30": "-106.86%", "2016-06-30": "-79.90%", "2016-03-31": "-73.14%", "2015-12-31": "-70.08%", "2015-09-30": "-66.69%", "2015-06-30": "-70.92%", "2015-03-31": "-71.44%", "2014-12-31": "-69.84%", "2014-09-30": "-74.38%", "2014-06-30": "-61.69%", "2014-03-31": "-53.51%", "2013-12-31": "-46.88%", "2013-09-30": "-33.44%", "2013-06-30": "-28.57%", "2013-03-31": "-19.47%", "2012-12-31": "-16.57%", "2012-09-30": "-13.11%", "2012-06-30": "-11.94%", "2012-03-31": "-16.38%", "2011-12-31": "-15.60%", "2011-09-30": "-16.78%", "2011-06-30": "-15.68%", "2011-03-31": "-13.06%", "2010-12-31": "-12.39%", "2010-09-30": "-10.68%", "2010-06-30": "-10.77%", "2010-03-31": "-12.79%", "2009-12-31": "-12.66%", "2009-09-30": "10.02%", "2009-06-30": "10.45%", "2009-03-31": "5.03%", "2008-12-31": "0.34%", "2008-09-30": "-18.15%", "2008-06-30": "-18.51%", "2008-03-31": "-16.82%", "2007-12-31": "-15.34%", "2007-09-30": "-15.08%", "2007-06-30": "-14.30%", "2007-03-31": "-13.84%", "2006-12-31": "-15.03%", "2006-09-30": "-15.68%", "2006-06-30": "-16.56%", "2006-03-31": "-18.18%", "2005-12-31": "-17.89%"}, "dividend yield history": {"last payout": "$0.04", "last yield": "0.04%"}}