{"ticker": "AGCO", "price": {"title": "AGCO Historical Annual Stock Price Data", "value": 119.69, "historical": {"2021": {"Average Stock Price": "113.3067", "Year Open": "102.5100", "Year High": "121.1000", "Year Low": "102.5100", "Year Close": "119.6900", "Annual % Change": "16.10%"}, "2020": {"Average Stock Price": "68.2866", "Year Open": "78.2200", "Year High": "103.6500", "Year Low": "36.9700", "Year Close": "103.0900", "Annual % Change": "33.45%"}, "2019": {"Average Stock Price": "71.6496", "Year Open": "55.5400", "Year High": "80.6800", "Year Low": "54.3500", "Year Close": "77.2500", "Annual % Change": "38.76%"}, "2018": {"Average Stock Price": "62.4129", "Year Open": "71.6300", "Year High": "74.1100", "Year Low": "50.0700", "Year Close": "55.6700", "Annual % Change": "-22.06%"}, "2017": {"Average Stock Price": "66.7470", "Year Open": "58.3100", "Year High": "75.4800", "Year Low": "58.0300", "Year Close": "71.4300", "Annual % Change": "23.45%"}, "2016": {"Average Stock Price": "50.3875", "Year Open": "45.0000", "Year High": "60.6600", "Year Low": "44.0200", "Year Close": "57.8600", "Annual % Change": "27.47%"}, "2015": {"Average Stock Price": "49.0413", "Year Open": "45.0200", "Year High": "57.8700", "Year Low": "42.7200", "Year Close": "45.3900", "Annual % Change": "0.42%"}, "2014": {"Average Stock Price": "50.6009", "Year Open": "57.6900", "Year High": "58.5000", "Year Low": "42.0800", "Year Close": "45.2000", "Annual % Change": "-23.64%"}, "2013": {"Average Stock Price": "55.4086", "Year Open": "50.1900", "Year High": "64.4200", "Year Low": "48.0200", "Year Close": "59.1900", "Annual % Change": "20.50%"}, "2012": {"Average Stock Price": "46.1371", "Year Open": "44.2300", "Year High": "53.7300", "Year Low": "38.5600", "Year Close": "49.1200", "Annual % Change": "14.31%"}, "2011": {"Average Stock Price": "47.2493", "Year Open": "52.8900", "Year High": "58.1300", "Year Low": "32.3900", "Year Close": "42.9700", "Annual % Change": "-15.18%"}, "2010": {"Average Stock Price": "36.5508", "Year Open": "33.0300", "Year High": "50.9400", "Year Low": "25.8600", "Year Close": "50.6600", "Annual % Change": "56.65%"}, "2009": {"Average Stock Price": "26.5579", "Year Open": "25.9900", "Year High": "33.5000", "Year Low": "15.1000", "Year Close": "32.3400", "Annual % Change": "37.09%"}, "2008": {"Average Stock Price": "50.3891", "Year Open": "66.8100", "Year High": "70.5100", "Year Low": "19.3500", "Year Close": "23.5900", "Annual % Change": "-65.30%"}, "2007": {"Average Stock Price": "45.1959", "Year Open": "30.3000", "Year High": "70.7800", "Year Low": "29.1800", "Year Close": "67.9800", "Annual % Change": "119.72%"}, "2006": {"Average Stock Price": "24.1111", "Year Open": "16.7200", "Year High": "32.9300", "Year Low": "16.3100", "Year Close": "30.9400", "Annual % Change": "86.72%"}, "2005": {"Average Stock Price": "18.6399", "Year Open": "21.3100", "Year High": "21.3100", "Year Low": "14.7400", "Year Close": "16.5700", "Annual % Change": "-24.30%"}, "2004": {"Average Stock Price": "20.2247", "Year Open": "20.5100", "Year High": "22.8200", "Year Low": "16.2500", "Year Close": "21.8900", "Annual % Change": "8.69%"}, "2003": {"Average Stock Price": "17.9771", "Year Open": "22.3700", "Year High": "22.8900", "Year Low": "14.4100", "Year Close": "20.1400", "Annual % Change": "-8.87%"}, "2002": {"Average Stock Price": "20.6104", "Year Open": "15.7800", "Year High": "26.1500", "Year Low": "14.9200", "Year Close": "22.1000", "Annual % Change": "40.05%"}, "2001": {"Average Stock Price": "10.7344", "Year Open": "11.8800", "Year High": "16.8500", "Year Low": "8.0000", "Year Close": "15.7800", "Annual % Change": "30.20%"}, "2000": {"Average Stock Price": "11.5142", "Year Open": "12.2500", "Year High": "14.3800", "Year Low": "9.6900", "Year Close": "12.1200", "Annual % Change": "-9.82%"}, "1999": {"Average Stock Price": "10.1630", "Year Open": "7.5000", "Year High": "14.1200", "Year Low": "6.0600", "Year Close": "13.4400", "Annual % Change": "70.56%"}, "1998": {"Average Stock Price": "18.3814", "Year Open": "29.8100", "Year High": "30.5600", "Year Low": "5.7500", "Year Close": "7.8800", "Annual % Change": "-73.06%"}, "1997": {"Average Stock Price": "30.2279", "Year Open": "28.7500", "Year High": "35.9400", "Year Low": "25.3100", "Year Close": "29.2500", "Annual % Change": "2.20%"}, "1996": {"Average Stock Price": "25.9941", "Year Open": "25.2500", "Year High": "31.0000", "Year Low": "20.5000", "Year Close": "28.6200", "Annual % Change": "12.24%"}, "1995": {"Average Stock Price": "20.0089", "Year Open": "14.8100", "Year High": "26.8100", "Year Low": "12.5000", "Year Close": "25.5000", "Annual % Change": "67.87%"}, "1994": {"Average Stock Price": "14.2026", "Year Open": "11.2500", "Year High": "18.3333", "Year Low": "11.0433", "Year Close": "15.1900", "Annual % Change": "33.56%"}, "1993": {"Average Stock Price": "6.6865", "Year Open": "3.4167", "Year High": "11.3733", "Year Low": "3.4167", "Year Close": "11.3733", "Annual % Change": "224.95%"}}}, "market cap": {"value": "$8.96B"}, "income statement": {"Revenue": {"2020-12-31": "9149.70000", "2019-12-31": "9041.40000", "2018-12-31": "9352.00000", "2017-12-31": "8306.50000", "2016-12-31": "7410.50000", "2015-12-31": "7467.30000", "2014-12-31": "9723.70000", "2013-12-31": "10786.90000", "2012-12-31": "9962.20000", "2011-12-31": "8773.20000", "2010-12-31": "6896.60000", "2009-12-31": "6516.40000", "2008-12-31": "8273.10000", "2007-12-31": "6828.10000", "2006-12-31": "5435.00000", "2005-12-31": "5449.70000"}, "Cost Of Goods Sold": {"2020-12-31": "7092.20000", "2019-12-31": "7057.10000", "2018-12-31": "7355.30000", "2017-12-31": "6541.20000", "2016-12-31": "5895.00000", "2015-12-31": "5906.70000", "2014-12-31": "7657.40000", "2013-12-31": "8396.30000", "2012-12-31": "7839.00000", "2011-12-31": "6997.10000", "2010-12-31": "5637.90000", "2009-12-31": "5444.50000", "2008-12-31": "6774.70000", "2007-12-31": "5637.10000", "2006-12-31": "4507.20000", "2005-12-31": "4516.10000"}, "Gross Profit": {"2020-12-31": "2057.50000", "2019-12-31": "1984.30000", "2018-12-31": "1996.70000", "2017-12-31": "1765.30000", "2016-12-31": "1515.50000", "2015-12-31": "1560.60000", "2014-12-31": "2066.30000", "2013-12-31": "2390.60100", "2012-12-31": "2123.20000", "2011-12-31": "1776.10000", "2010-12-31": "1258.70000", "2009-12-31": "1071.90000", "2008-12-31": "1498.39900", "2007-12-31": "1191.00000", "2006-12-31": "927.79980", "2005-12-31": "933.60010"}, "Research And Development Expenses": {"2020-12-31": "", "2019-12-31": "", "2018-12-31": "", "2017-12-31": "", "2016-12-31": "", "2015-12-31": "", "2014-12-31": "", "2013-12-31": "", "2012-12-31": "", "2011-12-31": "", "2010-12-31": "", "2009-12-31": "", "2008-12-31": "", "2007-12-31": "", "2006-12-31": "", "2005-12-31": ""}, "SG&A Expenses": {"2020-12-31": "1001.50000", "2019-12-31": "1040.30000", "2018-12-31": "1069.40000", "2017-12-31": "964.70000", "2016-12-31": "864.60000", "2015-12-31": "852.30000", "2014-12-31": "995.40000", "2013-12-31": "1088.70000", "2012-12-31": "1041.20000", "2011-12-31": "869.30000", "2010-12-31": "692.10000", "2009-12-31": "630.10000", "2008-12-31": "720.90000", "2007-12-31": "625.70000", "2006-12-31": "541.70000", "2005-12-31": "520.70000"}, "Other Operating Income Or Expenses": {"2020-12-31": "-377.10000", "2019-12-31": "-525.80000", "2018-12-31": "-361.60000", "2017-12-31": "-328.00000", "2016-12-31": "-300.80000", "2015-12-31": "-282.20000", "2014-12-31": "-337.00000", "2013-12-31": "-353.40000", "2012-12-31": "-339.50000", "2011-12-31": "-275.60000", "2010-12-31": "-219.60000", "2009-12-31": "-191.90000", "2008-12-31": "-194.50000", "2007-12-31": "-154.90000", "2006-12-31": "-127.90000", "2005-12-31": "-121.70000"}, "Operating Expenses": {"2020-12-31": "8550.00000", "2019-12-31": "8693.30000", "2018-12-31": "8863.00000", "2017-12-31": "7902.10100", "2016-12-31": "7123.50000", "2015-12-31": "7106.20000", "2014-12-31": "9077.20000", "2013-12-31": "9886.20000", "2012-12-31": "9269.00000", "2011-12-31": "8162.90000", "2010-12-31": "6572.40000", "2009-12-31": "6297.70000", "2008-12-31": "7709.40000", "2007-12-31": "6433.30000", "2006-12-31": "5366.10000", "2005-12-31": "5175.00000"}, "Operating Income": {"2020-12-31": "599.70020", "2019-12-31": "348.10060", "2018-12-31": "489.00000", "2017-12-31": "404.39940", "2016-12-31": "287.00000", "2015-12-31": "361.09960", "2014-12-31": "646.50000", "2013-12-31": "900.70020", "2012-12-31": "693.20020", "2011-12-31": "610.30030", "2010-12-31": "324.20020", "2009-12-31": "218.69970", "2008-12-31": "563.69920", "2007-12-31": "394.79980", "2006-12-31": "68.89990", "2005-12-31": "274.69970"}, "Total Non-Operating Income/Expense": {"2020-12-31": "-37.70000", "2019-12-31": "-87.00000", "2018-12-31": "-128.70000", "2017-12-31": "-120.60000", "2016-12-31": "-82.10000", "2015-12-31": "-81.70000", "2014-12-31": "-107.50000", "2013-12-31": "-98.10000", "2012-12-31": "-92.40000", "2011-12-31": "-49.30000", "2010-12-31": "-49.30000", "2009-12-31": "-64.30000", "2008-12-31": "-52.20000", "2007-12-31": "-80.90000", "2006-12-31": "-88.10000", "2005-12-31": "-114.60000"}, "Pre-Tax Income": {"2020-12-31": "562.00000", "2019-12-31": "261.10000", "2018-12-31": "360.30000", "2017-12-31": "283.80000", "2016-12-31": "204.90000", "2015-12-31": "279.40000", "2014-12-31": "539.00000", "2013-12-31": "802.60000", "2012-12-31": "600.80000", "2011-12-31": "561.00000", "2010-12-31": "274.90000", "2009-12-31": "154.40000", "2008-12-31": "511.50000", "2007-12-31": "313.90000", "2006-12-31": "-19.20000", "2005-12-31": "160.10000"}, "Income Taxes": {"2020-12-31": "187.70000", "2019-12-31": "180.80000", "2018-12-31": "110.90000", "2017-12-31": "133.60000", "2016-12-31": "92.20000", "2015-12-31": "72.50000", "2014-12-31": "187.70000", "2013-12-31": "258.50000", "2012-12-31": "137.90000", "2011-12-31": "24.60000", "2010-12-31": "104.40000", "2009-12-31": "57.70000", "2008-12-31": "164.40000", "2007-12-31": "111.40000", "2006-12-31": "73.50000", "2005-12-31": "151.10000"}, "Income After Taxes": {"2020-12-31": "374.30000", "2019-12-31": "80.30000", "2018-12-31": "249.40000", "2017-12-31": "150.20000", "2016-12-31": "112.70000", "2015-12-31": "206.90000", "2014-12-31": "351.30000", "2013-12-31": "544.10000", "2012-12-31": "462.90000", "2011-12-31": "536.40000", "2010-12-31": "170.50000", "2009-12-31": "96.70000", "2008-12-31": "347.10000", "2007-12-31": "202.50000", "2006-12-31": "-92.70000", "2005-12-31": "9.00000"}, "Other Income": {"2020-12-31": "", "2019-12-31": "", "2018-12-31": "", "2017-12-31": "", "2016-12-31": "", "2015-12-31": "", "2014-12-31": "", "2013-12-31": "", "2012-12-31": "", "2011-12-31": "", "2010-12-31": "", "2009-12-31": "", "2008-12-31": "", "2007-12-31": "", "2006-12-31": "", "2005-12-31": ""}, "Income From Continuous Operations": {"2020-12-31": "419.80000", "2019-12-31": "122.80000", "2018-12-31": "283.70000", "2017-12-31": "189.30000", "2016-12-31": "160.20000", "2015-12-31": "264.00000", "2014-12-31": "404.20000", "2013-12-31": "592.30000", "2012-12-31": "516.40000", "2011-12-31": "585.30000", "2010-12-31": "220.20000", "2009-12-31": "135.40000", "2008-12-31": "385.90000", "2007-12-31": "232.90000", "2006-12-31": "-64.90000", "2005-12-31": "31.60000"}, "Income From Discontinued Operations": {"2020-12-31": "", "2019-12-31": "", "2018-12-31": "", "2017-12-31": "", "2016-12-31": "", "2015-12-31": "", "2014-12-31": "", "2013-12-31": "", "2012-12-31": "", "2011-12-31": "", "2010-12-31": "", "2009-12-31": "", "2008-12-31": "", "2007-12-31": "", "2006-12-31": "", "2005-12-31": ""}, "Net Income": {"2020-12-31": "427.10000", "2019-12-31": "125.20000", "2018-12-31": "285.50000", "2017-12-31": "186.40000", "2016-12-31": "160.10000", "2015-12-31": "266.40000", "2014-12-31": "410.40000", "2013-12-31": "597.20000", "2012-12-31": "522.10000", "2011-12-31": "583.30000", "2010-12-31": "220.50000", "2009-12-31": "135.70000", "2008-12-31": "385.90000", "2007-12-31": "232.90000", "2006-12-31": "-64.90000", "2005-12-31": "31.60000"}, "EBITDA": {"2020-12-31": "891.70020", "2019-12-31": "796.70060", "2018-12-31": "778.90000", "2017-12-31": "684.19940", "2016-12-31": "561.60000", "2015-12-31": "623.19960", "2014-12-31": "929.60000", "2013-12-31": "1172.80000", "2012-12-31": "957.70020", "2011-12-31": "794.90030", "2010-12-31": "496.70020", "2009-12-31": "373.29970", "2008-12-31": "716.19920", "2007-12-31": "546.39980", "2006-12-31": "362.19990", "2005-12-31": "387.79970"}, "EBIT": {"2020-12-31": "599.70020", "2019-12-31": "348.10060", "2018-12-31": "489.00000", "2017-12-31": "404.39940", "2016-12-31": "287.00000", "2015-12-31": "361.09960", "2014-12-31": "646.50000", "2013-12-31": "900.70020", "2012-12-31": "693.20020", "2011-12-31": "610.30030", "2010-12-31": "324.20020", "2009-12-31": "218.69970", "2008-12-31": "563.69920", "2007-12-31": "394.79980", "2006-12-31": "68.89990", "2005-12-31": "274.69970"}, "Basic Shares Outstanding": {"2020-12-31": "75.00000", "2019-12-31": "76.20000", "2018-12-31": "78.80000", "2017-12-31": "79.50000", "2016-12-31": "81.40000", "2015-12-31": "87.00000", "2014-12-31": "93.40000", "2013-12-31": "97.30000", "2012-12-31": "97.10000", "2011-12-31": "95.60000", "2010-12-31": "92.80000", "2009-12-31": "92.20000", "2008-12-31": "91.70000", "2007-12-31": "91.50000", "2006-12-31": "90.80000", "2005-12-31": "90.40000"}, "Shares Outstanding": {"2020-12-31": "75.60000", "2019-12-31": "77.00000", "2018-12-31": "79.70000", "2017-12-31": "80.20000", "2016-12-31": "81.70000", "2015-12-31": "87.10000", "2014-12-31": "94.20000", "2013-12-31": "99.40000", "2012-12-31": "98.60000", "2011-12-31": "98.10000", "2010-12-31": "96.40000", "2009-12-31": "94.10000", "2008-12-31": "97.70000", "2007-12-31": "96.60000", "2006-12-31": "90.80000", "2005-12-31": "90.70000"}, "Basic EPS": {"2020-12-31": "5.69000", "2019-12-31": "1.64000", "2018-12-31": "3.62000", "2017-12-31": "2.34000", "2016-12-31": "1.97000", "2015-12-31": "3.06000", "2014-12-31": "4.39000", "2013-12-31": "6.14000", "2012-12-31": "5.38000", "2011-12-31": "6.10000", "2010-12-31": "2.38000", "2009-12-31": "1.47000", "2008-12-31": "4.21000", "2007-12-31": "2.55000", "2006-12-31": "-0.71000", "2005-12-31": "0.35000"}, "EPS - Earnings Per Share": {"2020-12-31": "5.65000", "2019-12-31": "1.63000", "2018-12-31": "3.58000", "2017-12-31": "2.32000", "2016-12-31": "1.96000", "2015-12-31": "3.06000", "2014-12-31": "4.36000", "2013-12-31": "6.01000", "2012-12-31": "5.30000", "2011-12-31": "5.95000", "2010-12-31": "2.29000", "2009-12-31": "1.44000", "2008-12-31": "3.95000", "2007-12-31": "2.41000", "2006-12-31": "-0.71000", "2005-12-31": "0.35000"}}, "income statement, quarterly": {"Revenue": {"2020-12-31": "2717.10000", "2020-09-30": "2497.50000", "2020-06-30": "2006.80000", "2020-03-31": "1928.30000", "2019-12-31": "2513.60000", "2019-09-30": "2109.40000", "2019-06-30": "2422.60000", "2019-03-31": "1995.80000", "2018-12-31": "2592.20000", "2018-09-30": "2214.70000", "2018-06-30": "2537.60000", "2018-03-31": "2007.50000", "2017-12-31": "2527.40000", "2017-09-30": "1986.30000", "2017-06-30": "2165.20000", "2017-03-31": "1627.60000", "2016-12-31": "2094.00000", "2016-09-30": "1761.60000", "2016-06-30": "1995.60000", "2016-03-31": "1559.30000", "2015-12-31": "1959.00000", "2015-09-30": "1736.40000", "2015-06-30": "2069.30000", "2015-03-31": "1702.60000", "2014-12-31": "2485.20100", "2014-09-30": "2154.80000", "2014-06-30": "2750.30000", "2014-03-31": "2333.40000", "2013-12-31": "2859.70000", "2013-09-30": "2475.90000", "2013-06-30": "3048.20000", "2013-03-31": "2403.10000", "2012-12-31": "2703.40000", "2012-09-30": "2295.00000", "2012-06-30": "2690.10000", "2012-03-31": "2273.70000", "2011-12-31": "2517.80000", "2011-09-30": "2099.10000", "2011-06-30": "2358.60000", "2011-03-31": "1797.70000", "2010-12-31": "2168.00000", "2010-09-30": "1657.40000", "2010-06-30": "1743.00000", "2010-03-31": "1328.20000", "2009-12-31": "1827.20000", "2009-09-30": "1389.50000", "2009-06-30": "1767.00000", "2009-03-31": "1532.70000", "2008-12-31": "2005.70000", "2008-09-30": "2085.40000", "2008-06-30": "2395.40000", "2008-03-31": "1786.60000", "2007-12-31": "2171.10000", "2007-09-30": "1613.00000", "2007-06-30": "1711.40000", "2007-03-31": "1332.60000", "2006-12-31": "1633.80000", "2006-09-30": "1180.90000", "2006-06-30": "1450.50000", "2006-03-31": "1169.80000", "2005-12-31": "1384.90000", "2005-09-30": "1233.60000", "2005-06-30": "1574.30000", "2005-03-31": "1256.90000"}, "Cost Of Goods Sold": {"2020-12-31": "2121.50000", "2020-09-30": "1918.80000", "2020-06-30": "1574.10000", "2020-03-31": "1477.80000", "2019-12-31": "2000.10000", "2019-09-30": "1659.20000", "2019-06-30": "1858.70000", "2019-03-31": "1539.10000", "2018-12-31": "2053.50000", "2018-09-30": "1741.00000", "2018-06-30": "1981.30000", "2018-03-31": "1579.50000", "2017-12-31": "1996.40000", "2017-09-30": "1557.70000", "2017-06-30": "1689.80000", "2017-03-31": "1297.30000", "2016-12-31": "1673.70000", "2016-09-30": "1408.10000", "2016-06-30": "1568.60000", "2016-03-31": "1244.60000", "2015-12-31": "1561.60000", "2015-09-30": "1370.70000", "2015-06-30": "1619.70000", "2015-03-31": "1354.70000", "2014-12-31": "1987.20000", "2014-09-30": "1732.90000", "2014-06-30": "2118.80000", "2014-03-31": "1818.50000", "2013-12-31": "2268.70000", "2013-09-30": "1919.70000", "2013-06-30": "2337.90000", "2013-03-31": "1870.00000", "2012-12-31": "2175.60000", "2012-09-30": "1804.00000", "2012-06-30": "2078.70000", "2012-03-31": "1780.70000", "2011-12-31": "1993.70000", "2011-09-30": "1691.30000", "2011-06-30": "1870.30000", "2011-03-31": "1441.80000", "2010-12-31": "1758.80000", "2010-09-30": "1353.60000", "2010-06-30": "1421.90000", "2010-03-31": "1103.60000", "2009-12-31": "1561.00000", "2009-09-30": "1146.40000", "2009-06-30": "1475.20000", "2009-03-31": "1261.90000", "2008-12-31": "1630.80000", "2008-09-30": "1705.30000", "2008-06-30": "1967.20000", "2008-03-31": "1471.40000", "2007-12-31": "1804.10000", "2007-09-30": "1305.40000", "2007-06-30": "1414.40000", "2007-03-31": "1113.20000", "2006-12-31": "1367.90000", "2006-09-30": "976.60000", "2006-06-30": "1199.20000", "2006-03-31": "963.50000", "2005-12-31": "1161.00000", "2005-09-30": "1014.60000", "2005-06-30": "1303.10000", "2005-03-31": "1037.40000"}, "Gross Profit": {"2020-12-31": "595.60010", "2020-09-30": "578.70000", "2020-06-30": "432.70010", "2020-03-31": "450.50000", "2019-12-31": "513.49990", "2019-09-30": "450.20000", "2019-06-30": "563.90010", "2019-03-31": "456.70010", "2018-12-31": "538.70000", "2018-09-30": "473.70000", "2018-06-30": "556.30000", "2018-03-31": "428.00000", "2017-12-31": "531.00000", "2017-09-30": "428.60010", "2017-06-30": "475.39990", "2017-03-31": "330.29990", "2016-12-31": "420.29990", "2016-09-30": "353.50000", "2016-06-30": "427.00000", "2016-03-31": "314.70010", "2015-12-31": "397.39980", "2015-09-30": "365.70010", "2015-06-30": "449.60010", "2015-03-31": "347.90000", "2014-12-31": "498.00070", "2014-09-30": "421.90000", "2014-06-30": "631.50000", "2014-03-31": "514.89990", "2013-12-31": "591.00000", "2013-09-30": "556.20000", "2013-06-30": "710.30000", "2013-03-31": "533.10010", "2012-12-31": "527.80000", "2012-09-30": "491.00000", "2012-06-30": "611.40010", "2012-03-31": "493.00000", "2011-12-31": "524.10030", "2011-09-30": "407.80000", "2011-06-30": "488.30000", "2011-03-31": "355.89990", "2010-12-31": "409.20030", "2010-09-30": "303.80000", "2010-06-30": "321.10000", "2010-03-31": "224.60000", "2009-12-31": "266.19980", "2009-09-30": "243.10000", "2009-06-30": "291.80000", "2009-03-31": "270.79990", "2008-12-31": "374.89940", "2008-09-30": "380.09990", "2008-06-30": "428.20000", "2008-03-31": "315.20000", "2007-12-31": "366.99980", "2007-09-30": "307.60000", "2007-06-30": "297.00000", "2007-03-31": "219.40000", "2006-12-31": "265.89990", "2006-09-30": "204.30000", "2006-06-30": "251.30000", "2006-03-31": "206.30000", "2005-12-31": "223.90010", "2005-09-30": "219.00000", "2005-06-30": "271.20010", "2005-03-31": "219.50000"}, "Research And Development Expenses": {"2020-12-31": "", "2020-09-30": "", "2020-06-30": "", "2020-03-31": "", "2019-12-31": "", "2019-09-30": "", "2019-06-30": "", "2019-03-31": "", "2018-12-31": "", "2018-09-30": "", "2018-06-30": "", "2018-03-31": "", "2017-12-31": "", "2017-09-30": "", "2017-06-30": "", "2017-03-31": "", "2016-12-31": "", "2016-09-30": "", "2016-06-30": "", "2016-03-31": "", "2015-12-31": "", "2015-09-30": "", "2015-06-30": "", "2015-03-31": "", "2014-12-31": "", "2014-09-30": "", "2014-06-30": "", "2014-03-31": "", "2013-12-31": "", "2013-09-30": "", "2013-06-30": "", "2013-03-31": "", "2012-12-31": "", "2012-09-30": "", "2012-06-30": "", "2012-03-31": "", "2011-12-31": "", "2011-09-30": "", "2011-06-30": "", "2011-03-31": "", "2010-12-31": "", "2010-09-30": "", "2010-06-30": "", "2010-03-31": "", "2009-12-31": "", "2009-09-30": "", "2009-06-30": "", "2009-03-31": "", "2008-12-31": "", "2008-09-30": "", "2008-06-30": "", "2008-03-31": "", "2007-12-31": "", "2007-09-30": "", "2007-06-30": "", "2007-03-31": "", "2006-12-31": "", "2006-09-30": "", "2006-06-30": "", "2006-03-31": "", "2005-12-31": "", "2005-09-30": "", "2005-06-30": "", "2005-03-31": ""}, "SG&A Expenses": {"2020-12-31": "283.10000", "2020-09-30": "251.30000", "2020-06-30": "219.50000", "2020-03-31": "247.60000", "2019-12-31": "272.40000", "2019-09-30": "245.00000", "2019-06-30": "260.70000", "2019-03-31": "262.20000", "2018-12-31": "272.50000", "2018-09-30": "260.50000", "2018-06-30": "271.80000", "2018-03-31": "264.60000", "2017-12-31": "274.20000", "2017-09-30": "233.20000", "2017-06-30": "234.60000", "2017-03-31": "222.70000", "2016-12-31": "221.50000", "2016-09-30": "214.10000", "2016-06-30": "217.80000", "2016-03-31": "211.20000", "2015-12-31": "222.20000", "2015-09-30": "205.80000", "2015-06-30": "213.10000", "2015-03-31": "211.20000", "2014-12-31": "244.40000", "2014-09-30": "221.70000", "2014-06-30": "262.30000", "2014-03-31": "267.00000", "2013-12-31": "295.20000", "2013-09-30": "258.10000", "2013-06-30": "279.70000", "2013-03-31": "255.70000", "2012-12-31": "284.50000", "2012-09-30": "262.80000", "2012-06-30": "255.00000", "2012-03-31": "238.90000", "2011-12-31": "246.90000", "2011-09-30": "221.20000", "2011-06-30": "216.50000", "2011-03-31": "184.70000", "2010-12-31": "200.00000", "2010-09-30": "170.30000", "2010-06-30": "164.80000", "2010-03-31": "157.00000", "2009-12-31": "158.80000", "2009-09-30": "155.50000", "2009-06-30": "154.20000", "2009-03-31": "161.60000", "2008-12-31": "185.80000", "2008-09-30": "183.50000", "2008-06-30": "181.00000", "2008-03-31": "170.60000", "2007-12-31": "187.50000", "2007-09-30": "156.60000", "2007-06-30": "144.40000", "2007-03-31": "137.20000", "2006-12-31": "147.60000", "2006-09-30": "135.00000", "2006-06-30": "132.50000", "2006-03-31": "126.60000", "2005-12-31": "136.60000", "2005-09-30": "126.20000", "2005-06-30": "127.30000", "2005-03-31": "130.60000"}, "Other Operating Income Or Expenses": {"2020-12-31": "-105.40000", "2020-09-30": "-87.80000", "2020-06-30": "-77.20000", "2020-03-31": "-86.70000", "2019-12-31": "-269.40000", "2019-09-30": "-83.10000", "2019-06-30": "-88.20000", "2019-03-31": "-85.10000", "2018-12-31": "-89.70000", "2018-09-30": "-85.10000", "2018-06-30": "-95.50000", "2018-03-31": "-91.30000", "2017-12-31": "-95.30000", "2017-09-30": "-81.00000", "2017-06-30": "-78.30000", "2017-03-31": "-73.40000", "2016-12-31": "-86.50000", "2016-09-30": "-66.00000", "2016-06-30": "-77.10000", "2016-03-31": "-71.20000", "2015-12-31": "-71.70000", "2015-09-30": "-70.00000", "2015-06-30": "-71.70000", "2015-03-31": "-68.80000", "2014-12-31": "-84.10000", "2014-09-30": "-78.20000", "2014-06-30": "-92.50000", "2014-03-31": "-82.20000", "2013-12-31": "-86.70000", "2013-09-30": "-87.30000", "2013-06-30": "-91.40000", "2013-03-31": "-88.00000", "2012-12-31": "-112.00000", "2012-09-30": "-76.40000", "2012-06-30": "-79.00000", "2012-03-31": "-72.10000", "2011-12-31": "-84.00000", "2011-09-30": "-67.50000", "2011-06-30": "-66.20000", "2011-03-31": "-57.90000", "2010-12-31": "-61.10000", "2010-09-30": "-51.40000", "2010-06-30": "-55.00000", "2010-03-31": "-52.10000", "2009-12-31": "-45.50000", "2009-09-30": "-46.30000", "2009-06-30": "-52.10000", "2009-03-31": "-48.00000", "2008-12-31": "-46.30000", "2008-09-30": "-49.80000", "2008-06-30": "-53.00000", "2008-03-31": "-45.40000", "2007-12-31": "-46.60000", "2007-09-30": "-38.60000", "2007-06-30": "-37.30000", "2007-03-31": "-32.40000", "2006-12-31": "-32.40000", "2006-09-30": "-31.90000", "2006-06-30": "-32.00000", "2006-03-31": "-31.60000", "2005-12-31": "-29.70000", "2005-09-30": "-29.90000", "2005-06-30": "-31.40000", "2005-03-31": "-30.70000"}, "Operating Expenses": {"2020-12-31": "2539.10000", "2020-09-30": "2273.50000", "2020-06-30": "1909.50000", "2020-03-31": "1827.90000", "2019-12-31": "2563.40000", "2019-09-30": "2003.50000", "2019-06-30": "2223.00000", "2019-03-31": "1903.40000", "2018-12-31": "2433.10000", "2018-09-30": "2103.40000", "2018-06-30": "2369.50000", "2018-03-31": "1957.00000", "2017-12-31": "2384.10000", "2017-09-30": "1889.20000", "2017-06-30": "2016.90000", "2017-03-31": "1611.90000", "2016-12-31": "2004.00000", "2016-09-30": "1702.60000", "2016-06-30": "1877.00000", "2016-03-31": "1539.90000", "2015-12-31": "1873.70100", "2015-09-30": "1657.30000", "2015-06-30": "1919.40000", "2015-03-31": "1655.80000", "2014-12-31": "2369.80000", "2014-09-30": "2046.10000", "2014-06-30": "2483.60000", "2014-03-31": "2177.70000", "2013-12-31": "2662.50000", "2013-09-30": "2276.90000", "2013-06-30": "2721.10000", "2013-03-31": "2225.70000", "2012-12-31": "2584.50000", "2012-09-30": "2155.40000", "2012-06-30": "2425.20000", "2012-03-31": "2103.90000", "2011-12-31": "2332.09900", "2011-09-30": "1984.80000", "2011-06-30": "2157.00000", "2011-03-31": "1689.00000", "2010-12-31": "2025.60000", "2010-09-30": "1581.50000", "2010-06-30": "1646.50000", "2010-03-31": "1318.80000", "2009-12-31": "1779.40100", "2009-09-30": "1353.80000", "2009-06-30": "1688.90000", "2009-03-31": "1475.60000", "2008-12-31": "1867.00000", "2008-09-30": "1943.70000", "2008-06-30": "2206.30000", "2008-03-31": "1692.40000", "2007-12-31": "2042.90000", "2007-09-30": "1502.60000", "2007-06-30": "1600.80000", "2007-03-31": "1287.00000", "2006-12-31": "1723.60100", "2006-09-30": "1148.70000", "2006-06-30": "1367.90000", "2006-03-31": "1125.90000", "2005-12-31": "1331.20100", "2005-09-30": "1174.80000", "2005-06-30": "1465.10000", "2005-03-31": "1203.90000"}, "Operating Income": {"2020-12-31": "178.00000", "2020-09-30": "223.99980", "2020-06-30": "97.30010", "2020-03-31": "100.40000", "2019-12-31": "-49.79960", "2019-09-30": "105.89990", "2019-06-30": "199.60010", "2019-03-31": "92.40000", "2018-12-31": "159.10010", "2018-09-30": "111.29980", "2018-06-30": "168.10010", "2018-03-31": "50.50000", "2017-12-31": "143.29980", "2017-09-30": "97.10010", "2017-06-30": "148.29980", "2017-03-31": "15.70000", "2016-12-31": "89.99980", "2016-09-30": "59.00000", "2016-06-30": "118.60000", "2016-03-31": "19.40020", "2015-12-31": "85.29930", "2015-09-30": "79.10000", "2015-06-30": "149.90010", "2015-03-31": "46.80010", "2014-12-31": "115.40060", "2014-09-30": "108.70010", "2014-06-30": "266.70000", "2014-03-31": "155.70000", "2013-12-31": "197.19950", "2013-09-30": "198.99980", "2013-06-30": "327.10010", "2013-03-31": "177.40010", "2012-12-31": "118.89970", "2012-09-30": "139.60010", "2012-06-30": "264.90010", "2012-03-31": "169.80000", "2011-12-31": "185.70070", "2011-09-30": "114.30000", "2011-06-30": "201.59990", "2011-03-31": "108.70000", "2010-12-31": "142.40030", "2010-09-30": "75.90000", "2010-06-30": "96.49990", "2010-03-31": "9.40000", "2009-12-31": "47.79940", "2009-09-30": "35.70000", "2009-06-30": "78.10010", "2009-03-31": "57.10000", "2008-12-31": "138.69970", "2008-09-30": "141.69980", "2008-06-30": "189.09990", "2008-03-31": "94.20000", "2007-12-31": "128.20010", "2007-09-30": "110.40000", "2007-06-30": "110.59990", "2007-03-31": "45.60010", "2006-12-31": "-89.80050", "2006-09-30": "32.20010", "2006-06-30": "82.60010", "2006-03-31": "43.90020", "2005-12-31": "53.69930", "2005-09-30": "58.80010", "2005-06-30": "109.20010", "2005-03-31": "53.00010"}, "Total Non-Operating Income/Expense": {"2020-12-31": "13.20000", "2020-09-30": "-18.90000", "2020-06-30": "-16.10000", "2020-03-31": "-15.90000", "2019-12-31": "-24.10000", "2019-09-30": "-27.20000", "2019-06-30": "-17.60000", "2019-03-31": "-18.10000", "2018-12-31": "-32.40000", "2018-09-30": "-26.10000", "2018-06-30": "-48.40000", "2018-03-31": "-21.80000", "2017-12-31": "-37.80000", "2017-09-30": "-30.10000", "2017-06-30": "-28.90000", "2017-03-31": "-23.80000", "2016-12-31": "-20.50000", "2016-09-30": "-11.90000", "2016-06-30": "-27.90000", "2016-03-31": "-21.80000", "2015-12-31": "-32.40000", "2015-09-30": "-8.50000", "2015-06-30": "-20.80000", "2015-03-31": "-20.00000", "2014-12-31": "-29.80000", "2014-09-30": "-24.00000", "2014-06-30": "-28.60000", "2014-03-31": "-25.10000", "2013-12-31": "-32.70000", "2013-09-30": "-25.40000", "2013-06-30": "-23.70000", "2013-03-31": "-16.30000", "2012-12-31": "-24.60000", "2012-09-30": "-29.60000", "2012-06-30": "-20.80000", "2012-03-31": "-17.40000", "2011-12-31": "-10.90000", "2011-09-30": "-10.20000", "2011-06-30": "-20.40000", "2011-03-31": "-7.80000", "2010-12-31": "-15.90000", "2010-09-30": "-10.70000", "2010-06-30": "-15.60000", "2010-03-31": "-7.10000", "2009-12-31": "-10.80000", "2009-09-30": "-15.70000", "2009-06-30": "-19.90000", "2009-03-31": "-17.90000", "2008-12-31": "-10.40000", "2008-09-30": "-8.60000", "2008-06-30": "-18.60000", "2008-03-31": "-14.60000", "2007-12-31": "-34.70000", "2007-09-30": "-13.90000", "2007-06-30": "-17.00000", "2007-03-31": "-15.30000", "2006-12-31": "-22.50000", "2006-09-30": "-20.90000", "2006-06-30": "-24.60000", "2006-03-31": "-20.10000", "2005-12-31": "-22.10000", "2005-09-30": "-24.60000", "2005-06-30": "-44.10000", "2005-03-31": "-23.80000"}, "Pre-Tax Income": {"2020-12-31": "191.20000", "2020-09-30": "205.10000", "2020-06-30": "81.20000", "2020-03-31": "84.50000", "2019-12-31": "-73.90000", "2019-09-30": "78.70000", "2019-06-30": "182.00000", "2019-03-31": "74.30000", "2018-12-31": "126.70000", "2018-09-30": "85.20000", "2018-06-30": "119.70000", "2018-03-31": "28.70000", "2017-12-31": "105.50000", "2017-09-30": "67.00000", "2017-06-30": "119.40000", "2017-03-31": "-8.10000", "2016-12-31": "69.50000", "2016-09-30": "47.10000", "2016-06-30": "90.70000", "2016-03-31": "-2.40000", "2015-12-31": "52.90000", "2015-09-30": "70.60000", "2015-06-30": "129.10000", "2015-03-31": "26.80000", "2014-12-31": "85.60000", "2014-09-30": "84.70000", "2014-06-30": "238.10000", "2014-03-31": "130.60000", "2013-12-31": "164.50000", "2013-09-30": "173.60000", "2013-06-30": "303.40000", "2013-03-31": "161.10000", "2012-12-31": "94.30000", "2012-09-30": "110.00000", "2012-06-30": "244.10000", "2012-03-31": "152.40000", "2011-12-31": "174.80000", "2011-09-30": "104.10000", "2011-06-30": "181.20000", "2011-03-31": "100.90000", "2010-12-31": "126.50000", "2010-09-30": "65.20000", "2010-06-30": "80.90000", "2010-03-31": "2.30000", "2009-12-31": "37.00000", "2009-09-30": "20.00000", "2009-06-30": "58.20000", "2009-03-31": "39.20000", "2008-12-31": "128.30000", "2008-09-30": "133.10000", "2008-06-30": "170.50000", "2008-03-31": "79.60000", "2007-12-31": "93.50000", "2007-09-30": "96.50000", "2007-06-30": "93.60000", "2007-03-31": "30.30000", "2006-12-31": "-112.30000", "2006-09-30": "11.30000", "2006-06-30": "58.00000", "2006-03-31": "23.80000", "2005-12-31": "31.60000", "2005-09-30": "34.20000", "2005-06-30": "65.10000", "2005-03-31": "29.20000"}, "Income Taxes": {"2020-12-31": "69.80000", "2020-09-30": "57.20000", "2020-06-30": "31.30000", "2020-03-31": "29.40000", "2019-12-31": "25.00000", "2019-09-30": "83.20000", "2019-06-30": "53.20000", "2019-03-31": "19.40000", "2018-12-31": "37.10000", "2018-09-30": "23.90000", "2018-06-30": "38.50000", "2018-03-31": "11.40000", "2017-12-31": "68.70000", "2017-09-30": "16.90000", "2017-06-30": "36.90000", "2017-03-31": "11.10000", "2016-12-31": "18.30000", "2016-09-30": "19.50000", "2016-06-30": "54.80000", "2016-03-31": "-0.40000", "2015-12-31": "6.40000", "2015-09-30": "17.60000", "2015-06-30": "37.90000", "2015-03-31": "10.60000", "2014-12-31": "23.90000", "2014-09-30": "34.20000", "2014-06-30": "83.20000", "2014-03-31": "46.40000", "2013-12-31": "38.70000", "2013-09-30": "62.50000", "2013-06-30": "104.40000", "2013-03-31": "52.90000", "2012-12-31": "6.90000", "2012-09-30": "30.50000", "2012-06-30": "57.30000", "2012-03-31": "43.20000", "2011-12-31": "-98.80000", "2011-09-30": "31.60000", "2011-06-30": "61.10000", "2011-03-31": "30.70000", "2010-12-31": "54.60000", "2010-09-30": "14.10000", "2010-06-30": "31.90000", "2010-03-31": "3.80000", "2009-12-31": "14.50000", "2009-09-30": "14.80000", "2009-06-30": "14.00000", "2009-03-31": "14.40000", "2008-12-31": "36.40000", "2008-09-30": "42.70000", "2008-06-30": "55.50000", "2008-03-31": "29.80000", "2007-12-31": "35.80000", "2007-09-30": "26.70000", "2007-06-30": "36.10000", "2007-03-31": "12.80000", "2006-12-31": "24.90000", "2006-09-30": "13.90000", "2006-06-30": "22.10000", "2006-03-31": "12.60000", "2005-12-31": "100.50000", "2005-09-30": "12.70000", "2005-06-30": "25.60000", "2005-03-31": "12.30000"}, "Income After Taxes": {"2020-12-31": "121.40000", "2020-09-30": "147.90000", "2020-06-30": "49.90000", "2020-03-31": "55.10000", "2019-12-31": "-98.90000", "2019-09-30": "-4.50000", "2019-06-30": "128.80000", "2019-03-31": "54.90000", "2018-12-31": "89.60000", "2018-09-30": "61.30000", "2018-06-30": "81.20000", "2018-03-31": "17.30000", "2017-12-31": "36.80000", "2017-09-30": "50.10000", "2017-06-30": "82.50000", "2017-03-31": "-19.20000", "2016-12-31": "51.20000", "2016-09-30": "27.60000", "2016-06-30": "35.90000", "2016-03-31": "-2.00000", "2015-12-31": "46.50000", "2015-09-30": "53.00000", "2015-06-30": "91.20000", "2015-03-31": "16.20000", "2014-12-31": "61.70000", "2014-09-30": "50.50000", "2014-06-30": "154.90000", "2014-03-31": "84.20000", "2013-12-31": "125.80000", "2013-09-30": "111.10000", "2013-06-30": "199.00000", "2013-03-31": "108.20000", "2012-12-31": "87.40000", "2012-09-30": "79.50000", "2012-06-30": "186.80000", "2012-03-31": "109.20000", "2011-12-31": "273.60000", "2011-09-30": "72.50000", "2011-06-30": "120.10000", "2011-03-31": "70.20000", "2010-12-31": "71.90000", "2010-09-30": "51.10000", "2010-06-30": "49.00000", "2010-03-31": "-1.50000", "2009-12-31": "22.50000", "2009-09-30": "5.20000", "2009-06-30": "44.20000", "2009-03-31": "24.80000", "2008-12-31": "91.90000", "2008-09-30": "90.40000", "2008-06-30": "115.00000", "2008-03-31": "49.80000", "2007-12-31": "57.70000", "2007-09-30": "69.80000", "2007-06-30": "57.50000", "2007-03-31": "17.50000", "2006-12-31": "-137.20000", "2006-09-30": "-2.60000", "2006-06-30": "35.90000", "2006-03-31": "11.20000", "2005-12-31": "-68.90000", "2005-09-30": "21.50000", "2005-06-30": "39.50000", "2005-03-31": "16.90000"}, "Other Income": {"2020-12-31": "", "2020-09-30": "", "2020-06-30": "", "2020-03-31": "", "2019-12-31": "", "2019-09-30": "", "2019-06-30": "", "2019-03-31": "", "2018-12-31": "", "2018-09-30": "", "2018-06-30": "", "2018-03-31": "", "2017-12-31": "", "2017-09-30": "", "2017-06-30": "", "2017-03-31": "", "2016-12-31": "", "2016-09-30": "", "2016-06-30": "", "2016-03-31": "", "2015-12-31": "", "2015-09-30": "", "2015-06-30": "", "2015-03-31": "", "2014-12-31": "", "2014-09-30": "", "2014-06-30": "", "2014-03-31": "", "2013-12-31": "", "2013-09-30": "", "2013-06-30": "", "2013-03-31": "", "2012-12-31": "", "2012-09-30": "", "2012-06-30": "", "2012-03-31": "", "2011-12-31": "", "2011-09-30": "", "2011-06-30": "", "2011-03-31": "", "2010-12-31": "", "2010-09-30": "", "2010-06-30": "", "2010-03-31": "", "2009-12-31": "", "2009-09-30": "", "2009-06-30": "", "2009-03-31": "", "2008-12-31": "", "2008-09-30": "", "2008-06-30": "", "2008-03-31": "", "2007-12-31": "", "2007-09-30": "", "2007-06-30": "", "2007-03-31": "", "2006-12-31": "", "2006-09-30": "", "2006-06-30": "", "2006-03-31": "", "2005-12-31": "", "2005-09-30": "", "2005-06-30": "", "2005-03-31": ""}, "Income From Continuous Operations": {"2020-12-31": "135.40000", "2020-09-30": "158.10000", "2020-06-30": "60.00000", "2020-03-31": "66.30000", "2019-12-31": "-89.60000", "2019-09-30": "6.30000", "2019-06-30": "140.40000", "2019-03-31": "65.70000", "2018-12-31": "97.60000", "2018-09-30": "70.70000", "2018-06-30": "90.40000", "2018-03-31": "25.00000", "2017-12-31": "45.10000", "2017-09-30": "60.80000", "2017-06-30": "91.60000", "2017-03-31": "-8.20000", "2016-12-31": "61.20000", "2016-09-30": "39.40000", "2016-06-30": "49.40000", "2016-03-31": "10.20000", "2015-12-31": "61.30000", "2015-09-30": "67.20000", "2015-06-30": "105.60000", "2015-03-31": "29.90000", "2014-12-31": "76.50000", "2014-09-30": "62.50000", "2014-06-30": "166.00000", "2014-03-31": "99.20000", "2013-12-31": "136.90000", "2013-09-30": "125.20000", "2013-06-30": "213.10000", "2013-03-31": "117.10000", "2012-12-31": "101.00000", "2012-09-30": "92.10000", "2012-06-30": "202.10000", "2012-03-31": "121.20000", "2011-12-31": "285.30000", "2011-09-30": "84.50000", "2011-06-30": "133.90000", "2011-03-31": "81.60000", "2010-12-31": "85.20000", "2010-09-30": "62.20000", "2010-06-30": "62.80000", "2010-03-31": "10.00000", "2009-12-31": "33.20000", "2009-09-30": "11.10000", "2009-06-30": "57.40000", "2009-03-31": "33.70000", "2008-12-31": "98.50000", "2008-09-30": "99.00000", "2008-06-30": "129.60000", "2008-03-31": "58.80000", "2007-12-31": "67.70000", "2007-09-30": "76.90000", "2007-06-30": "63.80000", "2007-03-31": "24.50000", "2006-12-31": "-128.50000", "2006-09-30": "5.40000", "2006-06-30": "40.90000", "2006-03-31": "17.30000", "2005-12-31": "-63.80000", "2005-09-30": "27.80000", "2005-06-30": "46.10000", "2005-03-31": "21.50000"}, "Income From Discontinued Operations": {"2020-12-31": "", "2020-09-30": "", "2020-06-30": "", "2020-03-31": "", "2019-12-31": "", "2019-09-30": "", "2019-06-30": "", "2019-03-31": "", "2018-12-31": "", "2018-09-30": "", "2018-06-30": "", "2018-03-31": "", "2017-12-31": "", "2017-09-30": "", "2017-06-30": "", "2017-03-31": "", "2016-12-31": "", "2016-09-30": "", "2016-06-30": "", "2016-03-31": "", "2015-12-31": "", "2015-09-30": "", "2015-06-30": "", "2015-03-31": "", "2014-12-31": "", "2014-09-30": "", "2014-06-30": "", "2014-03-31": "", "2013-12-31": "", "2013-09-30": "", "2013-06-30": "", "2013-03-31": "", "2012-12-31": "", "2012-09-30": "", "2012-06-30": "", "2012-03-31": "", "2011-12-31": "", "2011-09-30": "", "2011-06-30": "", "2011-03-31": "", "2010-12-31": "", "2010-09-30": "", "2010-06-30": "", "2010-03-31": "", "2009-12-31": "", "2009-09-30": "", "2009-06-30": "", "2009-03-31": "", "2008-12-31": "", "2008-09-30": "", "2008-06-30": "", "2008-03-31": "", "2007-12-31": "", "2007-09-30": "", "2007-06-30": "", "2007-03-31": "", "2006-12-31": "", "2006-09-30": "", "2006-06-30": "", "2006-03-31": "", "2005-12-31": "", "2005-09-30": "", "2005-06-30": "", "2005-03-31": ""}, "Net Income": {"2020-12-31": "135.40000", "2020-09-30": "157.30000", "2020-06-30": "69.70000", "2020-03-31": "64.70000", "2019-12-31": "-88.30000", "2019-09-30": "7.60000", "2019-06-30": "140.80000", "2019-03-31": "65.10000", "2018-12-31": "98.70000", "2018-09-30": "71.10000", "2018-06-30": "91.40000", "2018-03-31": "24.30000", "2017-12-31": "44.30000", "2017-09-30": "60.70000", "2017-06-30": "91.50000", "2017-03-31": "-10.10000", "2016-12-31": "62.00000", "2016-09-30": "40.00000", "2016-06-30": "50.30000", "2016-03-31": "7.80000", "2015-12-31": "62.10000", "2015-09-30": "67.10000", "2015-06-30": "107.10000", "2015-03-31": "30.10000", "2014-12-31": "77.60000", "2014-09-30": "65.00000", "2014-06-30": "168.20000", "2014-03-31": "99.60000", "2013-12-31": "139.30000", "2013-09-30": "126.20000", "2013-06-30": "213.70000", "2013-03-31": "118.00000", "2012-12-31": "102.50000", "2012-09-30": "94.50000", "2012-06-30": "204.90000", "2012-03-31": "120.20000", "2011-12-31": "285.20000", "2011-09-30": "84.40000", "2011-06-30": "133.70000", "2011-03-31": "80.00000", "2010-12-31": "85.20000", "2010-09-30": "62.30000", "2010-06-30": "62.90000", "2010-03-31": "10.10000", "2009-12-31": "33.50000", "2009-09-30": "11.10000", "2009-06-30": "57.40000", "2009-03-31": "33.70000", "2008-12-31": "98.50000", "2008-09-30": "99.00000", "2008-06-30": "129.60000", "2008-03-31": "58.80000", "2007-12-31": "67.70000", "2007-09-30": "76.90000", "2007-06-30": "63.80000", "2007-03-31": "24.50000", "2006-12-31": "-128.50000", "2006-09-30": "5.40000", "2006-06-30": "40.90000", "2006-03-31": "17.30000", "2005-12-31": "-63.80000", "2005-09-30": "27.80000", "2005-06-30": "46.10000", "2005-03-31": "21.50000"}, "EBITDA": {"2020-12-31": "", "2020-09-30": "291.39970", "2020-06-30": "182.90010", "2020-03-31": "167.00000", "2019-12-31": "194.00050", "2019-09-30": "172.89990", "2019-06-30": "269.10010", "2019-03-31": "160.70000", "2018-12-31": "229.70010", "2018-09-30": "181.59980", "2018-06-30": "242.20010", "2018-03-31": "125.40000", "2017-12-31": "216.39980", "2017-09-30": "167.70010", "2017-06-30": "216.49980", "2017-03-31": "83.60000", "2016-12-31": "161.49980", "2016-09-30": "127.10000", "2016-06-30": "186.70000", "2016-03-31": "86.30020", "2015-12-31": "151.59930", "2015-09-30": "144.10000", "2015-06-30": "215.70010", "2015-03-31": "111.80000", "2014-12-31": "185.50060", "2014-09-30": "180.60010", "2014-06-30": "337.70000", "2014-03-31": "225.80000", "2013-12-31": "270.09950", "2013-09-30": "266.29970", "2013-06-30": "393.40010", "2013-03-31": "243.00020", "2012-12-31": "211.99970", "2012-09-30": "194.60010", "2012-06-30": "322.60010", "2012-03-31": "228.50000", "2011-12-31": "237.60070", "2011-09-30": "158.10010", "2011-06-30": "247.29990", "2011-03-31": "151.89990", "2010-12-31": "189.60030", "2010-09-30": "118.20000", "2010-06-30": "137.29990", "2010-03-31": "51.60000", "2009-12-31": "92.09940", "2009-09-30": "75.20000", "2009-06-30": "114.70010", "2009-03-31": "91.30000", "2008-12-31": "168.19970", "2008-09-30": "182.49980", "2008-06-30": "230.89980", "2008-03-31": "134.59990", "2007-12-31": "181.00010", "2007-09-30": "144.20000", "2007-06-30": "144.09990", "2007-03-31": "77.10010", "2006-12-31": "116.19940", "2006-09-30": "61.70010", "2006-06-30": "112.00010", "2006-03-31": "72.30020", "2005-12-31": "81.49940", "2005-09-30": "85.50010", "2005-06-30": "139.60010", "2005-03-31": "81.20010"}, "EBIT": {"2020-12-31": "178.00000", "2020-09-30": "223.99980", "2020-06-30": "97.30010", "2020-03-31": "100.40000", "2019-12-31": "-49.79940", "2019-09-30": "105.89990", "2019-06-30": "199.60010", "2019-03-31": "92.40000", "2018-12-31": "159.10010", "2018-09-30": "111.29980", "2018-06-30": "168.10010", "2018-03-31": "50.50000", "2017-12-31": "143.29960", "2017-09-30": "97.10010", "2017-06-30": "148.29980", "2017-03-31": "15.70000", "2016-12-31": "89.99990", "2016-09-30": "59.00000", "2016-06-30": "118.60000", "2016-03-31": "19.40020", "2015-12-31": "85.29940", "2015-09-30": "79.10000", "2015-06-30": "149.90010", "2015-03-31": "46.80010", "2014-12-31": "115.40000", "2014-09-30": "108.70010", "2014-06-30": "266.70000", "2014-03-31": "155.70000", "2013-12-31": "197.20020", "2013-09-30": "198.99980", "2013-06-30": "327.10010", "2013-03-31": "177.40010", "2012-12-31": "118.89990", "2012-09-30": "139.60010", "2012-06-30": "264.90010", "2012-03-31": "169.80000", "2011-12-31": "185.70040", "2011-09-30": "114.30000", "2011-06-30": "201.59990", "2011-03-31": "108.70000", "2010-12-31": "142.40030", "2010-09-30": "75.90000", "2010-06-30": "96.49990", "2010-03-31": "9.40000", "2009-12-31": "47.79970", "2009-09-30": "35.70000", "2009-06-30": "78.10010", "2009-03-31": "57.10000", "2008-12-31": "138.69960", "2008-09-30": "141.69980", "2008-06-30": "189.09990", "2008-03-31": "94.20000", "2007-12-31": "128.19980", "2007-09-30": "110.40000", "2007-06-30": "110.59990", "2007-03-31": "45.60010", "2006-12-31": "-89.80040", "2006-09-30": "32.20010", "2006-06-30": "82.60010", "2006-03-31": "43.90020", "2005-12-31": "53.69950", "2005-09-30": "58.80010", "2005-06-30": "109.20010", "2005-03-31": "53.00010"}, "Basic Shares Outstanding": {"2020-12-31": "74.90000", "2020-09-30": "74.90000", "2020-06-30": "74.90000", "2020-03-31": "75.30000", "2019-12-31": "76.20000", "2019-09-30": "76.10000", "2019-06-30": "76.60000", "2019-03-31": "76.60000", "2018-12-31": "78.80000", "2018-09-30": "78.70000", "2018-06-30": "79.30000", "2018-03-31": "79.60000", "2017-12-31": "79.50000", "2017-09-30": "79.50000", "2017-06-30": "79.50000", "2017-03-31": "79.50000", "2016-12-31": "81.40000", "2016-09-30": "80.70000", "2016-06-30": "82.00000", "2016-03-31": "83.00000", "2015-12-31": "87.00000", "2015-09-30": "86.60000", "2015-06-30": "87.60000", "2015-03-31": "88.80000", "2014-12-31": "93.40000", "2014-09-30": "93.50000", "2014-06-30": "93.90000", "2014-03-31": "95.30000", "2013-12-31": "97.30000", "2013-09-30": "97.40000", "2013-06-30": "97.30000", "2013-03-31": "97.00000", "2012-12-31": "97.10000", "2012-09-30": "97.00000", "2012-06-30": "97.20000", "2012-03-31": "97.10000", "2011-12-31": "95.60000", "2011-09-30": "96.40000", "2011-06-30": "94.70000", "2011-03-31": "94.10000", "2010-12-31": "92.80000", "2010-09-30": "92.90000", "2010-06-30": "92.90000", "2010-03-31": "92.40000", "2009-12-31": "92.20000", "2009-09-30": "92.30000", "2009-06-30": "92.30000", "2009-03-31": "91.90000", "2008-12-31": "91.70000", "2008-09-30": "91.70000", "2008-06-30": "91.70000", "2008-03-31": "91.60000", "2007-12-31": "91.50000", "2007-09-30": "91.60000", "2007-06-30": "91.50000", "2007-03-31": "91.30000", "2006-12-31": "90.80000", "2006-09-30": "91.00000", "2006-06-30": "90.80000", "2006-03-31": "90.50000", "2005-12-31": "90.40000", "2005-09-30": "90.40000", "2005-06-30": "90.40000", "2005-03-31": "90.30000"}, "Shares Outstanding": {"2020-12-31": "75.90000", "2020-09-30": "75.40000", "2020-06-30": "75.20000", "2020-03-31": "75.90000", "2019-12-31": "77.00000", "2019-09-30": "76.70000", "2019-06-30": "77.20000", "2019-03-31": "77.50000", "2018-12-31": "79.70000", "2018-09-30": "79.70000", "2018-06-30": "80.20000", "2018-03-31": "80.50000", "2017-12-31": "80.20000", "2017-09-30": "80.20000", "2017-06-30": "80.10000", "2017-03-31": "79.50000", "2016-12-31": "81.70000", "2016-09-30": "80.80000", "2016-06-30": "82.10000", "2016-03-31": "83.10000", "2015-12-31": "87.10000", "2015-09-30": "86.70000", "2015-06-30": "87.70000", "2015-03-31": "89.00000", "2014-12-31": "94.20000", "2014-09-30": "93.80000", "2014-06-30": "95.10000", "2014-03-31": "96.60000", "2013-12-31": "99.40000", "2013-09-30": "99.50000", "2013-06-30": "99.30000", "2013-03-31": "99.10000", "2012-12-31": "98.60000", "2012-09-30": "98.40000", "2012-06-30": "98.40000", "2012-03-31": "99.10000", "2011-12-31": "98.10000", "2011-09-30": "96.90000", "2011-06-30": "98.60000", "2011-03-31": "98.30000", "2010-12-31": "96.40000", "2010-09-30": "95.80000", "2010-06-30": "95.90000", "2010-03-31": "96.20000", "2009-12-31": "94.10000", "2009-09-30": "94.80000", "2009-06-30": "93.80000", "2009-03-31": "92.40000", "2008-12-31": "97.70000", "2008-09-30": "98.30000", "2008-06-30": "99.10000", "2008-03-31": "99.30000", "2007-12-31": "96.60000", "2007-09-30": "96.40000", "2007-06-30": "95.90000", "2007-03-31": "94.80000", "2006-12-31": "90.80000", "2006-09-30": "92.00000", "2006-06-30": "91.60000", "2006-03-31": "90.70000", "2005-12-31": "90.70000", "2005-09-30": "90.70000", "2005-06-30": "99.60000", "2005-03-31": "99.70000"}, "Basic EPS": {"2020-12-31": "1.81000", "2020-09-30": "2.10000", "2020-06-30": "0.93000", "2020-03-31": "0.86000", "2019-12-31": "-1.15000", "2019-09-30": "0.10000", "2019-06-30": "1.84000", "2019-03-31": "0.85000", "2018-12-31": "1.26000", "2018-09-30": "0.90000", "2018-06-30": "1.15000", "2018-03-31": "0.31000", "2017-12-31": "0.56000", "2017-09-30": "0.76000", "2017-06-30": "1.15000", "2017-03-31": "-0.13000", "2016-12-31": "0.77000", "2016-09-30": "0.50000", "2016-06-30": "0.61000", "2016-03-31": "0.09000", "2015-12-31": "0.73000", "2015-09-30": "0.77000", "2015-06-30": "1.22000", "2015-03-31": "0.34000", "2014-12-31": "0.85000", "2014-09-30": "0.70000", "2014-06-30": "1.79000", "2014-03-31": "1.05000", "2013-12-31": "1.42000", "2013-09-30": "1.30000", "2013-06-30": "2.20000", "2013-03-31": "1.22000", "2012-12-31": "1.06000", "2012-09-30": "0.97000", "2012-06-30": "2.11000", "2012-03-31": "1.24000", "2011-12-31": "2.96000", "2011-09-30": "0.88000", "2011-06-30": "1.41000", "2011-03-31": "0.85000", "2010-12-31": "0.92000", "2010-09-30": "0.67000", "2010-06-30": "0.68000", "2010-03-31": "0.11000", "2009-12-31": "0.36000", "2009-09-30": "0.12000", "2009-06-30": "0.62000", "2009-03-31": "0.37000", "2008-12-31": "1.08000", "2008-09-30": "1.08000", "2008-06-30": "1.41000", "2008-03-31": "0.64000", "2007-12-31": "0.74000", "2007-09-30": "0.84000", "2007-06-30": "0.70000", "2007-03-31": "0.27000", "2006-12-31": "-1.41000", "2006-09-30": "0.06000", "2006-06-30": "0.45000", "2006-03-31": "0.19000", "2005-12-31": "-0.71000", "2005-09-30": "0.31000", "2005-06-30": "0.51000", "2005-03-31": "0.24000"}, "EPS - Earnings Per Share": {"2020-12-31": "1.78000", "2020-09-30": "2.09000", "2020-06-30": "0.93000", "2020-03-31": "0.85000", "2019-12-31": "-1.13000", "2019-09-30": "0.10000", "2019-06-30": "1.82000", "2019-03-31": "0.84000", "2018-12-31": "1.25000", "2018-09-30": "0.89000", "2018-06-30": "1.14000", "2018-03-31": "0.30000", "2017-12-31": "0.55000", "2017-09-30": "0.76000", "2017-06-30": "1.14000", "2017-03-31": "-0.13000", "2016-12-31": "0.76000", "2016-09-30": "0.50000", "2016-06-30": "0.61000", "2016-03-31": "0.09000", "2015-12-31": "0.73000", "2015-09-30": "0.77000", "2015-06-30": "1.22000", "2015-03-31": "0.34000", "2014-12-31": "0.87000", "2014-09-30": "0.69000", "2014-06-30": "1.77000", "2014-03-31": "1.03000", "2013-12-31": "1.40000", "2013-09-30": "1.27000", "2013-06-30": "2.15000", "2013-03-31": "1.19000", "2012-12-31": "1.05000", "2012-09-30": "0.96000", "2012-06-30": "2.08000", "2012-03-31": "1.21000", "2011-12-31": "2.91000", "2011-09-30": "0.87000", "2011-06-30": "1.36000", "2011-03-31": "0.81000", "2010-12-31": "0.88000", "2010-09-30": "0.65000", "2010-06-30": "0.66000", "2010-03-31": "0.10000", "2009-12-31": "0.35000", "2009-09-30": "0.12000", "2009-06-30": "0.61000", "2009-03-31": "0.36000", "2008-12-31": "1.04000", "2008-09-30": "1.01000", "2008-06-30": "1.31000", "2008-03-31": "0.59000", "2007-12-31": "0.68000", "2007-09-30": "0.80000", "2007-06-30": "0.67000", "2007-03-31": "0.26000", "2006-12-31": "-1.41000", "2006-09-30": "0.06000", "2006-06-30": "0.45000", "2006-03-31": "0.19000", "2005-12-31": "-0.66000", "2005-09-30": "0.31000", "2005-06-30": "0.47000", "2005-03-31": "0.23000"}}, "balance sheet": {"Cash On Hand": {"2020-12-31": "1119.10000", "2019-12-31": "432.80000", "2018-12-31": "326.10000", "2017-12-31": "367.70000", "2016-12-31": "429.70000", "2015-12-31": "426.70000", "2014-12-31": "363.70000", "2013-12-31": "1047.20000", "2012-12-31": "781.30000", "2011-12-31": "724.40000", "2010-12-31": "719.90000", "2009-12-31": "651.40000", "2008-12-31": "546.00000", "2007-12-31": "582.40000", "2006-12-31": "401.10000", "2005-12-31": "220.60000"}, "Receivables": {"2020-12-31": "856.00000", "2019-12-31": "800.50000", "2018-12-31": "880.30000", "2017-12-31": "1019.40000", "2016-12-31": "890.40000", "2015-12-31": "836.80000", "2014-12-31": "963.80000", "2013-12-31": "940.60000", "2012-12-31": "924.60000", "2011-12-31": "970.50000", "2010-12-31": "908.50000", "2009-12-31": "725.20000", "2008-12-31": "815.60000", "2007-12-31": "766.40000", "2006-12-31": "677.10000", "2005-12-31": "655.70000"}, "Inventory": {"2020-12-31": "1974.40000", "2019-12-31": "2078.70000", "2018-12-31": "1908.70000", "2017-12-31": "1872.90000", "2016-12-31": "1514.80000", "2015-12-31": "1423.40000", "2014-12-31": "1750.70000", "2013-12-31": "2016.10000", "2012-12-31": "1703.10000", "2011-12-31": "1559.60000", "2010-12-31": "1233.50000", "2009-12-31": "1156.70000", "2008-12-31": "1389.90000", "2007-12-31": "1134.20000", "2006-12-31": "1064.90000", "2005-12-31": "1062.50000"}, "Pre-Paid Expenses": {"2020-12-31": "", "2019-12-31": "", "2018-12-31": "", "2017-12-31": "", "2016-12-31": "", "2015-12-31": "", "2014-12-31": "", "2013-12-31": "", "2012-12-31": "", "2011-12-31": "", "2010-12-31": "", "2009-12-31": "", "2008-12-31": "", "2007-12-31": "", "2006-12-31": "", "2005-12-31": ""}, "Other Current Assets": {"2020-12-31": "418.90000", "2019-12-31": "417.10000", "2018-12-31": "422.30000", "2017-12-31": "367.70000", "2016-12-31": "330.80000", "2015-12-31": "211.40000", "2014-12-31": "232.50000", "2013-12-31": "272.00000", "2012-12-31": "302.20000", "2011-12-31": "265.60000", "2010-12-31": "206.50000", "2009-12-31": "151.60000", "2008-12-31": "197.10000", "2007-12-31": "186.00000", "2006-12-31": "129.10000", "2005-12-31": "107.70000"}, "Total Current Assets": {"2020-12-31": "4368.40000", "2019-12-31": "3729.10000", "2018-12-31": "3537.40000", "2017-12-31": "3627.70000", "2016-12-31": "3165.70000", "2015-12-31": "2898.30000", "2014-12-31": "3310.70000", "2013-12-31": "4517.10000", "2012-12-31": "3954.70000", "2011-12-31": "3662.80000", "2010-12-31": "3121.00000", "2009-12-31": "2748.50000", "2008-12-31": "3005.20000", "2007-12-31": "2721.70000", "2006-12-31": "2309.00000", "2005-12-31": "2086.20000"}, "Property, Plant, And Equipment": {"2020-12-31": "1508.50000", "2019-12-31": "1416.30000", "2018-12-31": "1373.10000", "2017-12-31": "1485.30000", "2016-12-31": "1361.30000", "2015-12-31": "1347.10000", "2014-12-31": "1530.40000", "2013-12-31": "1602.30000", "2012-12-31": "1406.10000", "2011-12-31": "1222.60000", "2010-12-31": "924.80000", "2009-12-31": "910.00000", "2008-12-31": "811.10000", "2007-12-31": "753.00000", "2006-12-31": "643.90000", "2005-12-31": "561.40000"}, "Long-Term Investments": {"2020-12-31": "442.70000", "2019-12-31": "380.20000", "2018-12-31": "400.00000", "2017-12-31": "409.00000", "2016-12-31": "414.90000", "2015-12-31": "392.90000", "2014-12-31": "424.10000", "2013-12-31": "416.10000", "2012-12-31": "390.30000", "2011-12-31": "346.30000", "2010-12-31": "398.00000", "2009-12-31": "353.90000", "2008-12-31": "275.10000", "2007-12-31": "284.60000", "2006-12-31": "191.60000", "2005-12-31": "164.70000"}, "Goodwill And Intangible Assets": {"2020-12-31": "1762.10000", "2019-12-31": "1800.00000", "2018-12-31": "2068.60000", "2017-12-31": "2190.40000", "2016-12-31": "1983.70000", "2015-12-31": "1622.20000", "2014-12-31": "1746.60000", "2013-12-31": "1744.30000", "2012-12-31": "1799.50000", "2011-12-31": "1861.00000", "2010-12-31": "804.30000", "2009-12-31": "800.80000", "2008-12-31": "763.90000", "2007-12-31": "871.30000", "2006-12-31": "800.00000", "2005-12-31": "908.20000"}, "Other Long-Term Assets": {"2020-12-31": "179.80000", "2019-12-31": "153.00000", "2018-12-31": "142.40000", "2017-12-31": "147.10000", "2016-12-31": "143.10000", "2015-12-31": "136.50000", "2014-12-31": "141.10000", "2013-12-31": "134.60000", "2012-12-31": "131.20000", "2011-12-31": "126.90000", "2010-12-31": "130.80000", "2009-12-31": "115.70000", "2008-12-31": "69.60000", "2007-12-31": "67.90000", "2006-12-31": "64.50000", "2005-12-31": "56.60000"}, "Total Long-Term Assets": {"2020-12-31": "4135.80000", "2019-12-31": "4030.60000", "2018-12-31": "4089.00000", "2017-12-31": "4344.00000", "2016-12-31": "4002.70000", "2015-12-31": "3599.40000", "2014-12-31": "4058.10000", "2013-12-31": "3921.70000", "2012-12-31": "3767.10000", "2011-12-31": "3594.40000", "2010-12-31": "2315.90000", "2009-12-31": "2250.40000", "2008-12-31": "1949.60000", "2007-12-31": "2065.90000", "2006-12-31": "1805.50000", "2005-12-31": "1775.00000"}, "Total Assets": {"2020-12-31": "8504.20000", "2019-12-31": "7759.70000", "2018-12-31": "7626.40000", "2017-12-31": "7971.70000", "2016-12-31": "7168.40000", "2015-12-31": "6497.70000", "2014-12-31": "7368.80000", "2013-12-31": "8438.80000", "2012-12-31": "7721.80000", "2011-12-31": "7257.20000", "2010-12-31": "5436.90000", "2009-12-31": "4998.90000", "2008-12-31": "4954.80000", "2007-12-31": "4787.60000", "2006-12-31": "4114.50000", "2005-12-31": "3861.20000"}, "Total Current Liabilities": {"2020-12-31": "3362.80000", "2019-12-31": "2884.50000", "2018-12-31": "2766.70000", "2017-12-31": "2650.60000", "2016-12-31": "2144.90000", "2015-12-31": "2185.40000", "2014-12-31": "2216.90000", "2013-12-31": "2812.00000", "2012-12-31": "2464.80000", "2011-12-31": "2205.50000", "2010-12-31": "1912.90000", "2009-12-31": "1668.90000", "2008-12-31": "1978.50000", "2007-12-31": "2083.30000", "2006-12-31": "1623.60000", "2005-12-31": "1260.40000"}, "Long Term Debt": {"2020-12-31": "1256.70000", "2019-12-31": "1191.80000", "2018-12-31": "1275.30000", "2017-12-31": "1618.10000", "2016-12-31": "1610.00000", "2015-12-31": "925.20000", "2014-12-31": "997.60000", "2013-12-31": "938.50000", "2012-12-31": "1035.60000", "2011-12-31": "1409.70000", "2010-12-31": "443.00000", "2009-12-31": "454.00000", "2008-12-31": "625.00000", "2007-12-31": "294.10000", "2006-12-31": "577.40000", "2005-12-31": "841.80000"}, "Other Non-Current Liabilities": {"2020-12-31": "375.00000", "2019-12-31": "288.70000", "2018-12-31": "251.40000", "2017-12-31": "229.90000", "2016-12-31": "193.90000", "2015-12-31": "183.50000", "2014-12-31": "176.70000", "2013-12-31": "145.90000", "2012-12-31": "149.10000", "2011-12-31": "119.90000", "2010-12-31": "91.40000", "2009-12-31": "78.00000", "2008-12-31": "49.60000", "2007-12-31": "53.30000", "2006-12-31": "36.90000", "2005-12-31": "13.20000"}, "Total Long Term Liabilities": {"2020-12-31": "2123.40000", "2019-12-31": "1968.20000", "2018-12-31": "1866.20000", "2017-12-31": "2225.80000", "2016-12-31": "2186.30000", "2015-12-31": "1429.00000", "2014-12-31": "1655.00000", "2013-12-31": "1582.00000", "2012-12-31": "1759.00000", "2011-12-31": "2020.50000", "2010-12-31": "864.80000", "2009-12-31": "927.30000", "2008-12-31": "956.29990", "2007-12-31": "661.30000", "2006-12-31": "997.30000", "2005-12-31": "1184.80000"}, "Total Liabilities": {"2020-12-31": "5486.20000", "2019-12-31": "4852.70000", "2018-12-31": "4632.90000", "2017-12-31": "4876.40000", "2016-12-31": "4331.20000", "2015-12-31": "3614.40000", "2014-12-31": "3871.90000", "2013-12-31": "4394.00000", "2012-12-31": "4223.80000", "2011-12-31": "4226.00000", "2010-12-31": "2777.70000", "2009-12-31": "2596.20000", "2008-12-31": "2934.80000", "2007-12-31": "2744.60000", "2006-12-31": "2620.90000", "2005-12-31": "2445.20000"}, "Common Stock Net": {"2020-12-31": "0.80000", "2019-12-31": "0.80000", "2018-12-31": "0.80000", "2017-12-31": "0.80000", "2016-12-31": "0.80000", "2015-12-31": "0.80000", "2014-12-31": "0.90000", "2013-12-31": "1.00000", "2012-12-31": "1.00000", "2011-12-31": "1.00000", "2010-12-31": "0.90000", "2009-12-31": "0.90000", "2008-12-31": "0.90000", "2007-12-31": "0.90000", "2006-12-31": "0.90000", "2005-12-31": "0.90000"}, "Retained Earnings (Accumulated Deficit)": {"2020-12-31": "4759.10000", "2019-12-31": "4443.50000", "2018-12-31": "4477.30000", "2017-12-31": "4253.80000", "2016-12-31": "4113.60000", "2015-12-31": "3996.00000", "2014-12-31": "3771.60000", "2013-12-31": "3402.00000", "2012-12-31": "2843.70000", "2011-12-31": "2321.60000", "2010-12-31": "1738.30000", "2009-12-31": "1517.80000", "2008-12-31": "1382.10000", "2007-12-31": "1020.40000", "2006-12-31": "774.10000", "2005-12-31": "825.40000"}, "Comprehensive Income": {"2020-12-31": "-1810.80000", "2019-12-31": "-1595.20000", "2018-12-31": "-1555.40000", "2017-12-31": "-1361.60000", "2016-12-31": "-1441.60000", "2015-12-31": "-1460.20000", "2014-12-31": "-906.50000", "2013-12-31": "-510.70000", "2012-12-31": "-479.40000", "2011-12-31": "-400.60000", "2010-12-31": "-132.10000", "2009-12-31": "-187.40000", "2008-12-31": "-436.10000", "2007-12-31": "79.00000", "2006-12-31": "-190.30000", "2005-12-31": "-304.90000"}, "Other Share Holders Equity": {"2020-12-31": "", "2019-12-31": "", "2018-12-31": "", "2017-12-31": "", "2016-12-31": "", "2015-12-31": "", "2014-12-31": "", "2013-12-31": "", "2012-12-31": "16.50000", "2011-12-31": "", "2010-12-31": "", "2009-12-31": "8.30000", "2008-12-31": "", "2007-12-31": "", "2006-12-31": "", "2005-12-31": ""}, "Share Holder Equity": {"2020-12-31": "3018.00000", "2019-12-31": "2907.00000", "2018-12-31": "2993.50000", "2017-12-31": "3095.30000", "2016-12-31": "2837.20000", "2015-12-31": "2883.30000", "2014-12-31": "3496.90000", "2013-12-31": "4044.80000", "2012-12-31": "3498.00000", "2011-12-31": "3031.20000", "2010-12-31": "2659.20000", "2009-12-31": "2402.70000", "2008-12-31": "2020.00000", "2007-12-31": "2043.00000", "2006-12-31": "1493.60000", "2005-12-31": "1416.00000"}, "Total Liabilities And Share Holders Equity": {"2020-12-31": "8504.20000", "2019-12-31": "7759.70000", "2018-12-31": "7626.40000", "2017-12-31": "7971.70000", "2016-12-31": "7168.40000", "2015-12-31": "6497.70000", "2014-12-31": "7368.80000", "2013-12-31": "8438.80000", "2012-12-31": "7721.80000", "2011-12-31": "7257.20000", "2010-12-31": "5436.90000", "2009-12-31": "4998.90000", "2008-12-31": "4954.80000", "2007-12-31": "4787.60000", "2006-12-31": "4114.50000", "2005-12-31": "3861.20000"}}, "balance sheet, quarterly": {"Cash On Hand": {"2020-12-31": "1119.10000", "2020-09-30": "511.00000", "2020-06-30": "404.40000", "2020-03-31": "386.70000", "2019-12-31": "432.80000", "2019-09-30": "282.00000", "2019-06-30": "279.90000", "2019-03-31": "292.80000", "2018-12-31": "326.10000", "2018-09-30": "292.70000", "2018-06-30": "280.60000", "2018-03-31": "348.20000", "2017-12-31": "367.70000", "2017-09-30": "312.70000", "2017-06-30": "317.80000", "2017-03-31": "289.90000", "2016-12-31": "429.70000", "2016-09-30": "297.80000", "2016-06-30": "324.70000", "2016-03-31": "247.90000", "2015-12-31": "426.70000", "2015-09-30": "425.40000", "2015-06-30": "498.20000", "2015-03-31": "338.90000", "2014-12-31": "363.70000", "2014-09-30": "320.90000", "2014-06-30": "323.30000", "2014-03-31": "193.90000", "2013-12-31": "1047.20000", "2013-09-30": "620.50000", "2013-06-30": "680.60000", "2013-03-31": "551.70000", "2012-12-31": "781.30000", "2012-09-30": "321.90000", "2012-06-30": "393.40000", "2012-03-31": "426.70000", "2011-12-31": "724.40000", "2011-09-30": "455.20000", "2011-06-30": "573.10000", "2011-03-31": "314.30000", "2010-12-31": "719.90000", "2010-09-30": "459.20000", "2010-06-30": "575.00000", "2010-03-31": "408.10000", "2009-12-31": "651.40000", "2009-09-30": "223.20000", "2009-06-30": "197.50000", "2009-03-31": "117.40000", "2008-12-31": "546.00000", "2008-09-30": "449.80000", "2008-06-30": "558.50000", "2008-03-31": "250.50000", "2007-12-31": "582.40000", "2007-09-30": "166.80000", "2007-06-30": "229.80000", "2007-03-31": "157.40000", "2006-12-31": "401.10000", "2006-09-30": "166.50000", "2006-06-30": "166.60000", "2006-03-31": "52.30000", "2005-12-31": "220.60000", "2005-09-30": "27.30000", "2005-06-30": "46.90000", "2005-03-31": "28.00000"}, "Receivables": {"2020-12-31": "856.00000", "2020-09-30": "990.10000", "2020-06-30": "903.30000", "2020-03-31": "825.00000", "2019-12-31": "800.50000", "2019-09-30": "918.10000", "2019-06-30": "1010.70000", "2019-03-31": "928.50000", "2018-12-31": "880.30000", "2018-09-30": "992.70000", "2018-06-30": "1047.10000", "2018-03-31": "1023.60000", "2017-12-31": "1019.40000", "2017-09-30": "1047.40000", "2017-06-30": "1019.50000", "2017-03-31": "923.00000", "2016-12-31": "890.40000", "2016-09-30": "1055.50000", "2016-06-30": "946.00000", "2016-03-31": "942.50000", "2015-12-31": "836.80000", "2015-09-30": "946.70000", "2015-06-30": "1047.20000", "2015-03-31": "1027.10000", "2014-12-31": "963.80000", "2014-09-30": "1083.60000", "2014-06-30": "1233.40000", "2014-03-31": "1211.30000", "2013-12-31": "940.60000", "2013-09-30": "1182.30000", "2013-06-30": "1286.10000", "2013-03-31": "1122.60000", "2012-12-31": "924.60000", "2012-09-30": "1088.60000", "2012-06-30": "1196.30000", "2012-03-31": "1108.00000", "2011-12-31": "970.50000", "2011-09-30": "902.90000", "2011-06-30": "1062.90000", "2011-03-31": "1023.30000", "2010-12-31": "908.50000", "2010-09-30": "863.40000", "2010-06-30": "857.30000", "2010-03-31": "877.70000", "2009-12-31": "725.20000", "2009-09-30": "785.00000", "2009-06-30": "916.70000", "2009-03-31": "818.60000", "2008-12-31": "815.60000", "2008-09-30": "817.60000", "2008-06-30": "834.30000", "2008-03-31": "867.10000", "2007-12-31": "766.40000", "2007-09-30": "739.60000", "2007-06-30": "727.70000", "2007-03-31": "734.70000", "2006-12-31": "677.10000", "2006-09-30": "582.90000", "2006-06-30": "670.10000", "2006-03-31": "698.40000", "2005-12-31": "655.70000", "2005-09-30": "791.30000", "2005-06-30": "835.20000", "2005-03-31": "876.40000"}, "Inventory": {"2020-12-31": "1974.40000", "2020-09-30": "2057.10000", "2020-06-30": "2169.00000", "2020-03-31": "2187.50000", "2019-12-31": "2078.70000", "2019-09-30": "2311.30000", "2019-06-30": "2424.80000", "2019-03-31": "2307.60000", "2018-12-31": "1908.70000", "2018-09-30": "2101.80000", "2018-06-30": "2131.90000", "2018-03-31": "2283.30000", "2017-12-31": "1872.90000", "2017-09-30": "2065.20000", "2017-06-30": "1885.40000", "2017-03-31": "1775.40000", "2016-12-31": "1514.80000", "2016-09-30": "1781.30000", "2016-06-30": "1764.10000", "2016-03-31": "1725.80000", "2015-12-31": "1423.40000", "2015-09-30": "1699.30000", "2015-06-30": "1816.30000", "2015-03-31": "1840.70000", "2014-12-31": "1750.70000", "2014-09-30": "2315.10000", "2014-06-30": "2437.90000", "2014-03-31": "2442.40000", "2013-12-31": "2016.10000", "2013-09-30": "2181.80000", "2013-06-30": "2043.00000", "2013-03-31": "2005.30000", "2012-12-31": "1703.10000", "2012-09-30": "2013.90000", "2012-06-30": "2023.20000", "2012-03-31": "2024.70000", "2011-12-31": "1559.60000", "2011-09-30": "1603.20000", "2011-06-30": "1658.20000", "2011-03-31": "1580.70000", "2010-12-31": "1233.50000", "2010-09-30": "1432.30000", "2010-06-30": "1286.30000", "2010-03-31": "1303.30000", "2009-12-31": "1156.70000", "2009-09-30": "1444.50000", "2009-06-30": "1443.00000", "2009-03-31": "1585.70000", "2008-12-31": "1389.90000", "2008-09-30": "1464.20000", "2008-06-30": "1526.40000", "2008-03-31": "1498.20000", "2007-12-31": "1134.20000", "2007-09-30": "1333.70000", "2007-06-30": "1248.50000", "2007-03-31": "1227.50000", "2006-12-31": "1064.90000", "2006-09-30": "1261.30000", "2006-06-30": "1265.40000", "2006-03-31": "1263.60000", "2005-12-31": "1062.50000", "2005-09-30": "1304.20000", "2005-06-30": "1291.60000", "2005-03-31": "1307.60000"}, "Pre-Paid Expenses": {"2020-12-31": "", "2020-09-30": "", "2020-06-30": "", "2020-03-31": "", "2019-12-31": "", "2019-09-30": "", "2019-06-30": "", "2019-03-31": "", "2018-12-31": "", "2018-09-30": "", "2018-06-30": "", "2018-03-31": "", "2017-12-31": "", "2017-09-30": "", "2017-06-30": "", "2017-03-31": "", "2016-12-31": "", "2016-09-30": "", "2016-06-30": "", "2016-03-31": "", "2015-12-31": "", "2015-09-30": "", "2015-06-30": "", "2015-03-31": "", "2014-12-31": "", "2014-09-30": "", "2014-06-30": "", "2014-03-31": "", "2013-12-31": "", "2013-09-30": "", "2013-06-30": "", "2013-03-31": "", "2012-12-31": "", "2012-09-30": "", "2012-06-30": "", "2012-03-31": "", "2011-12-31": "", "2011-09-30": "", "2011-06-30": "", "2011-03-31": "", "2010-12-31": "", "2010-09-30": "", "2010-06-30": "", "2010-03-31": "", "2009-12-31": "", "2009-09-30": "", "2009-06-30": "", "2009-03-31": "", "2008-12-31": "", "2008-09-30": "", "2008-06-30": "", "2008-03-31": "", "2007-12-31": "", "2007-09-30": "", "2007-06-30": "", "2007-03-31": "", "2006-12-31": "", "2006-09-30": "", "2006-06-30": "", "2006-03-31": "", "2005-12-31": "", "2005-09-30": "", "2005-06-30": "", "2005-03-31": ""}, "Other Current Assets": {"2020-12-31": "418.90000", "2020-09-30": "386.50000", "2020-06-30": "394.20000", "2020-03-31": "410.80000", "2019-12-31": "417.10000", "2019-09-30": "445.20000", "2019-06-30": "446.20000", "2019-03-31": "432.40000", "2018-12-31": "422.30000", "2018-09-30": "401.80000", "2018-06-30": "384.30000", "2018-03-31": "406.20000", "2017-12-31": "367.70000", "2017-09-30": "413.90000", "2017-06-30": "367.70000", "2017-03-31": "371.20000", "2016-12-31": "330.80000", "2016-09-30": "294.50000", "2016-06-30": "271.40000", "2016-03-31": "296.90000", "2015-12-31": "211.40000", "2015-09-30": "218.70000", "2015-06-30": "220.90000", "2015-03-31": "257.00000", "2014-12-31": "232.50000", "2014-09-30": "260.10000", "2014-06-30": "319.70000", "2014-03-31": "318.60000", "2013-12-31": "272.00000", "2013-09-30": "310.00000", "2013-06-30": "295.80000", "2013-03-31": "362.40000", "2012-12-31": "302.20000", "2012-09-30": "266.80000", "2012-06-30": "271.10000", "2012-03-31": "276.50000", "2011-12-31": "265.60000", "2011-09-30": "200.90000", "2011-06-30": "243.50000", "2011-03-31": "241.30000", "2010-12-31": "206.50000", "2010-09-30": "167.90000", "2010-06-30": "141.20000", "2010-03-31": "143.40000", "2009-12-31": "151.60000", "2009-09-30": "195.70000", "2009-06-30": "185.50000", "2009-03-31": "193.00000", "2008-12-31": "197.10000", "2008-09-30": "205.40000", "2008-06-30": "244.80000", "2008-03-31": "211.20000", "2007-12-31": "186.00000", "2007-09-30": "166.20000", "2007-06-30": "128.20000", "2007-03-31": "109.60000", "2006-12-31": "129.10000", "2006-09-30": "107.80000", "2006-06-30": "118.00000", "2006-03-31": "110.60000", "2005-12-31": "107.70000", "2005-09-30": "91.00000", "2005-06-30": "76.00000", "2005-03-31": "76.60000"}, "Total Current Assets": {"2020-12-31": "4368.40000", "2020-09-30": "3944.70000", "2020-06-30": "3870.90000", "2020-03-31": "3810.00000", "2019-12-31": "3729.10000", "2019-09-30": "3956.60000", "2019-06-30": "4161.60000", "2019-03-31": "3961.30000", "2018-12-31": "3537.40000", "2018-09-30": "3789.00000", "2018-06-30": "3843.90000", "2018-03-31": "4061.30000", "2017-12-31": "3627.70000", "2017-09-30": "3839.20000", "2017-06-30": "3590.40000", "2017-03-31": "3359.50000", "2016-12-31": "3165.70000", "2016-09-30": "3429.10000", "2016-06-30": "3306.20000", "2016-03-31": "3213.10000", "2015-12-31": "2898.30000", "2015-09-30": "3500.50000", "2015-06-30": "3789.60000", "2015-03-31": "3669.80000", "2014-12-31": "3310.70000", "2014-09-30": "4205.40000", "2014-06-30": "4533.60000", "2014-03-31": "4396.90000", "2013-12-31": "4517.10000", "2013-09-30": "4503.90000", "2013-06-30": "4517.00000", "2013-03-31": "4272.30000", "2012-12-31": "3954.70000", "2012-09-30": "3841.50000", "2012-06-30": "4022.20000", "2012-03-31": "3981.70000", "2011-12-31": "3662.80000", "2011-09-30": "3222.20000", "2011-06-30": "3597.90000", "2011-03-31": "3218.00000", "2010-12-31": "3121.00000", "2010-09-30": "3008.50000", "2010-06-30": "2933.90000", "2010-03-31": "2797.50000", "2009-12-31": "2748.50000", "2009-09-30": "2692.70000", "2009-06-30": "2783.20000", "2009-03-31": "2767.50000", "2008-12-31": "3005.20000", "2008-09-30": "3006.10000", "2008-06-30": "3208.50000", "2008-03-31": "2878.10000", "2007-12-31": "2721.70000", "2007-09-30": "2442.70000", "2007-06-30": "2361.80000", "2007-03-31": "2261.90000", "2006-12-31": "2309.00000", "2006-09-30": "2160.40000", "2006-06-30": "2262.90000", "2006-03-31": "2167.60000", "2005-12-31": "2086.20000", "2005-09-30": "2321.10000", "2005-06-30": "2359.50000", "2005-03-31": "2391.10000"}, "Property, Plant, And Equipment": {"2020-12-31": "1508.50000", "2020-09-30": "1413.70000", "2020-06-30": "1363.60000", "2020-03-31": "1350.50000", "2019-12-31": "1416.30000", "2019-09-30": "1349.80000", "2019-06-30": "1377.80000", "2019-03-31": "1363.30000", "2018-12-31": "1373.10000", "2018-09-30": "1367.80000", "2018-06-30": "1392.90000", "2018-03-31": "1486.90000", "2017-12-31": "1485.30000", "2017-09-30": "1439.60000", "2017-06-30": "1391.20000", "2017-03-31": "1369.60000", "2016-12-31": "1361.30000", "2016-09-30": "1388.20000", "2016-06-30": "1355.10000", "2016-03-31": "1380.00000", "2015-12-31": "1347.10000", "2015-09-30": "1361.50000", "2015-06-30": "1415.40000", "2015-03-31": "1389.50000", "2014-12-31": "1530.40000", "2014-09-30": "1525.30000", "2014-06-30": "1603.50000", "2014-03-31": "1603.00000", "2013-12-31": "1602.30000", "2013-09-30": "1491.40000", "2013-06-30": "1410.90000", "2013-03-31": "1391.20000", "2012-12-31": "1406.10000", "2012-09-30": "1306.50000", "2012-06-30": "1243.10000", "2012-03-31": "1277.80000", "2011-12-31": "1222.60000", "2011-09-30": "1057.80000", "2011-06-30": "1108.30000", "2011-03-31": "1048.50000", "2010-12-31": "924.80000", "2010-09-30": "874.00000", "2010-06-30": "798.20000", "2010-03-31": "862.20000", "2009-12-31": "910.00000", "2009-09-30": "933.10000", "2009-06-30": "878.90000", "2009-03-31": "798.70000", "2008-12-31": "811.10000", "2008-09-30": "782.90000", "2008-06-30": "841.90000", "2008-03-31": "806.70000", "2007-12-31": "753.00000", "2007-09-30": "702.90000", "2007-06-30": "663.40000", "2007-03-31": "650.20000", "2006-12-31": "643.90000", "2006-09-30": "604.80000", "2006-06-30": "599.10000", "2006-03-31": "577.40000", "2005-12-31": "561.40000", "2005-09-30": "546.00000", "2005-06-30": "547.90000", "2005-03-31": "566.60000"}, "Long-Term Investments": {"2020-12-31": "442.70000", "2020-09-30": "411.30000", "2020-06-30": "387.60000", "2020-03-31": "372.90000", "2019-12-31": "380.20000", "2019-09-30": "399.20000", "2019-06-30": "404.70000", "2019-03-31": "393.20000", "2018-12-31": "400.00000", "2018-09-30": "419.20000", "2018-06-30": "411.20000", "2018-03-31": "422.00000", "2017-12-31": "409.00000", "2017-09-30": "465.50000", "2017-06-30": "441.20000", "2017-03-31": "429.70000", "2016-12-31": "414.90000", "2016-09-30": "435.30000", "2016-06-30": "424.70000", "2016-03-31": "419.00000", "2015-12-31": "392.90000", "2015-09-30": "403.30000", "2015-06-30": "421.50000", "2015-03-31": "398.70000", "2014-12-31": "424.10000", "2014-09-30": "432.20000", "2014-06-30": "448.20000", "2014-03-31": "434.10000", "2013-12-31": "416.10000", "2013-09-30": "408.90000", "2013-06-30": "391.40000", "2013-03-31": "393.90000", "2012-12-31": "390.30000", "2012-09-30": "380.70000", "2012-06-30": "363.80000", "2012-03-31": "366.30000", "2011-12-31": "346.30000", "2011-09-30": "344.90000", "2011-06-30": "369.80000", "2011-03-31": "347.80000", "2010-12-31": "398.00000", "2010-09-30": "378.40000", "2010-06-30": "346.00000", "2010-03-31": "351.30000", "2009-12-31": "353.90000", "2009-09-30": "322.90000", "2009-06-30": "306.60000", "2009-03-31": "274.00000", "2008-12-31": "275.10000", "2008-09-30": "297.30000", "2008-06-30": "322.30000", "2008-03-31": "302.80000", "2007-12-31": "284.60000", "2007-09-30": "277.30000", "2007-06-30": "200.70000", "2007-03-31": "196.20000", "2006-12-31": "191.60000", "2006-09-30": "186.70000", "2006-06-30": "184.40000", "2006-03-31": "174.70000", "2005-12-31": "164.70000", "2005-09-30": "160.20000", "2005-06-30": "150.30000", "2005-03-31": "144.60000"}, "Goodwill And Intangible Assets": {"2020-12-31": "1762.10000", "2020-09-30": "1735.50000", "2020-06-30": "1716.60000", "2020-03-31": "1742.70000", "2019-12-31": "1800.00000", "2019-09-30": "1974.70000", "2019-06-30": "2035.60000", "2019-03-31": "2040.90000", "2018-12-31": "2068.60000", "2018-09-30": "2085.20000", "2018-06-30": "2111.80000", "2018-03-31": "2203.70000", "2017-12-31": "2190.40000", "2017-09-30": "2168.10000", "2017-06-30": "2019.00000", "2017-03-31": "1984.80000", "2016-12-31": "1983.70000", "2016-09-30": "2053.80000", "2016-06-30": "1696.90000", "2016-03-31": "1704.80000", "2015-12-31": "1622.20000", "2015-09-30": "1644.40000", "2015-06-30": "1685.50000", "2015-03-31": "1653.40000", "2014-12-31": "1746.60000", "2014-09-30": "1796.10000", "2014-06-30": "1732.20000", "2014-03-31": "1739.70000", "2013-12-31": "1744.30000", "2013-09-30": "1752.60000", "2013-06-30": "1753.00000", "2013-03-31": "1770.20000", "2012-12-31": "1799.50000", "2012-09-30": "1821.90000", "2012-06-30": "1830.40000", "2012-03-31": "1901.40000", "2011-12-31": "1861.00000", "2011-09-30": "879.70000", "2011-06-30": "963.20000", "2011-03-31": "952.00000", "2010-12-31": "804.30000", "2010-09-30": "761.90000", "2010-06-30": "709.10000", "2010-03-31": "761.40000", "2009-12-31": "800.80000", "2009-09-30": "816.20000", "2009-06-30": "782.10000", "2009-03-31": "730.50000", "2008-12-31": "763.90000", "2008-09-30": "825.50000", "2008-06-30": "929.40000", "2008-03-31": "915.10000", "2007-12-31": "871.30000", "2007-09-30": "864.10000", "2007-06-30": "822.80000", "2007-03-31": "807.50000", "2006-12-31": "800.00000", "2006-09-30": "963.10000", "2006-06-30": "972.70000", "2006-03-31": "928.50000", "2005-12-31": "908.20000", "2005-09-30": "923.10000", "2005-06-30": "921.90000", "2005-03-31": "939.60000"}, "Other Long-Term Assets": {"2020-12-31": "179.80000", "2020-09-30": "186.50000", "2020-06-30": "192.80000", "2020-03-31": "184.40000", "2019-12-31": "153.00000", "2019-09-30": "134.10000", "2019-06-30": "134.60000", "2019-03-31": "132.10000", "2018-12-31": "142.40000", "2018-09-30": "147.20000", "2018-06-30": "153.50000", "2018-03-31": "157.10000", "2017-12-31": "147.10000", "2017-09-30": "163.30000", "2017-06-30": "153.60000", "2017-03-31": "149.30000", "2016-12-31": "143.10000", "2016-09-30": "147.90000", "2016-06-30": "145.20000", "2016-03-31": "149.20000", "2015-12-31": "136.50000", "2015-09-30": "141.80000", "2015-06-30": "136.40000", "2015-03-31": "129.20000", "2014-12-31": "141.10000", "2014-09-30": "132.90000", "2014-06-30": "128.20000", "2014-03-31": "124.10000", "2013-12-31": "134.60000", "2013-09-30": "133.90000", "2013-06-30": "121.60000", "2013-03-31": "123.20000", "2012-12-31": "131.20000", "2012-09-30": "134.80000", "2012-06-30": "125.80000", "2012-03-31": "133.50000", "2011-12-31": "126.90000", "2011-09-30": "110.00000", "2011-06-30": "132.20000", "2011-03-31": "131.20000", "2010-12-31": "130.80000", "2010-09-30": "131.40000", "2010-06-30": "123.20000", "2010-03-31": "111.00000", "2009-12-31": "115.70000", "2009-09-30": "95.40000", "2009-06-30": "91.50000", "2009-03-31": "72.20000", "2008-12-31": "69.60000", "2008-09-30": "74.00000", "2008-06-30": "77.90000", "2008-03-31": "68.00000", "2007-12-31": "67.90000", "2007-09-30": "74.00000", "2007-06-30": "77.80000", "2007-03-31": "68.10000", "2006-12-31": "64.50000", "2006-09-30": "64.30000", "2006-06-30": "64.40000", "2006-03-31": "56.00000", "2005-12-31": "56.60000", "2005-09-30": "64.60000", "2005-06-30": "71.80000", "2005-03-31": "70.10000"}, "Total Long-Term Assets": {"2020-12-31": "4135.80000", "2020-09-30": "3995.60000", "2020-06-30": "3907.10000", "2020-03-31": "3895.70000", "2019-12-31": "4030.60000", "2019-09-30": "4122.60000", "2019-06-30": "4253.50000", "2019-03-31": "4243.00000", "2018-12-31": "4089.00000", "2018-09-30": "4128.10000", "2018-06-30": "4180.20000", "2018-03-31": "4387.60000", "2017-12-31": "4344.00000", "2017-09-30": "4335.20000", "2017-06-30": "4102.10000", "2017-03-31": "4035.10000", "2016-12-31": "4002.70000", "2016-09-30": "4111.90000", "2016-06-30": "3709.70000", "2016-03-31": "3763.10000", "2015-12-31": "3599.40000", "2015-09-30": "3571.10000", "2015-06-30": "3680.80000", "2015-03-31": "3594.70000", "2014-12-31": "4058.10000", "2014-09-30": "3908.50000", "2014-06-30": "3935.70000", "2014-03-31": "3922.80000", "2013-12-31": "3921.70000", "2013-09-30": "3830.10000", "2013-06-30": "3718.00000", "2013-03-31": "3719.20000", "2012-12-31": "3767.10000", "2012-09-30": "3679.60000", "2012-06-30": "3609.10000", "2012-03-31": "3720.10000", "2011-12-31": "3594.40000", "2011-09-30": "2434.40000", "2011-06-30": "2611.10000", "2011-03-31": "2517.70000", "2010-12-31": "2315.90000", "2010-09-30": "2213.20000", "2010-06-30": "2040.90000", "2010-03-31": "2143.90000", "2009-12-31": "2250.40000", "2009-09-30": "2204.20000", "2009-06-30": "2103.20000", "2009-03-31": "1898.80000", "2008-12-31": "1949.60000", "2008-09-30": "2059.20000", "2008-06-30": "2250.00000", "2008-03-31": "2175.70000", "2007-12-31": "2065.90000", "2007-09-30": "1999.90000", "2007-06-30": "1872.70000", "2007-03-31": "1828.50000", "2006-12-31": "1805.50000", "2006-09-30": "1900.80000", "2006-06-30": "1892.10000", "2006-03-31": "1810.50000", "2005-12-31": "1775.00000", "2005-09-30": "1824.40000", "2005-06-30": "1824.40000", "2005-03-31": "1859.20000"}, "Total Assets": {"2020-12-31": "8504.20000", "2020-09-30": "7940.30000", "2020-06-30": "7778.00000", "2020-03-31": "7705.70000", "2019-12-31": "7759.70000", "2019-09-30": "8079.20000", "2019-06-30": "8415.10000", "2019-03-31": "8204.30000", "2018-12-31": "7626.40000", "2018-09-30": "7917.10000", "2018-06-30": "8024.10000", "2018-03-31": "8448.90000", "2017-12-31": "7971.70000", "2017-09-30": "8174.40000", "2017-06-30": "7692.50000", "2017-03-31": "7394.60000", "2016-12-31": "7168.40000", "2016-09-30": "7541.00000", "2016-06-30": "7015.90000", "2016-03-31": "6976.20000", "2015-12-31": "6497.70000", "2015-09-30": "7071.60000", "2015-06-30": "7470.40000", "2015-03-31": "7264.50000", "2014-12-31": "7368.80000", "2014-09-30": "8113.90000", "2014-06-30": "8469.30000", "2014-03-31": "8319.70000", "2013-12-31": "8438.80000", "2013-09-30": "8334.00000", "2013-06-30": "8235.00000", "2013-03-31": "7991.50000", "2012-12-31": "7721.80000", "2012-09-30": "7521.10000", "2012-06-30": "7631.30000", "2012-03-31": "7701.80000", "2011-12-31": "7257.20000", "2011-09-30": "5656.60000", "2011-06-30": "6209.00000", "2011-03-31": "5735.70000", "2010-12-31": "5436.90000", "2010-09-30": "5221.70000", "2010-06-30": "4974.80000", "2010-03-31": "4941.40000", "2009-12-31": "4998.90000", "2009-09-30": "4896.90000", "2009-06-30": "4886.40000", "2009-03-31": "4666.30000", "2008-12-31": "4954.80000", "2008-09-30": "5065.30000", "2008-06-30": "5458.50000", "2008-03-31": "5053.80000", "2007-12-31": "4787.60000", "2007-09-30": "4442.60000", "2007-06-30": "4234.50000", "2007-03-31": "4090.40000", "2006-12-31": "4114.50000", "2006-09-30": "4061.20000", "2006-06-30": "4155.00000", "2006-03-31": "3978.10000", "2005-12-31": "3861.20000", "2005-09-30": "4145.50000", "2005-06-30": "4183.90000", "2005-03-31": "4250.30000"}, "Total Current Liabilities": {"2020-12-31": "3362.80000", "2020-09-30": "2857.50000", "2020-06-30": "2607.70000", "2020-03-31": "2562.10000", "2019-12-31": "2884.50000", "2019-09-30": "3027.70000", "2019-06-30": "3228.90000", "2019-03-31": "3054.70000", "2018-12-31": "2766.70000", "2018-09-30": "2659.10000", "2018-06-30": "2700.50000", "2018-03-31": "2715.50000", "2017-12-31": "2650.60000", "2017-09-30": "2547.80000", "2017-06-30": "2359.20000", "2017-03-31": "2165.20000", "2016-12-31": "2144.90000", "2016-09-30": "2158.00000", "2016-06-30": "2146.10000", "2016-03-31": "2263.30000", "2015-12-31": "2185.40000", "2015-09-30": "2212.20000", "2015-06-30": "2373.30000", "2015-03-31": "2080.80000", "2014-12-31": "2216.90000", "2014-09-30": "2363.60000", "2014-06-30": "2790.70000", "2014-03-31": "2786.30000", "2013-12-31": "2812.00000", "2013-09-30": "2742.00000", "2013-06-30": "2775.10000", "2013-03-31": "2580.80000", "2012-12-31": "2464.80000", "2012-09-30": "2139.10000", "2012-06-30": "2262.60000", "2012-03-31": "2472.30000", "2011-12-31": "2205.50000", "2011-09-30": "1899.20000", "2011-06-30": "2169.10000", "2011-03-31": "2108.50000", "2010-12-31": "1912.90000", "2010-09-30": "1779.50000", "2010-06-30": "1813.50000", "2010-03-31": "1722.20000", "2009-12-31": "1668.90000", "2009-09-30": "1621.70000", "2009-06-30": "1735.30000", "2009-03-31": "1712.50000", "2008-12-31": "1978.50000", "2008-09-30": "2236.90000", "2008-06-30": "2346.00000", "2008-03-31": "2175.80000", "2007-12-31": "2083.30000", "2007-09-30": "1669.10000", "2007-06-30": "1629.70000", "2007-03-31": "1512.60000", "2006-12-31": "1623.60000", "2006-09-30": "1233.60000", "2006-06-30": "1308.90000", "2006-03-31": "1240.90000", "2005-12-31": "1260.40000", "2005-09-30": "1259.40000", "2005-06-30": "1377.00000", "2005-03-31": "1597.30000"}, "Long Term Debt": {"2020-12-31": "1256.70000", "2020-09-30": "1429.30000", "2020-06-30": "1652.10000", "2020-03-31": "1669.50000", "2019-12-31": "1191.80000", "2019-09-30": "1269.20000", "2019-06-30": "1308.10000", "2019-03-31": "1404.30000", "2018-12-31": "1275.30000", "2018-09-30": "1699.30000", "2018-06-30": "1728.00000", "2018-03-31": "1989.00000", "2017-12-31": "1618.10000", "2017-09-30": "1950.30000", "2017-06-30": "1772.10000", "2017-03-31": "1780.50000", "2016-12-31": "1610.00000", "2016-09-30": "1875.80000", "2016-06-30": "1378.70000", "2016-03-31": "1257.50000", "2015-12-31": "925.20000", "2015-09-30": "1230.20000", "2015-06-30": "1215.50000", "2015-03-31": "1424.50000", "2014-12-31": "997.60000", "2014-09-30": "1332.80000", "2014-06-30": "979.20000", "2014-03-31": "1014.30000", "2013-12-31": "938.50000", "2013-09-30": "1000.60000", "2013-06-30": "1077.50000", "2013-03-31": "1155.10000", "2012-12-31": "1035.60000", "2012-09-30": "1353.90000", "2012-06-30": "1471.40000", "2012-03-31": "1331.10000", "2011-12-31": "1409.70000", "2011-09-30": "456.20000", "2011-06-30": "475.60000", "2011-03-31": "290.70000", "2010-12-31": "443.00000", "2010-09-30": "446.10000", "2010-06-30": "416.30000", "2010-03-31": "439.70000", "2009-12-31": "454.00000", "2009-09-30": "458.50000", "2009-06-30": "444.60000", "2009-03-31": "614.30000", "2008-12-31": "625.00000", "2008-09-30": "282.50000", "2008-06-30": "315.30000", "2008-03-31": "315.90000", "2007-12-31": "294.10000", "2007-09-30": "489.00000", "2007-06-30": "477.20000", "2007-03-31": "583.30000", "2006-12-31": "577.40000", "2006-09-30": "863.40000", "2006-06-30": "878.20000", "2006-03-31": "889.80000", "2005-12-31": "841.80000", "2005-09-30": "1018.60000", "2005-06-30": "980.70000", "2005-03-31": "882.10000"}, "Other Non-Current Liabilities": {"2020-12-31": "375.00000", "2020-09-30": "333.30000", "2020-06-30": "334.30000", "2020-03-31": "314.00000", "2019-12-31": "288.70000", "2019-09-30": "272.20000", "2019-06-30": "266.30000", "2019-03-31": "251.90000", "2018-12-31": "251.40000", "2018-09-30": "245.10000", "2018-06-30": "244.30000", "2018-03-31": "247.90000", "2017-12-31": "229.90000", "2017-09-30": "196.60000", "2017-06-30": "202.90000", "2017-03-31": "193.50000", "2016-12-31": "193.90000", "2016-09-30": "204.60000", "2016-06-30": "196.30000", "2016-03-31": "195.30000", "2015-12-31": "183.50000", "2015-09-30": "182.80000", "2015-06-30": "183.40000", "2015-03-31": "170.90000", "2014-12-31": "176.70000", "2014-09-30": "156.90000", "2014-06-30": "160.90000", "2014-03-31": "151.70000", "2013-12-31": "145.90000", "2013-09-30": "168.50000", "2013-06-30": "157.10000", "2013-03-31": "149.30000", "2012-12-31": "149.10000", "2012-09-30": "152.60000", "2012-06-30": "146.00000", "2012-03-31": "139.70000", "2011-12-31": "119.90000", "2011-09-30": "113.90000", "2011-06-30": "117.00000", "2011-03-31": "103.00000", "2010-12-31": "91.40000", "2010-09-30": "80.50000", "2010-06-30": "70.80000", "2010-03-31": "76.00000", "2009-12-31": "78.00000", "2009-09-30": "77.90000", "2009-06-30": "74.00000", "2009-03-31": "45.20000", "2008-12-31": "49.60000", "2008-09-30": "55.20000", "2008-06-30": "59.40000", "2008-03-31": "57.00000", "2007-12-31": "53.30000", "2007-09-30": "49.30000", "2007-06-30": "46.00000", "2007-03-31": "43.20000", "2006-12-31": "36.90000", "2006-09-30": "141.70000", "2006-06-30": "142.70000", "2006-03-31": "119.50000", "2005-12-31": "13.20000", "2005-09-30": "105.00000", "2005-06-30": "106.10000", "2005-03-31": "105.00000"}, "Total Long Term Liabilities": {"2020-12-31": "2123.40000", "2020-09-30": "2232.90000", "2020-06-30": "2452.80000", "2020-03-31": "2453.00000", "2019-12-31": "1968.20000", "2019-09-30": "2012.70000", "2019-06-30": "2057.50000", "2019-03-31": "2130.60000", "2018-12-31": "1866.20000", "2018-09-30": "2289.10000", "2018-06-30": "2325.50000", "2018-03-31": "2614.00000", "2017-12-31": "2225.80000", "2017-09-30": "2533.60000", "2017-06-30": "2361.90000", "2017-03-31": "2353.40000", "2016-12-31": "2186.30000", "2016-09-30": "2421.40000", "2016-06-30": "1887.00000", "2016-03-31": "1779.50000", "2015-12-31": "1429.00000", "2015-09-30": "1885.90000", "2015-06-30": "1883.30000", "2015-03-31": "2075.90000", "2014-12-31": "1655.00000", "2014-09-30": "1957.00000", "2014-06-30": "1616.20000", "2014-03-31": "1653.80000", "2013-12-31": "1582.00000", "2013-09-30": "1722.00000", "2013-06-30": "1782.30000", "2013-03-31": "1856.00000", "2012-12-31": "1759.00000", "2012-09-30": "1992.00000", "2012-06-30": "2100.30000", "2012-03-31": "1972.70000", "2011-12-31": "2020.50000", "2011-09-30": "905.30000", "2011-06-30": "950.30000", "2011-03-31": "755.60000", "2010-12-31": "864.80000", "2010-09-30": "911.00010", "2010-06-30": "845.70000", "2010-03-31": "889.10000", "2009-12-31": "927.30000", "2009-09-30": "817.00010", "2009-06-30": "801.30000", "2009-03-31": "928.70000", "2008-12-31": "956.29990", "2008-09-30": "635.20000", "2008-06-30": "690.00000", "2008-03-31": "685.60000", "2007-12-31": "661.30000", "2007-09-30": "919.90000", "2007-06-30": "927.20000", "2007-03-31": "1027.50000", "2006-12-31": "997.30000", "2006-09-30": "1265.00000", "2006-06-30": "1278.80000", "2006-03-31": "1251.50000", "2005-12-31": "1184.80000", "2005-09-30": "1351.30000", "2005-06-30": "1319.40000", "2005-03-31": "1229.50000"}, "Total Liabilities": {"2020-12-31": "5486.20000", "2020-09-30": "5090.40000", "2020-06-30": "5060.50000", "2020-03-31": "5015.10000", "2019-12-31": "4852.70000", "2019-09-30": "5040.40000", "2019-06-30": "5286.40000", "2019-03-31": "5185.30000", "2018-12-31": "4632.90000", "2018-09-30": "4948.20000", "2018-06-30": "5026.00000", "2018-03-31": "5329.50000", "2017-12-31": "4876.40000", "2017-09-30": "5081.40000", "2017-06-30": "4721.10000", "2017-03-31": "4518.60000", "2016-12-31": "4331.20000", "2016-09-30": "4579.40000", "2016-06-30": "4033.10000", "2016-03-31": "4042.80000", "2015-12-31": "3614.40000", "2015-09-30": "4098.10000", "2015-06-30": "4256.60000", "2015-03-31": "4156.70000", "2014-12-31": "3871.90000", "2014-09-30": "4320.60000", "2014-06-30": "4406.90000", "2014-03-31": "4440.10000", "2013-12-31": "4394.00000", "2013-09-30": "4464.00000", "2013-06-30": "4557.40000", "2013-03-31": "4436.80000", "2012-12-31": "4223.80000", "2012-09-30": "4131.10000", "2012-06-30": "4362.90000", "2012-03-31": "4445.00000", "2011-12-31": "4226.00000", "2011-09-30": "2804.50000", "2011-06-30": "3119.40000", "2011-03-31": "2864.10000", "2010-12-31": "2777.70000", "2010-09-30": "2690.50000", "2010-06-30": "2659.20000", "2010-03-31": "2611.30000", "2009-12-31": "2596.20000", "2009-09-30": "2438.70000", "2009-06-30": "2536.60000", "2009-03-31": "2641.20000", "2008-12-31": "2934.80000", "2008-09-30": "2872.10000", "2008-06-30": "3036.00000", "2008-03-31": "2861.40000", "2007-12-31": "2744.60000", "2007-09-30": "2589.00000", "2007-06-30": "2556.90000", "2007-03-31": "2540.10000", "2006-12-31": "2620.90000", "2006-09-30": "2498.60000", "2006-06-30": "2587.70000", "2006-03-31": "2492.40000", "2005-12-31": "2445.20000", "2005-09-30": "2610.70000", "2005-06-30": "2696.40000", "2005-03-31": "2826.80000"}, "Common Stock Net": {"2020-12-31": "0.80000", "2020-09-30": "0.80000", "2020-06-30": "0.80000", "2020-03-31": "0.80000", "2019-12-31": "0.80000", "2019-09-30": "0.80000", "2019-06-30": "0.80000", "2019-03-31": "0.80000", "2018-12-31": "0.80000", "2018-09-30": "0.80000", "2018-06-30": "0.80000", "2018-03-31": "0.80000", "2017-12-31": "0.80000", "2017-09-30": "0.80000", "2017-06-30": "0.80000", "2017-03-31": "0.80000", "2016-12-31": "0.80000", "2016-09-30": "0.80000", "2016-06-30": "0.80000", "2016-03-31": "0.80000", "2015-12-31": "0.80000", "2015-09-30": "0.90000", "2015-06-30": "0.90000", "2015-03-31": "0.90000", "2014-12-31": "0.90000", "2014-09-30": "0.90000", "2014-06-30": "0.90000", "2014-03-31": "0.90000", "2013-12-31": "1.00000", "2013-09-30": "1.00000", "2013-06-30": "1.00000", "2013-03-31": "1.00000", "2012-12-31": "1.00000", "2012-09-30": "1.00000", "2012-06-30": "1.00000", "2012-03-31": "1.00000", "2011-12-31": "1.00000", "2011-09-30": "1.00000", "2011-06-30": "0.90000", "2011-03-31": "0.90000", "2010-12-31": "0.90000", "2010-09-30": "0.90000", "2010-06-30": "0.90000", "2010-03-31": "0.90000", "2009-12-31": "0.90000", "2009-09-30": "0.90000", "2009-06-30": "0.90000", "2009-03-31": "0.90000", "2008-12-31": "0.90000", "2008-09-30": "0.90000", "2008-06-30": "0.90000", "2008-03-31": "0.90000", "2007-12-31": "0.90000", "2007-09-30": "0.90000", "2007-06-30": "0.90000", "2007-03-31": "0.90000", "2006-12-31": "0.90000", "2006-09-30": "0.90000", "2006-06-30": "0.90000", "2006-03-31": "0.90000", "2005-12-31": "0.90000", "2005-09-30": "0.90000", "2005-06-30": "0.90000", "2005-03-31": "0.90000"}, "Retained Earnings (Accumulated Deficit)": {"2020-12-31": "4759.10000", "2020-09-30": "4635.70000", "2020-06-30": "4490.40000", "2020-03-31": "4432.70000", "2019-12-31": "4443.50000", "2019-09-30": "4567.00000", "2019-06-30": "4591.10000", "2019-03-31": "4491.00000", "2018-12-31": "4477.30000", "2018-09-30": "4405.40000", "2018-06-30": "4346.10000", "2018-03-31": "4266.60000", "2017-12-31": "4253.80000", "2017-09-30": "4220.60000", "2017-06-30": "4171.10000", "2017-03-31": "4090.70000", "2016-12-31": "4113.60000", "2016-09-30": "4062.00000", "2016-06-30": "4032.50000", "2016-03-31": "3993.00000", "2015-12-31": "3996.00000", "2015-09-30": "3944.20000", "2015-06-30": "3887.50000", "2015-03-31": "3791.00000", "2014-12-31": "3771.60000", "2014-09-30": "3703.90000", "2014-06-30": "3649.20000", "2014-03-31": "3491.30000", "2013-12-31": "3402.00000", "2013-09-30": "3272.50000", "2013-06-30": "3156.00000", "2013-03-31": "2952.00000", "2012-12-31": "2843.70000", "2012-09-30": "2741.20000", "2012-06-30": "2646.70000", "2012-03-31": "2441.80000", "2011-12-31": "2321.60000", "2011-09-30": "2036.40000", "2011-06-30": "1952.00000", "2011-03-31": "1818.30000", "2010-12-31": "1738.30000", "2010-09-30": "1653.10000", "2010-06-30": "1590.80000", "2010-03-31": "1527.90000", "2009-12-31": "1517.80000", "2009-09-30": "1484.30000", "2009-06-30": "1473.20000", "2009-03-31": "1415.80000", "2008-12-31": "1382.10000", "2008-09-30": "1317.30000", "2008-06-30": "1214.70000", "2008-03-31": "1081.60000", "2007-12-31": "1020.40000", "2007-09-30": "939.30000", "2007-06-30": "862.40000", "2007-03-31": "798.60000", "2006-12-31": "774.10000", "2006-09-30": "889.00000", "2006-06-30": "883.60000", "2006-03-31": "842.70000", "2005-12-31": "825.40000", "2005-09-30": "889.20000", "2005-06-30": "861.40000", "2005-03-31": "815.30000"}, "Comprehensive Income": {"2020-12-31": "-1810.80000", "2020-09-30": "-1851.00000", "2020-06-30": "-1825.20000", "2020-03-31": "-1791.40000", "2019-12-31": "-1595.20000", "2019-09-30": "-1595.10000", "2019-06-30": "-1534.30000", "2019-03-31": "-1545.80000", "2018-12-31": "-1555.40000", "2018-09-30": "-1581.90000", "2018-06-30": "-1533.50000", "2018-03-31": "-1349.80000", "2017-12-31": "-1361.60000", "2017-09-30": "-1323.00000", "2017-06-30": "-1388.30000", "2017-03-31": "-1394.30000", "2016-12-31": "-1441.60000", "2016-09-30": "-1309.80000", "2016-06-30": "-1301.10000", "2016-03-31": "-1365.90000", "2015-12-31": "-1460.20000", "2015-09-30": "-1417.20000", "2015-06-30": "-1181.90000", "2015-03-31": "-1250.10000", "2014-12-31": "-906.50000", "2014-09-30": "-687.40000", "2014-06-30": "-445.30000", "2014-03-31": "-469.10000", "2013-12-31": "-510.70000", "2013-09-30": "-546.90000", "2013-06-30": "-619.10000", "2013-03-31": "-521.30000", "2012-12-31": "-479.40000", "2012-09-30": "-487.50000", "2012-06-30": "-520.90000", "2012-03-31": "-321.10000", "2011-12-31": "-400.60000", "2011-09-30": "-283.80000", "2011-06-30": "44.30000", "2011-03-31": "-33.80000", "2010-12-31": "-132.10000", "2010-09-30": "-170.10000", "2010-06-30": "-341.20000", "2010-03-31": "-260.70000", "2009-12-31": "-187.40000", "2009-09-30": "-107.50000", "2009-06-30": "-202.30000", "2009-03-31": "-466.90000", "2008-12-31": "-436.10000", "2008-09-30": "-86.30000", "2008-06-30": "252.20000", "2008-03-31": "163.30000", "2007-12-31": "79.00000", "2007-09-30": "-13.80000", "2007-06-30": "-105.40000", "2007-03-31": "-165.90000", "2006-12-31": "-190.30000", "2006-09-30": "-234.50000", "2006-06-30": "-222.70000", "2006-03-31": "-254.20000", "2005-12-31": "-304.90000", "2005-09-30": "-249.90000", "2005-06-30": "-268.60000", "2005-03-31": "-286.10000"}, "Other Share Holders Equity": {"2020-12-31": "", "2020-09-30": "", "2020-06-30": "", "2020-03-31": "", "2019-12-31": "", "2019-09-30": "", "2019-06-30": "", "2019-03-31": "", "2018-12-31": "", "2018-09-30": "", "2018-06-30": "", "2018-03-31": "", "2017-12-31": "", "2017-09-30": "", "2017-06-30": "", "2017-03-31": "", "2016-12-31": "", "2016-09-30": "", "2016-06-30": "", "2016-03-31": "", "2015-12-31": "", "2015-09-30": "", "2015-06-30": "", "2015-03-31": "", "2014-12-31": "", "2014-09-30": "", "2014-06-30": "", "2014-03-31": "", "2013-12-31": "", "2013-09-30": "3.00000", "2013-06-30": "7.30000", "2013-03-31": "11.70000", "2012-12-31": "16.50000", "2012-09-30": "8.90000", "2012-06-30": "12.40000", "2012-03-31": "31.50000", "2011-12-31": "", "2011-09-30": "", "2011-06-30": "", "2011-03-31": "24.00000", "2010-12-31": "", "2010-09-30": "1.70000", "2010-06-30": "4.10000", "2010-03-31": "6.20000", "2009-12-31": "8.30000", "2009-09-30": "10.20000", "2009-06-30": "12.20000", "2009-03-31": "", "2008-12-31": "", "2008-09-30": "", "2008-06-30": "", "2008-03-31": "", "2007-12-31": "", "2007-09-30": "", "2007-06-30": "", "2007-03-31": "", "2006-12-31": "", "2006-09-30": "", "2006-06-30": "", "2006-03-31": "", "2005-12-31": "", "2005-09-30": "", "2005-06-30": "", "2005-03-31": ""}, "Share Holder Equity": {"2020-12-31": "3018.00000", "2020-09-30": "2849.90000", "2020-06-30": "2717.50000", "2020-03-31": "2690.60000", "2019-12-31": "2907.00000", "2019-09-30": "3038.80000", "2019-06-30": "3128.70000", "2019-03-31": "3019.00000", "2018-12-31": "2993.50000", "2018-09-30": "2968.90000", "2018-06-30": "2998.10000", "2018-03-31": "3119.40000", "2017-12-31": "3095.30000", "2017-09-30": "3093.00000", "2017-06-30": "2971.40000", "2017-03-31": "2876.00000", "2016-12-31": "2837.20000", "2016-09-30": "2961.60000", "2016-06-30": "2982.80000", "2016-03-31": "2933.40000", "2015-12-31": "2883.30000", "2015-09-30": "2973.50000", "2015-06-30": "3213.80000", "2015-03-31": "3107.80000", "2014-12-31": "3496.90000", "2014-09-30": "3793.30000", "2014-06-30": "4062.40000", "2014-03-31": "3879.60000", "2013-12-31": "4044.80000", "2013-09-30": "3870.00000", "2013-06-30": "3677.60000", "2013-03-31": "3554.70000", "2012-12-31": "3498.00000", "2012-09-30": "3390.00000", "2012-06-30": "3268.40000", "2012-03-31": "3256.80000", "2011-12-31": "3031.20000", "2011-09-30": "2852.10000", "2011-06-30": "3089.60000", "2011-03-31": "2871.60000", "2010-12-31": "2659.20000", "2010-09-30": "2531.20000", "2010-06-30": "2315.60000", "2010-03-31": "2330.10000", "2009-12-31": "2402.70000", "2009-09-30": "2458.20000", "2009-06-30": "2349.80000", "2009-03-31": "2025.10000", "2008-12-31": "2020.00000", "2008-09-30": "2193.20000", "2008-06-30": "2422.50000", "2008-03-31": "2192.40000", "2007-12-31": "2043.00000", "2007-09-30": "1853.60000", "2007-06-30": "1677.60000", "2007-03-31": "1550.30000", "2006-12-31": "1493.60000", "2006-09-30": "1562.60000", "2006-06-30": "1567.30000", "2006-03-31": "1485.70000", "2005-12-31": "1416.00000", "2005-09-30": "1534.80000", "2005-06-30": "1487.50000", "2005-03-31": "1423.50000"}, "Total Liabilities And Share Holders Equity": {"2020-12-31": "8504.20000", "2020-09-30": "7940.30000", "2020-06-30": "7778.00000", "2020-03-31": "7705.70000", "2019-12-31": "7759.70000", "2019-09-30": "8079.20000", "2019-06-30": "8415.10000", "2019-03-31": "8204.30000", "2018-12-31": "7626.40000", "2018-09-30": "7917.10000", "2018-06-30": "8024.10000", "2018-03-31": "8448.90000", "2017-12-31": "7971.70000", "2017-09-30": "8174.40000", "2017-06-30": "7692.50000", "2017-03-31": "7394.60000", "2016-12-31": "7168.40000", "2016-09-30": "7541.00000", "2016-06-30": "7015.90000", "2016-03-31": "6976.20000", "2015-12-31": "6497.70000", "2015-09-30": "7071.60000", "2015-06-30": "7470.40000", "2015-03-31": "7264.50000", "2014-12-31": "7368.80000", "2014-09-30": "8113.90000", "2014-06-30": "8469.30000", "2014-03-31": "8319.70000", "2013-12-31": "8438.80000", "2013-09-30": "8334.00000", "2013-06-30": "8235.00000", "2013-03-31": "7991.50000", "2012-12-31": "7721.80000", "2012-09-30": "7521.10000", "2012-06-30": "7631.30000", "2012-03-31": "7701.80000", "2011-12-31": "7257.20000", "2011-09-30": "5656.60000", "2011-06-30": "6209.00000", "2011-03-31": "5735.70000", "2010-12-31": "5436.90000", "2010-09-30": "5221.70000", "2010-06-30": "4974.80000", "2010-03-31": "4941.40000", "2009-12-31": "4998.90000", "2009-09-30": "4896.90000", "2009-06-30": "4886.40000", "2009-03-31": "4666.30000", "2008-12-31": "4954.80000", "2008-09-30": "5065.30000", "2008-06-30": "5458.50000", "2008-03-31": "5053.80000", "2007-12-31": "4787.60000", "2007-09-30": "4442.60000", "2007-06-30": "4234.50000", "2007-03-31": "4090.40000", "2006-12-31": "4114.50000", "2006-09-30": "4061.20000", "2006-06-30": "4155.00000", "2006-03-31": "3978.10000", "2005-12-31": "3861.20000", "2005-09-30": "4145.50000", "2005-06-30": "4183.90000", "2005-03-31": "4250.30000"}}, "cash flow statement": {"Net Income/Loss": {"2020-12-31": "419.80000", "2019-12-31": "122.80000", "2018-12-31": "283.70000", "2017-12-31": "189.30000", "2016-12-31": "160.20000", "2015-12-31": "264.00000", "2014-12-31": "404.20000", "2013-12-31": "592.30000", "2012-12-31": "516.40000", "2011-12-31": "585.30000", "2010-12-31": "220.20000", "2009-12-31": "135.40000", "2008-12-31": "385.90000", "2007-12-31": "232.90000", "2006-12-31": "-64.90000", "2005-12-31": "31.60000"}, "Total Depreciation And Amortization - Cash Flow": {"2020-12-31": "292.00000", "2019-12-31": "448.60000", "2018-12-31": "289.90000", "2017-12-31": "279.80000", "2016-12-31": "274.60000", "2015-12-31": "262.10000", "2014-12-31": "283.10000", "2013-12-31": "272.10000", "2012-12-31": "264.50000", "2011-12-31": "184.60000", "2010-12-31": "172.50000", "2009-12-31": "154.60000", "2008-12-31": "152.50000", "2007-12-31": "151.60000", "2006-12-31": "293.30000", "2005-12-31": "113.10000"}, "Other Non-Cash Items": {"2020-12-31": "-2.70000", "2019-12-31": "56.40000", "2018-12-31": "52.90000", "2017-12-31": "65.30000", "2016-12-31": "26.10000", "2015-12-31": "-33.60000", "2014-12-31": "-32.60000", "2013-12-31": "37.30000", "2012-12-31": "-25.30000", "2011-12-31": "-122.20000", "2010-12-31": "1.50000", "2009-12-31": "-34.90000", "2008-12-31": "29.50000", "2007-12-31": "21.80000", "2006-12-31": "4.80000", "2005-12-31": "90.90000"}, "Total Non-Cash Items": {"2020-12-31": "289.30000", "2019-12-31": "505.00000", "2018-12-31": "342.80000", "2017-12-31": "345.10000", "2016-12-31": "300.70000", "2015-12-31": "228.50000", "2014-12-31": "250.50000", "2013-12-31": "309.40000", "2012-12-31": "239.20000", "2011-12-31": "62.40000", "2010-12-31": "174.00000", "2009-12-31": "119.70000", "2008-12-31": "182.00000", "2007-12-31": "173.40000", "2006-12-31": "298.10000", "2005-12-31": "204.00000"}, "Change In Accounts Receivable": {"2020-12-31": "-90.50000", "2019-12-31": "63.80000", "2018-12-31": "63.30000", "2017-12-31": "-34.70000", "2016-12-31": "-4.50000", "2015-12-31": "3.80000", "2014-12-31": "-103.90000", "2013-12-31": "-36.20000", "2012-12-31": "40.60000", "2011-12-31": "5.40000", "2010-12-31": "9.90000", "2009-12-31": "241.20000", "2008-12-31": "-194.50000", "2007-12-31": "-3.00000", "2006-12-31": "32.50000", "2005-12-31": "103.60000"}, "Change In Inventories": {"2020-12-31": "119.70000", "2019-12-31": "-216.30000", "2018-12-31": "-214.30000", "2017-12-31": "-196.00000", "2016-12-31": "-33.10000", "2015-12-31": "117.60000", "2014-12-31": "111.40000", "2013-12-31": "-356.90000", "2012-12-31": "-160.90000", "2011-12-31": "-221.00000", "2010-12-31": "-60.60000", "2009-12-31": "277.10000", "2008-12-31": "-366.40000", "2007-12-31": "10.70000", "2006-12-31": "66.20000", "2005-12-31": "-42.10000"}, "Change In Accounts Payable": {"2020-12-31": "-59.10000", "2019-12-31": "35.70000", "2018-12-31": "-24.30000", "2017-12-31": "123.50000", "2016-12-31": "62.80000", "2015-12-31": "37.30000", "2014-12-31": "-219.40000", "2013-12-31": "54.70000", "2012-12-31": "-61.70000", "2011-12-31": "162.30000", "2010-12-31": "70.60000", "2009-12-31": "-380.30000", "2008-12-31": "266.50000", "2007-12-31": "54.10000", "2006-12-31": "55.10000", "2005-12-31": "39.80000"}, "Change In Assets/Liabilities": {"2020-12-31": "39.40000", "2019-12-31": "63.50000", "2018-12-31": "-19.20000", "2017-12-31": "-1.60000", "2016-12-31": "-165.90000", "2015-12-31": "-92.10000", "2014-12-31": "64.30000", "2013-12-31": "110.00000", "2012-12-31": "-62.30000", "2011-12-31": "-50.70000", "2010-12-31": "-90.40000", "2009-12-31": "21.50000", "2008-12-31": "-108.50000", "2007-12-31": "-50.20000", "2006-12-31": "10.90000", "2005-12-31": "-46.00000"}, "Total Change In Assets/Liabilities": {"2020-12-31": "194.80000", "2019-12-31": "61.20000", "2018-12-31": "-33.20000", "2017-12-31": "40.20000", "2016-12-31": "-93.70000", "2015-12-31": "31.80000", "2014-12-31": "-218.80000", "2013-12-31": "-105.00000", "2012-12-31": "-89.80000", "2011-12-31": "79.50000", "2010-12-31": "44.40000", "2009-12-31": "91.40000", "2008-12-31": "-289.60000", "2007-12-31": "98.00000", "2006-12-31": "209.00000", "2005-12-31": "10.70000"}, "Cash Flow From Operating Activities": {"2020-12-31": "896.50000", "2019-12-31": "695.90000", "2018-12-31": "595.90000", "2017-12-31": "577.60000", "2016-12-31": "369.50000", "2015-12-31": "524.20000", "2014-12-31": "438.40000", "2013-12-31": "797.00000", "2012-12-31": "666.40000", "2011-12-31": "725.90000", "2010-12-31": "438.70000", "2009-12-31": "347.90000", "2008-12-31": "278.30000", "2007-12-31": "504.30000", "2006-12-31": "442.20000", "2005-12-31": "246.30000"}, "Net Change In Property, Plant, And Equipment": {"2020-12-31": "-268.00000", "2019-12-31": "-268.50000", "2018-12-31": "-200.10000", "2017-12-31": "-199.80000", "2016-12-31": "-198.60000", "2015-12-31": "-209.90000", "2014-12-31": "-298.70000", "2013-12-31": "-389.20000", "2012-12-31": "-339.60000", "2011-12-31": "-298.90000", "2010-12-31": "-166.20000", "2009-12-31": "-204.50000", "2008-12-31": "-232.30000", "2007-12-31": "-135.40000", "2006-12-31": "-125.20000", "2005-12-31": "-77.90000"}, "Net Change In Intangible Assets": {"2020-12-31": "", "2019-12-31": "", "2018-12-31": "", "2017-12-31": "", "2016-12-31": "", "2015-12-31": "", "2014-12-31": "", "2013-12-31": "", "2012-12-31": "", "2011-12-31": "", "2010-12-31": "", "2009-12-31": "", "2008-12-31": "", "2007-12-31": "", "2006-12-31": "", "2005-12-31": ""}, "Net Acquisitions/Divestitures": {"2020-12-31": "-2.80000", "2019-12-31": "", "2018-12-31": "", "2017-12-31": "-293.10000", "2016-12-31": "-383.80000", "2015-12-31": "-25.40000", "2014-12-31": "-130.30000", "2013-12-31": "-9.50000", "2012-12-31": "-2.90000", "2011-12-31": "-1018.00000", "2010-12-31": "-81.50000", "2009-12-31": "0.50000", "2008-12-31": "", "2007-12-31": "-17.80000", "2006-12-31": "", "2005-12-31": "0.40000"}, "Net Change In Short-term Investments": {"2020-12-31": "", "2019-12-31": "", "2018-12-31": "", "2017-12-31": "", "2016-12-31": "", "2015-12-31": "", "2014-12-31": "", "2013-12-31": "", "2012-12-31": "", "2011-12-31": "", "2010-12-31": "", "2009-12-31": "", "2008-12-31": "", "2007-12-31": "", "2006-12-31": "", "2005-12-31": ""}, "Net Change In Long-Term Investments": {"2020-12-31": "29.10000", "2019-12-31": "-3.10000", "2018-12-31": "-5.80000", "2017-12-31": "-0.80000", "2016-12-31": "-16.30000", "2015-12-31": "-3.80000", "2014-12-31": "-3.90000", "2013-12-31": "-10.00000", "2012-12-31": "-35.90000", "2011-12-31": "-43.10000", "2010-12-31": "-25.40000", "2009-12-31": "-17.60000", "2008-12-31": "-0.60000", "2007-12-31": "-68.00000", "2006-12-31": "-2.90000", "2005-12-31": "-23.40000"}, "Net Change In Investments - Total": {"2020-12-31": "29.10000", "2019-12-31": "-3.10000", "2018-12-31": "-5.80000", "2017-12-31": "-0.80000", "2016-12-31": "-16.30000", "2015-12-31": "-3.80000", "2014-12-31": "-3.90000", "2013-12-31": "-10.00000", "2012-12-31": "-35.90000", "2011-12-31": "-43.10000", "2010-12-31": "-25.40000", "2009-12-31": "-17.60000", "2008-12-31": "-0.60000", "2007-12-31": "-68.00000", "2006-12-31": "-2.90000", "2005-12-31": "-23.40000"}, "Investing Activities - Other": {"2020-12-31": "", "2019-12-31": "", "2018-12-31": "0.40000", "2017-12-31": "", "2016-12-31": "0.40000", "2015-12-31": "-1.70000", "2014-12-31": "", "2013-12-31": "", "2012-12-31": "3.70000", "2011-12-31": "-3.70000", "2010-12-31": "", "2009-12-31": "37.10000", "2008-12-31": "-32.50000", "2007-12-31": "-2.70000", "2006-12-31": "", "2005-12-31": ""}, "Cash Flow From Investing Activities": {"2020-12-31": "-241.70000", "2019-12-31": "-271.60000", "2018-12-31": "-205.50000", "2017-12-31": "-493.70000", "2016-12-31": "-598.30000", "2015-12-31": "-240.80000", "2014-12-31": "-432.90000", "2013-12-31": "-408.70000", "2012-12-31": "-374.70000", "2011-12-31": "-1363.70000", "2010-12-31": "-273.10000", "2009-12-31": "-184.50000", "2008-12-31": "-265.40000", "2007-12-31": "-223.90000", "2006-12-31": "-128.10000", "2005-12-31": "-100.90000"}, "Net Long-Term Debt": {"2020-12-31": "150.00000", "2019-12-31": "-108.40010", "2018-12-31": "-176.10010", "2017-12-31": "-125.80000", "2016-12-31": "495.50000", "2015-12-31": "182.40000", "2014-12-31": "-100.60000", "2013-12-31": "-58.10000", "2012-12-31": "-222.50010", "2011-12-31": "689.50000", "2010-12-31": "-98.60000", "2009-12-31": "-60.90000", "2008-12-31": "38.60000", "2007-12-31": "-120.70000", "2006-12-31": "-170.00000", "2005-12-31": "-230.90000"}, "Net Current Debt": {"2020-12-31": "", "2019-12-31": "", "2018-12-31": "", "2017-12-31": "", "2016-12-31": "", "2015-12-31": "", "2014-12-31": "", "2013-12-31": "", "2012-12-31": "", "2011-12-31": "", "2010-12-31": "", "2009-12-31": "", "2008-12-31": "", "2007-12-31": "", "2006-12-31": "", "2005-12-31": ""}, "Debt Issuance/Retirement Net - Total": {"2020-12-31": "150.00000", "2019-12-31": "-108.40010", "2018-12-31": "-176.10010", "2017-12-31": "-125.80000", "2016-12-31": "495.50000", "2015-12-31": "182.40000", "2014-12-31": "-100.60000", "2013-12-31": "-58.10000", "2012-12-31": "-222.50010", "2011-12-31": "689.50000", "2010-12-31": "-98.60000", "2009-12-31": "-60.90000", "2008-12-31": "38.60000", "2007-12-31": "-120.70000", "2006-12-31": "-170.00000", "2005-12-31": "-230.90000"}, "Net Common Equity Issued/Repurchased": {"2020-12-31": "-55.00000", "2019-12-31": "-130.00000", "2018-12-31": "-184.30000", "2017-12-31": "", "2016-12-31": "-212.50000", "2015-12-31": "-287.50000", "2014-12-31": "-499.70000", "2013-12-31": "-1.00000", "2012-12-31": "-17.60000", "2011-12-31": "0.30000", "2010-12-31": "0.50000", "2009-12-31": "", "2008-12-31": "0.30000", "2007-12-31": "8.20000", "2006-12-31": "10.80000", "2005-12-31": "1.40000"}, "Net Total Equity Issued/Repurchased": {"2020-12-31": "-55.00000", "2019-12-31": "-130.00000", "2018-12-31": "-184.30000", "2017-12-31": "", "2016-12-31": "-212.50000", "2015-12-31": "-287.50000", "2014-12-31": "-499.70000", "2013-12-31": "-1.00000", "2012-12-31": "-17.60000", "2011-12-31": "0.30000", "2010-12-31": "0.50000", "2009-12-31": "", "2008-12-31": "0.30000", "2007-12-31": "8.20000", "2006-12-31": "10.80000", "2005-12-31": "1.40000"}, "Total Common And Preferred Stock Dividends Paid": {"2020-12-31": "-48.00000", "2019-12-31": "-48.00000", "2018-12-31": "-47.10000", "2017-12-31": "-44.50000", "2016-12-31": "-42.50000", "2015-12-31": "-42.00000", "2014-12-31": "-40.80000", "2013-12-31": "-38.90000", "2012-12-31": "", "2011-12-31": "", "2010-12-31": "", "2009-12-31": "", "2008-12-31": "", "2007-12-31": "", "2006-12-31": "", "2005-12-31": ""}, "Financial Activities - Other": {"2020-12-31": "-24.30000", "2019-12-31": "-27.00000", "2018-12-31": "-5.80000", "2017-12-31": "-6.40000", "2016-12-31": "-4.10000", "2015-12-31": "-6.30000", "2014-12-31": "-20.90000", "2013-12-31": "-8.80000", "2012-12-31": "-1.50000", "2011-12-31": "-18.80000", "2010-12-31": "-11.30000", "2009-12-31": "-4.00000", "2008-12-31": "-4.60000", "2007-12-31": "-0.30000", "2006-12-31": "-4.90000", "2005-12-31": ""}, "Cash Flow From Financial Activities": {"2020-12-31": "22.70000", "2019-12-31": "-313.40000", "2018-12-31": "-413.30000", "2017-12-31": "-176.70000", "2016-12-31": "236.40000", "2015-12-31": "-153.40000", "2014-12-31": "-662.00000", "2013-12-31": "-106.80000", "2012-12-31": "-241.60000", "2011-12-31": "671.00000", "2010-12-31": "-109.40000", "2009-12-31": "-64.90000", "2008-12-31": "34.30000", "2007-12-31": "-112.80000", "2006-12-31": "-164.10000", "2005-12-31": "-229.50000"}, "Net Cash Flow": {"2020-12-31": "686.30000", "2019-12-31": "106.70000", "2018-12-31": "-41.60000", "2017-12-31": "-62.00000", "2016-12-31": "3.00000", "2015-12-31": "63.00000", "2014-12-31": "-683.50000", "2013-12-31": "265.90000", "2012-12-31": "56.90000", "2011-12-31": "4.50000", "2010-12-31": "68.50000", "2009-12-31": "145.30000", "2008-12-31": "-68.70000", "2007-12-31": "181.30000", "2006-12-31": "180.50000", "2005-12-31": "-105.00000"}, "Stock-Based Compensation": {"2020-12-31": "37.60000", "2019-12-31": "41.30000", "2018-12-31": "46.30000", "2017-12-31": "38.20000", "2016-12-31": "18.10000", "2015-12-31": "12.20000", "2014-12-31": "-10.80000", "2013-12-31": "34.60000", "2012-12-31": "36.80000", "2011-12-31": "24.40000", "2010-12-31": "13.40000", "2009-12-31": "8.00000", "2008-12-31": "33.30000", "2007-12-31": "25.70000", "2006-12-31": "3.50000", "2005-12-31": "0.20000"}, "Common Stock Dividends Paid": {"2020-12-31": "-48.00000", "2019-12-31": "-48.00000", "2018-12-31": "-47.10000", "2017-12-31": "-44.50000", "2016-12-31": "-42.50000", "2015-12-31": "-42.00000", "2014-12-31": "-40.80000", "2013-12-31": "-38.90000", "2012-12-31": "0.00000", "2011-12-31": "0.00000", "2010-12-31": "", "2009-12-31": "", "2008-12-31": "", "2007-12-31": "", "2006-12-31": "", "2005-12-31": ""}}, "cash flow statement, quarterly": {"Net Income/Loss": {"2020-12-31": 135.4, "2020-09-30": 158.1, "2020-06-30": 60, "2020-03-31": "66.30000", "2019-12-31": -89.6, "2019-09-30": 6.3, "2019-06-30": 140.4, "2019-03-31": "65.70000", "2018-12-31": 97.6, "2018-09-30": 70.7, "2018-06-30": 90.4, "2018-03-31": "25.00000", "2017-12-31": 45.1, "2017-09-30": 60.8, "2017-06-30": 91.6, "2017-03-31": "-8.20000", "2016-12-31": 61.2, "2016-09-30": 39.4, "2016-06-30": 49.4, "2016-03-31": "10.20000", "2015-12-31": 61.3, "2015-09-30": 67.2, "2015-06-30": 105.6, "2015-03-31": "29.90000", "2014-12-31": 76.5, "2014-09-30": 62.5, "2014-06-30": 166, "2014-03-31": "99.20000", "2013-12-31": 136.9, "2013-09-30": 125.2, "2013-06-30": 213.1, "2013-03-31": "117.10000", "2012-12-31": 101, "2012-09-30": 92.1, "2012-06-30": 202.1, "2012-03-31": "121.20000", "2011-12-31": 285.3, "2011-09-30": 84.5, "2011-06-30": 133.9, "2011-03-31": "81.60000", "2010-12-31": 85.2, "2010-09-30": 62.2, "2010-06-30": 62.8, "2010-03-31": "10.00000", "2009-12-31": 33.2, "2009-09-30": 11.1, "2009-06-30": 57.4, "2009-03-31": "33.70000", "2008-12-31": 98.5, "2008-09-30": 99, "2008-06-30": 129.6, "2008-03-31": "58.80000", "2007-12-31": 67.7, "2007-09-30": 76.9, "2007-06-30": 63.8, "2007-03-31": "24.50000", "2006-12-31": -128.5, "2006-09-30": 5.4, "2006-06-30": 40.9, "2006-03-31": "17.30000", "2005-12-31": -63.8, "2005-09-30": 27.8, "2005-06-30": 46.1, "2005-03-31": "21.50000"}, "Total Depreciation And Amortization - Cash Flow": {"2020-12-31": 72.4, "2020-09-30": 67.4, "2020-06-30": 85.6, "2020-03-31": "66.60000", "2019-12-31": 243.8, "2019-09-30": 67, "2019-06-30": 69.5, "2019-03-31": "68.30000", "2018-12-31": 70.6, "2018-09-30": 70.3, "2018-06-30": 74.1, "2018-03-31": "74.90000", "2017-12-31": 73.1, "2017-09-30": 70.6, "2017-06-30": 68.2, "2017-03-31": "67.90000", "2016-12-31": 71.5, "2016-09-30": 68.1, "2016-06-30": 68.1, "2016-03-31": "66.90000", "2015-12-31": 66.3, "2015-09-30": 65, "2015-06-30": 65.8, "2015-03-31": "65.00000", "2014-12-31": 70.1, "2014-09-30": 71.9, "2014-06-30": 71, "2014-03-31": "70.10000", "2013-12-31": 72.9, "2013-09-30": 67.3, "2013-06-30": 66.3, "2013-03-31": "65.60000", "2012-12-31": 93.1, "2012-09-30": 55, "2012-06-30": 57.7, "2012-03-31": "58.70000", "2011-12-31": 51.9, "2011-09-30": 43.8, "2011-06-30": 45.7, "2011-03-31": "43.20000", "2010-12-31": 47.2, "2010-09-30": 42.3, "2010-06-30": 40.8, "2010-03-31": "42.20000", "2009-12-31": 44.3, "2009-09-30": 39.5, "2009-06-30": 36.6, "2009-03-31": "34.20000", "2008-12-31": 29.5, "2008-09-30": 40.8, "2008-06-30": 41.8, "2008-03-31": "40.40000", "2007-12-31": 52.8, "2007-09-30": 33.8, "2007-06-30": 33.5, "2007-03-31": "31.50000", "2006-12-31": 206, "2006-09-30": 29.5, "2006-06-30": 29.4, "2006-03-31": "28.40000", "2005-12-31": 27.8, "2005-09-30": 26.7, "2005-06-30": 30.4, "2005-03-31": "28.20000"}, "Other Non-Cash Items": {"2020-12-31": -1, "2020-09-30": 3.5, "2020-06-30": -0.4, "2020-03-31": "-4.80000", "2019-12-31": 6.7, "2019-09-30": 28.5, "2019-06-30": 27.4, "2019-03-31": "-6.20000", "2018-12-31": 43.7, "2018-09-30": -1.3, "2018-06-30": 12.6, "2018-03-31": "-2.10000", "2017-12-31": 48.7, "2017-09-30": -1, "2017-06-30": 13.4, "2017-03-31": "4.20000", "2016-12-31": -0.8, "2016-09-30": 2.7, "2016-06-30": 35.7, "2016-03-31": "-11.50000", "2015-12-31": -4.9, "2015-09-30": -9.9, "2015-06-30": -5.9, "2015-03-31": "-12.90000", "2014-12-31": 5.3, "2014-09-30": -38.7, "2014-06-30": 2.4, "2014-03-31": "-1.60000", "2013-12-31": -2.2, "2013-09-30": -4.1, "2013-06-30": 26.4, "2013-03-31": "17.20000", "2012-12-31": -25.3, "2012-09-30": -3.1, "2012-06-30": 4.8, "2012-03-31": "-1.70000", "2011-12-31": -115.1, "2011-09-30": -2.1, "2011-06-30": -1.4, "2011-03-31": "-3.60000", "2010-12-31": 32.3, "2010-09-30": -11.3, "2010-06-30": -7.3, "2010-03-31": "-12.20000", "2009-12-31": -24.4, "2009-09-30": 2.9, "2009-06-30": -10.1, "2009-03-31": "-3.30000", "2008-12-31": 23.9, "2008-09-30": -10.7, "2008-06-30": 11.7, "2008-03-31": "4.60000", "2007-12-31": 11.9, "2007-09-30": -2.9, "2007-06-30": 11.8, "2007-03-31": "1.00000", "2006-12-31": 2.8, "2006-09-30": -4.5, "2006-06-30": 6, "2006-03-31": "0.50000", "2005-12-31": 108.8, "2005-09-30": -2.2, "2005-06-30": -11.3, "2005-03-31": "-4.40000"}, "Total Non-Cash Items": {"2020-12-31": 71.4, "2020-09-30": 70.9, "2020-06-30": 85.2, "2020-03-31": "61.80000", "2019-12-31": 250.5, "2019-09-30": 95.5, "2019-06-30": 96.9, "2019-03-31": "62.10000", "2018-12-31": 114.3, "2018-09-30": 69, "2018-06-30": 86.7, "2018-03-31": "72.80000", "2017-12-31": 121.8, "2017-09-30": 69.6, "2017-06-30": 81.6, "2017-03-31": "72.10000", "2016-12-31": 70.7, "2016-09-30": 70.8, "2016-06-30": 103.8, "2016-03-31": "55.40000", "2015-12-31": 61.4, "2015-09-30": 55.1, "2015-06-30": 59.9, "2015-03-31": "52.10000", "2014-12-31": 75.4, "2014-09-30": 33.2, "2014-06-30": 73.4, "2014-03-31": "68.50000", "2013-12-31": 70.7, "2013-09-30": 63.2, "2013-06-30": 92.7, "2013-03-31": "82.80000", "2012-12-31": 67.8, "2012-09-30": 51.9, "2012-06-30": 62.5, "2012-03-31": "57.00000", "2011-12-31": -63.2, "2011-09-30": 41.7, "2011-06-30": 44.3, "2011-03-31": "39.60000", "2010-12-31": 79.5, "2010-09-30": 31, "2010-06-30": 33.5, "2010-03-31": "30.00000", "2009-12-31": 19.9, "2009-09-30": 42.4, "2009-06-30": 26.5, "2009-03-31": "30.90000", "2008-12-31": 53.4, "2008-09-30": 30.1, "2008-06-30": 53.5, "2008-03-31": "45.00000", "2007-12-31": 64.7, "2007-09-30": 30.9, "2007-06-30": 45.3, "2007-03-31": "32.50000", "2006-12-31": 208.8, "2006-09-30": 25, "2006-06-30": 35.4, "2006-03-31": "28.90000", "2005-12-31": 136.6, "2005-09-30": 24.5, "2005-06-30": 19.1, "2005-03-31": "23.80000"}, "Change In Accounts Receivable": {"2020-12-31": 174.2, "2020-09-30": -83.7, "2020-06-30": -71.4, "2020-03-31": "-109.60000", "2019-12-31": 148.9, "2019-09-30": 58.4, "2019-06-30": -77.8, "2019-03-31": "-65.70000", "2018-12-31": 123.1, "2018-09-30": 23.2, "2018-06-30": -89.2, "2018-03-31": "6.20000", "2017-12-31": 46.5, "2017-09-30": 13.1, "2017-06-30": -77.1, "2017-03-31": "-17.20000", "2016-12-31": 127.7, "2016-09-30": -71.1, "2016-06-30": -3.9, "2016-03-31": "-57.20000", "2015-12-31": 79.8, "2015-09-30": 71.4, "2015-06-30": 20.5, "2015-03-31": "-167.90000", "2014-12-31": 47.5, "2014-09-30": 120, "2014-06-30": -17.4, "2014-03-31": "-254.00000", "2013-12-31": 209.3, "2013-09-30": 144.3, "2013-06-30": -169.7, "2013-03-31": "-220.10000", "2012-12-31": 172.8, "2012-09-30": 116, "2012-06-30": -149.9, "2012-03-31": "-98.30000", "2011-12-31": -44.5, "2011-09-30": 92.5, "2011-06-30": -25.1, "2011-03-31": "-17.50000", "2010-12-31": -12.1, "2010-09-30": 40.7, "2010-06-30": 11.1, "2010-03-31": "-29.80000", "2009-12-31": 206.1, "2009-09-30": 90.2, "2009-06-30": -11.9, "2009-03-31": "-43.20000", "2008-12-31": -122.5, "2008-09-30": -62.8, "2008-06-30": 57, "2008-03-31": "-66.20000", "2007-12-31": 13.4, "2007-09-30": 17.9, "2007-06-30": 24.5, "2007-03-31": "-58.80000", "2006-12-31": -73.3, "2006-09-30": 82.8, "2006-06-30": 52.5, "2006-03-31": "-29.50000", "2005-12-31": 107.3, "2005-09-30": 46, "2005-06-30": 31.5, "2005-03-31": "-81.20000"}, "Change In Inventories": {"2020-12-31": 173.1, "2020-09-30": 157.2, "2020-06-30": 41.5, "2020-03-31": "-252.10000", "2019-12-31": 287.1, "2019-09-30": 10.3, "2019-06-30": -95.1, "2019-03-31": "-418.60000", "2018-12-31": 183.7, "2018-09-30": -1.7, "2018-06-30": 1.9, "2018-03-31": "-398.20000", "2017-12-31": 228.9, "2017-09-30": -108.4, "2017-06-30": -82.1, "2017-03-31": "-234.40000", "2016-12-31": 218.2, "2016-09-30": 12, "2016-06-30": -48.4, "2016-03-31": "-214.90000", "2015-12-31": 257.8, "2015-09-30": 30.7, "2015-06-30": 68.9, "2015-03-31": "-239.80000", "2014-12-31": 534.1, "2014-09-30": -4.6, "2014-06-30": 6.2, "2014-03-31": "-424.30000", "2013-12-31": 151, "2013-09-30": -103.2, "2013-06-30": -78.1, "2013-03-31": "-326.60000", "2012-12-31": 320.6, "2012-09-30": 26.6, "2012-06-30": -86.9, "2012-03-31": "-421.20000", "2011-12-31": 112.6, "2011-09-30": -64.3, "2011-06-30": -51.1, "2011-03-31": "-218.20000", "2010-12-31": 216.6, "2010-09-30": -50.1, "2010-06-30": -48.2, "2010-03-31": "-178.90000", "2009-12-31": 231.4, "2009-09-30": 48.8, "2009-06-30": 233.7, "2009-03-31": "-236.80000", "2008-12-31": 25, "2008-09-30": -71, "2008-06-30": -10.5, "2008-03-31": "-309.90000", "2007-12-31": 204.3, "2007-09-30": -40.5, "2007-06-30": -2.2, "2007-03-31": "-150.90000", "2006-12-31": 220.7, "2006-09-30": -0.1, "2006-06-30": 31, "2006-03-31": "-185.40000", "2005-12-31": 229.6, "2005-09-30": -9.1, "2005-06-30": -4.3, "2005-03-31": "-258.30000"}, "Change In Accounts Payable": {"2020-12-31": -3.5, "2020-09-30": 5.3, "2020-06-30": -28.2, "2020-03-31": "-32.70000", "2019-12-31": 39.8, "2019-09-30": -87.2, "2019-06-30": -44.4, "2019-03-31": "127.50000", "2018-12-31": -5.9, "2018-09-30": -26.3, "2018-06-30": -58.5, "2018-03-31": "66.40000", "2017-12-31": 23.5, "2017-09-30": -20.6, "2017-06-30": 56.9, "2017-03-31": "63.70000", "2016-12-31": 73.8, "2016-09-30": -91.6, "2016-06-30": 72.3, "2016-03-31": "8.30000", "2015-12-31": -21, "2015-09-30": -91.2, "2015-06-30": -24.5, "2015-03-31": "174.00000", "2014-12-31": -144.7, "2014-09-30": -87.3, "2014-06-30": -57.5, "2014-03-31": "70.10000", "2013-12-31": -40.6, "2013-09-30": -119.6, "2013-06-30": 50.6, "2013-03-31": "164.30000", "2012-12-31": 27.1, "2012-09-30": -180.5, "2012-06-30": -33.6, "2012-03-31": "125.30000", "2011-12-31": 105.4, "2011-09-30": -17.5, "2011-06-30": 54.1, "2011-03-31": "20.30000", "2010-12-31": 24.3, "2010-09-30": -58.2, "2010-06-30": 67.4, "2010-03-31": "37.10000", "2009-12-31": -1.1, "2009-09-30": -48, "2009-06-30": -182.6, "2009-03-31": "-148.60000", "2008-12-31": 215.7, "2008-09-30": -35.1, "2008-06-30": 38.3, "2008-03-31": "47.60000", "2007-12-31": 102.2, "2007-09-30": -44, "2007-06-30": 24.9, "2007-03-31": "-29.00000", "2006-12-31": 108.7, "2006-09-30": -54.3, "2006-06-30": -28.1, "2006-03-31": "28.80000", "2005-12-31": 50, "2005-09-30": -133.1, "2005-06-30": 50.4, "2005-03-31": "72.50000"}, "Change In Assets/Liabilities": {"2020-12-31": -14, "2020-09-30": 39.1, "2020-06-30": -19.3, "2020-03-31": "33.60000", "2019-12-31": 43.6, "2019-09-30": 28.4, "2019-06-30": -14.5, "2019-03-31": "6.00000", "2018-12-31": -23.1, "2018-09-30": 4, "2018-06-30": 25.1, "2018-03-31": "-25.20000", "2017-12-31": 59.2, "2017-09-30": -35.8, "2017-06-30": 23.8, "2017-03-31": "-48.80000", "2016-12-31": -108.9, "2016-09-30": -17.4, "2016-06-30": 30.2, "2016-03-31": "-69.80000", "2015-12-31": 12.4, "2015-09-30": -71.4, "2015-06-30": 11.2, "2015-03-31": "-44.30000", "2014-12-31": 39, "2014-09-30": 20.4, "2014-06-30": 29.2, "2014-03-31": "-24.30000", "2013-12-31": 75.2, "2013-09-30": 3.4, "2013-06-30": 70.2, "2013-03-31": "-38.80000", "2012-12-31": -49.2, "2012-09-30": -4.7, "2012-06-30": -3.4, "2012-03-31": "-5.00000", "2011-12-31": -35, "2011-09-30": 13, "2011-06-30": 22.3, "2011-03-31": "-51.00000", "2010-12-31": -45.3, "2010-09-30": -29.1, "2010-06-30": -20, "2010-03-31": "4.00000", "2009-12-31": 18.7, "2009-09-30": 11.9, "2009-06-30": 26.9, "2009-03-31": "-36.00000", "2008-12-31": -39.4, "2008-09-30": -17.9, "2008-06-30": -23.1, "2008-03-31": "-28.10000", "2007-12-31": -26.4, "2007-09-30": -12.6, "2007-06-30": -21.6, "2007-03-31": "10.40000", "2006-12-31": 25, "2006-09-30": -5.4, "2006-06-30": -16.6, "2006-03-31": "7.90000", "2005-12-31": -11.5, "2005-09-30": 17.3, "2005-06-30": -19.5, "2005-03-31": "-32.30000"}, "Total Change In Assets/Liabilities": {"2020-12-31": 492.2, "2020-09-30": 208.7, "2020-06-30": 61.4001, "2020-03-31": "-567.50010", "2019-12-31": 610.1999, "2019-09-30": 32.0002, "2019-06-30": -122.5001, "2019-03-31": "-458.50000", "2018-12-31": 383.2, "2018-09-30": 48.4, "2018-06-30": -5.6, "2018-03-31": "-459.20000", "2017-12-31": 439.2, "2017-09-30": -93.7, "2017-06-30": 9.8, "2017-03-31": "-315.10000", "2016-12-31": 362.6, "2016-09-30": -173.2, "2016-06-30": 130.6, "2016-03-31": "-413.70000", "2015-12-31": 329.2, "2015-09-30": -78.1, "2015-06-30": 148.6, "2015-03-31": "-367.90000", "2014-12-31": 501.6, "2014-09-30": -57, "2014-06-30": 15.6, "2014-03-31": "-679.00000", "2013-12-31": 420.3, "2013-09-30": -84.5, "2013-06-30": 20.4, "2013-03-31": "-461.20000", "2012-12-31": 530.2, "2012-09-30": 10.8, "2012-06-30": -172.2, "2012-03-31": "-458.60000", "2011-12-31": 233.2, "2011-09-30": 42.7, "2011-06-30": 91, "2011-03-31": "-287.40000", "2010-12-31": 269.7, "2010-09-30": -102.6, "2010-06-30": 119.6, "2010-03-31": "-242.30000", "2009-12-31": 452, "2009-09-30": 53.7, "2009-06-30": 108.4, "2009-03-31": "-522.70000", "2008-12-31": 78.5, "2008-09-30": -142.5, "2008-06-30": 160.3, "2008-03-31": "-385.90000", "2007-12-31": 339.7, "2007-09-30": -48.5, "2007-06-30": 99.8, "2007-03-31": "-293.00000", "2006-12-31": 308.2, "2006-09-30": 34, "2006-06-30": 87, "2006-03-31": "-220.20000", "2005-12-31": 359.5, "2005-09-30": -92.4, "2005-06-30": 94.6, "2005-03-31": "-351.00000"}, "Cash Flow From Operating Activities": {"2020-12-31": 672.4, "2020-09-30": 445.7, "2020-06-30": 213.7, "2020-03-31": "-435.30000", "2019-12-31": 776.1, "2019-09-30": 132.7, "2019-06-30": 117, "2019-03-31": "-329.90000", "2018-12-31": 599.9, "2018-09-30": 184.6, "2018-06-30": 172.7, "2018-03-31": "-361.30000", "2017-12-31": 606.8, "2017-09-30": 37.2, "2017-06-30": 185, "2017-03-31": "-251.40000", "2016-12-31": 496.9, "2016-09-30": -62.8, "2016-06-30": 283.6, "2016-03-31": "-348.20000", "2015-12-31": 452, "2015-09-30": 44.2, "2015-06-30": 314, "2015-03-31": "-286.00000", "2014-12-31": 653.7, "2014-09-30": 38.9, "2014-06-30": 256.8, "2014-03-31": "-511.00000", "2013-12-31": 628, "2013-09-30": 104, "2013-06-30": 326.3, "2013-03-31": "-261.30000", "2012-12-31": 699.6, "2012-09-30": 155, "2012-06-30": 92.3, "2012-03-31": "-280.50000", "2011-12-31": 455.4, "2011-09-30": 169, "2011-06-30": 268.9, "2011-03-31": "-167.40000", "2010-12-31": 434.6, "2010-09-30": -9.4, "2010-06-30": 215.8, "2010-03-31": "-202.30000", "2009-12-31": 506.5, "2009-09-30": 107.2, "2009-06-30": 192.3, "2009-03-31": "-458.10000", "2008-12-31": 230.4, "2008-09-30": -13.4, "2008-06-30": 343.4, "2008-03-31": "-282.10000", "2007-12-31": 472.1, "2007-09-30": 59.3, "2007-06-30": 208.9, "2007-03-31": "-236.00000", "2006-12-31": 388.5, "2006-09-30": 64.4, "2006-06-30": 163.3, "2006-03-31": "-174.00000", "2005-12-31": 432.3, "2005-09-30": -40.1, "2005-06-30": 159.8, "2005-03-31": "-305.70000"}, "Net Change In Property, Plant, And Equipment": {"2020-12-31": -85.8, "2020-09-30": -65.2, "2020-06-30": -56.8, "2020-03-31": "-60.20000", "2019-12-31": -81.3, "2019-09-30": -72.4, "2019-06-30": -53.9, "2019-03-31": "-60.90000", "2018-12-31": -64.2, "2018-09-30": -48.4, "2018-06-30": -42.9, "2018-03-31": "-44.60000", "2017-12-31": -63.7, "2017-09-30": -45.4, "2017-06-30": -34.4, "2017-03-31": "-56.30000", "2016-12-31": -67.1, "2016-09-30": -60.4, "2016-06-30": -35.9, "2016-03-31": "-35.20000", "2015-12-31": -64, "2015-09-30": -45.4, "2015-06-30": -38, "2015-03-31": "-62.50000", "2014-12-31": -71.6, "2014-09-30": -73.1, "2014-06-30": -54.1, "2014-03-31": "-99.90000", "2013-12-31": -128.3, "2013-09-30": -88.9, "2013-06-30": -79.6, "2013-03-31": "-92.40000", "2012-12-31": -105, "2012-09-30": -83.7, "2012-06-30": -63.9, "2012-03-31": "-87.00000", "2011-12-31": -112.6, "2011-09-30": -74.7, "2011-06-30": -75.3, "2011-03-31": "-36.30000", "2010-12-31": -83.9, "2010-09-30": -37.3, "2010-06-30": -21, "2010-03-31": "-24.00000", "2009-12-31": -63.4, "2009-09-30": -44.7, "2009-06-30": -49.9, "2009-03-31": "-46.50000", "2008-12-31": -79.8, "2008-09-30": -54.6, "2008-06-30": -52.2, "2008-03-31": "-45.70000", "2007-12-31": -57, "2007-09-30": -30, "2007-06-30": -25, "2007-03-31": "-23.40000", "2006-12-31": -45.8, "2006-09-30": -32.8, "2006-06-30": -24.3, "2006-03-31": "-22.30000", "2005-12-31": -42.6, "2005-09-30": -18.3, "2005-06-30": -9.4, "2005-03-31": "-7.60000"}, "Net Change In Intangible Assets": {"2020-12-31": 0, "2020-09-30": 0, "2020-06-30": 0, "2020-03-31": "", "2019-12-31": 0, "2019-09-30": 0, "2019-06-30": 0, "2019-03-31": "", "2018-12-31": 0, "2018-09-30": 0, "2018-06-30": 0, "2018-03-31": "", "2017-12-31": 0, "2017-09-30": 0, "2017-06-30": 0, "2017-03-31": "", "2016-12-31": 0, "2016-09-30": 0, "2016-06-30": 0, "2016-03-31": "", "2015-12-31": 0, "2015-09-30": 0, "2015-06-30": 0, "2015-03-31": "", "2014-12-31": 0, "2014-09-30": 0, "2014-06-30": 0, "2014-03-31": "", "2013-12-31": 0, "2013-09-30": 0, "2013-06-30": 0, "2013-03-31": "", "2012-12-31": 0, "2012-09-30": 0, "2012-06-30": 0, "2012-03-31": "", "2011-12-31": 0, "2011-09-30": 0, "2011-06-30": 0, "2011-03-31": "", "2010-12-31": 0, "2010-09-30": 0, "2010-06-30": 0, "2010-03-31": "", "2009-12-31": 0, "2009-09-30": 0, "2009-06-30": 0, "2009-03-31": "", "2008-12-31": 0, "2008-09-30": 0, "2008-06-30": 0, "2008-03-31": "", "2007-12-31": 0, "2007-09-30": 0, "2007-06-30": 0, "2007-03-31": "", "2006-12-31": 0, "2006-09-30": 0, "2006-06-30": 0, "2006-03-31": "", "2005-12-31": 0, "2005-09-30": 0, "2005-06-30": 0, "2005-03-31": ""}, "Net Acquisitions/Divestitures": {"2020-12-31": 0, "2020-09-30": -2.8, "2020-06-30": 0, "2020-03-31": "", "2019-12-31": 0, "2019-09-30": 0, "2019-06-30": 0, "2019-03-31": "", "2018-12-31": 0, "2018-09-30": 0, "2018-06-30": 0, "2018-03-31": "", "2017-12-31": -104.7, "2017-09-30": -188.4, "2017-06-30": 0, "2017-03-31": "", "2016-12-31": -0.2, "2016-09-30": -344.8, "2016-06-30": 0, "2016-03-31": "-38.80000", "2015-12-31": 0, "2015-09-30": -6.8, "2015-06-30": -18.6, "2015-03-31": "", "2014-12-31": 0.1, "2014-09-30": -130.3, "2014-06-30": -0.1, "2014-03-31": "", "2013-12-31": -9.4, "2013-09-30": 0, "2013-06-30": 0, "2013-03-31": "-0.10000", "2012-12-31": -0.5, "2012-09-30": 0, "2012-06-30": 0, "2012-03-31": "-2.40000", "2011-12-31": -929.7, "2011-09-30": 0, "2011-06-30": 0, "2011-03-31": "-88.30000", "2010-12-31": -81.5, "2010-09-30": 0, "2010-06-30": 0, "2010-03-31": "", "2009-12-31": 0.5, "2009-09-30": 0, "2009-06-30": 0, "2009-03-31": "", "2008-12-31": 0, "2008-09-30": 0, "2008-06-30": 0, "2008-03-31": "", "2007-12-31": 0, "2007-09-30": -17.8, "2007-06-30": 0, "2007-03-31": "", "2006-12-31": 0, "2006-09-30": 0, "2006-06-30": 0, "2006-03-31": "", "2005-12-31": 0.4, "2005-09-30": 0, "2005-06-30": 0, "2005-03-31": ""}, "Net Change In Short-term Investments": {"2020-12-31": 0, "2020-09-30": 0, "2020-06-30": 0, "2020-03-31": "", "2019-12-31": 0, "2019-09-30": 0, "2019-06-30": 0, "2019-03-31": "", "2018-12-31": 0, "2018-09-30": 0, "2018-06-30": 0, "2018-03-31": "", "2017-12-31": 0, "2017-09-30": 0, "2017-06-30": 0, "2017-03-31": "", "2016-12-31": 0, "2016-09-30": 0, "2016-06-30": 0, "2016-03-31": "", "2015-12-31": 0, "2015-09-30": 0, "2015-06-30": 0, "2015-03-31": "", "2014-12-31": 0, "2014-09-30": 0, "2014-06-30": 0, "2014-03-31": "", "2013-12-31": 0, "2013-09-30": 0, "2013-06-30": 0, "2013-03-31": "", "2012-12-31": 0, "2012-09-30": 0, "2012-06-30": 0, "2012-03-31": "", "2011-12-31": 0, "2011-09-30": 0, "2011-06-30": 0, "2011-03-31": "", "2010-12-31": 0, "2010-09-30": 0, "2010-06-30": 0, "2010-03-31": "", "2009-12-31": 0, "2009-09-30": 0, "2009-06-30": 0, "2009-03-31": "", "2008-12-31": 0, "2008-09-30": 0, "2008-06-30": 0, "2008-03-31": "", "2007-12-31": 0, "2007-09-30": 0, "2007-06-30": 0, "2007-03-31": "", "2006-12-31": 0, "2006-09-30": 0, "2006-06-30": 0, "2006-03-31": "", "2005-12-31": 0, "2005-09-30": 0, "2005-06-30": 0, "2005-03-31": ""}, "Net Change In Long-Term Investments": {"2020-12-31": 33.8, "2020-09-30": -1.6, "2020-06-30": -0.6, "2020-03-31": "-2.50000", "2019-12-31": -3.1, "2019-09-30": 0, "2019-06-30": 0, "2019-03-31": "", "2018-12-31": 0, "2018-09-30": 0, "2018-06-30": -5.8, "2018-03-31": "", "2017-12-31": 0, "2017-09-30": 0, "2017-06-30": 0, "2017-03-31": "-0.80000", "2016-12-31": -2.8, "2016-09-30": -1.7, "2016-06-30": 0, "2016-03-31": "-11.80000", "2015-12-31": 1.4, "2015-09-30": 0, "2015-06-30": 0, "2015-03-31": "-5.20000", "2014-12-31": -3.9, "2014-09-30": 0, "2014-06-30": 0, "2014-03-31": "", "2013-12-31": -10.1, "2013-09-30": 0.1, "2013-06-30": 0, "2013-03-31": "", "2012-12-31": -4.5, "2012-09-30": -3.4, "2012-06-30": -5.3, "2012-03-31": "-22.70000", "2011-12-31": -9.8, "2011-09-30": -2.3, "2011-06-30": -3.6, "2011-03-31": "-27.40000", "2010-12-31": -25.4, "2010-09-30": 0, "2010-06-30": 0, "2010-03-31": "", "2009-12-31": -16.5, "2009-09-30": -0.9, "2009-06-30": -0.2, "2009-03-31": "", "2008-12-31": -0.2, "2008-09-30": 0, "2008-06-30": -0.2, "2008-03-31": "-0.20000", "2007-12-31": -1.3, "2007-09-30": -66.7, "2007-06-30": 0, "2007-03-31": "", "2006-12-31": -0.1, "2006-09-30": 0, "2006-06-30": -2.8, "2006-03-31": "", "2005-12-31": -0.9, "2005-09-30": 0, "2005-06-30": 0.2, "2005-03-31": "-22.70000"}, "Net Change In Investments - Total": {"2020-12-31": 33.8, "2020-09-30": -1.6, "2020-06-30": -0.6, "2020-03-31": "-2.50000", "2019-12-31": -3.1, "2019-09-30": 0, "2019-06-30": 0, "2019-03-31": "", "2018-12-31": 0, "2018-09-30": 0, "2018-06-30": -5.8, "2018-03-31": "", "2017-12-31": 0, "2017-09-30": 0, "2017-06-30": 0, "2017-03-31": "-0.80000", "2016-12-31": -2.8, "2016-09-30": -1.7, "2016-06-30": 0, "2016-03-31": "-11.80000", "2015-12-31": 1.4, "2015-09-30": 0, "2015-06-30": 0, "2015-03-31": "-5.20000", "2014-12-31": -3.9, "2014-09-30": 0, "2014-06-30": 0, "2014-03-31": "", "2013-12-31": -10.1, "2013-09-30": 0.1, "2013-06-30": 0, "2013-03-31": "", "2012-12-31": -4.5, "2012-09-30": -3.4, "2012-06-30": -5.3, "2012-03-31": "-22.70000", "2011-12-31": -9.8, "2011-09-30": -2.3, "2011-06-30": -3.6, "2011-03-31": "-27.40000", "2010-12-31": -25.4, "2010-09-30": 0, "2010-06-30": 0, "2010-03-31": "", "2009-12-31": -16.5, "2009-09-30": -0.9, "2009-06-30": -0.2, "2009-03-31": "", "2008-12-31": -0.2, "2008-09-30": 0, "2008-06-30": -0.2, "2008-03-31": "-0.20000", "2007-12-31": -1.3, "2007-09-30": -66.7, "2007-06-30": 0, "2007-03-31": "", "2006-12-31": -0.1, "2006-09-30": 0, "2006-06-30": -2.8, "2006-03-31": "", "2005-12-31": -0.9, "2005-09-30": 0, "2005-06-30": 0.2, "2005-03-31": "-22.70000"}, "Investing Activities - Other": {"2020-12-31": 0, "2020-09-30": 0, "2020-06-30": 0, "2020-03-31": "", "2019-12-31": 0, "2019-09-30": 0, "2019-06-30": 0, "2019-03-31": "", "2018-12-31": 0, "2018-09-30": 0, "2018-06-30": 0, "2018-03-31": "0.40000", "2017-12-31": 0, "2017-09-30": 0, "2017-06-30": 0, "2017-03-31": "", "2016-12-31": 0, "2016-09-30": 0, "2016-06-30": 0.7, "2016-03-31": "-0.30000", "2015-12-31": -1.3, "2015-09-30": -0.4, "2015-06-30": 0, "2015-03-31": "", "2014-12-31": 0, "2014-09-30": 0, "2014-06-30": 0, "2014-03-31": "", "2013-12-31": 0, "2013-09-30": 0, "2013-06-30": 0, "2013-03-31": "", "2012-12-31": 4.7, "2012-09-30": 1, "2012-06-30": 8, "2012-03-31": "-10.00000", "2011-12-31": -3.7, "2011-09-30": 0, "2011-06-30": 0, "2011-03-31": "", "2010-12-31": 0, "2010-09-30": 0, "2010-06-30": 0, "2010-03-31": "", "2009-12-31": 4.9, "2009-09-30": 3.2, "2009-06-30": 16.4, "2009-03-31": "12.60000", "2008-12-31": -32.5, "2008-09-30": 0, "2008-06-30": 0, "2008-03-31": "", "2007-12-31": 0, "2007-09-30": -2.7, "2007-06-30": 0, "2007-03-31": "", "2006-12-31": 0, "2006-09-30": 0, "2006-06-30": 0, "2006-03-31": "", "2005-12-31": 0, "2005-09-30": 0, "2005-06-30": 0, "2005-03-31": ""}, "Cash Flow From Investing Activities": {"2020-12-31": -52, "2020-09-30": -69.6, "2020-06-30": -57.4, "2020-03-31": "-62.70000", "2019-12-31": -84.4, "2019-09-30": -72.4, "2019-06-30": -53.9, "2019-03-31": "-60.90000", "2018-12-31": -64.2, "2018-09-30": -48.4, "2018-06-30": -48.7, "2018-03-31": "-44.20000", "2017-12-31": -168.4, "2017-09-30": -233.8, "2017-06-30": -34.4, "2017-03-31": "-57.10000", "2016-12-31": -70.1, "2016-09-30": -406.9, "2016-06-30": -35.2, "2016-03-31": "-86.10000", "2015-12-31": -63.9, "2015-09-30": -52.6, "2015-06-30": -56.6, "2015-03-31": "-67.70000", "2014-12-31": -75.4, "2014-09-30": -203.4, "2014-06-30": -54.2, "2014-03-31": "-99.90000", "2013-12-31": -147.8, "2013-09-30": -88.8, "2013-06-30": -79.6, "2013-03-31": "-92.50000", "2012-12-31": -105.3, "2012-09-30": -86.1, "2012-06-30": -61.2, "2012-03-31": "-122.10000", "2011-12-31": -1055.8, "2011-09-30": -77, "2011-06-30": -78.9, "2011-03-31": "-152.00000", "2010-12-31": -190.8, "2010-09-30": -37.3, "2010-06-30": -21, "2010-03-31": "-24.00000", "2009-12-31": -74.5, "2009-09-30": -42.4, "2009-06-30": -33.7, "2009-03-31": "-33.90000", "2008-12-31": -112.5, "2008-09-30": -54.6, "2008-06-30": -52.4, "2008-03-31": "-45.90000", "2007-12-31": -58.3, "2007-09-30": -117.2, "2007-06-30": -25, "2007-03-31": "-23.40000", "2006-12-31": -45.9, "2006-09-30": -32.8, "2006-06-30": -27.1, "2006-03-31": "-22.30000", "2005-12-31": -43.1, "2005-09-30": -18.3, "2005-06-30": -9.2, "2005-03-31": "-30.30000"}, "Net Long-Term Debt": {"2020-12-31": -17.9, "2020-09-30": -259.7, "2020-06-30": -132.2, "2020-03-31": "559.80000", "2019-12-31": -506.2001, "2019-09-30": -4.7, "2019-06-30": -20.6, "2019-03-31": "423.10000", "2018-12-31": -392.5, "2018-09-30": -50, "2018-06-30": -135.1001, "2018-03-31": "401.50000", "2017-12-31": -376.1999, "2017-09-30": 195.6, "2017-06-30": -122.0001, "2017-03-31": "176.80000", "2016-12-31": -220.7999, "2016-09-30": 502.1999, "2016-06-30": -103.4, "2016-03-31": "317.50000", "2015-12-31": -279.9, "2015-09-30": 29.4, "2015-06-30": -12.9, "2015-03-31": "445.80000", "2014-12-31": -350, "2014-09-30": 247.2, "2014-06-30": -55.1, "2014-03-31": "57.30000", "2013-12-31": -62.2, "2013-09-30": -87.6, "2013-06-30": -73.2, "2013-03-31": "164.90000", "2012-12-31": -133.0001, "2012-09-30": -132.3, "2012-06-30": -50.9, "2012-03-31": "93.70000", "2011-12-31": 897.8, "2011-09-30": -165.9, "2011-06-30": 48.9, "2011-03-31": "-91.30000", "2010-12-31": 35.5, "2010-09-30": -119.6, "2010-06-30": -12.4, "2010-03-31": "-2.10000", "2009-12-31": -1, "2009-09-30": -40.5, "2009-06-30": -78.3, "2009-03-31": "58.90000", "2008-12-31": 25.9, "2008-09-30": 11.1, "2008-06-30": 4.3, "2008-03-31": "-2.70000", "2007-12-31": -4.3, "2007-09-30": -6.1, "2007-06-30": -120.4, "2007-03-31": "10.10000", "2006-12-31": -121.7, "2006-09-30": -33.2, "2006-06-30": -36.1, "2006-03-31": "21.00000", "2005-12-31": -184.2, "2005-09-30": 39.9, "2005-06-30": -128.5, "2005-03-31": "41.90000"}, "Net Current Debt": {"2020-12-31": 0, "2020-09-30": 0, "2020-06-30": 0, "2020-03-31": "", "2019-12-31": 0, "2019-09-30": 0, "2019-06-30": 0, "2019-03-31": "", "2018-12-31": 0, "2018-09-30": 0, "2018-06-30": 0, "2018-03-31": "", "2017-12-31": 0, "2017-09-30": 0, "2017-06-30": 0, "2017-03-31": "", "2016-12-31": 0, "2016-09-30": 0, "2016-06-30": 0, "2016-03-31": "", "2015-12-31": 0, "2015-09-30": 0, "2015-06-30": 0, "2015-03-31": "", "2014-12-31": 0, "2014-09-30": 0, "2014-06-30": 0, "2014-03-31": "", "2013-12-31": 0, "2013-09-30": 0, "2013-06-30": 0, "2013-03-31": "", "2012-12-31": 0, "2012-09-30": 0, "2012-06-30": 0, "2012-03-31": "", "2011-12-31": 0, "2011-09-30": 0, "2011-06-30": 0, "2011-03-31": "", "2010-12-31": 0, "2010-09-30": 0, "2010-06-30": 0, "2010-03-31": "", "2009-12-31": 0, "2009-09-30": 0, "2009-06-30": 0, "2009-03-31": "", "2008-12-31": 0, "2008-09-30": 0, "2008-06-30": 0, "2008-03-31": "", "2007-12-31": 0, "2007-09-30": 0, "2007-06-30": 0, "2007-03-31": "", "2006-12-31": 0, "2006-09-30": 0, "2006-06-30": 0, "2006-03-31": "", "2005-12-31": 0, "2005-09-30": 0, "2005-06-30": 0, "2005-03-31": ""}, "Debt Issuance/Retirement Net - Total": {"2020-12-31": -17.9, "2020-09-30": -259.7, "2020-06-30": -132.2, "2020-03-31": "559.80000", "2019-12-31": -506.2001, "2019-09-30": -4.7, "2019-06-30": -20.6, "2019-03-31": "423.10000", "2018-12-31": -392.5, "2018-09-30": -50, "2018-06-30": -135.1001, "2018-03-31": "401.50000", "2017-12-31": -376.1999, "2017-09-30": 195.6, "2017-06-30": -122.0001, "2017-03-31": "176.80000", "2016-12-31": -220.7999, "2016-09-30": 502.1999, "2016-06-30": -103.4, "2016-03-31": "317.50000", "2015-12-31": -279.9, "2015-09-30": 29.4, "2015-06-30": -12.9, "2015-03-31": "445.80000", "2014-12-31": -350, "2014-09-30": 247.2, "2014-06-30": -55.1, "2014-03-31": "57.30000", "2013-12-31": -62.2, "2013-09-30": -87.6, "2013-06-30": -73.2, "2013-03-31": "164.90000", "2012-12-31": -133.0001, "2012-09-30": -132.3, "2012-06-30": -50.9, "2012-03-31": "93.70000", "2011-12-31": 897.8, "2011-09-30": -165.9, "2011-06-30": 48.9, "2011-03-31": "-91.30000", "2010-12-31": 35.5, "2010-09-30": -119.6, "2010-06-30": -12.4, "2010-03-31": "-2.10000", "2009-12-31": -1, "2009-09-30": -40.5, "2009-06-30": -78.3, "2009-03-31": "58.90000", "2008-12-31": 25.9, "2008-09-30": 11.1, "2008-06-30": 4.3, "2008-03-31": "-2.70000", "2007-12-31": -4.3, "2007-09-30": -6.1, "2007-06-30": -120.4, "2007-03-31": "10.10000", "2006-12-31": -121.7, "2006-09-30": -33.2, "2006-06-30": -36.1, "2006-03-31": "21.00000", "2005-12-31": -184.2, "2005-09-30": 39.9, "2005-06-30": -128.5, "2005-03-31": "41.90000"}, "Net Common Equity Issued/Repurchased": {"2020-12-31": 0, "2020-09-30": 0, "2020-06-30": 0, "2020-03-31": "-55.00000", "2019-12-31": -30, "2019-09-30": -30, "2019-06-30": -40, "2019-03-31": "-30.00000", "2018-12-31": -100, "2018-09-30": -50, "2018-06-30": -27.2, "2018-03-31": "-7.10000", "2017-12-31": 0, "2017-09-30": 0, "2017-06-30": 0, "2017-03-31": "", "2016-12-31": -42.5, "2016-09-30": -50, "2016-06-30": -60, "2016-03-31": "-60.00000", "2015-12-31": -100, "2015-09-30": -62.5, "2015-06-30": -62.5, "2015-03-31": "-62.50000", "2014-12-31": -158.8, "2014-09-30": -50.9, "2014-06-30": 0, "2014-03-31": "-290.00000", "2013-12-31": 0, "2013-09-30": 0, "2013-06-30": 0, "2013-03-31": "-1.00000", "2012-12-31": -8.1, "2012-09-30": -9.5, "2012-06-30": 0, "2012-03-31": "", "2011-12-31": 0.1, "2011-09-30": 0.1, "2011-06-30": 0.1, "2011-03-31": "", "2010-12-31": 0.3, "2010-09-30": 0.1, "2010-06-30": 0.1, "2010-03-31": "", "2009-12-31": 0, "2009-09-30": 0, "2009-06-30": 0, "2009-03-31": "", "2008-12-31": 0, "2008-09-30": 0.1, "2008-06-30": 0.1, "2008-03-31": "0.10000", "2007-12-31": 0.3, "2007-09-30": 0.5, "2007-06-30": 1.4, "2007-03-31": "6.00000", "2006-12-31": 2.8, "2006-09-30": 0.3, "2006-06-30": 7.3, "2006-03-31": "0.40000", "2005-12-31": 0, "2005-09-30": 0.6, "2005-06-30": 0.4, "2005-03-31": "0.40000"}, "Net Total Equity Issued/Repurchased": {"2020-12-31": 0, "2020-09-30": 0, "2020-06-30": 0, "2020-03-31": "-55.00000", "2019-12-31": -30, "2019-09-30": -30, "2019-06-30": -40, "2019-03-31": "-30.00000", "2018-12-31": -100, "2018-09-30": -50, "2018-06-30": -27.2, "2018-03-31": "-7.10000", "2017-12-31": 0, "2017-09-30": 0, "2017-06-30": 0, "2017-03-31": "", "2016-12-31": -42.5, "2016-09-30": -50, "2016-06-30": -60, "2016-03-31": "-60.00000", "2015-12-31": -100, "2015-09-30": -62.5, "2015-06-30": -62.5, "2015-03-31": "-62.50000", "2014-12-31": -158.8, "2014-09-30": -50.9, "2014-06-30": 0, "2014-03-31": "-290.00000", "2013-12-31": 0, "2013-09-30": 0, "2013-06-30": 0, "2013-03-31": "-1.00000", "2012-12-31": -8.1, "2012-09-30": -9.5, "2012-06-30": 0, "2012-03-31": "", "2011-12-31": 0.1, "2011-09-30": 0.1, "2011-06-30": 0.1, "2011-03-31": "", "2010-12-31": 0.3, "2010-09-30": 0.1, "2010-06-30": 0.1, "2010-03-31": "", "2009-12-31": 0, "2009-09-30": 0, "2009-06-30": 0, "2009-03-31": "", "2008-12-31": 0, "2008-09-30": 0.1, "2008-06-30": 0.1, "2008-03-31": "0.10000", "2007-12-31": 0.3, "2007-09-30": 0.5, "2007-06-30": 1.4, "2007-03-31": "6.00000", "2006-12-31": 2.8, "2006-09-30": 0.3, "2006-06-30": 7.3, "2006-03-31": "0.40000", "2005-12-31": 0, "2005-09-30": 0.6, "2005-06-30": 0.4, "2005-03-31": "0.40000"}, "Total Common And Preferred Stock Dividends Paid": {"2020-12-31": -12, "2020-09-30": -12, "2020-06-30": -11.9, "2020-03-31": "-12.10000", "2019-12-31": -12.1, "2019-09-30": -12.2, "2019-06-30": -12.2, "2019-03-31": "-11.50000", "2018-12-31": -11.5, "2018-09-30": -11.8, "2018-06-30": -11.9, "2018-03-31": "-11.90000", "2017-12-31": -11.1, "2017-09-30": -11.2, "2017-06-30": -11.1, "2017-03-31": "-11.10000", "2016-12-31": -10.4, "2016-09-30": -10.5, "2016-06-30": -10.8, "2016-03-31": "-10.80000", "2015-12-31": -10.3, "2015-09-30": -10.4, "2015-06-30": -10.6, "2015-03-31": "-10.70000", "2014-12-31": -9.9, "2014-09-30": -10.3, "2014-06-30": -10.3, "2014-03-31": "-10.30000", "2013-12-31": -9.8, "2013-09-30": -9.7, "2013-06-30": -9.7, "2013-03-31": "-9.70000", "2012-12-31": 0, "2012-09-30": 0, "2012-06-30": 0, "2012-03-31": "", "2011-12-31": 0, "2011-09-30": 0, "2011-06-30": 0, "2011-03-31": "", "2010-12-31": 0, "2010-09-30": 0, "2010-06-30": 0, "2010-03-31": "", "2009-12-31": 0, "2009-09-30": 0, "2009-06-30": 0, "2009-03-31": "", "2008-12-31": 0, "2008-09-30": 0, "2008-06-30": 0, "2008-03-31": "", "2007-12-31": 0, "2007-09-30": 0, "2007-06-30": 0, "2007-03-31": "", "2006-12-31": 0, "2006-09-30": 0, "2006-06-30": 0, "2006-03-31": "", "2005-12-31": 0, "2005-09-30": 0, "2005-06-30": 0, "2005-03-31": ""}, "Financial Activities - Other": {"2020-12-31": -6.9, "2020-09-30": 0.1, "2020-06-30": -1.5, "2020-03-31": "-16.00000", "2019-12-31": -0.2, "2019-09-30": -0.6, "2019-06-30": -3.3, "2019-03-31": "-22.90000", "2018-12-31": -1.3, "2018-09-30": -1, "2018-06-30": -0.3, "2018-03-31": "-3.20000", "2017-12-31": -0.2, "2017-09-30": -2.4, "2017-06-30": -0.8, "2017-03-31": "-3.00000", "2016-12-31": -1.7, "2016-09-30": -0.1, "2016-06-30": -1.5, "2016-03-31": "-0.80000", "2015-12-31": 0.6, "2015-09-30": -0.2, "2015-06-30": -1, "2015-03-31": "-5.70000", "2014-12-31": -1.6, "2014-09-30": -4.1, "2014-06-30": -6, "2014-03-31": "-9.20000", "2013-12-31": 10.1, "2013-09-30": -0.9, "2013-06-30": -5.2, "2013-03-31": "-12.80000", "2012-12-31": -0.6, "2012-09-30": -0.5, "2012-06-30": -0.1, "2012-03-31": "-0.30000", "2011-12-31": -15.3, "2011-09-30": -0.5, "2011-06-30": -1, "2011-03-31": "-2.00000", "2010-12-31": -0.2, "2010-09-30": -0.1, "2010-06-30": -2.2, "2010-03-31": "-8.80000", "2009-12-31": -0.1, "2009-09-30": 0, "2009-06-30": -0.8, "2009-03-31": "-3.10000", "2008-12-31": -0.1, "2008-09-30": -0.1, "2008-06-30": -2, "2008-03-31": "-2.40000", "2007-12-31": -0.1, "2007-09-30": 0, "2007-06-30": 0, "2007-03-31": "-0.20000", "2006-12-31": -4.9, "2006-09-30": 0, "2006-06-30": 0, "2006-03-31": "", "2005-12-31": 0, "2005-09-30": 0, "2005-06-30": 0, "2005-03-31": ""}, "Cash Flow From Financial Activities": {"2020-12-31": -36.8, "2020-09-30": -271.6, "2020-06-30": -145.6, "2020-03-31": "476.70000", "2019-12-31": -548.5, "2019-09-30": -47.5, "2019-06-30": -76.1, "2019-03-31": "358.70000", "2018-12-31": -505.3, "2018-09-30": -112.8, "2018-06-30": -174.5, "2018-03-31": "379.30000", "2017-12-31": -387.5, "2017-09-30": 182, "2017-06-30": -133.9, "2017-03-31": "162.70000", "2016-12-31": -275.4, "2016-09-30": 441.6, "2016-06-30": -175.7, "2016-03-31": "245.90000", "2015-12-31": -389.6, "2015-09-30": -43.7, "2015-06-30": -87, "2015-03-31": "366.90000", "2014-12-31": -520.3, "2014-09-30": 181.9, "2014-06-30": -71.4, "2014-03-31": "-252.20000", "2013-12-31": -61.9, "2013-09-30": -98.2, "2013-06-30": -88.1, "2013-03-31": "141.40000", "2012-12-31": -141.7, "2012-09-30": -142.3, "2012-06-30": -51, "2012-03-31": "93.40000", "2011-12-31": 882.6, "2011-09-30": -166.3, "2011-06-30": 48, "2011-03-31": "-93.30000", "2010-12-31": 35.6, "2010-09-30": -119.6, "2010-06-30": -14.5, "2010-03-31": "-10.90000", "2009-12-31": -1.1, "2009-09-30": -40.5, "2009-06-30": -79.1, "2009-03-31": "55.80000", "2008-12-31": 25.8, "2008-09-30": 11.1, "2008-06-30": 2.4, "2008-03-31": "-5.00000", "2007-12-31": -4.1, "2007-09-30": -5.6, "2007-06-30": -119, "2007-03-31": "15.90000", "2006-12-31": -123.8, "2006-09-30": -32.9, "2006-06-30": -28.8, "2006-03-31": "21.40000", "2005-12-31": -184.2, "2005-09-30": 40.5, "2005-06-30": -128.1, "2005-03-31": "42.30000"}, "Net Cash Flow": {"2020-12-31": 608.1, "2020-09-30": 106.6, "2020-06-30": 17.7, "2020-03-31": "-46.10000", "2019-12-31": 150.8, "2019-09-30": 2.1, "2019-06-30": -12.9, "2019-03-31": "-33.30000", "2018-12-31": 33.4, "2018-09-30": 12.1, "2018-06-30": -67.6, "2018-03-31": "-19.50000", "2017-12-31": 55, "2017-09-30": -5.1, "2017-06-30": 27.9, "2017-03-31": "-139.80000", "2016-12-31": 131.9, "2016-09-30": -26.9, "2016-06-30": 76.8, "2016-03-31": "-178.80000", "2015-12-31": 1.3, "2015-09-30": -72.8, "2015-06-30": 159.3, "2015-03-31": "-24.80000", "2014-12-31": 42.8, "2014-09-30": -2.4, "2014-06-30": 129.4, "2014-03-31": "-853.30000", "2013-12-31": 426.7, "2013-09-30": -60.1, "2013-06-30": 128.9, "2013-03-31": "-229.60000", "2012-12-31": 459.4, "2012-09-30": -71.5, "2012-06-30": -33.3, "2012-03-31": "-297.70000", "2011-12-31": 269.2, "2011-09-30": -117.9, "2011-06-30": 258.8, "2011-03-31": "-405.60000", "2010-12-31": 260.7, "2010-09-30": -115.8, "2010-06-30": 166.9, "2010-03-31": "-243.30000", "2009-12-31": 433, "2009-09-30": 28.7, "2009-06-30": 109.4, "2009-03-31": "-425.80000", "2008-12-31": 63.9, "2008-09-30": -108.7, "2008-06-30": 308, "2008-03-31": "-331.90000", "2007-12-31": 415.6, "2007-09-30": -63, "2007-06-30": 72.4, "2007-03-31": "-243.70000", "2006-12-31": 234.6, "2006-09-30": -0.1, "2006-06-30": 114.3, "2006-03-31": "-168.30000", "2005-12-31": 193.3, "2005-09-30": -19.6, "2005-06-30": 18.9, "2005-03-31": "-297.60000"}, "Stock-Based Compensation": {"2020-12-31": 10.8, "2020-09-30": 14.1, "2020-06-30": 10.1, "2020-03-31": "2.60000", "2019-12-31": 8.4, "2019-09-30": 8.1, "2019-06-30": 12.3, "2019-03-31": "12.50000", "2018-12-31": 13.3, "2018-09-30": 10.5, "2018-06-30": 13.3, "2018-03-31": "9.20000", "2017-12-31": 6.9, "2017-09-30": 8.7, "2017-06-30": 10.6, "2017-03-31": "12.00000", "2016-12-31": -1.2, "2016-09-30": 7.9, "2016-06-30": 5.9, "2016-03-31": "5.50000", "2015-12-31": 1.6, "2015-09-30": 3.5, "2015-06-30": 4.7, "2015-03-31": "2.40000", "2014-12-31": 0.2, "2014-09-30": -22.8, "2014-06-30": 5.4, "2014-03-31": "6.40000", "2013-12-31": 0.7, "2013-09-30": 5.8, "2013-06-30": 19.6, "2013-03-31": "8.50000", "2012-12-31": 8, "2012-09-30": 9.6, "2012-06-30": 10.8, "2012-03-31": "8.40000", "2011-12-31": 6.5, "2011-09-30": 6.5, "2011-06-30": 6.7, "2011-03-31": "4.70000", "2010-12-31": 4.9, "2010-09-30": 3.3, "2010-06-30": 3.2, "2010-03-31": "2.00000", "2009-12-31": -3.3, "2009-09-30": 2.9, "2009-06-30": 2, "2009-03-31": "6.40000", "2008-12-31": 11.5, "2008-09-30": 6.8, "2008-06-30": 8.4, "2008-03-31": "6.60000", "2007-12-31": 15.3, "2007-09-30": 7.1, "2007-06-30": 1.6, "2007-03-31": "1.70000", "2006-12-31": -1, "2006-09-30": 1.3, "2006-06-30": 1.9, "2006-03-31": "1.30000", "2005-12-31": 0, "2005-09-30": 0.1, "2005-06-30": 0.1, "2005-03-31": ""}, "Common Stock Dividends Paid": {"2020-12-31": -12, "2020-09-30": -12, "2020-06-30": -11.9, "2020-03-31": "-12.10000", "2019-12-31": -12.1, "2019-09-30": -12.2, "2019-06-30": -12.2, "2019-03-31": "-11.50000", "2018-12-31": -11.5, "2018-09-30": -11.8, "2018-06-30": -11.9, "2018-03-31": "-11.90000", "2017-12-31": -11.1, "2017-09-30": -11.2, "2017-06-30": -11.1, "2017-03-31": "-11.10000", "2016-12-31": -10.4, "2016-09-30": -10.5, "2016-06-30": -10.8, "2016-03-31": "-10.80000", "2015-12-31": -10.3, "2015-09-30": -10.4, "2015-06-30": -10.6, "2015-03-31": "-10.70000", "2014-12-31": -9.9, "2014-09-30": -10.3, "2014-06-30": -10.3, "2014-03-31": "-10.30000", "2013-12-31": -9.8, "2013-09-30": -9.7, "2013-06-30": -9.7, "2013-03-31": "-9.70000", "2012-12-31": 0, "2012-09-30": 0, "2012-06-30": 0, "2012-03-31": "", "2011-12-31": 0, "2011-09-30": 0, "2011-06-30": 0, "2011-03-31": "", "2010-12-31": 0, "2010-09-30": 0, "2010-06-30": 0, "2010-03-31": "", "2009-12-31": 0, "2009-09-30": 0, "2009-06-30": 0, "2009-03-31": "", "2008-12-31": 0, "2008-09-30": 0, "2008-06-30": 0, "2008-03-31": "", "2007-12-31": 0, "2007-09-30": 0, "2007-06-30": 0, "2007-03-31": "", "2006-12-31": 0, "2006-09-30": 0, "2006-06-30": 0, "2006-03-31": "", "2005-12-31": 0, "2005-09-30": 0, "2005-06-30": 0, "2005-03-31": ""}}, "financial ratios": {"Current Ratio": {"2019-12-31": "1.29280", "2018-12-31": "1.27860", "2017-12-31": "1.36860", "2016-12-31": "1.47590", "2015-12-31": "1.32620", "2014-12-31": "1.49340", "2013-12-31": "1.60640", "2012-12-31": "1.60450", "2011-12-31": "1.66080", "2010-12-31": "1.63160", "2009-12-31": "1.64690", "2008-12-31": "1.51890", "2007-12-31": "1.30640", "2006-12-31": "1.42210", "2005-12-31": "1.65520"}, "Long-term Debt / Capital": {"2019-12-31": "0.29080", "2018-12-31": "0.29870", "2017-12-31": "0.34330", "2016-12-31": "0.36200", "2015-12-31": "0.24290", "2014-12-31": "0.22200", "2013-12-31": "0.18830", "2012-12-31": "0.22840", "2011-12-31": "0.31740", "2010-12-31": "0.14280", "2009-12-31": "0.15890", "2008-12-31": "0.23630", "2007-12-31": "0.12580", "2006-12-31": "0.27880", "2005-12-31": "0.37280"}, "Debt/Equity Ratio": {"2019-12-31": "0.46270", "2018-12-31": "0.49640", "2017-12-31": "0.55360", "2016-12-31": "0.59760", "2015-12-31": "0.42710", "2014-12-31": "0.31220", "2013-12-31": "0.30910", "2012-12-31": "0.36790", "2011-12-31": "0.48490", "2010-12-31": "0.22720", "2009-12-31": "0.26930", "2008-12-31": "0.30950", "2007-12-31": "0.34110", "2006-12-31": "0.52560", "2005-12-31": "0.59890"}, "Gross Margin": {"2019-12-31": "21.94680", "2018-12-31": "21.35050", "2017-12-31": "21.25200", "2016-12-31": "20.45070", "2015-12-31": "20.89910", "2014-12-31": "21.25010", "2013-12-31": "22.16210", "2012-12-31": "21.31260", "2011-12-31": "20.24460", "2010-12-31": "18.25100", "2009-12-31": "16.44930", "2008-12-31": "18.11170", "2007-12-31": "17.44260", "2006-12-31": "17.07080", "2005-12-31": "17.13120"}, "Operating Margin": {"2019-12-31": "3.85010", "2018-12-31": "5.22880", "2017-12-31": "4.86850", "2016-12-31": "3.87290", "2015-12-31": "4.83570", "2014-12-31": "6.64870", "2013-12-31": "8.34990", "2012-12-31": "6.95830", "2011-12-31": "6.95640", "2010-12-31": "4.70090", "2009-12-31": "3.35610", "2008-12-31": "6.81360", "2007-12-31": "5.78200", "2006-12-31": "1.26770", "2005-12-31": "5.04060"}, "EBIT Margin": {"2019-12-31": "3.85010", "2018-12-31": "5.22880", "2017-12-31": "4.86850", "2016-12-31": "3.87290", "2015-12-31": "4.83570", "2014-12-31": "6.64870", "2013-12-31": "8.34990", "2012-12-31": "6.95830", "2011-12-31": "6.95640", "2010-12-31": "4.70090", "2009-12-31": "3.35610", "2008-12-31": "6.81360", "2007-12-31": "5.78200", "2006-12-31": "1.26770", "2005-12-31": "5.04060"}, "EBITDA Margin": {"2019-12-31": "8.81170", "2018-12-31": "8.32870", "2017-12-31": "8.23690", "2016-12-31": "7.57840", "2015-12-31": "8.34570", "2014-12-31": "9.56010", "2013-12-31": "10.87250", "2012-12-31": "9.61330", "2011-12-31": "9.06060", "2010-12-31": "7.20210", "2009-12-31": "5.72860", "2008-12-31": "8.65700", "2007-12-31": "8.00220", "2006-12-31": "6.66420", "2005-12-31": "7.11600"}, "Pre-Tax Profit Margin": {"2019-12-31": "2.88780", "2018-12-31": "3.85270", "2017-12-31": "3.41660", "2016-12-31": "2.76500", "2015-12-31": "3.74160", "2014-12-31": "5.54320", "2013-12-31": "7.44050", "2012-12-31": "6.03080", "2011-12-31": "6.39450", "2010-12-31": "3.98600", "2009-12-31": "2.36940", "2008-12-31": "6.18270", "2007-12-31": "4.59720", "2006-12-31": "-0.35330", "2005-12-31": "2.93780"}, "Net Profit Margin": {"2019-12-31": "1.38470", "2018-12-31": "3.05280", "2017-12-31": "2.24400", "2016-12-31": "2.16040", "2015-12-31": "3.56760", "2014-12-31": "4.22060", "2013-12-31": "5.53630", "2012-12-31": "5.24080", "2011-12-31": "6.64870", "2010-12-31": "3.19720", "2009-12-31": "2.08240", "2008-12-31": "4.66450", "2007-12-31": "3.41090", "2006-12-31": "-1.19410", "2005-12-31": "0.57980"}, "Asset Turnover": {"2019-12-31": "1.16520", "2018-12-31": "1.22630", "2017-12-31": "1.04200", "2016-12-31": "1.03380", "2015-12-31": "1.14920", "2014-12-31": "1.31960", "2013-12-31": "1.27830", "2012-12-31": "1.29010", "2011-12-31": "1.20890", "2010-12-31": "1.26850", "2009-12-31": "1.30360", "2008-12-31": "1.66970", "2007-12-31": "1.42620", "2006-12-31": "1.32090", "2005-12-31": "1.41140"}, "Inventory Turnover Ratio": {"2019-12-31": "3.39500", "2018-12-31": "3.85360", "2017-12-31": "3.49260", "2016-12-31": "3.89160", "2015-12-31": "4.14970", "2014-12-31": "4.37390", "2013-12-31": "4.16460", "2012-12-31": "4.60280", "2011-12-31": "4.48650", "2010-12-31": "4.57070", "2009-12-31": "4.70690", "2008-12-31": "4.87420", "2007-12-31": "4.97010", "2006-12-31": "4.23250", "2005-12-31": "4.25040"}, "Receiveable Turnover": {"2019-12-31": "11.29470", "2018-12-31": "10.62370", "2017-12-31": "8.14840", "2016-12-31": "8.32270", "2015-12-31": "8.92360", "2014-12-31": "10.08890", "2013-12-31": "11.46810", "2012-12-31": "10.77460", "2011-12-31": "9.03990", "2010-12-31": "7.59120", "2009-12-31": "8.98570", "2008-12-31": "10.14360", "2007-12-31": "8.90930", "2006-12-31": "8.02690", "2005-12-31": "8.31130"}, "Days Sales In Receivables": {"2019-12-31": "32.31610", "2018-12-31": "34.35730", "2017-12-31": "44.79400", "2016-12-31": "43.85620", "2015-12-31": "40.90260", "2014-12-31": "36.17830", "2013-12-31": "31.82740", "2012-12-31": "33.87600", "2011-12-31": "40.37670", "2010-12-31": "48.08200", "2009-12-31": "40.62030", "2008-12-31": "35.98340", "2007-12-31": "40.96840", "2006-12-31": "45.47220", "2005-12-31": "43.91630"}, "ROE - Return On Equity": {"2019-12-31": "4.22430", "2018-12-31": "9.47720", "2017-12-31": "6.11570", "2016-12-31": "5.64640", "2015-12-31": "9.15620", "2014-12-31": "11.55880", "2013-12-31": "14.64350", "2012-12-31": "14.76270", "2011-12-31": "19.30920", "2010-12-31": "8.28070", "2009-12-31": "5.63530", "2008-12-31": "19.10400", "2007-12-31": "11.39990", "2006-12-31": "-4.34520", "2005-12-31": "2.23160"}, "Return On Tangible Equity": {"2019-12-31": "11.09300", "2018-12-31": "30.67360", "2017-12-31": "20.91940", "2016-12-31": "18.76980", "2015-12-31": "20.93410", "2014-12-31": "23.09320", "2013-12-31": "25.74660", "2012-12-31": "30.40330", "2011-12-31": "50.01710", "2010-12-31": "11.87130", "2009-12-31": "8.45250", "2008-12-31": "30.72210", "2007-12-31": "19.87710", "2006-12-31": "-9.35700", "2005-12-31": "6.22290"}, "ROA - Return On Assets": {"2019-12-31": "1.58250", "2018-12-31": "3.72000", "2017-12-31": "2.37470", "2016-12-31": "2.23480", "2015-12-31": "4.06300", "2014-12-31": "5.48530", "2013-12-31": "7.01880", "2012-12-31": "6.68760", "2011-12-31": "8.06510", "2010-12-31": "4.05010", "2009-12-31": "2.70860", "2008-12-31": "7.78840", "2007-12-31": "4.86470", "2006-12-31": "-1.57730", "2005-12-31": "0.81840"}, "ROI - Return On Investment": {"2019-12-31": "2.99600", "2018-12-31": "6.64590", "2017-12-31": "4.01620", "2016-12-31": "3.60230", "2015-12-31": "6.93190", "2014-12-31": "8.99320", "2013-12-31": "11.88570", "2012-12-31": "11.39050", "2011-12-31": "13.17980", "2010-12-31": "7.09820", "2009-12-31": "4.73970", "2008-12-31": "14.58980", "2007-12-31": "9.96530", "2006-12-31": "-3.13380", "2005-12-31": "1.39960"}, "Book Value Per Share": {"2019-12-31": "38.51760", "2018-12-31": "39.11180", "2017-12-31": "38.95170", "2016-12-31": "35.70380", "2015-12-31": "34.40080", "2014-12-31": "39.22670", "2013-12-31": "41.54390", "2012-12-31": "36.13040", "2011-12-31": "31.18680", "2010-12-31": "28.54930", "2009-12-31": "25.98810", "2008-12-31": "21.99380", "2007-12-31": "22.30110", "2006-12-31": "16.38110", "2005-12-31": "15.64500"}, "Operating Cash Flow Per Share": {"2019-12-31": 1.5609, "2018-12-31": 0.2748, "2017-12-31": 2.6794, "2016-12-31": -1.4958, "2015-12-31": 1.3645, "2014-12-31": -3.3642, "2013-12-31": 1.2595, "2012-12-31": -0.641, "2011-12-31": 2.8488, "2010-12-31": 0.8537, "2009-12-31": 0.8486, "2008-12-31": -2.372, "2007-12-31": 0.3505, "2006-12-31": 2.1545, "2005-12-31": 2.7155}, "Free Cash Flow Per Share": {"2019-12-31": 0.5846, "2018-12-31": 0.2554, "2017-12-31": 2.6189, "2016-12-31": -1.5167, "2015-12-31": 2.1255, "2014-12-31": -2.6196, "2013-12-31": 0.7882, "2012-12-31": -1.0383, "2011-12-31": 1.5259, "2010-12-31": 1.3029, "2009-12-31": 1.0531, "2008-12-31": -3.348, "2007-12-31": 0.3276, "2006-12-31": 1.6345, "2005-12-31": 1.8567}}, "financial ratios, quarterly": {"Current Ratio": {"2020-09-30": "1.38050", "2020-06-30": "1.48440", "2020-03-31": "1.48710", "2019-12-31": "1.29280", "2019-09-30": "1.30680", "2019-06-30": "1.28890", "2019-03-31": "1.29680", "2018-12-31": "1.27860", "2018-09-30": "1.42490", "2018-06-30": "1.42340", "2018-03-31": "1.49560", "2017-12-31": "1.36860", "2017-09-30": "1.50690", "2017-06-30": "1.52190", "2017-03-31": "1.55160", "2016-12-31": "1.47590", "2016-09-30": "1.58900", "2016-06-30": "1.54060", "2016-03-31": "1.41970", "2015-12-31": "1.32620", "2015-09-30": "1.58240", "2015-06-30": "1.59680", "2015-03-31": "1.76360", "2014-12-31": "1.49340", "2014-09-30": "1.77920", "2014-06-30": "1.62450", "2014-03-31": "1.57800", "2013-12-31": "1.60640", "2013-09-30": "1.64260", "2013-06-30": "1.62770", "2013-03-31": "1.65540", "2012-12-31": "1.60450", "2012-09-30": "1.79580", "2012-06-30": "1.77770", "2012-03-31": "1.61050", "2011-12-31": "1.66080", "2011-09-30": "1.69660", "2011-06-30": "1.65870", "2011-03-31": "1.52620", "2010-12-31": "1.63160", "2010-09-30": "1.69060", "2010-06-30": "1.61780", "2010-03-31": "1.62440", "2009-12-31": "1.64690", "2009-09-30": "1.66040", "2009-06-30": "1.60390", "2009-03-31": "1.61610", "2008-12-31": "1.51890", "2008-09-30": "1.34390", "2008-06-30": "1.36760", "2008-03-31": "1.32280", "2007-12-31": "1.30640", "2007-09-30": "1.46350", "2007-06-30": "1.44920", "2007-03-31": "1.49540", "2006-12-31": "1.42210", "2006-09-30": "1.75130", "2006-06-30": "1.72890", "2006-03-31": "1.74680", "2005-12-31": "1.65520", "2005-09-30": "1.84300", "2005-06-30": "1.71350", "2005-03-31": "1.49700"}, "Long-term Debt / Capital": {"2020-09-30": "0.33400", "2020-06-30": "0.37810", "2020-03-31": "0.38290", "2019-12-31": "0.29080", "2019-09-30": "0.29460", "2019-06-30": "0.29480", "2019-03-31": "0.31750", "2018-12-31": "0.29870", "2018-09-30": "0.36400", "2018-06-30": "0.36560", "2018-03-31": "0.38940", "2017-12-31": "0.34330", "2017-09-30": "0.38670", "2017-06-30": "0.37360", "2017-03-31": "0.38240", "2016-12-31": "0.36200", "2016-09-30": "0.38780", "2016-06-30": "0.31610", "2016-03-31": "0.30010", "2015-12-31": "0.24290", "2015-09-30": "0.29260", "2015-06-30": "0.27440", "2015-03-31": "0.31430", "2014-12-31": "0.22200", "2014-09-30": "0.26000", "2014-06-30": "0.19420", "2014-03-31": "0.20730", "2013-12-31": "0.18830", "2013-09-30": "0.20540", "2013-06-30": "0.22660", "2013-03-31": "0.24530", "2012-12-31": "0.22840", "2012-09-30": "0.28540", "2012-06-30": "0.31040", "2012-03-31": "0.29010", "2011-12-31": "0.31740", "2011-09-30": "0.13790", "2011-06-30": "0.13340", "2011-03-31": "0.09190", "2010-12-31": "0.14280", "2010-09-30": "0.14980", "2010-06-30": "0.15240", "2010-03-31": "0.15870", "2009-12-31": "0.15890", "2009-09-30": "0.15720", "2009-06-30": "0.15910", "2009-03-31": "0.23270", "2008-12-31": "0.23630", "2008-09-30": "0.11410", "2008-06-30": "0.11520", "2008-03-31": "0.12590", "2007-12-31": "0.12580", "2007-09-30": "0.20870", "2007-06-30": "0.22150", "2007-03-31": "0.27340", "2006-12-31": "0.27880", "2006-09-30": "0.35590", "2006-06-30": "0.35910", "2006-03-31": "0.37460", "2005-12-31": "0.37280", "2005-09-30": "0.39890", "2005-06-30": "0.39730", "2005-03-31": "0.38260"}, "Debt/Equity Ratio": {"2020-09-30": "0.54850", "2020-06-30": "0.64640", "2020-03-31": "0.68300", "2019-12-31": "0.46270", "2019-09-30": "0.58590", "2019-06-30": "0.58960", "2019-03-31": "0.62240", "2018-12-31": "0.49640", "2018-09-30": "0.63530", "2018-06-30": "0.64830", "2018-03-31": "0.67920", "2017-12-31": "0.55360", "2017-09-30": "0.66540", "2017-06-30": "0.62680", "2017-03-31": "0.65690", "2016-12-31": "0.59760", "2016-09-30": "0.67030", "2016-06-30": "0.49360", "2016-03-31": "0.53810", "2015-12-31": "0.42710", "2015-09-30": "0.51820", "2015-06-30": "0.47170", "2015-03-31": "0.48510", "2014-12-31": "0.31220", "2014-09-30": "0.37470", "2014-06-30": "0.30160", "2014-03-31": "0.33110", "2013-12-31": "0.30910", "2013-09-30": "0.33390", "2013-06-30": "0.37040", "2013-03-31": "0.40370", "2012-12-31": "0.36790", "2012-09-30": "0.41500", "2012-06-30": "0.46740", "2012-03-31": "0.48670", "2011-12-31": "0.48490", "2011-09-30": "0.16030", "2011-06-30": "0.18670", "2011-03-31": "0.19840", "2010-12-31": "0.22720", "2010-09-30": "0.24030", "2010-06-30": "0.26490", "2010-03-31": "0.27240", "2009-12-31": "0.26930", "2009-09-30": "0.26430", "2009-06-30": "0.26970", "2009-03-31": "0.30330", "2008-12-31": "0.30950", "2008-09-30": "0.31230", "2008-06-30": "0.29630", "2008-03-31": "0.32770", "2007-12-31": "0.34110", "2007-09-30": "0.37290", "2007-06-30": "0.40540", "2007-03-31": "0.51020", "2006-12-31": "0.52560", "2006-09-30": "0.55660", "2006-06-30": "0.56430", "2006-03-31": "0.60320", "2005-12-31": "0.59890", "2005-09-30": "0.66790", "2005-06-30": "0.66370", "2005-03-31": "0.80010"}, "Gross Margin": {"2020-09-30": "23.17120", "2020-06-30": "21.56170", "2020-03-31": "23.36260", "2019-12-31": "20.42890", "2019-09-30": "21.34260", "2019-06-30": "23.27670", "2019-03-31": "22.88310", "2018-12-31": "20.78160", "2018-09-30": "21.38890", "2018-06-30": "21.92230", "2018-03-31": "21.32010", "2017-12-31": "21.00970", "2017-09-30": "21.57780", "2017-06-30": "21.95640", "2017-03-31": "20.29370", "2016-12-31": "20.07160", "2016-09-30": "20.06700", "2016-06-30": "21.39710", "2016-03-31": "20.18210", "2015-12-31": "20.28590", "2015-09-30": "21.06080", "2015-06-30": "21.72720", "2015-03-31": "20.43350", "2014-12-31": "20.03860", "2014-09-30": "19.57950", "2014-06-30": "22.96110", "2014-03-31": "22.06650", "2013-12-31": "20.66650", "2013-09-30": "22.46460", "2013-06-30": "23.30230", "2013-03-31": "22.18380", "2012-12-31": "19.52360", "2012-09-30": "21.39430", "2012-06-30": "22.72780", "2012-03-31": "21.68270", "2011-12-31": "20.81580", "2011-09-30": "19.42740", "2011-06-30": "20.70300", "2011-03-31": "19.79750", "2010-12-31": "18.87450", "2010-09-30": "18.32990", "2010-06-30": "18.42230", "2010-03-31": "16.91010", "2009-12-31": "14.56870", "2009-09-30": "17.49550", "2009-06-30": "16.51390", "2009-03-31": "17.66820", "2008-12-31": "18.69170", "2008-09-30": "18.22670", "2008-06-30": "17.87590", "2008-03-31": "17.64250", "2007-12-31": "16.90390", "2007-09-30": "19.07010", "2007-06-30": "17.35420", "2007-03-31": "16.46410", "2006-12-31": "16.27490", "2006-09-30": "17.30040", "2006-06-30": "17.32510", "2006-03-31": "17.63550", "2005-12-31": "16.16720", "2005-09-30": "17.75290", "2005-06-30": "17.22670", "2005-03-31": "17.46360"}, "Operating Margin": {"2020-09-30": "8.96900", "2020-06-30": "4.84850", "2020-03-31": "5.20670", "2019-12-31": "-1.98120", "2019-09-30": "5.02040", "2019-06-30": "8.23910", "2019-03-31": "4.62970", "2018-12-31": "6.13760", "2018-09-30": "5.02550", "2018-06-30": "6.62440", "2018-03-31": "2.51560", "2017-12-31": "5.66990", "2017-09-30": "4.88850", "2017-06-30": "6.84920", "2017-03-31": "0.96460", "2016-12-31": "4.29800", "2016-09-30": "3.34920", "2016-06-30": "5.94310", "2016-03-31": "1.24420", "2015-12-31": "4.35420", "2015-09-30": "4.55540", "2015-06-30": "7.24400", "2015-03-31": "2.74870", "2014-12-31": "4.64350", "2014-09-30": "5.04460", "2014-06-30": "9.69710", "2014-03-31": "6.67270", "2013-12-31": "6.89580", "2013-09-30": "8.03750", "2013-06-30": "10.73090", "2013-03-31": "7.38210", "2012-12-31": "4.39820", "2012-09-30": "6.08280", "2012-06-30": "9.84720", "2012-03-31": "7.46800", "2011-12-31": "7.37550", "2011-09-30": "5.44520", "2011-06-30": "8.54740", "2011-03-31": "6.04660", "2010-12-31": "6.56830", "2010-09-30": "4.57950", "2010-06-30": "5.53640", "2010-03-31": "0.70770", "2009-12-31": "2.61600", "2009-09-30": "2.56930", "2009-06-30": "4.41990", "2009-03-31": "3.72550", "2008-12-31": "6.91530", "2008-09-30": "6.79490", "2008-06-30": "7.89430", "2008-03-31": "5.27260", "2007-12-31": "5.90480", "2007-09-30": "6.84440", "2007-06-30": "6.46250", "2007-03-31": "3.42190", "2006-12-31": "-5.49640", "2006-09-30": "2.72670", "2006-06-30": "5.69460", "2006-03-31": "3.75280", "2005-12-31": "3.87750", "2005-09-30": "4.76650", "2005-06-30": "6.93640", "2005-03-31": "4.21670"}, "EBIT Margin": {"2020-09-30": "8.96900", "2020-06-30": "4.84850", "2020-03-31": "5.20670", "2019-12-31": "-1.98120", "2019-09-30": "5.02040", "2019-06-30": "8.23910", "2019-03-31": "4.62970", "2018-12-31": "6.13760", "2018-09-30": "5.02550", "2018-06-30": "6.62440", "2018-03-31": "2.51560", "2017-12-31": "5.66980", "2017-09-30": "4.88850", "2017-06-30": "6.84920", "2017-03-31": "0.96460", "2016-12-31": "4.29800", "2016-09-30": "3.34920", "2016-06-30": "5.94310", "2016-03-31": "1.24420", "2015-12-31": "4.35420", "2015-09-30": "4.55540", "2015-06-30": "7.24400", "2015-03-31": "2.74870", "2014-12-31": "4.64350", "2014-09-30": "5.04460", "2014-06-30": "9.69710", "2014-03-31": "6.67270", "2013-12-31": "6.89580", "2013-09-30": "8.03750", "2013-06-30": "10.73090", "2013-03-31": "7.38210", "2012-12-31": "4.39820", "2012-09-30": "6.08280", "2012-06-30": "9.84720", "2012-03-31": "7.46800", "2011-12-31": "7.37550", "2011-09-30": "5.44520", "2011-06-30": "8.54740", "2011-03-31": "6.04660", "2010-12-31": "6.56830", "2010-09-30": "4.57950", "2010-06-30": "5.53640", "2010-03-31": "0.70770", "2009-12-31": "2.61600", "2009-09-30": "2.56930", "2009-06-30": "4.41990", "2009-03-31": "3.72550", "2008-12-31": "6.91530", "2008-09-30": "6.79490", "2008-06-30": "7.89430", "2008-03-31": "5.27260", "2007-12-31": "5.90480", "2007-09-30": "6.84440", "2007-06-30": "6.46250", "2007-03-31": "3.42190", "2006-12-31": "-5.49640", "2006-09-30": "2.72670", "2006-06-30": "5.69460", "2006-03-31": "3.75280", "2005-12-31": "3.87750", "2005-09-30": "4.76650", "2005-06-30": "6.93640", "2005-03-31": "4.21670"}, "EBITDA Margin": {"2020-09-30": "", "2020-06-30": "", "2020-03-31": "", "2019-12-31": "", "2019-09-30": "", "2019-06-30": "", "2019-03-31": "", "2018-12-31": "", "2018-09-30": "", "2018-06-30": "", "2018-03-31": "", "2017-12-31": "", "2017-09-30": "", "2017-06-30": "", "2017-03-31": "", "2016-12-31": "", "2016-09-30": "", "2016-06-30": "", "2016-03-31": "", "2015-12-31": "", "2015-09-30": "", "2015-06-30": "", "2015-03-31": "", "2014-12-31": "", "2014-09-30": "", "2014-06-30": "", "2014-03-31": "", "2013-12-31": "", "2013-09-30": "", "2013-06-30": "", "2013-03-31": "", "2012-12-31": "", "2012-09-30": "", "2012-06-30": "", "2012-03-31": "", "2011-12-31": "", "2011-09-30": "", "2011-06-30": "", "2011-03-31": "", "2010-12-31": "", "2010-09-30": "", "2010-06-30": "", "2010-03-31": "", "2009-12-31": "", "2009-09-30": "", "2009-06-30": "", "2009-03-31": "", "2008-12-31": "", "2008-09-30": "", "2008-06-30": "", "2008-03-31": "", "2007-12-31": "", "2007-09-30": "", "2007-06-30": "", "2007-03-31": "", "2006-12-31": "", "2006-09-30": "", "2006-06-30": "", "2006-03-31": "", "2005-12-31": "", "2005-09-30": "", "2005-06-30": "", "2005-03-31": ""}, "Pre-Tax Profit Margin": {"2020-09-30": "8.21220", "2020-06-30": "4.04620", "2020-03-31": "4.38210", "2019-12-31": "-2.94000", "2019-09-30": "3.73090", "2019-06-30": "7.51260", "2019-03-31": "3.72280", "2018-12-31": "4.88770", "2018-09-30": "3.84700", "2018-06-30": "4.71710", "2018-03-31": "1.42960", "2017-12-31": "4.17430", "2017-09-30": "3.37310", "2017-06-30": "5.51450", "2017-03-31": "-0.49770", "2016-12-31": "3.31900", "2016-09-30": "2.67370", "2016-06-30": "4.54500", "2016-03-31": "-0.15390", "2015-12-31": "2.70040", "2015-09-30": "4.06590", "2015-06-30": "6.23880", "2015-03-31": "1.57410", "2014-12-31": "3.44440", "2014-09-30": "3.93080", "2014-06-30": "8.65720", "2014-03-31": "5.59700", "2013-12-31": "5.75240", "2013-09-30": "7.01160", "2013-06-30": "9.95340", "2013-03-31": "6.70380", "2012-12-31": "3.48820", "2012-09-30": "4.79300", "2012-06-30": "9.07400", "2012-03-31": "6.70270", "2011-12-31": "6.94260", "2011-09-30": "4.95930", "2011-06-30": "7.68250", "2011-03-31": "5.61270", "2010-12-31": "5.83490", "2010-09-30": "3.93390", "2010-06-30": "4.64140", "2010-03-31": "0.17320", "2009-12-31": "2.02500", "2009-09-30": "1.43940", "2009-06-30": "3.29370", "2009-03-31": "2.55760", "2008-12-31": "6.39680", "2008-09-30": "6.38250", "2008-06-30": "7.11780", "2008-03-31": "4.45540", "2007-12-31": "4.30660", "2007-09-30": "5.98260", "2007-06-30": "5.46920", "2007-03-31": "2.27380", "2006-12-31": "-6.87350", "2006-09-30": "0.95690", "2006-06-30": "3.99860", "2006-03-31": "2.03450", "2005-12-31": "2.28180", "2005-09-30": "2.77240", "2005-06-30": "4.13520", "2005-03-31": "2.32320"}, "Net Profit Margin": {"2020-09-30": "6.29830", "2020-06-30": "3.47320", "2020-03-31": "3.35530", "2019-12-31": "-3.51290", "2019-09-30": "0.36030", "2019-06-30": "5.81190", "2019-03-31": "3.26190", "2018-12-31": "3.80760", "2018-09-30": "3.21040", "2018-06-30": "3.60180", "2018-03-31": "1.21050", "2017-12-31": "1.75280", "2017-09-30": "3.05590", "2017-06-30": "4.22590", "2017-03-31": "-0.62050", "2016-12-31": "2.96080", "2016-09-30": "2.27070", "2016-06-30": "2.52050", "2016-03-31": "0.50020", "2015-12-31": "3.17000", "2015-09-30": "3.86430", "2015-06-30": "5.17570", "2015-03-31": "1.76790", "2014-12-31": "3.12250", "2014-09-30": "3.01650", "2014-06-30": "6.11570", "2014-03-31": "4.26850", "2013-12-31": "4.87110", "2013-09-30": "5.09710", "2013-06-30": "7.01070", "2013-03-31": "4.91030", "2012-12-31": "3.79150", "2012-09-30": "4.11760", "2012-06-30": "7.61680", "2012-03-31": "5.28650", "2011-12-31": "11.32740", "2011-09-30": "4.02080", "2011-06-30": "5.66860", "2011-03-31": "4.45010", "2010-12-31": "3.92990", "2010-09-30": "3.75890", "2010-06-30": "3.60870", "2010-03-31": "0.76040", "2009-12-31": "1.83340", "2009-09-30": "0.79880", "2009-06-30": "3.24840", "2009-03-31": "2.19870", "2008-12-31": "4.91100", "2008-09-30": "4.74730", "2008-06-30": "5.41040", "2008-03-31": "3.29120", "2007-12-31": "3.11820", "2007-09-30": "4.76750", "2007-06-30": "3.72790", "2007-03-31": "1.83850", "2006-12-31": "-7.86510", "2006-09-30": "0.45730", "2006-06-30": "2.81970", "2006-03-31": "1.47890", "2005-12-31": "-4.60680", "2005-09-30": "2.25360", "2005-06-30": "2.92830", "2005-03-31": "1.71060"}, "Asset Turnover": {"2020-09-30": "0.31450", "2020-06-30": "0.25800", "2020-03-31": "0.25020", "2019-12-31": "0.32390", "2019-09-30": "0.26110", "2019-06-30": "0.28790", "2019-03-31": "0.24330", "2018-12-31": "0.33990", "2018-09-30": "0.27970", "2018-06-30": "0.31620", "2018-03-31": "0.23760", "2017-12-31": "0.31700", "2017-09-30": "0.24300", "2017-06-30": "0.28150", "2017-03-31": "0.22010", "2016-12-31": "0.29210", "2016-09-30": "0.23360", "2016-06-30": "0.28440", "2016-03-31": "0.22350", "2015-12-31": "0.30150", "2015-09-30": "0.24550", "2015-06-30": "0.27700", "2015-03-31": "0.23440", "2014-12-31": "0.33730", "2014-09-30": "0.26560", "2014-06-30": "0.32470", "2014-03-31": "0.28050", "2013-12-31": "0.33890", "2013-09-30": "0.29710", "2013-06-30": "0.37020", "2013-03-31": "0.30070", "2012-12-31": "0.35010", "2012-09-30": "0.30510", "2012-06-30": "0.35250", "2012-03-31": "0.29520", "2011-12-31": "0.34690", "2011-09-30": "0.37110", "2011-06-30": "0.37990", "2011-03-31": "0.31340", "2010-12-31": "0.39880", "2010-09-30": "0.31740", "2010-06-30": "0.35040", "2010-03-31": "0.26880", "2009-12-31": "0.36550", "2009-09-30": "0.28380", "2009-06-30": "0.36160", "2009-03-31": "0.32850", "2008-12-31": "0.40480", "2008-09-30": "0.41170", "2008-06-30": "0.43880", "2008-03-31": "0.35350", "2007-12-31": "0.45350", "2007-09-30": "0.36310", "2007-06-30": "0.40420", "2007-03-31": "0.32580", "2006-12-31": "0.39710", "2006-09-30": "0.29080", "2006-06-30": "0.34910", "2006-03-31": "0.29410", "2005-12-31": "0.35870", "2005-09-30": "0.29760", "2005-06-30": "0.37630", "2005-03-31": "0.29570"}, "Inventory Turnover Ratio": {"2020-09-30": "0.93280", "2020-06-30": "0.72570", "2020-03-31": "0.67560", "2019-12-31": "0.96220", "2019-09-30": "0.71790", "2019-06-30": "0.76650", "2019-03-31": "0.66700", "2018-12-31": "1.07590", "2018-09-30": "0.82830", "2018-06-30": "0.92940", "2018-03-31": "0.69180", "2017-12-31": "1.06590", "2017-09-30": "0.75430", "2017-06-30": "0.89630", "2017-03-31": "0.73070", "2016-12-31": "1.10490", "2016-09-30": "0.79050", "2016-06-30": "0.88920", "2016-03-31": "0.72120", "2015-12-31": "1.09710", "2015-09-30": "0.80660", "2015-06-30": "0.89180", "2015-03-31": "0.73600", "2014-12-31": "1.13510", "2014-09-30": "0.74850", "2014-06-30": "0.86910", "2014-03-31": "0.74460", "2013-12-31": "1.12530", "2013-09-30": "0.87990", "2013-06-30": "1.14430", "2013-03-31": "0.93250", "2012-12-31": "1.27740", "2012-09-30": "0.89580", "2012-06-30": "1.02740", "2012-03-31": "0.87950", "2011-12-31": "1.27830", "2011-09-30": "1.05500", "2011-06-30": "1.12790", "2011-03-31": "0.91210", "2010-12-31": "1.42590", "2010-09-30": "0.94510", "2010-06-30": "1.10540", "2010-03-31": "0.84680", "2009-12-31": "1.34950", "2009-09-30": "0.79360", "2009-06-30": "1.02230", "2009-03-31": "0.79580", "2008-12-31": "1.17330", "2008-09-30": "1.16470", "2008-06-30": "1.28880", "2008-03-31": "0.98210", "2007-12-31": "1.59060", "2007-09-30": "0.97880", "2007-06-30": "1.13290", "2007-03-31": "0.90690", "2006-12-31": "1.28450", "2006-09-30": "0.77430", "2006-06-30": "0.94770", "2006-03-31": "0.76250", "2005-12-31": "1.09270", "2005-09-30": "0.77790", "2005-06-30": "1.00890", "2005-03-31": "0.79340"}, "Receiveable Turnover": {"2020-09-30": "2.52250", "2020-06-30": "2.22160", "2020-03-31": "2.33730", "2019-12-31": "3.14000", "2019-09-30": "2.29760", "2019-06-30": "2.39700", "2019-03-31": "2.14950", "2018-12-31": "2.94470", "2018-09-30": "2.23100", "2018-06-30": "2.42350", "2018-03-31": "1.96120", "2017-12-31": "2.47930", "2017-09-30": "1.89640", "2017-06-30": "2.12380", "2017-03-31": "1.76340", "2016-12-31": "2.35180", "2016-09-30": "1.66900", "2016-06-30": "2.10950", "2016-03-31": "1.65440", "2015-12-31": "2.34110", "2015-09-30": "1.83420", "2015-06-30": "1.97600", "2015-03-31": "1.65770", "2014-12-31": "2.57850", "2014-09-30": "1.98860", "2014-06-30": "2.22990", "2014-03-31": "1.92640", "2013-12-31": "3.04030", "2013-09-30": "2.09410", "2013-06-30": "2.37010", "2013-03-31": "2.14070", "2012-12-31": "2.92390", "2012-09-30": "2.10820", "2012-06-30": "2.24870", "2012-03-31": "2.05210", "2011-12-31": "2.59430", "2011-09-30": "2.32480", "2011-06-30": "2.21900", "2011-03-31": "1.75680", "2010-12-31": "2.38640", "2010-09-30": "1.91960", "2010-06-30": "2.03310", "2010-03-31": "1.51330", "2009-12-31": "2.51960", "2009-09-30": "1.77010", "2009-06-30": "1.92760", "2009-03-31": "1.87230", "2008-12-31": "2.45920", "2008-09-30": "2.55060", "2008-06-30": "2.87110", "2008-03-31": "2.06040", "2007-12-31": "2.83290", "2007-09-30": "2.18090", "2007-06-30": "2.35180", "2007-03-31": "1.81380", "2006-12-31": "2.41290", "2006-09-30": "2.02590", "2006-06-30": "2.16460", "2006-03-31": "1.67500", "2005-12-31": "2.11210", "2005-09-30": "1.55900", "2005-06-30": "1.88490", "2005-03-31": "1.43420"}, "Days Sales In Receivables": {"2020-09-30": "35.67930", "2020-06-30": "40.51080", "2020-03-31": "38.50540", "2019-12-31": "28.66210", "2019-09-30": "39.17180", "2019-06-30": "37.54770", "2019-03-31": "41.87040", "2018-12-31": "30.56360", "2018-09-30": "40.34090", "2018-06-30": "37.13710", "2018-03-31": "45.88990", "2017-12-31": "36.30060", "2017-09-30": "47.45810", "2017-06-30": "42.37720", "2017-03-31": "51.03830", "2016-12-31": "38.26940", "2016-09-30": "53.92540", "2016-06-30": "42.66390", "2016-03-31": "54.39940", "2015-12-31": "38.44410", "2015-09-30": "49.06880", "2015-06-30": "45.54580", "2015-03-31": "54.29290", "2014-12-31": "34.90340", "2014-09-30": "45.25900", "2014-06-30": "40.36140", "2014-03-31": "46.72020", "2013-12-31": "29.60240", "2013-09-30": "42.97710", "2013-06-30": "37.97290", "2013-03-31": "42.04320", "2012-12-31": "30.78120", "2012-09-30": "42.69020", "2012-06-30": "40.02340", "2012-03-31": "43.85800", "2011-12-31": "34.69100", "2011-09-30": "38.71230", "2011-06-30": "40.55840", "2011-03-31": "51.23050", "2010-12-31": "37.71450", "2010-09-30": "46.88430", "2010-06-30": "44.26680", "2010-03-31": "59.47370", "2009-12-31": "35.72020", "2009-09-30": "50.84560", "2009-06-30": "46.69100", "2009-03-31": "48.06810", "2008-12-31": "36.59770", "2008-09-30": "35.28530", "2008-06-30": "31.34630", "2008-03-31": "43.68020", "2007-12-31": "31.77010", "2007-09-30": "41.26720", "2007-06-30": "38.26870", "2007-03-31": "49.61950", "2006-12-31": "37.29890", "2006-09-30": "44.42460", "2006-06-30": "41.57810", "2006-03-31": "53.73230", "2005-12-31": "42.61170", "2005-09-30": "57.73100", "2005-06-30": "47.74690", "2005-03-31": "62.75440"}, "ROE - Return On Equity": {"2020-09-30": "5.54760", "2020-06-30": "2.20790", "2020-03-31": "2.46410", "2019-12-31": "-3.08220", "2019-09-30": "0.20730", "2019-06-30": "4.48750", "2019-03-31": "2.17620", "2018-12-31": "3.26040", "2018-09-30": "2.38140", "2018-06-30": "3.01520", "2018-03-31": "0.80140", "2017-12-31": "1.45700", "2017-09-30": "1.96570", "2017-06-30": "3.08270", "2017-03-31": "-0.28510", "2016-12-31": "2.15710", "2016-09-30": "1.33040", "2016-06-30": "1.65620", "2016-03-31": "0.34770", "2015-12-31": "2.12600", "2015-09-30": "2.26000", "2015-06-30": "3.28580", "2015-03-31": "0.96210", "2014-12-31": "2.18770", "2014-09-30": "1.64760", "2014-06-30": "4.08630", "2014-03-31": "2.55700", "2013-12-31": "3.38460", "2013-09-30": "3.23510", "2013-06-30": "5.79450", "2013-03-31": "3.29420", "2012-12-31": "2.88740", "2012-09-30": "2.71680", "2012-06-30": "6.18350", "2012-03-31": "3.72140", "2011-12-31": "9.41210", "2011-09-30": "2.96270", "2011-06-30": "4.33390", "2011-03-31": "2.84160", "2010-12-31": "3.20400", "2010-09-30": "2.45730", "2010-06-30": "2.71200", "2010-03-31": "0.42920", "2009-12-31": "1.38180", "2009-09-30": "0.45150", "2009-06-30": "2.44280", "2009-03-31": "1.66410", "2008-12-31": "4.87620", "2008-09-30": "4.51400", "2008-06-30": "5.34980", "2008-03-31": "2.68200", "2007-12-31": "3.31380", "2007-09-30": "4.14870", "2007-06-30": "3.80310", "2007-03-31": "1.58030", "2006-12-31": "-8.60340", "2006-09-30": "0.34560", "2006-06-30": "2.60960", "2006-03-31": "1.16440", "2005-12-31": "-4.50560", "2005-09-30": "1.81130", "2005-06-30": "3.09920", "2005-03-31": "1.51040"}, "Return On Tangible Equity": {"2020-09-30": "14.18700", "2020-06-30": "5.99460", "2020-03-31": "6.99440", "2019-12-31": "-8.09390", "2019-09-30": "0.59200", "2019-06-30": "12.84420", "2019-03-31": "6.71710", "2018-12-31": "10.55250", "2018-09-30": "8.00050", "2018-06-30": "10.19970", "2018-03-31": "2.73020", "2017-12-31": "4.98400", "2017-09-30": "6.57370", "2017-06-30": "9.61780", "2017-03-31": "-0.92010", "2016-12-31": "7.17050", "2016-09-30": "4.34020", "2016-06-30": "3.84170", "2016-03-31": "0.83020", "2015-12-31": "4.86080", "2015-09-30": "5.05610", "2015-06-30": "6.90960", "2015-03-31": "2.05580", "2014-12-31": "4.37070", "2014-09-30": "3.12940", "2014-06-30": "7.12390", "2014-03-31": "4.63570", "2013-12-31": "5.95090", "2013-09-30": "5.91290", "2013-06-30": "11.07240", "2013-03-31": "6.56210", "2012-12-31": "5.94640", "2012-09-30": "5.87340", "2012-06-30": "14.05420", "2012-03-31": "8.94200", "2011-12-31": "24.38050", "2011-09-30": "4.28410", "2011-06-30": "6.29700", "2011-03-31": "4.25090", "2010-12-31": "4.59320", "2010-09-30": "3.51550", "2010-06-30": "3.90910", "2010-03-31": "0.63750", "2009-12-31": "2.07250", "2009-09-30": "0.67600", "2009-06-30": "3.66140", "2009-03-31": "2.60310", "2008-12-31": "7.84170", "2008-09-30": "7.23840", "2008-06-30": "8.67990", "2008-03-31": "4.60350", "2007-12-31": "5.77790", "2007-09-30": "7.77160", "2007-06-30": "7.46370", "2007-03-31": "3.29830", "2006-12-31": "-18.52650", "2006-09-30": "0.90080", "2006-06-30": "6.87860", "2006-03-31": "3.10480", "2005-12-31": "-12.56400", "2005-09-30": "4.54470", "2005-06-30": "8.15060", "2005-03-31": "4.44310"}, "ROA - Return On Assets": {"2020-09-30": "1.99110", "2020-06-30": "0.77140", "2020-03-31": "0.86040", "2019-12-31": "-1.15470", "2019-09-30": "0.07800", "2019-06-30": "1.66840", "2019-03-31": "0.80080", "2018-12-31": "1.27980", "2018-09-30": "0.89300", "2018-06-30": "1.12660", "2018-03-31": "0.29590", "2017-12-31": "0.56580", "2017-09-30": "0.74380", "2017-06-30": "1.19080", "2017-03-31": "-0.11090", "2016-12-31": "0.85370", "2016-09-30": "0.52250", "2016-06-30": "0.70410", "2016-03-31": "0.14620", "2015-12-31": "0.94340", "2015-09-30": "0.95030", "2015-06-30": "1.41360", "2015-03-31": "0.41160", "2014-12-31": "1.03820", "2014-09-30": "0.77030", "2014-06-30": "1.96000", "2014-03-31": "1.19240", "2013-12-31": "1.62230", "2013-09-30": "1.50230", "2013-06-30": "2.58770", "2013-03-31": "1.46530", "2012-12-31": "1.30800", "2012-09-30": "1.22460", "2012-06-30": "2.64830", "2012-03-31": "1.57370", "2011-12-31": "3.93130", "2011-09-30": "1.49380", "2011-06-30": "2.15650", "2011-03-31": "1.42270", "2010-12-31": "1.56710", "2010-09-30": "1.19120", "2010-06-30": "1.26240", "2010-03-31": "0.20240", "2009-12-31": "0.66410", "2009-09-30": "0.22670", "2009-06-30": "1.17470", "2009-03-31": "0.72220", "2008-12-31": "1.98800", "2008-09-30": "1.95450", "2008-06-30": "2.37430", "2008-03-31": "1.16350", "2007-12-31": "1.41410", "2007-09-30": "1.73100", "2007-06-30": "1.50670", "2007-03-31": "0.59900", "2006-12-31": "-3.12310", "2006-09-30": "0.13300", "2006-06-30": "0.98440", "2006-03-31": "0.43490", "2005-12-31": "-1.65230", "2005-09-30": "0.67060", "2005-06-30": "1.10180", "2005-03-31": "0.50580"}, "ROI - Return On Investment": {"2020-09-30": "3.69460", "2020-06-30": "1.37310", "2020-03-31": "1.52060", "2019-12-31": "-2.18600", "2019-09-30": "0.14620", "2019-06-30": "3.16440", "2019-03-31": "1.48530", "2018-12-31": "2.28640", "2018-09-30": "1.51450", "2018-06-30": "1.91280", "2018-03-31": "0.48940", "2017-12-31": "0.95680", "2017-09-30": "1.20560", "2017-06-30": "1.93110", "2017-03-31": "-0.17610", "2016-12-31": "1.37610", "2016-09-30": "0.81450", "2016-06-30": "1.13260", "2016-03-31": "0.24340", "2015-12-31": "1.60960", "2015-09-30": "1.59860", "2015-06-30": "2.38410", "2015-03-31": "0.65970", "2014-12-31": "1.70210", "2014-09-30": "1.21930", "2014-06-30": "3.29260", "2014-03-31": "2.02700", "2013-12-31": "2.74720", "2013-09-30": "2.57050", "2013-06-30": "4.48150", "2013-03-31": "2.48630", "2012-12-31": "2.22780", "2012-09-30": "1.94140", "2012-06-30": "4.26390", "2012-03-31": "2.64170", "2011-12-31": "6.42440", "2011-09-30": "2.55420", "2011-06-30": "3.75580", "2011-03-31": "2.58040", "2010-12-31": "2.74640", "2010-09-30": "2.08910", "2010-06-30": "2.29880", "2010-03-31": "0.36100", "2009-12-31": "1.16220", "2009-09-30": "0.38060", "2009-06-30": "2.05410", "2009-03-31": "1.27680", "2008-12-31": "3.72400", "2008-09-30": "3.99890", "2008-06-30": "4.73370", "2008-03-31": "2.34420", "2007-12-31": "2.89680", "2007-09-30": "3.28270", "2007-06-30": "2.96080", "2007-03-31": "1.14830", "2006-12-31": "-6.20470", "2006-09-30": "0.22260", "2006-06-30": "1.67250", "2006-03-31": "0.72830", "2005-12-31": "-2.82580", "2005-09-30": "1.08870", "2005-06-30": "1.86780", "2005-03-31": "0.93250"}, "Book Value Per Share": {"2020-09-30": "38.04990", "2020-06-30": "36.28370", "2020-03-31": "35.94080", "2019-12-31": "38.51760", "2019-09-30": "40.02850", "2019-06-30": "40.99770", "2019-03-31": "39.33910", "2018-12-31": "39.11180", "2018-09-30": "37.82910", "2018-06-30": "37.89400", "2018-03-31": "39.22490", "2017-12-31": "38.95170", "2017-09-30": "38.88170", "2017-06-30": "37.37520", "2017-03-31": "36.18750", "2016-12-31": "35.70380", "2016-09-30": "36.89820", "2016-06-30": "36.77250", "2016-03-31": "35.57450", "2015-12-31": "34.40080", "2015-09-30": "34.63080", "2015-06-30": "36.87960", "2015-03-31": "35.30270", "2014-12-31": "39.22670", "2014-09-30": "40.89940", "2014-06-30": "43.24190", "2014-03-31": "41.30840", "2013-12-31": "41.54390", "2013-09-30": "39.74980", "2013-06-30": "37.77940", "2013-03-31": "36.55180", "2012-12-31": "36.13040", "2012-09-30": "34.94880", "2012-06-30": "33.61790", "2012-03-31": "33.50480", "2011-12-31": "31.18680", "2011-09-30": "29.34590", "2011-06-30": "32.58040", "2011-03-31": "30.29530", "2010-12-31": "28.54930", "2010-09-30": "27.20430", "2010-06-30": "24.89060", "2010-03-31": "25.05590", "2009-12-31": "25.98810", "2009-09-30": "26.58890", "2009-06-30": "25.41700", "2009-03-31": "21.92330", "2008-12-31": "21.99380", "2008-09-30": "23.90540", "2008-06-30": "26.40730", "2008-03-31": "23.90400", "2007-12-31": "22.30110", "2007-09-30": "20.23910", "2007-06-30": "18.32400", "2007-03-31": "16.95000", "2006-12-31": "16.38110", "2006-09-30": "17.16670", "2006-06-30": "17.22250", "2006-03-31": "16.41040", "2005-12-31": "15.64500", "2005-09-30": "16.95760", "2005-06-30": "16.44450", "2005-03-31": "15.74270"}, "Operating Cash Flow Per Share": {"2020-09-30": 5.9189, "2020-06-30": 2.7884, "2020-03-31": "-5.73520", "2019-12-31": 10.0833, "2019-09-30": 1.7122, "2019-06-30": 1.499, "2019-03-31": "-4.25680", "2018-12-31": 7.527, "2018-09-30": 2.3014, "2018-06-30": 2.1366, "2018-03-31": "-4.48820", "2017-12-31": 7.5661, "2017-09-30": 0.4649, "2017-06-30": 2.3333, "2017-03-31": "-3.16230", "2016-12-31": 6.0993, "2016-09-30": -0.7899, "2016-06-30": 3.4033, "2016-03-31": "-4.19010", "2015-12-31": 5.1856, "2015-09-30": 0.5135, "2015-06-30": 3.5328, "2015-03-31": "-3.21350", "2014-12-31": 6.9492, "2014-09-30": 0.3777, "2014-06-30": 2.6169, "2014-03-31": "-5.28990", "2013-12-31": 6.3196, "2013-09-30": 1.0439, "2013-06-30": 3.2913, "2013-03-31": "-2.63670", "2012-12-31": 7.096, "2012-09-30": 1.5752, "2012-06-30": 0.9179, "2012-03-31": "-2.83050", "2011-12-31": 4.6081, "2011-09-30": 1.7621, "2011-06-30": 2.7324, "2011-03-31": "-1.70300", "2010-12-31": 4.508, "2010-09-30": -0.098, "2010-06-30": 2.2437, "2010-03-31": "-2.10290", "2009-12-31": 5.3701, "2009-09-30": 1.1607, "2009-06-30": 2.1241, "2009-03-31": "-4.95780", "2008-12-31": 2.3612, "2008-09-30": -0.1313, "2008-06-30": 3.4595, "2008-03-31": "-2.84090", "2007-12-31": 4.8865, "2007-09-30": 0.6166, "2007-06-30": 2.2069, "2007-03-31": "-2.48950", "2006-12-31": 4.2863, "2006-09-30": 0.7005, "2006-06-30": 1.8016, "2006-03-31": "-1.91840", "2005-12-31": 4.7662, "2005-09-30": -0.5858, "2005-06-30": 1.6013, "2005-03-31": "-3.06620"}, "Free Cash Flow Per Share": {"2020-09-30": 5.0584, "2020-06-30": 2.0256, "2020-03-31": "-6.52830", "2019-12-31": 9.037, "2019-09-30": 0.7585, "2019-06-30": 0.7978, "2019-03-31": "-5.04260", "2018-12-31": 6.7214, "2018-09-30": 1.6873, "2018-06-30": 1.5996, "2018-03-31": "-5.04220", "2017-12-31": 6.7718, "2017-09-30": -0.0998, "2017-06-30": 1.9091, "2017-03-31": "-3.87040", "2016-12-31": 5.296, "2016-09-30": -1.5513, "2016-06-30": 2.9608, "2016-03-31": "-4.61370", "2015-12-31": 4.4586, "2015-09-30": -0.0234, "2015-06-30": 3.089, "2015-03-31": "-3.91570", "2014-12-31": 6.1994, "2014-09-30": -0.4241, "2014-06-30": 2.0317, "2014-03-31": "-6.32400", "2013-12-31": 5.0262, "2013-09-30": 0.1539, "2013-06-30": 2.4916, "2013-03-31": "-3.56910", "2012-12-31": 6.0359, "2012-09-30": 0.7246, "2012-06-30": 0.2623, "2012-03-31": "-3.70840", "2011-12-31": 3.4838, "2011-09-30": 0.9713, "2011-06-30": 1.9698, "2011-03-31": "-2.07220", "2010-12-31": 3.6431, "2010-09-30": -0.4878, "2010-06-30": 2.0239, "2010-03-31": "-2.35240", "2009-12-31": 4.6853, "2009-09-30": 0.7, "2009-06-30": 1.5996, "2009-03-31": "-5.46100", "2008-12-31": 1.5349, "2008-09-30": -0.6948, "2008-06-30": 2.9318, "2008-03-31": "-3.30110", "2007-12-31": 4.2981, "2007-09-30": 0.308, "2007-06-30": 1.949, "2007-03-31": "-2.73630", "2006-12-31": 3.7705, "2006-09-30": 0.3462, "2006-06-30": 1.5388, "2006-03-31": "-2.16430", "2005-12-31": 4.2966, "2005-09-30": -0.8044, "2005-06-30": 1.5069, "2005-03-31": "-3.14240"}}, "revenue": {"AGCO Annual Revenue (Millions of US $)": {"2020": "$9,150", "2019": "$9,041", "2018": "$9,352", "2017": "$8,307", "2016": "$7,411", "2015": "$7,467", "2014": "$9,724", "2013": "$10,787", "2012": "$9,962", "2011": "$8,773", "2010": "$6,897", "2009": "$6,516", "2008": "$8,273", "2007": "$6,828", "2006": "$5,435", "2005": "$5,450"}, "AGCO Quarterly Revenue (Millions of US $)": {"2020-12-31": "$2,717", "2020-09-30": "$2,498", "2020-06-30": "$2,007", "2020-03-31": "$1,928", "2019-12-31": "$2,514", "2019-09-30": "$2,109", "2019-06-30": "$2,423", "2019-03-31": "$1,996", "2018-12-31": "$2,592", "2018-09-30": "$2,215", "2018-06-30": "$2,538", "2018-03-31": "$2,008", "2017-12-31": "$2,527", "2017-09-30": "$1,986", "2017-06-30": "$2,165", "2017-03-31": "$1,628", "2016-12-31": "$2,094", "2016-09-30": "$1,762", "2016-06-30": "$1,996", "2016-03-31": "$1,559", "2015-12-31": "$1,959", "2015-09-30": "$1,736", "2015-06-30": "$2,069", "2015-03-31": "$1,703", "2014-12-31": "$2,485", "2014-09-30": "$2,155", "2014-06-30": "$2,750", "2014-03-31": "$2,333", "2013-12-31": "$2,860", "2013-09-30": "$2,476", "2013-06-30": "$3,048", "2013-03-31": "$2,403", "2012-12-31": "$2,703", "2012-09-30": "$2,295", "2012-06-30": "$2,690", "2012-03-31": "$2,274", "2011-12-31": "$2,518", "2011-09-30": "$2,099", "2011-06-30": "$2,359", "2011-03-31": "$1,798", "2010-12-31": "$2,168", "2010-09-30": "$1,657", "2010-06-30": "$1,743", "2010-03-31": "$1,328", "2009-12-31": "$1,827", "2009-09-30": "$1,390", "2009-06-30": "$1,767", "2009-03-31": "$1,533", "2008-12-31": "$2,006", "2008-09-30": "$2,085", "2008-06-30": "$2,395", "2008-03-31": "$1,787", "2007-12-31": "$2,171", "2007-09-30": "$1,613", "2007-06-30": "$1,711", "2007-03-31": "$1,333", "2006-12-31": "$1,634", "2006-09-30": "$1,181", "2006-06-30": "$1,451", "2006-03-31": "$1,170", "2005-12-31": "$1,385", "2005-09-30": "$1,234", "2005-06-30": "$1,574", "2005-03-31": "$1,257"}}, "gross-profit": {"AGCO Annual Gross Profit (Millions of US $)": {"2020": "$2,058", "2019": "$1,984", "2018": "$1,997", "2017": "$1,765", "2016": "$1,516", "2015": "$1,561", "2014": "$2,066", "2013": "$2,391", "2012": "$2,123", "2011": "$1,776", "2010": "$1,259", "2009": "$1,072", "2008": "$1,498", "2007": "$1,191", "2006": "$928", "2005": "$934"}, "AGCO Quarterly Gross Profit (Millions of US $)": {"2020-12-31": "$596", "2020-09-30": "$579", "2020-06-30": "$433", "2020-03-31": "$451", "2019-12-31": "$514", "2019-09-30": "$450", "2019-06-30": "$564", "2019-03-31": "$457", "2018-12-31": "$539", "2018-09-30": "$474", "2018-06-30": "$556", "2018-03-31": "$428", "2017-12-31": "$531", "2017-09-30": "$429", "2017-06-30": "$475", "2017-03-31": "$330", "2016-12-31": "$420", "2016-09-30": "$354", "2016-06-30": "$427", "2016-03-31": "$315", "2015-12-31": "$397", "2015-09-30": "$366", "2015-06-30": "$450", "2015-03-31": "$348", "2014-12-31": "$498", "2014-09-30": "$422", "2014-06-30": "$632", "2014-03-31": "$515", "2013-12-31": "$591", "2013-09-30": "$556", "2013-06-30": "$710", "2013-03-31": "$533", "2012-12-31": "$528", "2012-09-30": "$491", "2012-06-30": "$611", "2012-03-31": "$493", "2011-12-31": "$524", "2011-09-30": "$408", "2011-06-30": "$488", "2011-03-31": "$356", "2010-12-31": "$409", "2010-09-30": "$304", "2010-06-30": "$321", "2010-03-31": "$225", "2009-12-31": "$266", "2009-09-30": "$243", "2009-06-30": "$292", "2009-03-31": "$271", "2008-12-31": "$375", "2008-09-30": "$380", "2008-06-30": "$428", "2008-03-31": "$315", "2007-12-31": "$367", "2007-09-30": "$308", "2007-06-30": "$297", "2007-03-31": "$219", "2006-12-31": "$266", "2006-09-30": "$204", "2006-06-30": "$251", "2006-03-31": "$206", "2005-12-31": "$224", "2005-09-30": "$219", "2005-06-30": "$271", "2005-03-31": "$220"}}, "operating-income": {"AGCO Annual Operating Income (Millions of US $)": {"2020": "$600", "2019": "$348", "2018": "$489", "2017": "$404", "2016": "$287", "2015": "$361", "2014": "$647", "2013": "$901", "2012": "$693", "2011": "$610", "2010": "$324", "2009": "$219", "2008": "$564", "2007": "$395", "2006": "$69", "2005": "$275"}, "AGCO Quarterly Operating Income (Millions of US $)": {"2020-12-31": "$178", "2020-09-30": "$224", "2020-06-30": "$97", "2020-03-31": "$100", "2019-12-31": "$-50", "2019-09-30": "$106", "2019-06-30": "$200", "2019-03-31": "$92", "2018-12-31": "$159", "2018-09-30": "$111", "2018-06-30": "$168", "2018-03-31": "$51", "2017-12-31": "$143", "2017-09-30": "$97", "2017-06-30": "$148", "2017-03-31": "$16", "2016-12-31": "$90", "2016-09-30": "$59", "2016-06-30": "$119", "2016-03-31": "$19", "2015-12-31": "$85", "2015-09-30": "$79", "2015-06-30": "$150", "2015-03-31": "$47", "2014-12-31": "$115", "2014-09-30": "$109", "2014-06-30": "$267", "2014-03-31": "$156", "2013-12-31": "$197", "2013-09-30": "$199", "2013-06-30": "$327", "2013-03-31": "$177", "2012-12-31": "$119", "2012-09-30": "$140", "2012-06-30": "$265", "2012-03-31": "$170", "2011-12-31": "$186", "2011-09-30": "$114", "2011-06-30": "$202", "2011-03-31": "$109", "2010-12-31": "$142", "2010-09-30": "$76", "2010-06-30": "$97", "2010-03-31": "$9", "2009-12-31": "$48", "2009-09-30": "$36", "2009-06-30": "$78", "2009-03-31": "$57", "2008-12-31": "$139", "2008-09-30": "$142", "2008-06-30": "$189", "2008-03-31": "$94", "2007-12-31": "$128", "2007-09-30": "$110", "2007-06-30": "$111", "2007-03-31": "$46", "2006-12-31": "$-90", "2006-09-30": "$32", "2006-06-30": "$83", "2006-03-31": "$44", "2005-12-31": "$54", "2005-09-30": "$59", "2005-06-30": "$109", "2005-03-31": "$53"}}, "ebitda": {"AGCO Annual EBITDA (Millions of US $)": {"2019": "$797", "2018": "$779", "2017": "$684", "2016": "$562", "2015": "$623", "2014": "$930", "2013": "$1,173", "2012": "$958", "2011": "$795", "2010": "$497", "2009": "$373", "2008": "$716", "2007": "$546", "2006": "$362", "2005": "$388"}, "AGCO Quarterly EBITDA (Millions of US $)": {"2020-09-30": "$291", "2020-06-30": "$183", "2020-03-31": "$167", "2019-12-31": "$194", "2019-09-30": "$173", "2019-06-30": "$269", "2019-03-31": "$161", "2018-12-31": "$230", "2018-09-30": "$182", "2018-06-30": "$242", "2018-03-31": "$125", "2017-12-31": "$216", "2017-09-30": "$168", "2017-06-30": "$217", "2017-03-31": "$84", "2016-12-31": "$162", "2016-09-30": "$127", "2016-06-30": "$187", "2016-03-31": "$86", "2015-12-31": "$152", "2015-09-30": "$144", "2015-06-30": "$216", "2015-03-31": "$112", "2014-12-31": "$186", "2014-09-30": "$181", "2014-06-30": "$338", "2014-03-31": "$226", "2013-12-31": "$270", "2013-09-30": "$266", "2013-06-30": "$393", "2013-03-31": "$243", "2012-12-31": "$212", "2012-09-30": "$195", "2012-06-30": "$323", "2012-03-31": "$229", "2011-12-31": "$238", "2011-09-30": "$158", "2011-06-30": "$247", "2011-03-31": "$152", "2010-12-31": "$190", "2010-09-30": "$118", "2010-06-30": "$137", "2010-03-31": "$52", "2009-12-31": "$92", "2009-09-30": "$75", "2009-06-30": "$115", "2009-03-31": "$91", "2008-12-31": "$168", "2008-09-30": "$183", "2008-06-30": "$231", "2008-03-31": "$135", "2007-12-31": "$181", "2007-09-30": "$144", "2007-06-30": "$144", "2007-03-31": "$77", "2006-12-31": "$116", "2006-09-30": "$62", "2006-06-30": "$112", "2006-03-31": "$72", "2005-12-31": "$81", "2005-09-30": "$86", "2005-06-30": "$140", "2005-03-31": "$81"}}, "net-income": {"AGCO Annual Net Income (Millions of US $)": {"2020": "$427", "2019": "$125", "2018": "$286", "2017": "$186", "2016": "$160", "2015": "$266", "2014": "$410", "2013": "$597", "2012": "$522", "2011": "$583", "2010": "$221", "2009": "$136", "2008": "$386", "2007": "$233", "2006": "$-65", "2005": "$32"}, "AGCO Quarterly Net Income (Millions of US $)": {"2020-12-31": "$135", "2020-09-30": "$157", "2020-06-30": "$70", "2020-03-31": "$65", "2019-12-31": "$-88", "2019-09-30": "$8", "2019-06-30": "$141", "2019-03-31": "$65", "2018-12-31": "$99", "2018-09-30": "$71", "2018-06-30": "$91", "2018-03-31": "$24", "2017-12-31": "$44", "2017-09-30": "$61", "2017-06-30": "$92", "2017-03-31": "$-10", "2016-12-31": "$62", "2016-09-30": "$40", "2016-06-30": "$50", "2016-03-31": "$8", "2015-12-31": "$62", "2015-09-30": "$67", "2015-06-30": "$107", "2015-03-31": "$30", "2014-12-31": "$78", "2014-09-30": "$65", "2014-06-30": "$168", "2014-03-31": "$100", "2013-12-31": "$139", "2013-09-30": "$126", "2013-06-30": "$214", "2013-03-31": "$118", "2012-12-31": "$103", "2012-09-30": "$95", "2012-06-30": "$205", "2012-03-31": "$120", "2011-12-31": "$285", "2011-09-30": "$84", "2011-06-30": "$134", "2011-03-31": "$80", "2010-12-31": "$85", "2010-09-30": "$62", "2010-06-30": "$63", "2010-03-31": "$10", "2009-12-31": "$34", "2009-09-30": "$11", "2009-06-30": "$57", "2009-03-31": "$34", "2008-12-31": "$99", "2008-09-30": "$99", "2008-06-30": "$130", "2008-03-31": "$59", "2007-12-31": "$68", "2007-09-30": "$77", "2007-06-30": "$64", "2007-03-31": "$25", "2006-12-31": "$-129", "2006-09-30": "$5", "2006-06-30": "$41", "2006-03-31": "$17", "2005-12-31": "$-64", "2005-09-30": "$28", "2005-06-30": "$46", "2005-03-31": "$22"}}, "eps-earnings-per-share-diluted": {"AGCO Annual EPS": {"2020": "$5.65", "2019": "$1.63", "2018": "$3.58", "2017": "$2.32", "2016": "$1.96", "2015": "$3.06", "2014": "$4.36", "2013": "$6.01", "2012": "$5.30", "2011": "$5.95", "2010": "$2.29", "2009": "$1.44", "2008": "$3.95", "2007": "$2.41", "2006": "$-0.71", "2005": "$0.35"}, "AGCO Quarterly EPS": {"2020-12-31": "$1.78", "2020-09-30": "$2.09", "2020-06-30": "$0.93", "2020-03-31": "$0.85", "2019-12-31": "$-1.13", "2019-09-30": "$0.10", "2019-06-30": "$1.82", "2019-03-31": "$0.84", "2018-12-31": "$1.25", "2018-09-30": "$0.89", "2018-06-30": "$1.14", "2018-03-31": "$0.30", "2017-12-31": "$0.55", "2017-09-30": "$0.76", "2017-06-30": "$1.14", "2017-03-31": "$-0.13", "2016-12-31": "$0.76", "2016-09-30": "$0.50", "2016-06-30": "$0.61", "2016-03-31": "$0.09", "2015-12-31": "$0.73", "2015-09-30": "$0.77", "2015-06-30": "$1.22", "2015-03-31": "$0.34", "2014-12-31": "$0.87", "2014-09-30": "$0.69", "2014-06-30": "$1.77", "2014-03-31": "$1.03", "2013-12-31": "$1.40", "2013-09-30": "$1.27", "2013-06-30": "$2.15", "2013-03-31": "$1.19", "2012-12-31": "$1.05", "2012-09-30": "$0.96", "2012-06-30": "$2.08", "2012-03-31": "$1.21", "2011-12-31": "$2.91", "2011-09-30": "$0.87", "2011-06-30": "$1.36", "2011-03-31": "$0.81", "2010-12-31": "$0.88", "2010-09-30": "$0.65", "2010-06-30": "$0.66", "2010-03-31": "$0.10", "2009-12-31": "$0.35", "2009-09-30": "$0.12", "2009-06-30": "$0.61", "2009-03-31": "$0.36", "2008-12-31": "$1.04", "2008-09-30": "$1.01", "2008-06-30": "$1.31", "2008-03-31": "$0.59", "2007-12-31": "$0.68", "2007-09-30": "$0.80", "2007-06-30": "$0.67", "2007-03-31": "$0.26", "2006-12-31": "$-1.41", "2006-09-30": "$0.06", "2006-06-30": "$0.45", "2006-03-31": "$0.19", "2005-12-31": "$-0.66", "2005-09-30": "$0.31", "2005-06-30": "$0.47", "2005-03-31": "$0.23"}}, "shares-outstanding": {"AGCO Annual Shares Outstanding (Millions of Shares)": {"2020": "76", "2019": "77", "2018": "80", "2017": "80", "2016": "82", "2015": "87", "2014": "94", "2013": "99", "2012": "99", "2011": "98", "2010": "96", "2009": "94", "2008": "98", "2007": "97", "2006": "91", "2005": "91"}, "AGCO Quarterly Shares Outstanding (Millions of Shares)": {"2020-12-31": "76", "2020-09-30": "75", "2020-06-30": "75", "2020-03-31": "76", "2019-12-31": "77", "2019-09-30": "77", "2019-06-30": "77", "2019-03-31": "78", "2018-12-31": "80", "2018-09-30": "80", "2018-06-30": "80", "2018-03-31": "81", "2017-12-31": "80", "2017-09-30": "80", "2017-06-30": "80", "2017-03-31": "80", "2016-12-31": "82", "2016-09-30": "81", "2016-06-30": "82", "2016-03-31": "83", "2015-12-31": "87", "2015-09-30": "87", "2015-06-30": "88", "2015-03-31": "89", "2014-12-31": "94", "2014-09-30": "94", "2014-06-30": "95", "2014-03-31": "97", "2013-12-31": "99", "2013-09-30": "100", "2013-06-30": "99", "2013-03-31": "99", "2012-12-31": "99", "2012-09-30": "98", "2012-06-30": "98", "2012-03-31": "99", "2011-12-31": "98", "2011-09-30": "97", "2011-06-30": "99", "2011-03-31": "98", "2010-12-31": "96", "2010-09-30": "96", "2010-06-30": "96", "2010-03-31": "96", "2009-12-31": "94", "2009-09-30": "95", "2009-06-30": "94", "2009-03-31": "92", "2008-12-31": "98", "2008-09-30": "98", "2008-06-30": "99", "2008-03-31": "99", "2007-12-31": "97", "2007-09-30": "96", "2007-06-30": "96", "2007-03-31": "95", "2006-12-31": "91", "2006-09-30": "92", "2006-06-30": "92", "2006-03-31": "91", "2005-12-31": "91", "2005-09-30": "91", "2005-06-30": "100", "2005-03-31": "100"}}, "total-assets": {"AGCO Annual Total Assets (Millions of US $)": {"2019": "$7,760", "2018": "$7,626", "2017": "$7,972", "2016": "$7,168", "2015": "$6,498", "2014": "$7,369", "2013": "$8,439", "2012": "$7,722", "2011": "$7,257", "2010": "$5,437", "2009": "$4,999", "2008": "$4,955", "2007": "$4,788", "2006": "$4,115", "2005": "$3,861"}, "AGCO Quarterly Total Assets (Millions of US $)": {"2020-09-30": "$7,940", "2020-06-30": "$7,778", "2020-03-31": "$7,706", "2019-12-31": "$7,760", "2019-09-30": "$8,079", "2019-06-30": "$8,415", "2019-03-31": "$8,204", "2018-12-31": "$7,626", "2018-09-30": "$7,917", "2018-06-30": "$8,024", "2018-03-31": "$8,449", "2017-12-31": "$7,972", "2017-09-30": "$8,174", "2017-06-30": "$7,693", "2017-03-31": "$7,395", "2016-12-31": "$7,168", "2016-09-30": "$7,541", "2016-06-30": "$7,016", "2016-03-31": "$6,976", "2015-12-31": "$6,498", "2015-09-30": "$7,072", "2015-06-30": "$7,470", "2015-03-31": "$7,265", "2014-12-31": "$7,369", "2014-09-30": "$8,114", "2014-06-30": "$8,469", "2014-03-31": "$8,320", "2013-12-31": "$8,439", "2013-09-30": "$8,334", "2013-06-30": "$8,235", "2013-03-31": "$7,992", "2012-12-31": "$7,722", "2012-09-30": "$7,521", "2012-06-30": "$7,631", "2012-03-31": "$7,702", "2011-12-31": "$7,257", "2011-09-30": "$5,657", "2011-06-30": "$6,209", "2011-03-31": "$5,736", "2010-12-31": "$5,437", "2010-09-30": "$5,222", "2010-06-30": "$4,975", "2010-03-31": "$4,941", "2009-12-31": "$4,999", "2009-09-30": "$4,897", "2009-06-30": "$4,886", "2009-03-31": "$4,666", "2008-12-31": "$4,955", "2008-09-30": "$5,065", "2008-06-30": "$5,459", "2008-03-31": "$5,054", "2007-12-31": "$4,788", "2007-09-30": "$4,443", "2007-06-30": "$4,235", "2007-03-31": "$4,090", "2006-12-31": "$4,115", "2006-09-30": "$4,061", "2006-06-30": "$4,155", "2006-03-31": "$3,978", "2005-12-31": "$3,861", "2005-09-30": "$4,146", "2005-06-30": "$4,184", "2005-03-31": "$4,250"}}, "cash-on-hand": {"AGCO Annual Cash on Hand (Millions of US $)": {"2019": "$433", "2018": "$326", "2017": "$368", "2016": "$430", "2015": "$427", "2014": "$364", "2013": "$1,047", "2012": "$781", "2011": "$724", "2010": "$720", "2009": "$651", "2008": "$546", "2007": "$582", "2006": "$401", "2005": "$221"}, "AGCO Quarterly Cash on Hand (Millions of US $)": {"2020-09-30": "$511", "2020-06-30": "$404", "2020-03-31": "$387", "2019-12-31": "$433", "2019-09-30": "$282", "2019-06-30": "$280", "2019-03-31": "$293", "2018-12-31": "$326", "2018-09-30": "$293", "2018-06-30": "$281", "2018-03-31": "$348", "2017-12-31": "$368", "2017-09-30": "$313", "2017-06-30": "$318", "2017-03-31": "$290", "2016-12-31": "$430", "2016-09-30": "$298", "2016-06-30": "$325", "2016-03-31": "$248", "2015-12-31": "$427", "2015-09-30": "$425", "2015-06-30": "$498", "2015-03-31": "$339", "2014-12-31": "$364", "2014-09-30": "$321", "2014-06-30": "$323", "2014-03-31": "$194", "2013-12-31": "$1,047", "2013-09-30": "$621", "2013-06-30": "$681", "2013-03-31": "$552", "2012-12-31": "$781", "2012-09-30": "$322", "2012-06-30": "$393", "2012-03-31": "$427", "2011-12-31": "$724", "2011-09-30": "$455", "2011-06-30": "$573", "2011-03-31": "$314", "2010-12-31": "$720", "2010-09-30": "$459", "2010-06-30": "$575", "2010-03-31": "$408", "2009-12-31": "$651", "2009-09-30": "$223", "2009-06-30": "$198", "2009-03-31": "$117", "2008-12-31": "$546", "2008-09-30": "$450", "2008-06-30": "$559", "2008-03-31": "$251", "2007-12-31": "$582", "2007-09-30": "$167", "2007-06-30": "$230", "2007-03-31": "$157", "2006-12-31": "$401", "2006-09-30": "$167", "2006-06-30": "$167", "2006-03-31": "$52", "2005-12-31": "$221", "2005-09-30": "$27", "2005-06-30": "$47", "2005-03-31": "$28"}}, "long-term-debt": {"AGCO Annual Long Term Debt (Millions of US $)": {"2019": "$1,192", "2018": "$1,275", "2017": "$1,618", "2016": "$1,610", "2015": "$925", "2014": "$998", "2013": "$939", "2012": "$1,036", "2011": "$1,410", "2010": "$443", "2009": "$454", "2008": "$625", "2007": "$294", "2006": "$577", "2005": "$842"}, "AGCO Quarterly Long Term Debt (Millions of US $)": {"2020-09-30": "$1,429", "2020-06-30": "$1,652", "2020-03-31": "$1,670", "2019-12-31": "$1,192", "2019-09-30": "$1,269", "2019-06-30": "$1,308", "2019-03-31": "$1,404", "2018-12-31": "$1,275", "2018-09-30": "$1,699", "2018-06-30": "$1,728", "2018-03-31": "$1,989", "2017-12-31": "$1,618", "2017-09-30": "$1,950", "2017-06-30": "$1,772", "2017-03-31": "$1,781", "2016-12-31": "$1,610", "2016-09-30": "$1,876", "2016-06-30": "$1,379", "2016-03-31": "$1,258", "2015-12-31": "$925", "2015-09-30": "$1,230", "2015-06-30": "$1,216", "2015-03-31": "$1,425", "2014-12-31": "$998", "2014-09-30": "$1,333", "2014-06-30": "$979", "2014-03-31": "$1,014", "2013-12-31": "$939", "2013-09-30": "$1,001", "2013-06-30": "$1,078", "2013-03-31": "$1,155", "2012-12-31": "$1,036", "2012-09-30": "$1,354", "2012-06-30": "$1,471", "2012-03-31": "$1,331", "2011-12-31": "$1,410", "2011-09-30": "$456", "2011-06-30": "$476", "2011-03-31": "$291", "2010-12-31": "$443", "2010-09-30": "$446", "2010-06-30": "$416", "2010-03-31": "$440", "2009-12-31": "$454", "2009-09-30": "$459", "2009-06-30": "$445", "2009-03-31": "$614", "2008-12-31": "$625", "2008-09-30": "$283", "2008-06-30": "$315", "2008-03-31": "$316", "2007-12-31": "$294", "2007-09-30": "$489", "2007-06-30": "$477", "2007-03-31": "$583", "2006-12-31": "$577", "2006-09-30": "$863", "2006-06-30": "$878", "2006-03-31": "$890", "2005-12-31": "$842", "2005-09-30": "$1,019", "2005-06-30": "$981", "2005-03-31": "$882"}}, "total-liabilities": {"AGCO Annual Total Liabilities (Millions of US $)": {"2019": "$4,853", "2018": "$4,633", "2017": "$4,876", "2016": "$4,331", "2015": "$3,614", "2014": "$3,872", "2013": "$4,394", "2012": "$4,224", "2011": "$4,226", "2010": "$2,778", "2009": "$2,596", "2008": "$2,935", "2007": "$2,745", "2006": "$2,621", "2005": "$2,445"}, "AGCO Quarterly Total Liabilities (Millions of US $)": {"2020-09-30": "$5,090", "2020-06-30": "$5,061", "2020-03-31": "$5,015", "2019-12-31": "$4,853", "2019-09-30": "$5,040", "2019-06-30": "$5,286", "2019-03-31": "$5,185", "2018-12-31": "$4,633", "2018-09-30": "$4,948", "2018-06-30": "$5,026", "2018-03-31": "$5,330", "2017-12-31": "$4,876", "2017-09-30": "$5,081", "2017-06-30": "$4,721", "2017-03-31": "$4,519", "2016-12-31": "$4,331", "2016-09-30": "$4,579", "2016-06-30": "$4,033", "2016-03-31": "$4,043", "2015-12-31": "$3,614", "2015-09-30": "$4,098", "2015-06-30": "$4,257", "2015-03-31": "$4,157", "2014-12-31": "$3,872", "2014-09-30": "$4,321", "2014-06-30": "$4,407", "2014-03-31": "$4,440", "2013-12-31": "$4,394", "2013-09-30": "$4,464", "2013-06-30": "$4,557", "2013-03-31": "$4,437", "2012-12-31": "$4,224", "2012-09-30": "$4,131", "2012-06-30": "$4,363", "2012-03-31": "$4,445", "2011-12-31": "$4,226", "2011-09-30": "$2,805", "2011-06-30": "$3,119", "2011-03-31": "$2,864", "2010-12-31": "$2,778", "2010-09-30": "$2,691", "2010-06-30": "$2,659", "2010-03-31": "$2,611", "2009-12-31": "$2,596", "2009-09-30": "$2,439", "2009-06-30": "$2,537", "2009-03-31": "$2,641", "2008-12-31": "$2,935", "2008-09-30": "$2,872", "2008-06-30": "$3,036", "2008-03-31": "$2,861", "2007-12-31": "$2,745", "2007-09-30": "$2,589", "2007-06-30": "$2,557", "2007-03-31": "$2,540", "2006-12-31": "$2,621", "2006-09-30": "$2,499", "2006-06-30": "$2,588", "2006-03-31": "$2,492", "2005-12-31": "$2,445", "2005-09-30": "$2,611", "2005-06-30": "$2,696", "2005-03-31": "$2,827"}}, "total-share-holder-equity": {"AGCO Annual Share Holder Equity (Millions of US $)": {"2019": "$2,907", "2018": "$2,994", "2017": "$3,095", "2016": "$2,837", "2015": "$2,883", "2014": "$3,497", "2013": "$4,045", "2012": "$3,498", "2011": "$3,031", "2010": "$2,659", "2009": "$2,403", "2008": "$2,020", "2007": "$2,043", "2006": "$1,494", "2005": "$1,416"}, "AGCO Quarterly Share Holder Equity (Millions of US $)": {"2020-09-30": "$2,850", "2020-06-30": "$2,718", "2020-03-31": "$2,691", "2019-12-31": "$2,907", "2019-09-30": "$3,039", "2019-06-30": "$3,129", "2019-03-31": "$3,019", "2018-12-31": "$2,994", "2018-09-30": "$2,969", "2018-06-30": "$2,998", "2018-03-31": "$3,119", "2017-12-31": "$3,095", "2017-09-30": "$3,093", "2017-06-30": "$2,971", "2017-03-31": "$2,876", "2016-12-31": "$2,837", "2016-09-30": "$2,962", "2016-06-30": "$2,983", "2016-03-31": "$2,933", "2015-12-31": "$2,883", "2015-09-30": "$2,974", "2015-06-30": "$3,214", "2015-03-31": "$3,108", "2014-12-31": "$3,497", "2014-09-30": "$3,793", "2014-06-30": "$4,062", "2014-03-31": "$3,880", "2013-12-31": "$4,045", "2013-09-30": "$3,870", "2013-06-30": "$3,678", "2013-03-31": "$3,555", "2012-12-31": "$3,498", "2012-09-30": "$3,390", "2012-06-30": "$3,268", "2012-03-31": "$3,257", "2011-12-31": "$3,031", "2011-09-30": "$2,852", "2011-06-30": "$3,090", "2011-03-31": "$2,872", "2010-12-31": "$2,659", "2010-09-30": "$2,531", "2010-06-30": "$2,316", "2010-03-31": "$2,330", "2009-12-31": "$2,403", "2009-09-30": "$2,458", "2009-06-30": "$2,350", "2009-03-31": "$2,025", "2008-12-31": "$2,020", "2008-09-30": "$2,193", "2008-06-30": "$2,423", "2008-03-31": "$2,192", "2007-12-31": "$2,043", "2007-09-30": "$1,854", "2007-06-30": "$1,678", "2007-03-31": "$1,550", "2006-12-31": "$1,494", "2006-09-30": "$1,563", "2006-06-30": "$1,567", "2006-03-31": "$1,486", "2005-12-31": "$1,416", "2005-09-30": "$1,535", "2005-06-30": "$1,488", "2005-03-31": "$1,424"}}, "profit-margins": {"current": "4.67%"}, "gross margin": {"2020-12-31": "22.50%", "2020-09-30": "22.09%", "2020-06-30": "21.58%", "2020-03-31": "22.04%", "2019-12-31": "21.94%", "2019-09-30": "22.04%", "2019-06-30": "22.05%", "2019-03-31": "21.69%", "2018-12-31": "21.35%", "2018-09-30": "21.41%", "2018-06-30": "21.46%", "2018-03-31": "21.45%", "2017-12-31": "21.25%", "2017-09-30": "21.01%", "2017-06-30": "20.64%", "2017-03-31": "20.47%", "2016-12-31": "20.46%", "2016-09-30": "20.52%", "2016-06-30": "20.76%", "2016-03-31": "20.87%", "2015-12-31": "20.91%", "2015-09-30": "20.79%", "2015-06-30": "20.42%", "2015-03-31": "20.90%", "2014-12-31": "21.26%", "2014-09-30": "21.39%", "2014-06-30": "22.02%", "2014-03-31": "22.13%", "2013-12-31": "22.16%", "2013-09-30": "21.89%", "2013-06-30": "21.65%", "2013-03-31": "21.43%", "2012-12-31": "21.31%", "2012-09-30": "21.67%", "2012-06-30": "21.25%", "2012-03-31": "20.68%", "2011-12-31": "20.24%", "2011-09-30": "19.72%", "2011-06-30": "19.51%", "2011-03-31": "18.87%", "2010-12-31": "18.26%", "2010-09-30": "17.03%", "2010-06-30": "16.78%", "2010-03-31": "16.25%", "2009-12-31": "16.45%", "2009-09-30": "17.64%", "2009-06-30": "17.83%", "2009-03-31": "18.13%", "2008-12-31": "18.11%", "2008-09-30": "17.66%", "2008-06-30": "17.80%", "2008-03-31": "17.67%", "2007-12-31": "17.44%", "2007-09-30": "17.33%", "2007-06-30": "16.83%", "2007-03-31": "16.79%", "2006-12-31": "17.05%", "2006-09-30": "17.06%", "2006-06-30": "17.18%", "2006-03-31": "17.15%", "2005-12-31": "17.14%"}, "operating margin": {"2020-12-31": "6.55%", "2020-09-30": "4.15%", "2020-06-30": "2.96%", "2020-03-31": "3.97%", "2019-12-31": "3.85%", "2019-09-30": "6.11%", "2019-06-30": "6.09%", "2019-03-31": "5.67%", "2018-12-31": "5.23%", "2018-09-30": "5.09%", "2018-06-30": "5.07%", "2018-03-31": "5.05%", "2017-12-31": "4.86%", "2017-09-30": "4.46%", "2017-06-30": "4.09%", "2017-03-31": "3.80%", "2016-12-31": "3.87%", "2016-09-30": "3.88%", "2016-06-30": "4.17%", "2016-03-31": "4.55%", "2015-12-31": "4.83%", "2015-09-30": "4.89%", "2015-06-30": "5.00%", "2015-03-31": "5.92%", "2014-12-31": "6.65%", "2014-09-30": "7.22%", "2014-06-30": "7.86%", "2014-03-31": "8.20%", "2013-12-31": "8.34%", "2013-09-30": "7.73%", "2013-06-30": "7.30%", "2013-03-31": "6.95%", "2012-12-31": "6.97%", "2012-09-30": "7.78%", "2012-06-30": "7.67%", "2012-03-31": "7.26%", "2011-12-31": "6.96%", "2011-09-30": "6.73%", "2011-06-30": "6.63%", "2011-03-31": "5.74%", "2010-12-31": "4.68%", "2010-09-30": "3.49%", "2010-06-30": "3.01%", "2010-03-31": "2.71%", "2009-12-31": "3.36%", "2009-09-30": "4.63%", "2009-06-30": "5.63%", "2009-03-31": "6.57%", "2008-12-31": "6.82%", "2008-09-30": "6.55%", "2008-06-30": "6.54%", "2008-03-31": "6.08%", "2007-12-31": "5.79%", "2007-09-30": "2.81%", "2007-06-30": "1.69%", "2007-03-31": "1.27%", "2006-12-31": "1.27%", "2006-09-30": "4.11%", "2006-06-30": "4.58%", "2006-03-31": "4.96%", "2005-12-31": "5.05%"}, "ebitda margin": {"2020-09-30": "9.33%", "2020-06-30": "8.38%", "2020-03-31": "8.95%", "2019-12-31": "8.81%", "2019-09-30": "9.13%", "2019-06-30": "9.13%", "2019-03-31": "8.72%", "2018-12-31": "8.33%", "2018-09-30": "8.24%", "2018-06-30": "8.29%", "2018-03-31": "8.35%", "2017-12-31": "8.24%", "2017-09-30": "7.99%", "2017-06-30": "7.69%", "2017-03-31": "7.47%", "2016-12-31": "7.57%", "2016-09-30": "7.59%", "2016-06-30": "7.85%", "2016-03-31": "8.17%", "2015-12-31": "8.36%", "2015-09-30": "8.23%", "2015-06-30": "8.26%", "2015-03-31": "8.98%", "2014-12-31": "9.58%", "2014-09-30": "10.05%", "2014-06-30": "10.56%", "2014-03-31": "10.78%", "2013-12-31": "10.86%", "2013-09-30": "10.48%", "2013-06-30": "9.98%", "2013-03-31": "9.64%", "2012-12-31": "9.63%", "2012-09-30": "10.07%", "2012-06-30": "9.89%", "2012-03-31": "9.43%", "2011-12-31": "9.06%", "2011-09-30": "8.87%", "2011-06-30": "8.86%", "2011-03-31": "8.10%", "2010-12-31": "7.21%", "2010-09-30": "6.09%", "2010-06-30": "5.66%", "2010-03-31": "5.29%", "2009-12-31": "5.72%", "2009-09-30": "6.71%", "2009-06-30": "7.52%", "2009-03-31": "8.38%", "2008-12-31": "8.65%", "2008-09-30": "8.64%", "2008-06-30": "8.67%", "2008-03-31": "8.29%", "2007-12-31": "8.00%", "2007-09-30": "7.65%", "2007-06-30": "6.81%", "2007-03-31": "6.55%", "2006-12-31": "6.66%", "2006-09-30": "6.30%", "2006-06-30": "6.70%", "2006-03-31": "7.07%", "2005-12-31": "7.12%"}, "pre tax profit margin": {"2020-12-31": "6.14%", "2020-09-30": "3.32%", "2020-06-30": "2.00%", "2020-03-31": "3.03%", "2019-12-31": "2.89%", "2019-09-30": "5.07%", "2019-06-30": "5.07%", "2019-03-31": "4.35%", "2018-12-31": "3.86%", "2018-09-30": "3.66%", "2018-06-30": "3.55%", "2018-03-31": "3.70%", "2017-12-31": "3.42%", "2017-09-30": "3.15%", "2017-06-30": "2.98%", "2017-03-31": "2.67%", "2016-12-31": "2.78%", "2016-09-30": "2.60%", "2016-06-30": "2.94%", "2016-03-31": "3.43%", "2015-12-31": "3.75%", "2015-09-30": "3.92%", "2015-06-30": "3.89%", "2015-03-31": "4.79%", "2014-12-31": "5.55%", "2014-09-30": "6.13%", "2014-06-30": "6.80%", "2014-03-31": "7.21%", "2013-12-31": "7.44%", "2013-09-30": "6.89%", "2013-06-30": "6.39%", "2013-03-31": "6.04%", "2012-12-31": "6.02%", "2012-09-30": "6.97%", "2012-06-30": "7.05%", "2012-03-31": "6.62%", "2011-12-31": "6.39%", "2011-09-30": "6.09%", "2011-06-30": "5.94%", "2011-03-31": "5.08%", "2010-12-31": "3.99%", "2010-09-30": "2.82%", "2010-06-30": "2.23%", "2010-03-31": "1.85%", "2009-12-31": "2.36%", "2009-09-30": "3.66%", "2009-06-30": "4.84%", "2009-03-31": "5.87%", "2008-12-31": "6.19%", "2008-09-30": "5.66%", "2008-06-30": "5.55%", "2008-03-31": "5.01%", "2007-12-31": "4.61%", "2007-09-30": "1.73%", "2007-06-30": "0.39%", "2007-03-31": "-0.23%", "2006-12-31": "-0.35%", "2006-09-30": "2.41%", "2006-06-30": "2.82%", "2006-03-31": "2.89%", "2005-12-31": "2.94%"}, "net profit margin": {"2020-12-31": "4.67%", "2020-09-30": "2.28%", "2020-06-30": "0.64%", "2020-03-31": "1.40%", "2019-12-31": "1.39%", "2019-09-30": "3.43%", "2019-06-30": "4.08%", "2019-03-31": "3.49%", "2018-12-31": "3.05%", "2018-09-30": "2.48%", "2018-06-30": "2.43%", "2018-03-31": "2.54%", "2017-12-31": "2.25%", "2017-09-30": "2.60%", "2017-06-30": "2.41%", "2017-03-31": "1.90%", "2016-12-31": "2.16%", "2016-09-30": "2.20%", "2016-06-30": "2.58%", "2016-03-31": "3.33%", "2015-12-31": "3.56%", "2015-09-30": "3.53%", "2015-06-30": "3.33%", "2015-03-31": "3.75%", "2014-12-31": "4.23%", "2014-09-30": "4.67%", "2014-06-30": "5.12%", "2014-03-31": "5.40%", "2013-12-31": "5.53%", "2013-09-30": "5.28%", "2013-06-30": "5.07%", "2013-03-31": "5.16%", "2012-12-31": "5.25%", "2012-09-30": "7.21%", "2012-06-30": "7.24%", "2012-03-31": "6.74%", "2011-12-31": "6.64%", "2011-09-30": "4.55%", "2011-06-30": "4.52%", "2011-03-31": "3.94%", "2010-12-31": "3.19%", "2010-09-30": "2.58%", "2010-06-30": "1.88%", "2010-03-31": "1.77%", "2009-12-31": "2.09%", "2009-09-30": "3.00%", "2009-06-30": "3.91%", "2009-03-31": "4.51%", "2008-12-31": "4.68%", "2008-09-30": "4.22%", "2008-06-30": "4.19%", "2008-03-31": "3.68%", "2007-12-31": "3.43%", "2007-09-30": "0.59%", "2007-06-30": "-0.60%", "2007-03-31": "-1.04%", "2006-12-31": "-1.21%", "2006-09-30": "-0.02%", "2006-06-30": "0.42%", "2006-03-31": "0.50%", "2005-12-31": "0.59%"}, "pe ratio": {"current": "21.37", "2021-02-05": "30.93", "2020-12-31": "26.64", "2020-09-30": "27.46", "2020-06-30": "77.81", "2020-03-31": "29.31", "2019-12-31": "48.11", "2019-09-30": "18.61", "2019-06-30": "15.94", "2019-03-31": "16.61", "2018-12-31": "15.26", "2018-09-30": "20.71", "2018-06-30": "21.61", "2018-03-31": "23.02", "2017-12-31": "30.00", "2017-09-30": "28.24", "2017-06-30": "28.68", "2017-03-31": "33.29", "2016-12-31": "28.37", "2016-09-30": "24.62", "2016-06-30": "20.59", "2016-03-31": "16.96", "2015-12-31": "14.18", "2015-09-30": "13.98", "2015-06-30": "17.42", "2015-03-31": "12.39", "2014-12-31": "9.86", "2014-09-30": "8.78", "2014-06-30": "9.68", "2014-03-31": "8.87", "2013-12-31": "9.24", "2013-09-30": "10.02", "2013-06-30": "8.79", "2013-03-31": "9.23", "2012-12-31": "8.65", "2012-09-30": "6.19", "2012-06-30": "6.04", "2012-03-31": "6.94", "2011-12-31": "6.74", "2011-09-30": "8.24", "2011-06-30": "12.46", "2011-03-31": "17.13", "2010-12-31": "20.70", "2010-09-30": "20.65", "2010-06-30": "20.43", "2010-03-31": "28.33", "2009-12-31": "20.93", "2009-09-30": "11.86", "2009-06-30": "8.77", "2009-03-31": "4.78", "2008-12-31": "5.37", "2008-09-30": "10.37", "2008-06-30": "13.60", "2008-03-31": "19.11", "2007-12-31": "24.84", "2007-09-30": "147.84", "2007-06-30": "0.00", "2007-03-31": "0.00", "2006-12-31": "0.00"}, "price sales": {"2021-02-05": "0.99", "2020-12-31": "0.85", "2020-09-30": "0.63", "2020-06-30": "0.49", "2020-03-31": "0.40", "2019-12-31": "0.65", "2019-09-30": "0.64", "2019-06-30": "0.65", "2019-03-31": "0.58", "2018-12-31": "0.47", "2018-09-30": "0.51", "2018-06-30": "0.53", "2018-03-31": "0.58", "2017-12-31": "0.67", "2017-09-30": "0.73", "2017-06-30": "0.69", "2017-03-31": "0.63", "2016-12-31": "0.62", "2016-09-30": "0.54", "2016-06-30": "0.53", "2016-03-31": "0.56", "2015-12-31": "0.51", "2015-09-30": "0.50", "2015-06-30": "0.59", "2015-03-31": "0.46", "2014-12-31": "0.42", "2014-09-30": "0.41", "2014-06-30": "0.50", "2014-03-31": "0.48", "2013-12-31": "0.51", "2013-09-30": "0.53", "2013-06-30": "0.44", "2013-03-31": "0.48", "2012-12-31": "0.45", "2012-09-30": "0.45", "2012-06-30": "0.44", "2012-03-31": "0.47", "2011-12-31": "0.45", "2011-09-30": "0.37", "2011-06-30": "0.56", "2011-03-31": "0.67", "2010-12-31": "0.66", "2010-09-30": "0.53", "2010-06-30": "0.38", "2010-03-31": "0.50", "2009-12-31": "0.43", "2009-09-30": "0.36", "2009-06-30": "0.35", "2009-03-31": "0.22", "2008-12-31": "0.26", "2008-09-30": "0.46", "2008-06-30": "0.60", "2008-03-31": "0.74", "2007-12-31": "0.89", "2007-09-30": "0.71", "2007-06-30": "0.64", "2007-03-31": "0.57", "2006-12-31": "0.48"}, "price book": {"current": "2.97", "2021-02-05": "3.15", "2020-09-30": "1.95", "2020-06-30": "1.52", "2020-03-31": "1.30", "2019-12-31": "1.99", "2019-09-30": "1.87", "2019-06-30": "1.87", "2019-03-31": "1.74", "2018-12-31": "1.40", "2018-09-30": "1.58", "2018-06-30": "1.57", "2018-03-31": "1.61", "2017-12-31": "1.79", "2017-09-30": "1.84", "2017-06-30": "1.75", "2017-03-31": "1.61", "2016-12-31": "1.57", "2016-09-30": "1.29", "2016-06-30": "1.23", "2016-03-31": "1.34", "2015-12-31": "1.26", "2015-09-30": "1.28", "2015-06-30": "1.46", "2015-03-31": "1.28", "2014-12-31": "1.09", "2014-09-30": "1.05", "2014-06-30": "1.23", "2014-03-31": "1.26", "2013-12-31": "1.34", "2013-09-30": "1.42", "2013-06-30": "1.24", "2013-03-31": "1.33", "2012-12-31": "1.27", "2012-09-30": "1.27", "2012-06-30": "1.27", "2012-03-31": "1.31", "2011-12-31": "1.28", "2011-09-30": "1.10", "2011-06-30": "1.41", "2011-03-31": "1.69", "2010-12-31": "1.65", "2010-09-30": "1.34", "2010-06-30": "1.01", "2010-03-31": "1.33", "2009-12-31": "1.16", "2009-09-30": "0.97", "2009-06-30": "1.07", "2009-03-31": "0.83", "2008-12-31": "1.00", "2008-09-30": "1.66", "2008-06-30": "1.85", "2008-03-31": "2.33", "2007-12-31": "2.84", "2007-09-30": "2.34", "2007-06-30": "2.21", "2007-03-31": "2.03", "2006-12-31": "1.76", "2006-09-30": "1.38", "2006-06-30": "1.42", "2006-03-31": "1.18"}, "price fcf": {"2021-02-05": "", "2020-09-30": "$9.59", "2020-06-30": "$5.29", "2020-03-31": "$4.07", "2019-12-31": "$5.55", "2019-09-30": "$3.24", "2019-06-30": "$4.16", "2019-03-31": "$4.97", "2018-12-31": "$4.97", "2018-09-30": "$5.02", "2018-06-30": "$3.23", "2018-03-31": "$3.54", "2017-12-31": "$4.71", "2017-09-30": "$3.23", "2017-06-30": "$1.78", "2017-03-31": "$2.84", "2016-12-31": "$2.09", "2016-09-30": "$1.25", "2016-06-30": "$2.78", "2016-03-31": "$2.91", "2015-12-31": "$3.61", "2015-09-30": "$5.35", "2015-06-30": "$4.95", "2015-03-31": "$3.89", "2014-12-31": "$1.48", "2014-09-30": "$0.31", "2014-06-30": "$0.89", "2014-03-31": "$1.35", "2013-12-31": "$4.10", "2013-09-30": "$5.11", "2013-06-30": "$5.68", "2013-03-31": "$3.45", "2012-12-31": "$3.31", "2012-09-30": "$0.76", "2012-06-30": "$1.01", "2012-03-31": "$2.72", "2011-12-31": "$4.35", "2011-09-30": "$4.51", "2011-06-30": "$3.05", "2011-03-31": "$3.11", "2010-12-31": "$2.83", "2010-09-30": "$3.87", "2010-06-30": "$5.06", "2010-03-31": "$4.63", "2009-12-31": "$1.52", "2009-09-30": "$-1.63", "2009-06-30": "$-3.02", "2009-03-31": "$-1.69", "2008-12-31": "$0.47", "2008-09-30": "$3.23", "2008-06-30": "$4.24", "2008-03-31": "$3.25", "2007-12-31": "$3.82", "2007-09-30": "$3.29", "2007-06-30": "$3.33", "2007-03-31": "$2.92", "2006-12-31": "$3.49"}, "net worth": {"value": "$8.96B"}, "current ratio": {"2020-12-31": "1.30", "2020-09-30": "1.38", "2020-06-30": "1.48", "2020-03-31": "1.49", "2019-12-31": "1.29", "2019-09-30": "1.31", "2019-06-30": "1.29", "2019-03-31": "1.30", "2018-12-31": "1.28", "2018-09-30": "1.43", "2018-06-30": "1.42", "2018-03-31": "1.50", "2017-12-31": "1.37", "2017-09-30": "1.51", "2017-06-30": "1.52", "2017-03-31": "1.55", "2016-12-31": "1.48", "2016-09-30": "1.59", "2016-06-30": "1.54", "2016-03-31": "1.42", "2015-12-31": "1.33", "2015-09-30": "1.58", "2015-06-30": "1.60", "2015-03-31": "1.76", "2014-12-31": "1.49", "2014-09-30": "1.78", "2014-06-30": "1.63", "2014-03-31": "1.58", "2013-12-31": "1.61", "2013-09-30": "1.64", "2013-06-30": "1.63", "2013-03-31": "1.66", "2012-12-31": "1.60", "2012-09-30": "1.80", "2012-06-30": "1.78", "2012-03-31": "1.61", "2011-12-31": "1.66", "2011-09-30": "1.70", "2011-06-30": "1.66", "2011-03-31": "1.53", "2010-12-31": "1.63", "2010-09-30": "1.69", "2010-06-30": "1.62", "2010-03-31": "1.62", "2009-12-31": "1.65", "2009-09-30": "1.66", "2009-06-30": "1.60", "2009-03-31": "1.62", "2008-12-31": "1.52", "2008-09-30": "1.34", "2008-06-30": "1.37", "2008-03-31": "1.32", "2007-12-31": "1.31", "2007-09-30": "1.46", "2007-06-30": "1.45", "2007-03-31": "1.50", "2006-12-31": "1.42", "2006-09-30": "1.75", "2006-06-30": "1.73", "2006-03-31": "1.75", "2005-12-31": "1.66", "2005-09-30": "1.84", "2005-06-30": "1.71", "2005-03-31": "1.50"}, "quick ratio": {"2020-12-31": "0.71", "2020-09-30": "0.66", "2020-06-30": "0.65", "2020-03-31": "0.63", "2019-12-31": "0.57", "2019-09-30": "0.54", "2019-06-30": "0.54", "2019-03-31": "0.54", "2018-12-31": "0.59", "2018-09-30": "0.64", "2018-06-30": "0.63", "2018-03-31": "0.66", "2017-12-31": "0.66", "2017-09-30": "0.70", "2017-06-30": "0.72", "2017-03-31": "0.73", "2016-12-31": "0.77", "2016-09-30": "0.76", "2016-06-30": "0.72", "2016-03-31": "0.66", "2015-12-31": "0.68", "2015-09-30": "0.81", "2015-06-30": "0.83", "2015-03-31": "0.88", "2014-12-31": "0.70", "2014-09-30": "0.80", "2014-06-30": "0.75", "2014-03-31": "0.70", "2013-12-31": "0.89", "2013-09-30": "0.85", "2013-06-30": "0.89", "2013-03-31": "0.88", "2012-12-31": "0.91", "2012-09-30": "0.85", "2012-06-30": "0.88", "2012-03-31": "0.79", "2011-12-31": "0.95", "2011-09-30": "0.85", "2011-06-30": "0.89", "2011-03-31": "0.78", "2010-12-31": "0.99", "2010-09-30": "0.89", "2010-06-30": "0.91", "2010-03-31": "0.87", "2009-12-31": "0.95", "2009-09-30": "0.77", "2009-06-30": "0.77", "2009-03-31": "0.69", "2008-12-31": "0.82", "2008-09-30": "0.69", "2008-06-30": "0.72", "2008-03-31": "0.63", "2007-12-31": "0.76", "2007-09-30": "0.66", "2007-06-30": "0.68", "2007-03-31": "0.68", "2006-12-31": "0.77", "2006-09-30": "0.73", "2006-06-30": "0.76", "2006-03-31": "0.73", "2005-12-31": "0.81", "2005-09-30": "0.81", "2005-06-30": "0.78", "2005-03-31": "0.68"}, "debt equity ratio": {"current": "0.42", "2020-12-31": "1.82", "2020-09-30": "1.79", "2020-06-30": "1.86", "2020-03-31": "1.86", "2019-12-31": "1.67", "2019-09-30": "1.66", "2019-06-30": "1.69", "2019-03-31": "1.72", "2018-12-31": "1.55", "2018-09-30": "1.67", "2018-06-30": "1.68", "2018-03-31": "1.71", "2017-12-31": "1.58", "2017-09-30": "1.64", "2017-06-30": "1.59", "2017-03-31": "1.57", "2016-12-31": "1.53", "2016-09-30": "1.55", "2016-06-30": "1.35", "2016-03-31": "1.38", "2015-12-31": "1.25", "2015-09-30": "1.38", "2015-06-30": "1.32", "2015-03-31": "1.34", "2014-12-31": "1.11", "2014-09-30": "1.14", "2014-06-30": "1.09", "2014-03-31": "1.14", "2013-12-31": "1.09", "2013-09-30": "1.15", "2013-06-30": "1.24", "2013-03-31": "1.25", "2012-12-31": "1.21", "2012-09-30": "1.22", "2012-06-30": "1.34", "2012-03-31": "1.37", "2011-12-31": "1.39", "2011-09-30": "0.98", "2011-06-30": "1.01", "2011-03-31": "1.00", "2010-12-31": "1.05", "2010-09-30": "1.06", "2010-06-30": "1.15", "2010-03-31": "1.12", "2009-12-31": "1.08", "2009-09-30": "0.99", "2009-06-30": "1.08", "2009-03-31": "1.30", "2008-12-31": "1.45", "2008-09-30": "1.31", "2008-06-30": "1.25", "2008-03-31": "1.31", "2007-12-31": "1.34", "2007-09-30": "1.40", "2007-06-30": "1.52", "2007-03-31": "1.64", "2006-12-31": "1.76", "2006-09-30": "1.60", "2006-06-30": "1.65", "2006-03-31": "1.68", "2005-12-31": "1.73", "2005-09-30": "1.70", "2005-06-30": "1.81", "2005-03-31": "1.99"}, "return on equity": {"2020-12-31": "15.15%", "2020-09-30": "7.31%", "2020-06-30": "1.94%", "2020-03-31": "4.28%", "2019-12-31": "4.17%", "2019-09-30": "10.28%", "2019-06-30": "12.42%", "2019-03-31": "10.88%", "2018-12-31": "9.44%", "2018-09-30": "7.55%", "2018-06-30": "7.15%", "2018-03-31": "7.20%", "2017-12-31": "6.22%", "2017-09-30": "6.96%", "2017-06-30": "6.32%", "2017-03-31": "4.87%", "2016-12-31": "5.46%", "2016-09-30": "5.44%", "2016-06-30": "6.35%", "2016-03-31": "8.13%", "2015-12-31": "8.74%", "2015-09-30": "8.82%", "2015-06-30": "8.23%", "2015-03-31": "9.43%", "2014-12-31": "10.79%", "2014-09-30": "11.96%", "2014-06-30": "13.45%", "2014-03-31": "14.97%", "2013-12-31": "15.76%", "2013-09-30": "15.37%", "2013-06-30": "15.01%", "2013-03-31": "15.20%", "2012-12-31": "15.60%", "2012-09-30": "21.78%", "2012-06-30": "22.37%", "2012-03-31": "20.38%", "2011-12-31": "19.69%", "2011-09-30": "13.35%", "2011-06-30": "12.95%", "2011-03-31": "11.18%", "2010-12-31": "8.95%", "2010-09-30": "7.06%", "2010-06-30": "4.96%", "2010-03-31": "4.70%", "2009-12-31": "5.89%", "2009-09-30": "9.08%", "2009-06-30": "13.46%", "2009-03-31": "16.72%", "2008-12-31": "17.54%", "2008-09-30": "16.09%", "2008-06-30": "15.70%", "2008-03-31": "13.80%", "2007-12-31": "13.14%", "2007-09-30": "2.25%", "2007-06-30": "-2.23%", "2007-03-31": "-3.76%", "2006-12-31": "-4.32%", "2006-09-30": "-0.07%", "2006-06-30": "1.47%", "2006-03-31": "1.82%", "2005-12-31": "2.18%"}, "return on assets": {"2020-12-31": "5.35%", "2020-09-30": "2.62%", "2020-06-30": "0.70%", "2020-03-31": "1.58%", "2019-12-31": "1.55%", "2019-09-30": "3.87%", "2019-06-30": "4.68%", "2019-03-31": "4.10%", "2018-12-31": "3.56%", "2018-09-30": "2.84%", "2018-06-30": "2.70%", "2018-03-31": "2.74%", "2017-12-31": "2.39%", "2017-09-30": "2.69%", "2017-06-30": "2.47%", "2017-03-31": "1.95%", "2016-12-31": "2.23%", "2016-09-30": "2.28%", "2016-06-30": "2.71%", "2016-03-31": "3.48%", "2015-12-31": "3.76%", "2015-09-30": "3.87%", "2015-06-30": "3.71%", "2015-03-31": "4.37%", "2014-12-31": "5.09%", "2014-09-30": "5.66%", "2014-06-30": "6.35%", "2014-03-31": "6.95%", "2013-12-31": "7.24%", "2013-09-30": "6.95%", "2013-06-30": "6.74%", "2013-03-31": "6.75%", "2012-12-31": "6.84%", "2012-09-30": "9.37%", "2012-06-30": "9.83%", "2012-03-31": "9.29%", "2011-12-31": "9.38%", "2011-09-30": "6.65%", "2011-06-30": "6.39%", "2011-03-31": "5.43%", "2010-12-31": "4.28%", "2010-09-30": "3.36%", "2010-06-30": "2.38%", "2010-03-31": "2.27%", "2009-12-31": "2.80%", "2009-09-30": "4.14%", "2009-06-30": "5.91%", "2009-03-31": "7.19%", "2008-12-31": "7.54%", "2008-09-30": "6.99%", "2008-06-30": "6.77%", "2008-03-31": "5.79%", "2007-12-31": "5.33%", "2007-09-30": "0.88%", "2007-06-30": "-0.85%", "2007-03-31": "-1.41%", "2006-12-31": "-1.62%", "2006-09-30": "-0.02%", "2006-06-30": "0.55%", "2006-03-31": "0.67%", "2005-12-31": "0.78%"}, "return on investments": {"2020-12-31": "13.86%", "2020-09-30": "8.67%", "2020-06-30": "5.91%", "2020-03-31": "8.28%", "2019-12-31": "8.06%", "2019-09-30": "12.78%", "2019-06-30": "12.63%", "2019-03-31": "11.72%", "2018-12-31": "10.42%", "2018-09-30": "9.85%", "2018-06-30": "9.37%", "2018-03-31": "8.96%", "2017-12-31": "8.44%", "2017-09-30": "7.43%", "2017-06-30": "6.70%", "2017-03-31": "6.21%", "2016-12-31": "6.44%", "2016-09-30": "6.56%", "2016-06-30": "7.29%", "2016-03-31": "8.01%", "2015-12-31": "8.51%", "2015-09-30": "8.86%", "2015-06-30": "9.06%", "2015-03-31": "11.21%", "2014-12-31": "13.23%", "2014-09-30": "14.55%", "2014-06-30": "16.55%", "2014-03-31": "18.03%", "2013-12-31": "18.63%", "2013-09-30": "17.42%", "2013-06-30": "16.28%", "2013-03-31": "14.97%", "2012-12-31": "14.92%", "2012-09-30": "16.44%", "2012-06-30": "17.22%", "2012-03-31": "16.90%", "2011-12-31": "16.88%", "2011-09-30": "17.26%", "2011-06-30": "16.52%", "2011-03-31": "14.13%", "2010-12-31": "11.16%", "2010-09-30": "8.08%", "2010-06-30": "6.70%", "2010-03-31": "6.03%", "2009-12-31": "7.82%", "2009-09-30": "11.28%", "2009-06-30": "15.77%", "2009-03-31": "20.08%", "2008-12-31": "21.76%", "2008-09-30": "21.99%", "2008-06-30": "21.00%", "2008-03-31": "18.97%", "2007-12-31": "17.62%", "2007-09-30": "8.14%", "2007-06-30": "4.51%", "2007-03-31": "3.13%", "2006-12-31": "2.96%", "2006-09-30": "8.96%", "2006-06-30": "9.97%", "2006-03-31": "11.02%", "2005-12-31": "11.48%"}, "return on tangible equity": {"2020-09-30": "19.57%", "2020-06-30": "5.34%", "2020-03-31": "11.97%", "2019-12-31": "11.88%", "2019-09-30": "30.84%", "2019-06-30": "38.76%", "2019-03-31": "35.50%", "2018-12-31": "31.57%", "2018-09-30": "25.62%", "2018-06-30": "24.23%", "2018-03-31": "23.90%", "2017-12-31": "20.36%", "2017-09-30": "22.65%", "2017-06-30": "20.42%", "2017-03-31": "14.42%", "2016-12-31": "14.97%", "2016-09-30": "13.66%", "2016-06-30": "14.65%", "2016-03-31": "18.25%", "2015-12-31": "19.10%", "2015-09-30": "18.61%", "2015-06-30": "16.64%", "2015-03-31": "18.11%", "2014-12-31": "20.01%", "2014-09-30": "21.53%", "2014-06-30": "23.99%", "2014-03-31": "27.30%", "2013-12-31": "29.38%", "2013-09-30": "29.82%", "2013-06-30": "30.39%", "2013-03-31": "32.11%", "2012-12-31": "34.52%", "2012-09-30": "50.99%", "2012-06-30": "46.77%", "2012-03-31": "37.63%", "2011-12-31": "32.44%", "2011-09-30": "19.46%", "2011-06-30": "18.83%", "2011-03-31": "16.22%", "2010-12-31": "12.94%", "2010-09-30": "10.33%", "2010-06-30": "7.35%", "2010-03-31": "7.02%", "2009-12-31": "8.91%", "2009-09-30": "13.96%", "2009-06-30": "21.07%", "2009-03-31": "26.76%", "2008-12-31": "28.70%", "2008-09-30": "26.82%", "2008-06-30": "27.09%", "2008-03-31": "24.97%", "2007-12-31": "24.89%", "2007-09-30": "4.51%", "2007-06-30": "-4.84%", "2007-03-31": "-8.82%", "2006-12-31": "-10.80%", "2006-09-30": "-0.18%", "2006-06-30": "3.87%", "2006-03-31": "4.81%", "2005-12-31": "5.90%"}, "dividend yield history": {"last payout": "$0.64", "last yield": "0.53%"}}