{"ticker": "A", "price": {"title": "Agilent Technologies Historical Annual Stock Price Data", "value": 123.18, "historical": {"2021": {"Average Stock Price": "123.9732", "Year Open": "118.4900", "Year High": "128.1500", "Year Low": "118.4900", "Year Close": "123.1800", "Annual % Change": "3.96%"}, "2020": {"Average Stock Price": "92.5143", "Year Open": "85.9500", "Year High": "119.3000", "Year Low": "63.3700", "Year Close": "118.4900", "Annual % Change": "38.89%"}, "2019": {"Average Stock Price": "75.2118", "Year Open": "65.6900", "Year High": "85.4500", "Year Low": "63.2700", "Year Close": "85.3100", "Annual % Change": "26.46%"}, "2018": {"Average Stock Price": "67.1694", "Year Open": "67.6000", "Year High": "74.8200", "Year Low": "61.1300", "Year Close": "67.4600", "Annual % Change": "0.73%"}, "2017": {"Average Stock Price": "59.3297", "Year Open": "46.4900", "Year High": "70.5900", "Year Low": "46.4900", "Year Close": "66.9700", "Annual % Change": "46.99%"}, "2016": {"Average Stock Price": "43.3700", "Year Open": "40.6900", "Year High": "48.4400", "Year Low": "34.8000", "Year Close": "45.5600", "Annual % Change": "8.97%"}, "2015": {"Average Stock Price": "39.6021", "Year Open": "40.5600", "Year High": "43.5500", "Year Low": "33.3700", "Year Close": "41.8100", "Annual % Change": "2.13%"}, "2014": {"Average Stock Price": "54.1190", "Year Open": "56.2100", "Year High": "60.9300", "Year Low": "38.4700", "Year Close": "40.9400", "Annual % Change": "-28.41%"}, "2013": {"Average Stock Price": "46.7780", "Year Open": "41.8800", "Year High": "57.8900", "Year Low": "40.5200", "Year Close": "57.1900", "Annual % Change": "39.69%"}, "2012": {"Average Stock Price": "39.9752", "Year Open": "36.4800", "Year High": "45.8600", "Year Low": "35.5100", "Year Close": "40.9400", "Annual % Change": "17.21%"}, "2011": {"Average Stock Price": "41.3786", "Year Open": "41.8800", "Year High": "52.5800", "Year Low": "29.4000", "Year Close": "34.9300", "Annual % Change": "-15.69%"}, "2010": {"Average Stock Price": "32.5243", "Year Open": "31.3000", "Year High": "41.9200", "Year Low": "26.9700", "Year Close": "41.4300", "Annual % Change": "33.34%"}, "2009": {"Average Stock Price": "21.8705", "Year Open": "16.2400", "Year High": "31.1000", "Year Low": "12.4400", "Year Close": "31.0700", "Annual % Change": "98.78%"}, "2008": {"Average Stock Price": "30.1530", "Year Open": "36.3000", "Year High": "37.9000", "Year Low": "14.8800", "Year Close": "15.6300", "Annual % Change": "-57.46%"}, "2007": {"Average Stock Price": "35.8961", "Year Open": "34.3000", "Year High": "40.4000", "Year Low": "30.6900", "Year Close": "36.7400", "Annual % Change": "5.42%"}, "2006": {"Average Stock Price": "33.7974", "Year Open": "33.5000", "Year High": "39.1500", "Year Low": "27.0800", "Year Close": "34.8500", "Annual % Change": "4.69%"}, "2005": {"Average Stock Price": "27.0609", "Year Open": "23.8800", "Year High": "35.9800", "Year Low": "20.4000", "Year Close": "33.2900", "Annual % Change": "38.13%"}, "2004": {"Average Stock Price": "26.8795", "Year Open": "28.8000", "Year High": "37.4900", "Year Low": "19.6800", "Year Close": "24.1000", "Annual % Change": "-17.58%"}, "2003": {"Average Stock Price": "20.2394", "Year Open": "19.1400", "Year High": "29.2400", "Year Low": "11.4500", "Year Close": "29.2400", "Annual % Change": "62.81%"}, "2002": {"Average Stock Price": "22.9473", "Year Open": "29.2500", "Year High": "37.3100", "Year Low": "10.8500", "Year Close": "17.9600", "Annual % Change": "-37.00%"}, "2001": {"Average Stock Price": "33.4295", "Year Open": "50.8800", "Year High": "67.5600", "Year Low": "18.8600", "Year Close": "28.5100", "Annual % Change": "-47.93%"}, "2000": {"Average Stock Price": "69.7700", "Year Open": "72.0000", "Year High": "159.0000", "Year Low": "38.8100", "Year Close": "54.7500", "Annual % Change": "-29.18%"}}}, "market cap": {"value": "$37.8B"}, "income statement": {"Revenue": {"2020-10-31": "5339.00000", "2019-10-31": "5163.00000", "2018-10-31": "4914.00000", "2017-10-31": "4472.00000", "2016-10-31": "4202.00000", "2015-10-31": "4038.00000", "2014-10-31": "4048.00000", "2013-10-31": "3894.00000", "2012-10-31": "6858.00000", "2011-10-31": "6615.00000", "2010-10-31": "5444.00000", "2009-10-31": "4481.00000", "2008-10-31": "5774.00000", "2007-10-31": "5420.00000", "2006-10-31": "4973.00000", "2005-10-31": "4685.00000"}, "Cost Of Goods Sold": {"2020-10-31": "2502.00000", "2019-10-31": "2358.00000", "2018-10-31": "2234.00000", "2017-10-31": "2073.00000", "2016-10-31": "2005.00000", "2015-10-31": "1997.00000", "2014-10-31": "2072.00000", "2013-10-31": "1987.00000", "2012-10-31": "3254.00000", "2011-10-31": "3086.00000", "2010-10-31": "2514.00000", "2009-10-31": "2189.00000", "2008-10-31": "2578.00000", "2007-10-31": "2451.00000", "2006-10-31": "2315.00000", "2005-10-31": "2321.00000"}, "Gross Profit": {"2020-10-31": "2837.00000", "2019-10-31": "2805.00000", "2018-10-31": "2680.00000", "2017-10-31": "2399.00000", "2016-10-31": "2197.00000", "2015-10-31": "2041.00000", "2014-10-31": "1976.00000", "2013-10-31": "1907.00000", "2012-10-31": "3604.00000", "2011-10-31": "3529.00000", "2010-10-31": "2930.00000", "2009-10-31": "2292.00000", "2008-10-31": "3196.00000", "2007-10-31": "2969.00000", "2006-10-31": "2658.00000", "2005-10-31": "2364.00000"}, "Research And Development Expenses": {"2020-10-31": "495.00000", "2019-10-31": "404.00000", "2018-10-31": "387.00000", "2017-10-31": "341.00000", "2016-10-31": "329.00000", "2015-10-31": "330.00000", "2014-10-31": "358.00000", "2013-10-31": "337.00000", "2012-10-31": "668.00000", "2011-10-31": "649.00000", "2010-10-31": "612.00000", "2009-10-31": "642.00000", "2008-10-31": "704.00000", "2007-10-31": "685.00000", "2006-10-31": "655.00000", "2005-10-31": "650.00000"}, "SG&A Expenses": {"2020-10-31": "1496.00000", "2019-10-31": "1460.00000", "2018-10-31": "1389.00000", "2017-10-31": "1251.00000", "2016-10-31": "1253.00000", "2015-10-31": "1189.00000", "2014-10-31": "1199.00000", "2013-10-31": "1184.00000", "2012-10-31": "1817.00000", "2011-10-31": "1809.00000", "2010-10-31": "1752.00000", "2009-10-31": "1603.00000", "2008-10-31": "1697.00000", "2007-10-31": "1700.00000", "2006-10-31": "1660.00000", "2005-10-31": "1498.00000"}, "Other Operating Income Or Expenses": {"2020-10-31": "", "2019-10-31": "", "2018-10-31": "", "2017-10-31": "", "2016-10-31": "", "2015-10-31": "", "2014-10-31": "", "2013-10-31": "", "2012-10-31": "", "2011-10-31": "", "2010-10-31": "", "2009-10-31": "", "2008-10-31": "", "2007-10-31": "", "2006-10-31": "121.00000", "2005-10-31": ""}, "Operating Expenses": {"2020-10-31": "4493.00000", "2019-10-31": "4222.00000", "2018-10-31": "4010.00000", "2017-10-31": "3665.00000", "2016-10-31": "3587.00000", "2015-10-31": "3516.00000", "2014-10-31": "3629.00000", "2013-10-31": "3508.00000", "2012-10-31": "5739.00000", "2011-10-31": "5544.00000", "2010-10-31": "4878.00000", "2009-10-31": "4434.00000", "2008-10-31": "4979.00000", "2007-10-31": "4836.00000", "2006-10-31": "4509.00000", "2005-10-31": "4469.00000"}, "Operating Income": {"2020-10-31": "846.00000", "2019-10-31": "941.00000", "2018-10-31": "904.00000", "2017-10-31": "807.00000", "2016-10-31": "615.00000", "2015-10-31": "522.00000", "2014-10-31": "419.00000", "2013-10-31": "386.00000", "2012-10-31": "1119.00000", "2011-10-31": "1071.00000", "2010-10-31": "566.00000", "2009-10-31": "47.00000", "2008-10-31": "795.00000", "2007-10-31": "584.00000", "2006-10-31": "464.00000", "2005-10-31": "216.00000"}, "Total Non-Operating Income/Expense": {"2020-10-31": "-4.00000", "2019-10-31": "-22.00000", "2018-10-31": "42.00000", "2017-10-31": "-4.00000", "2016-10-31": "-71.00000", "2015-10-31": "-42.00000", "2014-10-31": "-190.00000", "2013-10-31": "-93.00000", "2012-10-31": "-76.00000", "2011-10-31": "-39.00000", "2010-10-31": "126.00000", "2009-10-31": "-40.00000", "2008-10-31": "20.00000", "2007-10-31": "86.00000", "2006-10-31": "163.00000", "2005-10-31": "75.00000"}, "Pre-Tax Income": {"2020-10-31": "842.00000", "2019-10-31": "919.00000", "2018-10-31": "946.00000", "2017-10-31": "803.00000", "2016-10-31": "544.00000", "2015-10-31": "480.00000", "2014-10-31": "229.00000", "2013-10-31": "293.00000", "2012-10-31": "1043.00000", "2011-10-31": "1032.00000", "2010-10-31": "692.00000", "2009-10-31": "7.00000", "2008-10-31": "815.00000", "2007-10-31": "670.00000", "2006-10-31": "627.00000", "2005-10-31": "291.00000"}, "Income Taxes": {"2020-10-31": "123.00000", "2019-10-31": "-152.00000", "2018-10-31": "630.00000", "2017-10-31": "119.00000", "2016-10-31": "82.00000", "2015-10-31": "42.00000", "2014-10-31": "-3.00000", "2013-10-31": "68.00000", "2012-10-31": "-110.00000", "2011-10-31": "20.00000", "2010-10-31": "8.00000", "2009-10-31": "38.00000", "2008-10-31": "122.00000", "2007-10-31": "32.00000", "2006-10-31": "91.00000", "2005-10-31": "142.00000"}, "Income After Taxes": {"2020-10-31": "719.00000", "2019-10-31": "1071.00000", "2018-10-31": "316.00000", "2017-10-31": "684.00000", "2016-10-31": "462.00000", "2015-10-31": "438.00000", "2014-10-31": "232.00000", "2013-10-31": "225.00000", "2012-10-31": "1153.00000", "2011-10-31": "1012.00000", "2010-10-31": "684.00000", "2009-10-31": "-31.00000", "2008-10-31": "693.00000", "2007-10-31": "638.00000", "2006-10-31": "536.00000", "2005-10-31": "149.00000"}, "Other Income": {"2020-10-31": "", "2019-10-31": "", "2018-10-31": "", "2017-10-31": "", "2016-10-31": "", "2015-10-31": "", "2014-10-31": "", "2013-10-31": "", "2012-10-31": "", "2011-10-31": "", "2010-10-31": "", "2009-10-31": "", "2008-10-31": "", "2007-10-31": "", "2006-10-31": "", "2005-10-31": ""}, "Income From Continuous Operations": {"2020-10-31": "719.00000", "2019-10-31": "1071.00000", "2018-10-31": "316.00000", "2017-10-31": "684.00000", "2016-10-31": "462.00000", "2015-10-31": "438.00000", "2014-10-31": "232.00000", "2013-10-31": "225.00000", "2012-10-31": "1153.00000", "2011-10-31": "1012.00000", "2010-10-31": "684.00000", "2009-10-31": "-31.00000", "2008-10-31": "693.00000", "2007-10-31": "638.00000", "2006-10-31": "1437.00000", "2005-10-31": "191.00000"}, "Income From Discontinued Operations": {"2020-10-31": "", "2019-10-31": "", "2018-10-31": "", "2017-10-31": "", "2016-10-31": "", "2015-10-31": "-37.00000", "2014-10-31": "317.00000", "2013-10-31": "509.00000", "2012-10-31": "", "2011-10-31": "", "2010-10-31": "", "2009-10-31": "", "2008-10-31": "", "2007-10-31": "", "2006-10-31": "1870.00000", "2005-10-31": "136.00000"}, "Net Income": {"2020-10-31": "719.00000", "2019-10-31": "1071.00000", "2018-10-31": "316.00000", "2017-10-31": "684.00000", "2016-10-31": "462.00000", "2015-10-31": "401.00000", "2014-10-31": "549.00000", "2013-10-31": "734.00000", "2012-10-31": "1153.00000", "2011-10-31": "1012.00000", "2010-10-31": "684.00000", "2009-10-31": "-31.00000", "2008-10-31": "693.00000", "2007-10-31": "638.00000", "2006-10-31": "3307.00000", "2005-10-31": "327.00000"}, "EBITDA": {"2020-10-31": "1154.00000", "2019-10-31": "1179.00000", "2018-10-31": "1114.00000", "2017-10-31": "1019.00000", "2016-10-31": "861.00000", "2015-10-31": "775.00000", "2014-10-31": "781.00000", "2013-10-31": "758.00000", "2012-10-31": "1420.00000", "2011-10-31": "1324.00000", "2010-10-31": "768.00000", "2009-10-31": "209.00000", "2008-10-31": "996.00000", "2007-10-31": "775.00000", "2006-10-31": "634.00000", "2005-10-31": "396.00000"}, "EBIT": {"2020-10-31": "846.00000", "2019-10-31": "941.00000", "2018-10-31": "904.00000", "2017-10-31": "807.00000", "2016-10-31": "615.00000", "2015-10-31": "522.00000", "2014-10-31": "419.00000", "2013-10-31": "386.00000", "2012-10-31": "1119.00000", "2011-10-31": "1071.00000", "2010-10-31": "566.00000", "2009-10-31": "47.00000", "2008-10-31": "795.00000", "2007-10-31": "584.00000", "2006-10-31": "464.00000", "2005-10-31": "216.00000"}, "Basic Shares Outstanding": {"2020-10-31": "309.00000", "2019-10-31": "314.00000", "2018-10-31": "321.00000", "2017-10-31": "322.00000", "2016-10-31": "326.00000", "2015-10-31": "333.00000", "2014-10-31": "333.00000", "2013-10-31": "341.00000", "2012-10-31": "348.00000", "2011-10-31": "347.00000", "2010-10-31": "347.00000", "2009-10-31": "346.00000", "2008-10-31": "363.00000", "2007-10-31": "394.00000", "2006-10-31": "431.00000", "2005-10-31": "494.00000"}, "Shares Outstanding": {"2020-10-31": "312.00000", "2019-10-31": "318.00000", "2018-10-31": "325.00000", "2017-10-31": "326.00000", "2016-10-31": "329.00000", "2015-10-31": "335.00000", "2014-10-31": "338.00000", "2013-10-31": "345.00000", "2012-10-31": "353.00000", "2011-10-31": "355.00000", "2010-10-31": "353.00000", "2009-10-31": "346.00000", "2008-10-31": "371.00000", "2007-10-31": "406.00000", "2006-10-31": "441.00000", "2005-10-31": "500.00000"}, "Basic EPS": {"2020-10-31": "2.33000", "2019-10-31": "3.41000", "2018-10-31": "0.98000", "2017-10-31": "2.12000", "2016-10-31": "1.42000", "2015-10-31": "1.20000", "2014-10-31": "1.65000", "2013-10-31": "2.15000", "2012-10-31": "3.31000", "2011-10-31": "2.92000", "2010-10-31": "1.97000", "2009-10-31": "-0.09000", "2008-10-31": "1.91000", "2007-10-31": "1.62000", "2006-10-31": "7.67000", "2005-10-31": "0.66000"}, "EPS - Earnings Per Share": {"2020-10-31": "2.30000", "2019-10-31": "3.37000", "2018-10-31": "0.97000", "2017-10-31": "2.10000", "2016-10-31": "1.40000", "2015-10-31": "1.20000", "2014-10-31": "1.62000", "2013-10-31": "2.13000", "2012-10-31": "3.27000", "2011-10-31": "2.85000", "2010-10-31": "1.94000", "2009-10-31": "-0.09000", "2008-10-31": "1.87000", "2007-10-31": "1.57000", "2006-10-31": "7.50000", "2005-10-31": "0.65000"}}, "income statement, quarterly": {"Revenue": {"2020-10-31": "1483.00000", "2020-07-31": "1261.00000", "2020-04-30": "1238.00000", "2020-01-31": "1357.00000", "2019-10-31": "1367.00000", "2019-07-31": "1274.00000", "2019-04-30": "1238.00000", "2019-01-31": "1284.00000", "2018-10-31": "1294.00000", "2018-07-31": "1203.00000", "2018-04-30": "1206.00000", "2018-01-31": "1211.00000", "2017-10-31": "1189.00000", "2017-07-31": "1114.00000", "2017-04-30": "1102.00000", "2017-01-31": "1067.00000", "2016-10-31": "1111.00000", "2016-07-31": "1044.00000", "2016-04-30": "1019.00000", "2016-01-31": "1028.00000", "2015-10-31": "1035.00000", "2015-07-31": "1014.00000", "2015-04-30": "963.00000", "2015-01-31": "1026.00000", "2014-10-31": "1805.00000", "2014-07-31": "1009.00000", "2014-04-30": "988.00000", "2014-01-31": "1008.00000", "2013-10-31": "1718.00000", "2013-07-31": "1652.00000", "2013-04-30": "1732.00000", "2013-01-31": "1680.00000", "2012-10-31": "1767.00000", "2012-07-31": "1723.00000", "2012-04-30": "1733.00000", "2012-01-31": "1635.00000", "2011-10-31": "1728.00000", "2011-07-31": "1691.00000", "2011-04-30": "1677.00000", "2011-01-31": "1519.00000", "2010-10-31": "1576.00000", "2010-07-31": "1384.00000", "2010-04-30": "1271.00000", "2010-01-31": "1213.00000", "2009-10-31": "1167.00000", "2009-07-31": "1057.00000", "2009-04-30": "1091.00000", "2009-01-31": "1166.00000", "2008-10-31": "1481.00000", "2008-07-31": "1444.00000", "2008-04-30": "1456.00000", "2008-01-31": "1393.00000", "2007-10-31": "1446.00000", "2007-07-31": "1374.00000", "2007-04-30": "1320.00000", "2007-01-31": "1280.00000", "2006-10-31": "1328.00000", "2006-07-31": "1239.00000", "2006-04-30": "1239.00000", "2006-01-31": "1167.00000", "2005-10-31": "953.00000", "2005-07-31": "1242.00000", "2005-04-30": "1278.00000", "2005-01-31": "1212.00000"}, "Cost Of Goods Sold": {"2020-10-31": "695.00000", "2020-07-31": "592.00000", "2020-04-30": "581.00000", "2020-01-31": "634.00000", "2019-10-31": "630.00000", "2019-07-31": "582.00000", "2019-04-30": "569.00000", "2019-01-31": "577.00000", "2018-10-31": "586.00000", "2018-07-31": "544.00000", "2018-04-30": "563.00000", "2018-01-31": "541.00000", "2017-10-31": "552.00000", "2017-07-31": "518.00000", "2017-04-30": "510.00000", "2017-01-31": "493.00000", "2016-10-31": "523.00000", "2016-07-31": "502.00000", "2016-04-30": "489.00000", "2016-01-31": "491.00000", "2015-10-31": "500.00000", "2015-07-31": "501.00000", "2015-04-30": "483.00000", "2015-01-31": "513.00000", "2014-10-31": "908.00000", "2014-07-31": "507.00000", "2014-04-30": "503.00000", "2014-01-31": "498.00000", "2013-10-31": "810.00000", "2013-07-31": "796.00000", "2013-04-30": "841.00000", "2013-01-31": "800.00000", "2012-10-31": "845.00000", "2012-07-31": "833.00000", "2012-04-30": "815.00000", "2012-01-31": "761.00000", "2011-10-31": "807.00000", "2011-07-31": "799.00000", "2011-04-30": "777.00000", "2011-01-31": "703.00000", "2010-10-31": "742.00000", "2010-07-31": "659.00000", "2010-04-30": "560.00000", "2010-01-31": "553.00000", "2009-10-31": "533.00000", "2009-07-31": "518.00000", "2009-04-30": "561.00000", "2009-01-31": "577.00000", "2008-10-31": "651.00000", "2008-07-31": "641.00000", "2008-04-30": "649.00000", "2008-01-31": "637.00000", "2007-10-31": "656.00000", "2007-07-31": "616.00000", "2007-04-30": "590.00000", "2007-01-31": "589.00000", "2006-10-31": "599.00000", "2006-07-31": "553.00000", "2006-04-30": "598.00000", "2006-01-31": "565.00000", "2005-10-31": "416.00000", "2005-07-31": "646.00000", "2005-04-30": "638.00000", "2005-01-31": "621.00000"}, "Gross Profit": {"2020-10-31": "788.00000", "2020-07-31": "669.00000", "2020-04-30": "657.00000", "2020-01-31": "723.00000", "2019-10-31": "737.00000", "2019-07-31": "692.00000", "2019-04-30": "669.00000", "2019-01-31": "707.00000", "2018-10-31": "708.00000", "2018-07-31": "659.00000", "2018-04-30": "643.00000", "2018-01-31": "670.00000", "2017-10-31": "637.00000", "2017-07-31": "596.00000", "2017-04-30": "592.00000", "2017-01-31": "574.00000", "2016-10-31": "588.00000", "2016-07-31": "542.00000", "2016-04-30": "530.00000", "2016-01-31": "537.00000", "2015-10-31": "535.00000", "2015-07-31": "513.00000", "2015-04-30": "480.00000", "2015-01-31": "513.00000", "2014-10-31": "897.00000", "2014-07-31": "502.00000", "2014-04-30": "485.00000", "2014-01-31": "510.00000", "2013-10-31": "908.00000", "2013-07-31": "856.00000", "2013-04-30": "891.00000", "2013-01-31": "880.00000", "2012-10-31": "922.00000", "2012-07-31": "890.00000", "2012-04-30": "918.00000", "2012-01-31": "874.00000", "2011-10-31": "921.00000", "2011-07-31": "892.00000", "2011-04-30": "900.00000", "2011-01-31": "816.00000", "2010-10-31": "834.00000", "2010-07-31": "725.00000", "2010-04-30": "711.00000", "2010-01-31": "660.00000", "2009-10-31": "634.00000", "2009-07-31": "539.00000", "2009-04-30": "530.00000", "2009-01-31": "589.00000", "2008-10-31": "830.00000", "2008-07-31": "803.00000", "2008-04-30": "807.00000", "2008-01-31": "756.00000", "2007-10-31": "790.00000", "2007-07-31": "758.00000", "2007-04-30": "730.00000", "2007-01-31": "691.00000", "2006-10-31": "729.00000", "2006-07-31": "686.00000", "2006-04-30": "641.00000", "2006-01-31": "602.00000", "2005-10-31": "537.00000", "2005-07-31": "596.00000", "2005-04-30": "640.00000", "2005-01-31": "591.00000"}, "Research And Development Expenses": {"2020-10-31": "102.00000", "2020-07-31": "92.00000", "2020-04-30": "197.00000", "2020-01-31": "104.00000", "2019-10-31": "102.00000", "2019-07-31": "101.00000", "2019-04-30": "99.00000", "2019-01-31": "102.00000", "2018-10-31": "104.00000", "2018-07-31": "97.00000", "2018-04-30": "92.00000", "2018-01-31": "94.00000", "2017-10-31": "91.00000", "2017-07-31": "87.00000", "2017-04-30": "84.00000", "2017-01-31": "79.00000", "2016-10-31": "84.00000", "2016-07-31": "86.00000", "2016-04-30": "81.00000", "2016-01-31": "78.00000", "2015-10-31": "82.00000", "2015-07-31": "79.00000", "2015-04-30": "81.00000", "2015-01-31": "88.00000", "2014-10-31": "189.00000", "2014-07-31": "86.00000", "2014-04-30": "87.00000", "2014-01-31": "88.00000", "2013-10-31": "173.00000", "2013-07-31": "171.00000", "2013-04-30": "181.00000", "2013-01-31": "179.00000", "2012-10-31": "178.00000", "2012-07-31": "162.00000", "2012-04-30": "166.00000", "2012-01-31": "162.00000", "2011-10-31": "163.00000", "2011-07-31": "162.00000", "2011-04-30": "165.00000", "2011-01-31": "159.00000", "2010-10-31": "159.00000", "2010-07-31": "154.00000", "2010-04-30": "150.00000", "2010-01-31": "149.00000", "2009-10-31": "150.00000", "2009-07-31": "153.00000", "2009-04-30": "170.00000", "2009-01-31": "169.00000", "2008-10-31": "170.00000", "2008-07-31": "170.00000", "2008-04-30": "183.00000", "2008-01-31": "181.00000", "2007-10-31": "174.00000", "2007-07-31": "170.00000", "2007-04-30": "173.00000", "2007-01-31": "168.00000", "2006-10-31": "156.00000", "2006-07-31": "162.00000", "2006-04-30": "172.00000", "2006-01-31": "165.00000", "2005-10-31": "103.00000", "2005-07-31": "183.00000", "2005-04-30": "189.00000", "2005-01-31": "175.00000"}, "SG&A Expenses": {"2020-10-31": "387.00000", "2020-07-31": "347.00000", "2020-04-30": "358.00000", "2020-01-31": "404.00000", "2019-10-31": "385.00000", "2019-07-31": "366.00000", "2019-04-30": "354.00000", "2019-01-31": "355.00000", "2018-10-31": "360.00000", "2018-07-31": "341.00000", "2018-04-30": "341.00000", "2018-01-31": "347.00000", "2017-10-31": "347.00000", "2017-07-31": "308.00000", "2017-04-30": "307.00000", "2017-01-31": "289.00000", "2016-10-31": "321.00000", "2016-07-31": "310.00000", "2016-04-30": "318.00000", "2016-01-31": "304.00000", "2015-10-31": "297.00000", "2015-07-31": "290.00000", "2015-04-30": "292.00000", "2015-01-31": "310.00000", "2014-10-31": "534.00000", "2014-07-31": "285.00000", "2014-04-30": "304.00000", "2014-01-31": "298.00000", "2013-10-31": "450.00000", "2013-07-31": "449.00000", "2013-04-30": "497.00000", "2013-01-31": "484.00000", "2012-10-31": "466.00000", "2012-07-31": "458.00000", "2012-04-30": "452.00000", "2012-01-31": "441.00000", "2011-10-31": "445.00000", "2011-07-31": "449.00000", "2011-04-30": "469.00000", "2011-01-31": "446.00000", "2010-10-31": "472.00000", "2010-07-31": "456.00000", "2010-04-30": "407.00000", "2010-01-31": "417.00000", "2009-10-31": "413.00000", "2009-07-31": "387.00000", "2009-04-30": "407.00000", "2009-01-31": "396.00000", "2008-10-31": "408.00000", "2008-07-31": "415.00000", "2008-04-30": "433.00000", "2008-01-31": "441.00000", "2007-10-31": "426.00000", "2007-07-31": "420.00000", "2007-04-30": "426.00000", "2007-01-31": "428.00000", "2006-10-31": "424.00000", "2006-07-31": "407.00000", "2006-04-30": "427.00000", "2006-01-31": "402.00000", "2005-10-31": "333.00000", "2005-07-31": "378.00000", "2005-04-30": "409.00000", "2005-01-31": "378.00000"}, "Other Operating Income Or Expenses": {"2020-10-31": "", "2020-07-31": "", "2020-04-30": "", "2020-01-31": "", "2019-10-31": "", "2019-07-31": "", "2019-04-30": "", "2019-01-31": "", "2018-10-31": "", "2018-07-31": "", "2018-04-30": "", "2018-01-31": "", "2017-10-31": "", "2017-07-31": "", "2017-04-30": "", "2017-01-31": "", "2016-10-31": "", "2016-07-31": "", "2016-04-30": "", "2016-01-31": "", "2015-10-31": "", "2015-07-31": "", "2015-04-30": "", "2015-01-31": "", "2014-10-31": "", "2014-07-31": "", "2014-04-30": "", "2014-01-31": "", "2013-10-31": "", "2013-07-31": "", "2013-04-30": "", "2013-01-31": "", "2012-10-31": "", "2012-07-31": "", "2012-04-30": "", "2012-01-31": "", "2011-10-31": "", "2011-07-31": "", "2011-04-30": "", "2011-01-31": "", "2010-10-31": "", "2010-07-31": "", "2010-04-30": "", "2010-01-31": "", "2009-10-31": "", "2009-07-31": "", "2009-04-30": "", "2009-01-31": "", "2008-10-31": "", "2008-07-31": "", "2008-04-30": "", "2008-01-31": "", "2007-10-31": "", "2007-07-31": "", "2007-04-30": "", "2007-01-31": "", "2006-10-31": "", "2006-07-31": "65.00000", "2006-04-30": "56.00000", "2006-01-31": "", "2005-10-31": "", "2005-07-31": "", "2005-04-30": "", "2005-01-31": ""}, "Operating Expenses": {"2020-10-31": "1184.00000", "2020-07-31": "1031.00000", "2020-04-30": "1136.00000", "2020-01-31": "1142.00000", "2019-10-31": "1117.00000", "2019-07-31": "1049.00000", "2019-04-30": "1022.00000", "2019-01-31": "1034.00000", "2018-10-31": "1050.00000", "2018-07-31": "982.00000", "2018-04-30": "996.00000", "2018-01-31": "982.00000", "2017-10-31": "990.00000", "2017-07-31": "913.00000", "2017-04-30": "901.00000", "2017-01-31": "861.00000", "2016-10-31": "928.00000", "2016-07-31": "898.00000", "2016-04-30": "888.00000", "2016-01-31": "873.00000", "2015-10-31": "879.00000", "2015-07-31": "870.00000", "2015-04-30": "856.00000", "2015-01-31": "911.00000", "2014-10-31": "1631.00000", "2014-07-31": "878.00000", "2014-04-30": "894.00000", "2014-01-31": "884.00000", "2013-10-31": "1433.00000", "2013-07-31": "1416.00000", "2013-04-30": "1519.00000", "2013-01-31": "1463.00000", "2012-10-31": "1489.00000", "2012-07-31": "1453.00000", "2012-04-30": "1433.00000", "2012-01-31": "1364.00000", "2011-10-31": "1415.00000", "2011-07-31": "1410.00000", "2011-04-30": "1411.00000", "2011-01-31": "1308.00000", "2010-10-31": "1373.00000", "2010-07-31": "1269.00000", "2010-04-30": "1117.00000", "2010-01-31": "1119.00000", "2009-10-31": "1096.00000", "2009-07-31": "1058.00000", "2009-04-30": "1138.00000", "2009-01-31": "1142.00000", "2008-10-31": "1229.00000", "2008-07-31": "1226.00000", "2008-04-30": "1265.00000", "2008-01-31": "1259.00000", "2007-10-31": "1256.00000", "2007-07-31": "1206.00000", "2007-04-30": "1189.00000", "2007-01-31": "1185.00000", "2006-10-31": "1179.00000", "2006-07-31": "1057.00000", "2006-04-30": "1141.00000", "2006-01-31": "1132.00000", "2005-10-31": "852.00000", "2005-07-31": "1207.00000", "2005-04-30": "1236.00000", "2005-01-31": "1174.00000"}, "Operating Income": {"2020-10-31": "299.00000", "2020-07-31": "230.00000", "2020-04-30": "102.00000", "2020-01-31": "215.00000", "2019-10-31": "250.00000", "2019-07-31": "225.00000", "2019-04-30": "216.00000", "2019-01-31": "250.00000", "2018-10-31": "244.00000", "2018-07-31": "221.00000", "2018-04-30": "210.00000", "2018-01-31": "229.00000", "2017-10-31": "199.00000", "2017-07-31": "201.00000", "2017-04-30": "201.00000", "2017-01-31": "206.00000", "2016-10-31": "183.00000", "2016-07-31": "146.00000", "2016-04-30": "131.00000", "2016-01-31": "155.00000", "2015-10-31": "156.00000", "2015-07-31": "144.00000", "2015-04-30": "107.00000", "2015-01-31": "115.00000", "2014-10-31": "174.00000", "2014-07-31": "131.00000", "2014-04-30": "94.00000", "2014-01-31": "124.00000", "2013-10-31": "285.00000", "2013-07-31": "236.00000", "2013-04-30": "213.00000", "2013-01-31": "217.00000", "2012-10-31": "278.00000", "2012-07-31": "270.00000", "2012-04-30": "300.00000", "2012-01-31": "271.00000", "2011-10-31": "313.00000", "2011-07-31": "281.00000", "2011-04-30": "266.00000", "2011-01-31": "211.00000", "2010-10-31": "203.00000", "2010-07-31": "115.00000", "2010-04-30": "154.00000", "2010-01-31": "94.00000", "2009-10-31": "71.00000", "2009-07-31": "-1.00000", "2009-04-30": "-47.00000", "2009-01-31": "24.00000", "2008-10-31": "252.00000", "2008-07-31": "218.00000", "2008-04-30": "191.00000", "2008-01-31": "134.00000", "2007-10-31": "190.00000", "2007-07-31": "168.00000", "2007-04-30": "131.00000", "2007-01-31": "95.00000", "2006-10-31": "149.00000", "2006-07-31": "182.00000", "2006-04-30": "98.00000", "2006-01-31": "35.00000", "2005-10-31": "101.00000", "2005-07-31": "35.00000", "2005-04-30": "42.00000", "2005-01-31": "38.00000"}, "Total Non-Operating Income/Expense": {"2020-10-31": "-16.00000", "2020-07-31": "-11.00000", "2020-04-30": "19.00000", "2020-01-31": "4.00000", "2019-10-31": "-19.00000", "2019-07-31": "-3.00000", "2019-04-30": "2.00000", "2019-01-31": "-2.00000", "2018-10-31": "", "2018-07-31": "21.00000", "2018-04-30": "17.00000", "2018-01-31": "4.00000", "2017-10-31": "27.00000", "2017-07-31": "-8.00000", "2017-04-30": "-10.00000", "2017-01-31": "-13.00000", "2016-10-31": "-32.00000", "2016-07-31": "-12.00000", "2016-04-30": "-14.00000", "2016-01-31": "-13.00000", "2015-10-31": "-13.00000", "2015-07-31": "-16.00000", "2015-04-30": "-11.00000", "2015-01-31": "-2.00000", "2014-10-31": "-89.00000", "2014-07-31": "-46.00000", "2014-04-30": "-25.00000", "2014-01-31": "-27.00000", "2013-10-31": "-31.00000", "2013-07-31": "-24.00000", "2013-04-30": "-15.00000", "2013-01-31": "-22.00000", "2012-10-31": "-22.00000", "2012-07-31": "-32.00000", "2012-04-30": "-7.00000", "2012-01-31": "-15.00000", "2011-10-31": "-20.00000", "2011-07-31": "", "2011-04-30": "-6.00000", "2011-01-31": "-13.00000", "2010-10-31": "40.00000", "2010-07-31": "112.00000", "2010-04-30": "-15.00000", "2010-01-31": "-11.00000", "2009-10-31": "8.00000", "2009-07-31": "-40.00000", "2009-04-30": "-11.00000", "2009-01-31": "3.00000", "2008-10-31": "5.00000", "2008-07-31": "-3.00000", "2008-04-30": "5.00000", "2008-01-31": "13.00000", "2007-10-31": "11.00000", "2007-07-31": "22.00000", "2007-04-30": "25.00000", "2007-01-31": "28.00000", "2006-10-31": "24.00000", "2006-07-31": "45.00000", "2006-04-30": "46.00000", "2006-01-31": "48.00000", "2005-10-31": "15.00000", "2005-07-31": "25.00000", "2005-04-30": "15.00000", "2005-01-31": "20.00000"}, "Pre-Tax Income": {"2020-10-31": "283.00000", "2020-07-31": "219.00000", "2020-04-30": "121.00000", "2020-01-31": "219.00000", "2019-10-31": "231.00000", "2019-07-31": "222.00000", "2019-04-30": "218.00000", "2019-01-31": "248.00000", "2018-10-31": "244.00000", "2018-07-31": "242.00000", "2018-04-30": "227.00000", "2018-01-31": "233.00000", "2017-10-31": "226.00000", "2017-07-31": "193.00000", "2017-04-30": "191.00000", "2017-01-31": "193.00000", "2016-10-31": "151.00000", "2016-07-31": "134.00000", "2016-04-30": "117.00000", "2016-01-31": "142.00000", "2015-10-31": "143.00000", "2015-07-31": "128.00000", "2015-04-30": "96.00000", "2015-01-31": "113.00000", "2014-10-31": "85.00000", "2014-07-31": "85.00000", "2014-04-30": "69.00000", "2014-01-31": "97.00000", "2013-10-31": "254.00000", "2013-07-31": "212.00000", "2013-04-30": "198.00000", "2013-01-31": "195.00000", "2012-10-31": "256.00000", "2012-07-31": "238.00000", "2012-04-30": "293.00000", "2012-01-31": "256.00000", "2011-10-31": "293.00000", "2011-07-31": "281.00000", "2011-04-30": "260.00000", "2011-01-31": "198.00000", "2010-10-31": "243.00000", "2010-07-31": "227.00000", "2010-04-30": "139.00000", "2010-01-31": "83.00000", "2009-10-31": "79.00000", "2009-07-31": "-41.00000", "2009-04-30": "-58.00000", "2009-01-31": "27.00000", "2008-10-31": "257.00000", "2008-07-31": "215.00000", "2008-04-30": "196.00000", "2008-01-31": "147.00000", "2007-10-31": "201.00000", "2007-07-31": "190.00000", "2007-04-30": "156.00000", "2007-01-31": "123.00000", "2006-10-31": "173.00000", "2006-07-31": "227.00000", "2006-04-30": "144.00000", "2006-01-31": "83.00000", "2005-10-31": "116.00000", "2005-07-31": "60.00000", "2005-04-30": "57.00000", "2005-01-31": "58.00000"}, "Income Taxes": {"2020-10-31": "61.00000", "2020-07-31": "20.00000", "2020-04-30": "20.00000", "2020-01-31": "22.00000", "2019-10-31": "37.00000", "2019-07-31": "31.00000", "2019-04-30": "36.00000", "2019-01-31": "-256.00000", "2018-10-31": "49.00000", "2018-07-31": "6.00000", "2018-04-30": "22.00000", "2018-01-31": "553.00000", "2017-10-31": "49.00000", "2017-07-31": "18.00000", "2017-04-30": "27.00000", "2017-01-31": "25.00000", "2016-10-31": "25.00000", "2016-07-31": "10.00000", "2016-04-30": "26.00000", "2016-01-31": "21.00000", "2015-10-31": "3.00000", "2015-07-31": "15.00000", "2015-04-30": "4.00000", "2015-01-31": "20.00000", "2014-10-31": "69.00000", "2014-07-31": "22.00000", "2014-04-30": "29.00000", "2014-01-31": "-24.00000", "2013-10-31": "43.00000", "2013-07-31": "44.00000", "2013-04-30": "32.00000", "2013-01-31": "16.00000", "2012-10-31": "-169.00000", "2012-07-31": "-5.00000", "2012-04-30": "38.00000", "2012-01-31": "26.00000", "2011-10-31": "4.00000", "2011-07-31": "-49.00000", "2011-04-30": "60.00000", "2011-01-31": "5.00000", "2010-10-31": "-49.00000", "2010-07-31": "22.00000", "2010-04-30": "31.00000", "2010-01-31": "4.00000", "2009-10-31": "54.00000", "2009-07-31": "-22.00000", "2009-04-30": "43.00000", "2009-01-31": "-37.00000", "2008-10-31": "26.00000", "2008-07-31": "46.00000", "2008-04-30": "23.00000", "2008-01-31": "27.00000", "2007-10-31": "21.00000", "2007-07-31": "5.00000", "2007-04-30": "33.00000", "2007-01-31": "-27.00000", "2006-10-31": "47.00000", "2006-07-31": "11.00000", "2006-04-30": "23.00000", "2006-01-31": "10.00000", "2005-10-31": "89.00000", "2005-07-31": "19.00000", "2005-04-30": "19.00000", "2005-01-31": "15.00000"}, "Income After Taxes": {"2020-10-31": "222.00000", "2020-07-31": "199.00000", "2020-04-30": "101.00000", "2020-01-31": "197.00000", "2019-10-31": "194.00000", "2019-07-31": "191.00000", "2019-04-30": "182.00000", "2019-01-31": "504.00000", "2018-10-31": "195.00000", "2018-07-31": "236.00000", "2018-04-30": "205.00000", "2018-01-31": "-320.00000", "2017-10-31": "177.00000", "2017-07-31": "175.00000", "2017-04-30": "164.00000", "2017-01-31": "168.00000", "2016-10-31": "126.00000", "2016-07-31": "124.00000", "2016-04-30": "91.00000", "2016-01-31": "121.00000", "2015-10-31": "140.00000", "2015-07-31": "113.00000", "2015-04-30": "92.00000", "2015-01-31": "93.00000", "2014-10-31": "16.00000", "2014-07-31": "63.00000", "2014-04-30": "40.00000", "2014-01-31": "121.00000", "2013-10-31": "211.00000", "2013-07-31": "168.00000", "2013-04-30": "166.00000", "2013-01-31": "179.00000", "2012-10-31": "425.00000", "2012-07-31": "243.00000", "2012-04-30": "255.00000", "2012-01-31": "230.00000", "2011-10-31": "289.00000", "2011-07-31": "330.00000", "2011-04-30": "200.00000", "2011-01-31": "193.00000", "2010-10-31": "292.00000", "2010-07-31": "205.00000", "2010-04-30": "108.00000", "2010-01-31": "79.00000", "2009-10-31": "25.00000", "2009-07-31": "-19.00000", "2009-04-30": "-101.00000", "2009-01-31": "64.00000", "2008-10-31": "231.00000", "2008-07-31": "169.00000", "2008-04-30": "173.00000", "2008-01-31": "120.00000", "2007-10-31": "180.00000", "2007-07-31": "185.00000", "2007-04-30": "123.00000", "2007-01-31": "150.00000", "2006-10-31": "126.00000", "2006-07-31": "216.00000", "2006-04-30": "121.00000", "2006-01-31": "73.00000", "2005-10-31": "27.00000", "2005-07-31": "41.00000", "2005-04-30": "38.00000", "2005-01-31": "43.00000"}, "Other Income": {"2020-10-31": "", "2020-07-31": "", "2020-04-30": "", "2020-01-31": "", "2019-10-31": "", "2019-07-31": "", "2019-04-30": "", "2019-01-31": "", "2018-10-31": "", "2018-07-31": "", "2018-04-30": "", "2018-01-31": "", "2017-10-31": "", "2017-07-31": "", "2017-04-30": "", "2017-01-31": "", "2016-10-31": "", "2016-07-31": "", "2016-04-30": "", "2016-01-31": "", "2015-10-31": "", "2015-07-31": "", "2015-04-30": "", "2015-01-31": "", "2014-10-31": "", "2014-07-31": "", "2014-04-30": "", "2014-01-31": "", "2013-10-31": "", "2013-07-31": "", "2013-04-30": "", "2013-01-31": "", "2012-10-31": "", "2012-07-31": "", "2012-04-30": "", "2012-01-31": "", "2011-10-31": "", "2011-07-31": "", "2011-04-30": "", "2011-01-31": "", "2010-10-31": "", "2010-07-31": "", "2010-04-30": "", "2010-01-31": "", "2009-10-31": "", "2009-07-31": "", "2009-04-30": "", "2009-01-31": "", "2008-10-31": "", "2008-07-31": "", "2008-04-30": "", "2008-01-31": "", "2007-10-31": "", "2007-07-31": "", "2007-04-30": "", "2007-01-31": "", "2006-10-31": "", "2006-07-31": "", "2006-04-30": "", "2006-01-31": "", "2005-10-31": "", "2005-07-31": "", "2005-04-30": "", "2005-01-31": ""}, "Income From Continuous Operations": {"2020-10-31": "222.00000", "2020-07-31": "199.00000", "2020-04-30": "101.00000", "2020-01-31": "197.00000", "2019-10-31": "194.00000", "2019-07-31": "191.00000", "2019-04-30": "182.00000", "2019-01-31": "504.00000", "2018-10-31": "195.00000", "2018-07-31": "236.00000", "2018-04-30": "205.00000", "2018-01-31": "-320.00000", "2017-10-31": "177.00000", "2017-07-31": "175.00000", "2017-04-30": "164.00000", "2017-01-31": "168.00000", "2016-10-31": "126.00000", "2016-07-31": "124.00000", "2016-04-30": "91.00000", "2016-01-31": "121.00000", "2015-10-31": "140.00000", "2015-07-31": "113.00000", "2015-04-30": "92.00000", "2015-01-31": "93.00000", "2014-10-31": "16.00000", "2014-07-31": "63.00000", "2014-04-30": "40.00000", "2014-01-31": "121.00000", "2013-10-31": "211.00000", "2013-07-31": "168.00000", "2013-04-30": "166.00000", "2013-01-31": "179.00000", "2012-10-31": "425.00000", "2012-07-31": "243.00000", "2012-04-30": "255.00000", "2012-01-31": "230.00000", "2011-10-31": "289.00000", "2011-07-31": "330.00000", "2011-04-30": "200.00000", "2011-01-31": "193.00000", "2010-10-31": "292.00000", "2010-07-31": "205.00000", "2010-04-30": "108.00000", "2010-01-31": "79.00000", "2009-10-31": "25.00000", "2009-07-31": "-19.00000", "2009-04-30": "-101.00000", "2009-01-31": "64.00000", "2008-10-31": "231.00000", "2008-07-31": "169.00000", "2008-04-30": "173.00000", "2008-01-31": "120.00000", "2007-10-31": "180.00000", "2007-07-31": "185.00000", "2007-04-30": "123.00000", "2007-01-31": "150.00000", "2006-10-31": "126.00000", "2006-07-31": "216.00000", "2006-04-30": "121.00000", "2006-01-31": "974.00000", "2005-10-31": "33.00000", "2005-07-31": "54.00000", "2005-04-30": "53.00000", "2005-01-31": "51.00000"}, "Income From Discontinued Operations": {"2020-10-31": "", "2020-07-31": "", "2020-04-30": "", "2020-01-31": "", "2019-10-31": "", "2019-07-31": "", "2019-04-30": "", "2019-01-31": "", "2018-10-31": "", "2018-07-31": "", "2018-04-30": "", "2018-01-31": "", "2017-10-31": "", "2017-07-31": "", "2017-04-30": "", "2017-01-31": "", "2016-10-31": "", "2016-07-31": "", "2016-04-30": "", "2016-01-31": "", "2015-10-31": "", "2015-07-31": "-2.00000", "2015-04-30": "-5.00000", "2015-01-31": "-30.00000", "2014-10-31": "60.00000", "2014-07-31": "84.00000", "2014-04-30": "99.00000", "2014-01-31": "74.00000", "2013-10-31": "", "2013-07-31": "", "2013-04-30": "", "2013-01-31": "", "2012-10-31": "", "2012-07-31": "", "2012-04-30": "", "2012-01-31": "", "2011-10-31": "", "2011-07-31": "", "2011-04-30": "", "2011-01-31": "", "2010-10-31": "", "2010-07-31": "", "2010-04-30": "", "2010-01-31": "", "2009-10-31": "", "2009-07-31": "", "2009-04-30": "", "2009-01-31": "", "2008-10-31": "", "2008-07-31": "", "2008-04-30": "", "2008-01-31": "", "2007-10-31": "", "2007-07-31": "", "2007-04-30": "", "2007-01-31": "", "2006-10-31": "23.00000", "2006-07-31": "11.00000", "2006-04-30": "-6.00000", "2006-01-31": "1842.00000", "2005-10-31": "-8.00000", "2005-07-31": "50.00000", "2005-04-30": "42.00000", "2005-01-31": "52.00000"}, "Net Income": {"2020-10-31": "222.00000", "2020-07-31": "199.00000", "2020-04-30": "101.00000", "2020-01-31": "197.00000", "2019-10-31": "194.00000", "2019-07-31": "191.00000", "2019-04-30": "182.00000", "2019-01-31": "504.00000", "2018-10-31": "195.00000", "2018-07-31": "236.00000", "2018-04-30": "205.00000", "2018-01-31": "-320.00000", "2017-10-31": "177.00000", "2017-07-31": "175.00000", "2017-04-30": "164.00000", "2017-01-31": "168.00000", "2016-10-31": "126.00000", "2016-07-31": "124.00000", "2016-04-30": "91.00000", "2016-01-31": "121.00000", "2015-10-31": "140.00000", "2015-07-31": "111.00000", "2015-04-30": "87.00000", "2015-01-31": "63.00000", "2014-10-31": "16.00000", "2014-07-31": "147.00000", "2014-04-30": "139.00000", "2014-01-31": "195.00000", "2013-10-31": "211.00000", "2013-07-31": "168.00000", "2013-04-30": "166.00000", "2013-01-31": "179.00000", "2012-10-31": "425.00000", "2012-07-31": "243.00000", "2012-04-30": "255.00000", "2012-01-31": "230.00000", "2011-10-31": "289.00000", "2011-07-31": "330.00000", "2011-04-30": "200.00000", "2011-01-31": "193.00000", "2010-10-31": "292.00000", "2010-07-31": "205.00000", "2010-04-30": "108.00000", "2010-01-31": "79.00000", "2009-10-31": "25.00000", "2009-07-31": "-19.00000", "2009-04-30": "-101.00000", "2009-01-31": "64.00000", "2008-10-31": "231.00000", "2008-07-31": "169.00000", "2008-04-30": "173.00000", "2008-01-31": "120.00000", "2007-10-31": "180.00000", "2007-07-31": "185.00000", "2007-04-30": "123.00000", "2007-01-31": "150.00000", "2006-10-31": "149.00000", "2006-07-31": "227.00000", "2006-04-30": "115.00000", "2006-01-31": "2816.00000", "2005-10-31": "25.00000", "2005-07-31": "104.00000", "2005-04-30": "95.00000", "2005-01-31": "103.00000"}, "EBITDA": {"2020-10-31": "375.00000", "2020-07-31": "307.00000", "2020-04-30": "178.00000", "2020-01-31": "294.00000", "2019-10-31": "326.00000", "2019-07-31": "280.00000", "2019-04-30": "269.00000", "2019-01-31": "304.00000", "2018-10-31": "300.00000", "2018-07-31": "274.00000", "2018-04-30": "260.00000", "2018-01-31": "280.00000", "2017-10-31": "251.00000", "2017-07-31": "252.00000", "2017-04-30": "255.00000", "2017-01-31": "261.00000", "2016-10-31": "239.00000", "2016-07-31": "206.00000", "2016-04-30": "195.00000", "2016-01-31": "221.00000", "2015-10-31": "216.00000", "2015-07-31": "206.00000", "2015-04-30": "170.00000", "2015-01-31": "183.00000", "2014-10-31": "253.00000", "2014-07-31": "221.00000", "2014-04-30": "191.00000", "2014-01-31": "220.00000", "2013-10-31": "380.00000", "2013-07-31": "327.00000", "2013-04-30": "305.00000", "2013-01-31": "311.00000", "2012-10-31": "372.00000", "2012-07-31": "354.00000", "2012-04-30": "361.00000", "2012-01-31": "333.00000", "2011-10-31": "376.00000", "2011-07-31": "344.00000", "2011-04-30": "330.00000", "2011-01-31": "274.00000", "2010-10-31": "270.00000", "2010-07-31": "175.00000", "2010-04-30": "190.00000", "2010-01-31": "133.00000", "2009-10-31": "111.00000", "2009-07-31": "40.00000", "2009-04-30": "-7.00000", "2009-01-31": "65.00000", "2008-10-31": "296.00000", "2008-07-31": "275.00000", "2008-04-30": "242.00000", "2008-01-31": "183.00000", "2007-10-31": "238.00000", "2007-07-31": "218.00000", "2007-04-30": "178.00000", "2007-01-31": "141.00000", "2006-10-31": "191.00000", "2006-07-31": "225.00000", "2006-04-30": "144.00000", "2006-01-31": "74.00000", "2005-10-31": "140.00000", "2005-07-31": "84.00000", "2005-04-30": "86.00000", "2005-01-31": "86.00000"}, "EBIT": {"2020-10-31": "299.00000", "2020-07-31": "230.00000", "2020-04-30": "102.00000", "2020-01-31": "215.00000", "2019-10-31": "250.00000", "2019-07-31": "225.00000", "2019-04-30": "216.00000", "2019-01-31": "250.00000", "2018-10-31": "244.00000", "2018-07-31": "221.00000", "2018-04-30": "210.00000", "2018-01-31": "229.00000", "2017-10-31": "199.00000", "2017-07-31": "201.00000", "2017-04-30": "201.00000", "2017-01-31": "206.00000", "2016-10-31": "183.00000", "2016-07-31": "146.00000", "2016-04-30": "131.00000", "2016-01-31": "155.00000", "2015-10-31": "156.00000", "2015-07-31": "144.00000", "2015-04-30": "107.00000", "2015-01-31": "115.00000", "2014-10-31": "174.00000", "2014-07-31": "131.00000", "2014-04-30": "94.00000", "2014-01-31": "124.00000", "2013-10-31": "285.00000", "2013-07-31": "236.00000", "2013-04-30": "213.00000", "2013-01-31": "217.00000", "2012-10-31": "278.00000", "2012-07-31": "270.00000", "2012-04-30": "300.00000", "2012-01-31": "271.00000", "2011-10-31": "313.00000", "2011-07-31": "281.00000", "2011-04-30": "266.00000", "2011-01-31": "211.00000", "2010-10-31": "203.00000", "2010-07-31": "115.00000", "2010-04-30": "154.00000", "2010-01-31": "94.00000", "2009-10-31": "71.00000", "2009-07-31": "-1.00000", "2009-04-30": "-47.00000", "2009-01-31": "24.00000", "2008-10-31": "252.00000", "2008-07-31": "218.00000", "2008-04-30": "191.00000", "2008-01-31": "134.00000", "2007-10-31": "190.00000", "2007-07-31": "168.00000", "2007-04-30": "131.00000", "2007-01-31": "95.00000", "2006-10-31": "149.00000", "2006-07-31": "182.00000", "2006-04-30": "98.00000", "2006-01-31": "35.00000", "2005-10-31": "101.00000", "2005-07-31": "35.00000", "2005-04-30": "42.00000", "2005-01-31": "38.00000"}, "Basic Shares Outstanding": {"2020-10-31": "309.00000", "2020-07-31": "309.00000", "2020-04-30": "309.00000", "2020-01-31": "310.00000", "2019-10-31": "314.00000", "2019-07-31": "312.00000", "2019-04-30": "317.00000", "2019-01-31": "318.00000", "2018-10-31": "321.00000", "2018-07-31": "320.00000", "2018-04-30": "322.00000", "2018-01-31": "323.00000", "2017-10-31": "322.00000", "2017-07-31": "321.00000", "2017-04-30": "321.00000", "2017-01-31": "322.00000", "2016-10-31": "326.00000", "2016-07-31": "325.00000", "2016-04-30": "326.00000", "2016-01-31": "329.00000", "2015-10-31": "333.00000", "2015-07-31": "332.00000", "2015-04-30": "334.00000", "2015-01-31": "336.00000", "2014-10-31": "334.00000", "2014-07-31": "334.00000", "2014-04-30": "333.00000", "2014-01-31": "333.00000", "2013-10-31": "331.00000", "2013-07-31": "339.00000", "2013-04-30": "345.00000", "2013-01-31": "347.00000", "2012-10-31": "348.00000", "2012-07-31": "348.00000", "2012-04-30": "348.00000", "2012-01-31": "348.00000", "2011-10-31": "347.00000", "2011-07-31": "348.00000", "2011-04-30": "347.00000", "2011-01-31": "347.00000", "2010-10-31": "347.00000", "2010-07-31": "347.00000", "2010-04-30": "348.00000", "2010-01-31": "348.00000", "2009-10-31": "346.00000", "2009-07-31": "345.00000", "2009-04-30": "344.00000", "2009-01-31": "351.00000", "2008-10-31": "363.00000", "2008-07-31": "362.00000", "2008-04-30": "363.00000", "2008-01-31": "371.00000", "2007-10-31": "394.00000", "2007-07-31": "392.00000", "2007-04-30": "402.00000", "2007-01-31": "406.00000", "2006-10-31": "431.00000", "2006-07-31": "412.00000", "2006-04-30": "430.00000", "2006-01-31": "473.00000", "2005-10-31": "494.00000", "2005-07-31": "494.00000", "2005-04-30": "491.00000", "2005-01-31": "491.00000"}, "Shares Outstanding": {"2020-10-31": "312.00000", "2020-07-31": "312.00000", "2020-04-30": "312.00000", "2020-01-31": "313.00000", "2019-10-31": "318.00000", "2019-07-31": "316.00000", "2019-04-30": "321.00000", "2019-01-31": "322.00000", "2018-10-31": "325.00000", "2018-07-31": "324.00000", "2018-04-30": "326.00000", "2018-01-31": "323.00000", "2017-10-31": "326.00000", "2017-07-31": "326.00000", "2017-04-30": "325.00000", "2017-01-31": "326.00000", "2016-10-31": "329.00000", "2016-07-31": "328.00000", "2016-04-30": "328.00000", "2016-01-31": "332.00000", "2015-10-31": "335.00000", "2015-07-31": "334.00000", "2015-04-30": "337.00000", "2015-01-31": "338.00000", "2014-10-31": "338.00000", "2014-07-31": "338.00000", "2014-04-30": "337.00000", "2014-01-31": "338.00000", "2013-10-31": "336.00000", "2013-07-31": "343.00000", "2013-04-30": "349.00000", "2013-01-31": "352.00000", "2012-10-31": "353.00000", "2012-07-31": "353.00000", "2012-04-30": "354.00000", "2012-01-31": "352.00000", "2011-10-31": "355.00000", "2011-07-31": "357.00000", "2011-04-30": "355.00000", "2011-01-31": "355.00000", "2010-10-31": "353.00000", "2010-07-31": "352.00000", "2010-04-30": "354.00000", "2010-01-31": "354.00000", "2009-10-31": "346.00000", "2009-07-31": "345.00000", "2009-04-30": "344.00000", "2009-01-31": "352.00000", "2008-10-31": "371.00000", "2008-07-31": "372.00000", "2008-04-30": "370.00000", "2008-01-31": "382.00000", "2007-10-31": "406.00000", "2007-07-31": "407.00000", "2007-04-30": "413.00000", "2007-01-31": "418.00000", "2006-10-31": "441.00000", "2006-07-31": "422.00000", "2006-04-30": "442.00000", "2006-01-31": "483.00000", "2005-10-31": "500.00000", "2005-07-31": "499.00000", "2005-04-30": "496.00000", "2005-01-31": "496.00000"}, "Basic EPS": {"2020-10-31": "0.72000", "2020-07-31": "0.64000", "2020-04-30": "0.33000", "2020-01-31": "0.64000", "2019-10-31": "0.65000", "2019-07-31": "0.61000", "2019-04-30": "0.57000", "2019-01-31": "1.58000", "2018-10-31": "0.59000", "2018-07-31": "0.74000", "2018-04-30": "0.64000", "2018-01-31": "-0.99000", "2017-10-31": "0.54000", "2017-07-31": "0.55000", "2017-04-30": "0.51000", "2017-01-31": "0.52000", "2016-10-31": "0.39000", "2016-07-31": "0.38000", "2016-04-30": "0.28000", "2016-01-31": "0.37000", "2015-10-31": "0.42000", "2015-07-31": "0.33000", "2015-04-30": "0.26000", "2015-01-31": "0.19000", "2014-10-31": "0.05000", "2014-07-31": "0.44000", "2014-04-30": "0.42000", "2014-01-31": "0.59000", "2013-10-31": "0.64000", "2013-07-31": "0.50000", "2013-04-30": "0.48000", "2013-01-31": "0.52000", "2012-10-31": "1.22000", "2012-07-31": "0.70000", "2012-04-30": "0.73000", "2012-01-31": "0.66000", "2011-10-31": "0.83000", "2011-07-31": "0.95000", "2011-04-30": "0.58000", "2011-01-31": "0.56000", "2010-10-31": "0.84000", "2010-07-31": "0.59000", "2010-04-30": "0.31000", "2010-01-31": "0.23000", "2009-10-31": "0.08000", "2009-07-31": "-0.06000", "2009-04-30": "-0.29000", "2009-01-31": "0.18000", "2008-10-31": "0.64000", "2008-07-31": "0.47000", "2008-04-30": "0.48000", "2008-01-31": "0.32000", "2007-10-31": "0.47000", "2007-07-31": "0.47000", "2007-04-30": "0.31000", "2007-01-31": "0.37000", "2006-10-31": "0.90000", "2006-07-31": "0.55000", "2006-04-30": "0.27000", "2006-01-31": "5.95000", "2005-10-31": "0.05000", "2005-07-31": "0.21000", "2005-04-30": "0.19000", "2005-01-31": "0.21000"}, "EPS - Earnings Per Share": {"2020-10-31": "0.71000", "2020-07-31": "0.64000", "2020-04-30": "0.32000", "2020-01-31": "0.63000", "2019-10-31": "0.63000", "2019-07-31": "0.60000", "2019-04-30": "0.57000", "2019-01-31": "1.57000", "2018-10-31": "0.60000", "2018-07-31": "0.73000", "2018-04-30": "0.63000", "2018-01-31": "-0.99000", "2017-10-31": "0.54000", "2017-07-31": "0.54000", "2017-04-30": "0.50000", "2017-01-31": "0.52000", "2016-10-31": "0.38000", "2016-07-31": "0.38000", "2016-04-30": "0.28000", "2016-01-31": "0.36000", "2015-10-31": "0.42000", "2015-07-31": "0.33000", "2015-04-30": "0.26000", "2015-01-31": "0.19000", "2014-10-31": "0.05000", "2014-07-31": "0.43000", "2014-04-30": "0.41000", "2014-01-31": "0.58000", "2013-10-31": "0.63000", "2013-07-31": "0.49000", "2013-04-30": "0.48000", "2013-01-31": "0.51000", "2012-10-31": "1.21000", "2012-07-31": "0.69000", "2012-04-30": "0.72000", "2012-01-31": "0.65000", "2011-10-31": "0.83000", "2011-07-31": "0.92000", "2011-04-30": "0.56000", "2011-01-31": "0.54000", "2010-10-31": "0.83000", "2010-07-31": "0.58000", "2010-04-30": "0.31000", "2010-01-31": "0.22000", "2009-10-31": "0.08000", "2009-07-31": "-0.06000", "2009-04-30": "-0.29000", "2009-01-31": "0.18000", "2008-10-31": "0.64000", "2008-07-31": "0.45000", "2008-04-30": "0.47000", "2008-01-31": "0.31000", "2007-10-31": "0.46000", "2007-07-31": "0.45000", "2007-04-30": "0.30000", "2007-01-31": "0.36000", "2006-10-31": "0.87000", "2006-07-31": "0.54000", "2006-04-30": "0.26000", "2006-01-31": "5.83000", "2005-10-31": "0.05000", "2005-07-31": "0.20000", "2005-04-30": "0.19000", "2005-01-31": "0.21000"}}, "balance sheet": {"Cash On Hand": {"2020-10-31": "1441.00000", "2019-10-31": "1382.00000", "2018-10-31": "2247.00000", "2017-10-31": "2678.00000", "2016-10-31": "2289.00000", "2015-10-31": "2245.00000", "2014-10-31": "2218.00000", "2013-10-31": "2675.00000", "2012-10-31": "2351.00000", "2011-10-31": "3527.00000", "2010-10-31": "4199.00000", "2009-10-31": "2493.00000", "2008-10-31": "1429.00000", "2007-10-31": "1826.00000", "2006-10-31": "2262.00000", "2005-10-31": "2251.00000"}, "Receivables": {"2020-10-31": "1038.00000", "2019-10-31": "930.00000", "2018-10-31": "776.00000", "2017-10-31": "724.00000", "2016-10-31": "631.00000", "2015-10-31": "606.00000", "2014-10-31": "626.00000", "2013-10-31": "899.00000", "2012-10-31": "923.00000", "2011-10-31": "860.00000", "2010-10-31": "869.00000", "2009-10-31": "595.00000", "2008-10-31": "770.00000", "2007-10-31": "735.00000", "2006-10-31": "692.00000", "2005-10-31": "678.00000"}, "Inventory": {"2020-10-31": "720.00000", "2019-10-31": "679.00000", "2018-10-31": "638.00000", "2017-10-31": "575.00000", "2016-10-31": "533.00000", "2015-10-31": "541.00000", "2014-10-31": "574.00000", "2013-10-31": "1066.00000", "2012-10-31": "1014.00000", "2011-10-31": "898.00000", "2010-10-31": "716.00000", "2009-10-31": "552.00000", "2008-10-31": "646.00000", "2007-10-31": "643.00000", "2006-10-31": "627.00000", "2005-10-31": "612.00000"}, "Pre-Paid Expenses": {"2020-10-31": "", "2019-10-31": "", "2018-10-31": "", "2017-10-31": "", "2016-10-31": "", "2015-10-31": "", "2014-10-31": "", "2013-10-31": "", "2012-10-31": "", "2011-10-31": "", "2010-10-31": "", "2009-10-31": "", "2008-10-31": "", "2007-10-31": "", "2006-10-31": "", "2005-10-31": ""}, "Other Current Assets": {"2020-10-31": "216.00000", "2019-10-31": "198.00000", "2018-10-31": "187.00000", "2017-10-31": "192.00000", "2016-10-31": "182.00000", "2015-10-31": "294.00000", "2014-10-31": "263.00000", "2013-10-31": "343.00000", "2012-10-31": "341.00000", "2011-10-31": "284.00000", "2010-10-31": "385.00000", "2009-10-31": "321.00000", "2008-10-31": "337.00000", "2007-10-31": "467.00000", "2006-10-31": "377.00000", "2005-10-31": "288.00000"}, "Total Current Assets": {"2020-10-31": "3415.00000", "2019-10-31": "3189.00000", "2018-10-31": "3848.00000", "2017-10-31": "4169.00000", "2016-10-31": "3635.00000", "2015-10-31": "3686.00000", "2014-10-31": "5509.00000", "2013-10-31": "4983.00000", "2012-10-31": "4629.00000", "2011-10-31": "5569.00000", "2010-10-31": "6169.00000", "2009-10-31": "3961.00000", "2008-10-31": "3182.00000", "2007-10-31": "3671.00000", "2006-10-31": "3958.00000", "2005-10-31": "4447.00000"}, "Property, Plant, And Equipment": {"2020-10-31": "845.00000", "2019-10-31": "850.00000", "2018-10-31": "822.00000", "2017-10-31": "757.00000", "2016-10-31": "639.00000", "2015-10-31": "604.00000", "2014-10-31": "631.00000", "2013-10-31": "1134.00000", "2012-10-31": "1164.00000", "2011-10-31": "1006.00000", "2010-10-31": "980.00000", "2009-10-31": "845.00000", "2008-10-31": "824.00000", "2007-10-31": "801.00000", "2006-10-31": "775.00000", "2005-10-31": "855.00000"}, "Long-Term Investments": {"2020-10-31": "158.00000", "2019-10-31": "102.00000", "2018-10-31": "68.00000", "2017-10-31": "138.00000", "2016-10-31": "135.00000", "2015-10-31": "86.00000", "2014-10-31": "96.00000", "2013-10-31": "139.00000", "2012-10-31": "109.00000", "2011-10-31": "117.00000", "2010-10-31": "142.00000", "2009-10-31": "163.00000", "2008-10-31": "206.00000", "2007-10-31": "194.00000", "2006-10-31": "", "2005-10-31": ""}, "Goodwill And Intangible Assets": {"2020-10-31": "4433.00000", "2019-10-31": "4700.00000", "2018-10-31": "3464.00000", "2017-10-31": "2968.00000", "2016-10-31": "2933.00000", "2015-10-31": "2811.00000", "2014-10-31": "3156.00000", "2013-10-31": "3963.00000", "2012-10-31": "4111.00000", "2011-10-31": "1996.00000", "2010-10-31": "1950.00000", "2009-10-31": "822.00000", "2008-10-31": "874.00000", "2007-10-31": "736.00000", "2006-10-31": "468.00000", "2005-10-31": "345.00000"}, "Other Long-Term Assets": {"2020-10-31": "776.00000", "2019-10-31": "611.00000", "2018-10-31": "339.00000", "2017-10-31": "394.00000", "2016-10-31": "452.00000", "2015-10-31": "292.00000", "2014-10-31": "268.00000", "2013-10-31": "467.00000", "2012-10-31": "523.00000", "2011-10-31": "369.00000", "2010-10-31": "455.00000", "2009-10-31": "1821.00000", "2008-10-31": "1921.00000", "2007-10-31": "2152.00000", "2006-10-31": "2168.00000", "2005-10-31": "633.00000"}, "Total Long-Term Assets": {"2020-10-31": "6212.00000", "2019-10-31": "6263.00000", "2018-10-31": "4693.00000", "2017-10-31": "4257.00000", "2016-10-31": "4159.00000", "2015-10-31": "3793.00000", "2014-10-31": "5306.00000", "2013-10-31": "5703.00000", "2012-10-31": "5907.00000", "2011-10-31": "3488.00000", "2010-10-31": "3527.00000", "2009-10-31": "3651.00000", "2008-10-31": "3825.00000", "2007-10-31": "3883.00000", "2006-10-31": "3411.00000", "2005-10-31": "2304.00000"}, "Total Assets": {"2020-10-31": "9627.00000", "2019-10-31": "9452.00000", "2018-10-31": "8541.00000", "2017-10-31": "8426.00000", "2016-10-31": "7794.00000", "2015-10-31": "7479.00000", "2014-10-31": "10815.00000", "2013-10-31": "10686.00000", "2012-10-31": "10536.00000", "2011-10-31": "9057.00000", "2010-10-31": "9696.00000", "2009-10-31": "7612.00000", "2008-10-31": "7007.00000", "2007-10-31": "7554.00000", "2006-10-31": "7369.00000", "2005-10-31": "6751.00000"}, "Total Current Liabilities": {"2020-10-31": "1467.00000", "2019-10-31": "2080.00000", "2018-10-31": "1171.00000", "2017-10-31": "1263.00000", "2016-10-31": "945.00000", "2015-10-31": "976.00000", "2014-10-31": "1692.00000", "2013-10-31": "1602.00000", "2012-10-31": "1893.00000", "2011-10-31": "1837.00000", "2010-10-31": "3083.00000", "2009-10-31": "1123.00000", "2008-10-31": "1330.00000", "2007-10-31": "1663.00000", "2006-10-31": "1538.00000", "2005-10-31": "1936.00000"}, "Long Term Debt": {"2020-10-31": "2284.00000", "2019-10-31": "1791.00000", "2018-10-31": "1799.00000", "2017-10-31": "1801.00000", "2016-10-31": "1904.00000", "2015-10-31": "1655.00000", "2014-10-31": "1663.00000", "2013-10-31": "2699.00000", "2012-10-31": "2112.00000", "2011-10-31": "1932.00000", "2010-10-31": "2190.00000", "2009-10-31": "2904.00000", "2008-10-31": "2125.00000", "2007-10-31": "2087.00000", "2006-10-31": "1500.00000", "2005-10-31": ""}, "Other Non-Current Liabilities": {"2020-10-31": "614.00000", "2019-10-31": "473.00000", "2018-10-31": "761.00000", "2017-10-31": "293.00000", "2016-10-31": "339.00000", "2015-10-31": "414.00000", "2014-10-31": "513.00000", "2013-10-31": "802.00000", "2012-10-31": "792.00000", "2011-10-31": "643.00000", "2010-10-31": "710.00000", "2009-10-31": "573.00000", "2008-10-31": "669.00000", "2007-10-31": "429.00000", "2006-10-31": "395.00000", "2005-10-31": "341.00000"}, "Total Long Term Liabilities": {"2020-10-31": "3287.00000", "2019-10-31": "2624.00000", "2018-10-31": "2799.00000", "2017-10-31": "2328.00000", "2016-10-31": "2603.00000", "2015-10-31": "2333.00000", "2014-10-31": "3819.00000", "2013-10-31": "3795.00000", "2012-10-31": "3458.00000", "2011-10-31": "2904.00000", "2010-10-31": "3377.00000", "2009-10-31": "3975.00000", "2008-10-31": "3118.00000", "2007-10-31": "2657.00000", "2006-10-31": "2183.00000", "2005-10-31": "734.00000"}, "Total Liabilities": {"2020-10-31": "4754.00000", "2019-10-31": "4704.00000", "2018-10-31": "3970.00000", "2017-10-31": "3591.00000", "2016-10-31": "3548.00000", "2015-10-31": "3309.00000", "2014-10-31": "5511.00000", "2013-10-31": "5397.00000", "2012-10-31": "5351.00000", "2011-10-31": "4741.00000", "2010-10-31": "6460.00000", "2009-10-31": "5098.00000", "2008-10-31": "4448.00000", "2007-10-31": "4320.00000", "2006-10-31": "3721.00000", "2005-10-31": "2670.00000"}, "Common Stock Net": {"2020-10-31": "3.00000", "2019-10-31": "3.00000", "2018-10-31": "3.00000", "2017-10-31": "3.00000", "2016-10-31": "6.00000", "2015-10-31": "6.00000", "2014-10-31": "6.00000", "2013-10-31": "6.00000", "2012-10-31": "6.00000", "2011-10-31": "6.00000", "2010-10-31": "6.00000", "2009-10-31": "6.00000", "2008-10-31": "6.00000", "2007-10-31": "6.00000", "2006-10-31": "5.00000", "2005-10-31": "5.00000"}, "Retained Earnings (Accumulated Deficit)": {"2020-10-31": "81.00000", "2019-10-31": "-18.00000", "2018-10-31": "-336.00000", "2017-10-31": "-126.00000", "2016-10-31": "6089.00000", "2015-10-31": "5581.00000", "2014-10-31": "6469.00000", "2013-10-31": "6073.00000", "2012-10-31": "5505.00000", "2011-10-31": "4456.00000", "2010-10-31": "3444.00000", "2009-10-31": "2760.00000", "2008-10-31": "2791.00000", "2007-10-31": "2172.00000", "2006-10-31": "1534.00000", "2005-10-31": "-1463.00000"}, "Comprehensive Income": {"2020-10-31": "-522.00000", "2019-10-31": "-514.00000", "2018-10-31": "-408.00000", "2017-10-31": "-346.00000", "2016-10-31": "-503.00000", "2015-10-31": "-391.00000", "2014-10-31": "-334.00000", "2013-10-31": "91.00000", "2012-10-31": "-111.00000", "2011-10-31": "116.00000", "2010-10-31": "-88.00000", "2009-10-31": "-185.00000", "2008-10-31": "-178.00000", "2007-10-31": "408.00000", "2006-10-31": "29.00000", "2005-10-31": "-49.00000"}, "Other Share Holders Equity": {"2020-10-31": "", "2019-10-31": "", "2018-10-31": "", "2017-10-31": "", "2016-10-31": "", "2015-10-31": "", "2014-10-31": "", "2013-10-31": "", "2012-10-31": "", "2011-10-31": "", "2010-10-31": "", "2009-10-31": "", "2008-10-31": "", "2007-10-31": "", "2006-10-31": "", "2005-10-31": ""}, "Share Holder Equity": {"2020-10-31": "4873.00000", "2019-10-31": "4748.00000", "2018-10-31": "4571.00000", "2017-10-31": "4835.00000", "2016-10-31": "4246.00000", "2015-10-31": "4170.00000", "2014-10-31": "5304.00000", "2013-10-31": "5289.00000", "2012-10-31": "5185.00000", "2011-10-31": "4316.00000", "2010-10-31": "3236.00000", "2009-10-31": "2514.00000", "2008-10-31": "2559.00000", "2007-10-31": "3234.00000", "2006-10-31": "3648.00000", "2005-10-31": "4081.00000"}, "Total Liabilities And Share Holders Equity": {"2020-10-31": "9627.00000", "2019-10-31": "9452.00000", "2018-10-31": "8541.00000", "2017-10-31": "8426.00000", "2016-10-31": "7794.00000", "2015-10-31": "7479.00000", "2014-10-31": "10815.00000", "2013-10-31": "10686.00000", "2012-10-31": "10536.00000", "2011-10-31": "9057.00000", "2010-10-31": "9696.00000", "2009-10-31": "7612.00000", "2008-10-31": "7007.00000", "2007-10-31": "7554.00000", "2006-10-31": "7369.00000", "2005-10-31": "6751.00000"}}, "balance sheet, quarterly": {"Cash On Hand": {"2020-10-31": "1441.00000", "2020-07-31": "1358.00000", "2020-04-30": "1324.00000", "2020-01-31": "1226.00000", "2019-10-31": "1382.00000", "2019-07-31": "1765.00000", "2019-04-30": "2155.00000", "2019-01-31": "2057.00000", "2018-10-31": "2247.00000", "2018-07-31": "2131.00000", "2018-04-30": "3011.00000", "2018-01-31": "2887.00000", "2017-10-31": "2678.00000", "2017-07-31": "2563.00000", "2017-04-30": "2389.00000", "2017-01-31": "2241.00000", "2016-10-31": "2289.00000", "2016-07-31": "2199.00000", "2016-04-30": "2139.00000", "2016-01-31": "1931.00000", "2015-10-31": "2245.00000", "2015-07-31": "2075.00000", "2015-04-30": "2197.00000", "2015-01-31": "2118.00000", "2014-10-31": "2218.00000", "2014-07-31": "2391.00000", "2014-04-30": "2950.00000", "2014-01-31": "2742.00000", "2013-10-31": "2675.00000", "2013-07-31": "2330.00000", "2013-04-30": "2519.00000", "2013-01-31": "2450.00000", "2012-10-31": "2351.00000", "2012-07-31": "1923.00000", "2012-04-30": "3896.00000", "2012-01-31": "3662.00000", "2011-10-31": "3527.00000", "2011-07-31": "3101.00000", "2011-04-30": "2975.00000", "2011-01-31": "2655.00000", "2010-10-31": "4199.00000", "2010-07-31": "3868.00000", "2010-04-30": "4209.00000", "2010-01-31": "4046.00000", "2009-10-31": "2493.00000", "2009-07-31": "1499.00000", "2009-04-30": "1412.00000", "2009-01-31": "1380.00000", "2008-10-31": "1429.00000", "2008-07-31": "3239.00000", "2008-04-30": "3312.00000", "2008-01-31": "3148.00000", "2007-10-31": "1826.00000", "2007-07-31": "1486.00000", "2007-04-30": "2050.00000", "2007-01-31": "2090.00000", "2006-10-31": "2262.00000", "2006-07-31": "2249.00000", "2006-04-30": "2657.00000", "2006-01-31": "2737.00000", "2005-10-31": "2251.00000", "2005-07-31": "2782.00000", "2005-04-30": "2685.00000", "2005-01-31": "2483.00000"}, "Receivables": {"2020-10-31": "1038.00000", "2020-07-31": "930.00000", "2020-04-30": "886.00000", "2020-01-31": "966.00000", "2019-10-31": "930.00000", "2019-07-31": "856.00000", "2019-04-30": "819.00000", "2019-01-31": "833.00000", "2018-10-31": "776.00000", "2018-07-31": "733.00000", "2018-04-30": "754.00000", "2018-01-31": "751.00000", "2017-10-31": "724.00000", "2017-07-31": "678.00000", "2017-04-30": "677.00000", "2017-01-31": "653.00000", "2016-10-31": "631.00000", "2016-07-31": "590.00000", "2016-04-30": "602.00000", "2016-01-31": "617.00000", "2015-10-31": "606.00000", "2015-07-31": "584.00000", "2015-04-30": "576.00000", "2015-01-31": "615.00000", "2014-10-31": "626.00000", "2014-07-31": "891.00000", "2014-04-30": "903.00000", "2014-01-31": "849.00000", "2013-10-31": "899.00000", "2013-07-31": "875.00000", "2013-04-30": "916.00000", "2013-01-31": "874.00000", "2012-10-31": "923.00000", "2012-07-31": "950.00000", "2012-04-30": "909.00000", "2012-01-31": "814.00000", "2011-10-31": "860.00000", "2011-07-31": "917.00000", "2011-04-30": "918.00000", "2011-01-31": "854.00000", "2010-10-31": "869.00000", "2010-07-31": "790.00000", "2010-04-30": "669.00000", "2010-01-31": "628.00000", "2009-10-31": "595.00000", "2009-07-31": "544.00000", "2009-04-30": "569.00000", "2009-01-31": "630.00000", "2008-10-31": "770.00000", "2008-07-31": "761.00000", "2008-04-30": "791.00000", "2008-01-31": "726.00000", "2007-10-31": "735.00000", "2007-07-31": "738.00000", "2007-04-30": "718.00000", "2007-01-31": "671.00000", "2006-10-31": "692.00000", "2006-07-31": "853.00000", "2006-04-30": "845.00000", "2006-01-31": "772.00000", "2005-10-31": "678.00000", "2005-07-31": "966.00000", "2005-04-30": "964.00000", "2005-01-31": "946.00000"}, "Inventory": {"2020-10-31": "720.00000", "2020-07-31": "746.00000", "2020-04-30": "750.00000", "2020-01-31": "706.00000", "2019-10-31": "679.00000", "2019-07-31": "660.00000", "2019-04-30": "657.00000", "2019-01-31": "653.00000", "2018-10-31": "638.00000", "2018-07-31": "623.00000", "2018-04-30": "594.00000", "2018-01-31": "608.00000", "2017-10-31": "575.00000", "2017-07-31": "566.00000", "2017-04-30": "548.00000", "2017-01-31": "551.00000", "2016-10-31": "533.00000", "2016-07-31": "543.00000", "2016-04-30": "555.00000", "2016-01-31": "554.00000", "2015-10-31": "541.00000", "2015-07-31": "545.00000", "2015-04-30": "556.00000", "2015-01-31": "560.00000", "2014-10-31": "574.00000", "2014-07-31": "1099.00000", "2014-04-30": "1100.00000", "2014-01-31": "1088.00000", "2013-10-31": "1066.00000", "2013-07-31": "1054.00000", "2013-04-30": "1042.00000", "2013-01-31": "1040.00000", "2012-10-31": "1014.00000", "2012-07-31": "1036.00000", "2012-04-30": "947.00000", "2012-01-31": "937.00000", "2011-10-31": "898.00000", "2011-07-31": "897.00000", "2011-04-30": "853.00000", "2011-01-31": "797.00000", "2010-10-31": "716.00000", "2010-07-31": "688.00000", "2010-04-30": "546.00000", "2010-01-31": "548.00000", "2009-10-31": "552.00000", "2009-07-31": "571.00000", "2009-04-30": "608.00000", "2009-01-31": "655.00000", "2008-10-31": "646.00000", "2008-07-31": "674.00000", "2008-04-30": "674.00000", "2008-01-31": "674.00000", "2007-10-31": "643.00000", "2007-07-31": "674.00000", "2007-04-30": "650.00000", "2007-01-31": "648.00000", "2006-10-31": "627.00000", "2006-07-31": "705.00000", "2006-04-30": "713.00000", "2006-01-31": "740.00000", "2005-10-31": "612.00000", "2005-07-31": "936.00000", "2005-04-30": "958.00000", "2005-01-31": "1037.00000"}, "Pre-Paid Expenses": {"2020-10-31": "", "2020-07-31": "", "2020-04-30": "", "2020-01-31": "", "2019-10-31": "", "2019-07-31": "", "2019-04-30": "", "2019-01-31": "", "2018-10-31": "", "2018-07-31": "", "2018-04-30": "", "2018-01-31": "", "2017-10-31": "", "2017-07-31": "", "2017-04-30": "", "2017-01-31": "", "2016-10-31": "", "2016-07-31": "", "2016-04-30": "", "2016-01-31": "", "2015-10-31": "", "2015-07-31": "", "2015-04-30": "", "2015-01-31": "", "2014-10-31": "", "2014-07-31": "", "2014-04-30": "", "2014-01-31": "", "2013-10-31": "", "2013-07-31": "", "2013-04-30": "", "2013-01-31": "", "2012-10-31": "", "2012-07-31": "", "2012-04-30": "", "2012-01-31": "", "2011-10-31": "", "2011-07-31": "", "2011-04-30": "", "2011-01-31": "", "2010-10-31": "", "2010-07-31": "", "2010-04-30": "", "2010-01-31": "", "2009-10-31": "", "2009-07-31": "", "2009-04-30": "", "2009-01-31": "", "2008-10-31": "", "2008-07-31": "", "2008-04-30": "", "2008-01-31": "", "2007-10-31": "", "2007-07-31": "", "2007-04-30": "", "2007-01-31": "", "2006-10-31": "", "2006-07-31": "", "2006-04-30": "", "2006-01-31": "", "2005-10-31": "", "2005-07-31": "", "2005-04-30": "", "2005-01-31": ""}, "Other Current Assets": {"2020-10-31": "216.00000", "2020-07-31": "211.00000", "2020-04-30": "211.00000", "2020-01-31": "204.00000", "2019-10-31": "198.00000", "2019-07-31": "176.00000", "2019-04-30": "181.00000", "2019-01-31": "169.00000", "2018-10-31": "187.00000", "2018-07-31": "180.00000", "2018-04-30": "166.00000", "2018-01-31": "151.00000", "2017-10-31": "192.00000", "2017-07-31": "189.00000", "2017-04-30": "186.00000", "2017-01-31": "190.00000", "2016-10-31": "182.00000", "2016-07-31": "198.00000", "2016-04-30": "192.00000", "2016-01-31": "297.00000", "2015-10-31": "294.00000", "2015-07-31": "274.00000", "2015-04-30": "291.00000", "2015-01-31": "361.00000", "2014-10-31": "263.00000", "2014-07-31": "453.00000", "2014-04-30": "424.00000", "2014-01-31": "394.00000", "2013-10-31": "343.00000", "2013-07-31": "325.00000", "2013-04-30": "341.00000", "2013-01-31": "348.00000", "2012-10-31": "341.00000", "2012-07-31": "302.00000", "2012-04-30": "258.00000", "2012-01-31": "302.00000", "2011-10-31": "284.00000", "2011-07-31": "308.00000", "2011-04-30": "350.00000", "2011-01-31": "292.00000", "2010-10-31": "385.00000", "2010-07-31": "389.00000", "2010-04-30": "288.00000", "2010-01-31": "297.00000", "2009-10-31": "321.00000", "2009-07-31": "283.00000", "2009-04-30": "294.00000", "2009-01-31": "343.00000", "2008-10-31": "337.00000", "2008-07-31": "400.00000", "2008-04-30": "408.00000", "2008-01-31": "522.00000", "2007-10-31": "467.00000", "2007-07-31": "383.00000", "2007-04-30": "373.00000", "2007-01-31": "340.00000", "2006-10-31": "377.00000", "2006-07-31": "412.00000", "2006-04-30": "361.00000", "2006-01-31": "377.00000", "2005-10-31": "288.00000", "2005-07-31": "242.00000", "2005-04-30": "206.00000", "2005-01-31": "183.00000"}, "Total Current Assets": {"2020-10-31": "3415.00000", "2020-07-31": "3245.00000", "2020-04-30": "3171.00000", "2020-01-31": "3102.00000", "2019-10-31": "3189.00000", "2019-07-31": "3457.00000", "2019-04-30": "3812.00000", "2019-01-31": "3712.00000", "2018-10-31": "3848.00000", "2018-07-31": "3667.00000", "2018-04-30": "4525.00000", "2018-01-31": "4397.00000", "2017-10-31": "4169.00000", "2017-07-31": "3996.00000", "2017-04-30": "3800.00000", "2017-01-31": "3635.00000", "2016-10-31": "3635.00000", "2016-07-31": "3530.00000", "2016-04-30": "3488.00000", "2016-01-31": "3399.00000", "2015-10-31": "3686.00000", "2015-07-31": "3478.00000", "2015-04-30": "3620.00000", "2015-01-31": "3654.00000", "2014-10-31": "5509.00000", "2014-07-31": "4834.00000", "2014-04-30": "5377.00000", "2014-01-31": "5073.00000", "2013-10-31": "4983.00000", "2013-07-31": "4584.00000", "2013-04-30": "4818.00000", "2013-01-31": "4712.00000", "2012-10-31": "4629.00000", "2012-07-31": "4211.00000", "2012-04-30": "6010.00000", "2012-01-31": "5715.00000", "2011-10-31": "5569.00000", "2011-07-31": "5223.00000", "2011-04-30": "5096.00000", "2011-01-31": "4598.00000", "2010-10-31": "6169.00000", "2010-07-31": "5735.00000", "2010-04-30": "5712.00000", "2010-01-31": "5519.00000", "2009-10-31": "3961.00000", "2009-07-31": "2897.00000", "2009-04-30": "2883.00000", "2009-01-31": "3008.00000", "2008-10-31": "3182.00000", "2008-07-31": "5074.00000", "2008-04-30": "5185.00000", "2008-01-31": "5070.00000", "2007-10-31": "3671.00000", "2007-07-31": "3281.00000", "2007-04-30": "3791.00000", "2007-01-31": "3749.00000", "2006-10-31": "3958.00000", "2006-07-31": "4219.00000", "2006-04-30": "4576.00000", "2006-01-31": "4626.00000", "2005-10-31": "4447.00000", "2005-07-31": "4926.00000", "2005-04-30": "4813.00000", "2005-01-31": "4649.00000"}, "Property, Plant, And Equipment": {"2020-10-31": "845.00000", "2020-07-31": "846.00000", "2020-04-30": "836.00000", "2020-01-31": "844.00000", "2019-10-31": "850.00000", "2019-07-31": "839.00000", "2019-04-30": "827.00000", "2019-01-31": "829.00000", "2018-10-31": "822.00000", "2018-07-31": "801.00000", "2018-04-30": "798.00000", "2018-01-31": "792.00000", "2017-10-31": "757.00000", "2017-07-31": "716.00000", "2017-04-30": "675.00000", "2017-01-31": "653.00000", "2016-10-31": "639.00000", "2016-07-31": "623.00000", "2016-04-30": "610.00000", "2016-01-31": "594.00000", "2015-10-31": "604.00000", "2015-07-31": "587.00000", "2015-04-30": "593.00000", "2015-01-31": "610.00000", "2014-10-31": "631.00000", "2014-07-31": "1142.00000", "2014-04-30": "1139.00000", "2014-01-31": "1129.00000", "2013-10-31": "1134.00000", "2013-07-31": "1139.00000", "2013-04-30": "1147.00000", "2013-01-31": "1163.00000", "2012-10-31": "1164.00000", "2012-07-31": "1139.00000", "2012-04-30": "996.00000", "2012-01-31": "1007.00000", "2011-10-31": "1006.00000", "2011-07-31": "1000.00000", "2011-04-30": "1004.00000", "2011-01-31": "982.00000", "2010-10-31": "980.00000", "2010-07-31": "957.00000", "2010-04-30": "831.00000", "2010-01-31": "837.00000", "2009-10-31": "845.00000", "2009-07-31": "839.00000", "2009-04-30": "821.00000", "2009-01-31": "831.00000", "2008-10-31": "824.00000", "2008-07-31": "816.00000", "2008-04-30": "809.00000", "2008-01-31": "801.00000", "2007-10-31": "801.00000", "2007-07-31": "787.00000", "2007-04-30": "777.00000", "2007-01-31": "775.00000", "2006-10-31": "775.00000", "2006-07-31": "822.00000", "2006-04-30": "853.00000", "2006-01-31": "875.00000", "2005-10-31": "855.00000", "2005-07-31": "1148.00000", "2005-04-30": "1185.00000", "2005-01-31": "1235.00000"}, "Long-Term Investments": {"2020-10-31": "158.00000", "2020-07-31": "148.00000", "2020-04-30": "141.00000", "2020-01-31": "118.00000", "2019-10-31": "102.00000", "2019-07-31": "99.00000", "2019-04-30": "96.00000", "2019-01-31": "77.00000", "2018-10-31": "68.00000", "2018-07-31": "70.00000", "2018-04-30": "139.00000", "2018-01-31": "140.00000", "2017-10-31": "138.00000", "2017-07-31": "137.00000", "2017-04-30": "134.00000", "2017-01-31": "133.00000", "2016-10-31": "135.00000", "2016-07-31": "155.00000", "2016-04-30": "157.00000", "2016-01-31": "76.00000", "2015-10-31": "86.00000", "2015-07-31": "88.00000", "2015-04-30": "91.00000", "2015-01-31": "90.00000", "2014-10-31": "96.00000", "2014-07-31": "164.00000", "2014-04-30": "133.00000", "2014-01-31": "129.00000", "2013-10-31": "139.00000", "2013-07-31": "124.00000", "2013-04-30": "120.00000", "2013-01-31": "128.00000", "2012-10-31": "109.00000", "2012-07-31": "104.00000", "2012-04-30": "111.00000", "2012-01-31": "110.00000", "2011-10-31": "117.00000", "2011-07-31": "122.00000", "2011-04-30": "123.00000", "2011-01-31": "134.00000", "2010-10-31": "142.00000", "2010-07-31": "136.00000", "2010-04-30": "158.00000", "2010-01-31": "154.00000", "2009-10-31": "163.00000", "2009-07-31": "153.00000", "2009-04-30": "167.00000", "2009-01-31": "169.00000", "2008-10-31": "206.00000", "2008-07-31": "251.00000", "2008-04-30": "274.00000", "2008-01-31": "", "2007-10-31": "194.00000", "2007-07-31": "", "2007-04-30": "", "2007-01-31": "", "2006-10-31": "", "2006-07-31": "", "2006-04-30": "1602.00000", "2006-01-31": "1601.00000", "2005-10-31": "", "2005-07-31": "", "2005-04-30": "", "2005-01-31": ""}, "Goodwill And Intangible Assets": {"2020-10-31": "4433.00000", "2020-07-31": "4482.00000", "2020-04-30": "4503.00000", "2020-01-31": "4648.00000", "2019-10-31": "4700.00000", "2019-07-31": "3618.00000", "2019-04-30": "3650.00000", "2019-01-31": "3699.00000", "2018-10-31": "3464.00000", "2018-07-31": "3448.00000", "2018-04-30": "2932.00000", "2018-01-31": "2974.00000", "2017-10-31": "2968.00000", "2017-07-31": "2987.00000", "2017-04-30": "2941.00000", "2017-01-31": "2974.00000", "2016-10-31": "2933.00000", "2016-07-31": "2967.00000", "2016-04-30": "3046.00000", "2016-01-31": "2991.00000", "2015-10-31": "2811.00000", "2015-07-31": "2850.00000", "2015-04-30": "2857.00000", "2015-01-31": "2911.00000", "2014-10-31": "3156.00000", "2014-07-31": "3770.00000", "2014-04-30": "3892.00000", "2014-01-31": "3876.00000", "2013-10-31": "3963.00000", "2013-07-31": "3940.00000", "2013-04-30": "4001.00000", "2013-01-31": "4140.00000", "2012-10-31": "4111.00000", "2012-07-31": "4035.00000", "2012-04-30": "1991.00000", "2012-01-31": "2012.00000", "2011-10-31": "1996.00000", "2011-07-31": "2042.00000", "2011-04-30": "2048.00000", "2011-01-31": "1915.00000", "2010-10-31": "1950.00000", "2010-07-31": "1912.00000", "2010-04-30": "770.00000", "2010-01-31": "805.00000", "2009-10-31": "822.00000", "2009-07-31": "820.00000", "2009-04-30": "837.00000", "2009-01-31": "872.00000", "2008-10-31": "874.00000", "2008-07-31": "883.00000", "2008-04-30": "867.00000", "2008-01-31": "841.00000", "2007-10-31": "736.00000", "2007-07-31": "732.00000", "2007-04-30": "517.00000", "2007-01-31": "517.00000", "2006-10-31": "468.00000", "2006-07-31": "481.00000", "2006-04-30": "481.00000", "2006-01-31": "375.00000", "2005-10-31": "345.00000", "2005-07-31": "461.00000", "2005-04-30": "458.00000", "2005-01-31": "459.00000"}, "Other Long-Term Assets": {"2020-10-31": "776.00000", "2020-07-31": "825.00000", "2020-04-30": "804.00000", "2020-01-31": "789.00000", "2019-10-31": "611.00000", "2019-07-31": "612.00000", "2019-04-30": "637.00000", "2019-01-31": "635.00000", "2018-10-31": "339.00000", "2018-07-31": "363.00000", "2018-04-30": "390.00000", "2018-01-31": "395.00000", "2017-10-31": "394.00000", "2017-07-31": "425.00000", "2017-04-30": "466.00000", "2017-01-31": "477.00000", "2016-10-31": "452.00000", "2016-07-31": "459.00000", "2016-04-30": "339.00000", "2016-01-31": "242.00000", "2015-10-31": "292.00000", "2015-07-31": "248.00000", "2015-04-30": "251.00000", "2015-01-31": "254.00000", "2014-10-31": "268.00000", "2014-07-31": "470.00000", "2014-04-30": "485.00000", "2014-01-31": "431.00000", "2013-10-31": "467.00000", "2013-07-31": "491.00000", "2013-04-30": "501.00000", "2013-01-31": "510.00000", "2012-10-31": "523.00000", "2012-07-31": "268.00000", "2012-04-30": "305.00000", "2012-01-31": "255.00000", "2011-10-31": "369.00000", "2011-07-31": "366.00000", "2011-04-30": "378.00000", "2011-01-31": "415.00000", "2010-10-31": "455.00000", "2010-07-31": "360.00000", "2010-04-30": "296.00000", "2010-01-31": "259.00000", "2009-10-31": "1821.00000", "2009-07-31": "1864.00000", "2009-04-30": "1868.00000", "2009-01-31": "2282.00000", "2008-10-31": "1921.00000", "2008-07-31": "517.00000", "2008-04-30": "539.00000", "2008-01-31": "747.00000", "2007-10-31": "2152.00000", "2007-07-31": "2224.00000", "2007-04-30": "2198.00000", "2007-01-31": "2152.00000", "2006-10-31": "2168.00000", "2006-07-31": "2207.00000", "2006-04-30": "545.00000", "2006-01-31": "549.00000", "2005-10-31": "633.00000", "2005-07-31": "817.00000", "2005-04-30": "812.00000", "2005-01-31": "807.00000"}, "Total Long-Term Assets": {"2020-10-31": "6212.00000", "2020-07-31": "6301.00000", "2020-04-30": "6284.00000", "2020-01-31": "6399.00000", "2019-10-31": "6263.00000", "2019-07-31": "5168.00000", "2019-04-30": "5210.00000", "2019-01-31": "5240.00000", "2018-10-31": "4693.00000", "2018-07-31": "4682.00000", "2018-04-30": "4259.00000", "2018-01-31": "4301.00000", "2017-10-31": "4257.00000", "2017-07-31": "4265.00000", "2017-04-30": "4216.00000", "2017-01-31": "4237.00000", "2016-10-31": "4159.00000", "2016-07-31": "4204.00000", "2016-04-30": "4152.00000", "2016-01-31": "3903.00000", "2015-10-31": "3793.00000", "2015-07-31": "3773.00000", "2015-04-30": "3792.00000", "2015-01-31": "3865.00000", "2014-10-31": "5306.00000", "2014-07-31": "5546.00000", "2014-04-30": "5649.00000", "2014-01-31": "5565.00000", "2013-10-31": "5703.00000", "2013-07-31": "5694.00000", "2013-04-30": "5769.00000", "2013-01-31": "5941.00000", "2012-10-31": "5907.00000", "2012-07-31": "5546.00000", "2012-04-30": "3403.00000", "2012-01-31": "3384.00000", "2011-10-31": "3488.00000", "2011-07-31": "3530.00000", "2011-04-30": "3553.00000", "2011-01-31": "3446.00000", "2010-10-31": "3527.00000", "2010-07-31": "3365.00000", "2010-04-30": "2055.00000", "2010-01-31": "2055.00000", "2009-10-31": "3651.00000", "2009-07-31": "3676.00000", "2009-04-30": "3693.00000", "2009-01-31": "4154.00000", "2008-10-31": "3825.00000", "2008-07-31": "2467.00000", "2008-04-30": "2489.00000", "2008-01-31": "2389.00000", "2007-10-31": "3883.00000", "2007-07-31": "3743.00000", "2007-04-30": "3492.00000", "2007-01-31": "3444.00000", "2006-10-31": "3411.00000", "2006-07-31": "3510.00000", "2006-04-30": "3481.00000", "2006-01-31": "3400.00000", "2005-10-31": "2304.00000", "2005-07-31": "2426.00000", "2005-04-30": "2455.00000", "2005-01-31": "2501.00000"}, "Total Assets": {"2020-10-31": "9627.00000", "2020-07-31": "9546.00000", "2020-04-30": "9455.00000", "2020-01-31": "9501.00000", "2019-10-31": "9452.00000", "2019-07-31": "8625.00000", "2019-04-30": "9022.00000", "2019-01-31": "8952.00000", "2018-10-31": "8541.00000", "2018-07-31": "8349.00000", "2018-04-30": "8784.00000", "2018-01-31": "8698.00000", "2017-10-31": "8426.00000", "2017-07-31": "8261.00000", "2017-04-30": "8016.00000", "2017-01-31": "7872.00000", "2016-10-31": "7794.00000", "2016-07-31": "7734.00000", "2016-04-30": "7640.00000", "2016-01-31": "7302.00000", "2015-10-31": "7479.00000", "2015-07-31": "7251.00000", "2015-04-30": "7412.00000", "2015-01-31": "7519.00000", "2014-10-31": "10815.00000", "2014-07-31": "10380.00000", "2014-04-30": "11026.00000", "2014-01-31": "10638.00000", "2013-10-31": "10686.00000", "2013-07-31": "10278.00000", "2013-04-30": "10587.00000", "2013-01-31": "10653.00000", "2012-10-31": "10536.00000", "2012-07-31": "9757.00000", "2012-04-30": "9413.00000", "2012-01-31": "9099.00000", "2011-10-31": "9057.00000", "2011-07-31": "8753.00000", "2011-04-30": "8649.00000", "2011-01-31": "8044.00000", "2010-10-31": "9696.00000", "2010-07-31": "9100.00000", "2010-04-30": "7767.00000", "2010-01-31": "7574.00000", "2009-10-31": "7612.00000", "2009-07-31": "6573.00000", "2009-04-30": "6576.00000", "2009-01-31": "7162.00000", "2008-10-31": "7007.00000", "2008-07-31": "7541.00000", "2008-04-30": "7674.00000", "2008-01-31": "7459.00000", "2007-10-31": "7554.00000", "2007-07-31": "7024.00000", "2007-04-30": "7283.00000", "2007-01-31": "7193.00000", "2006-10-31": "7369.00000", "2006-07-31": "7729.00000", "2006-04-30": "8057.00000", "2006-01-31": "8026.00000", "2005-10-31": "6751.00000", "2005-07-31": "7352.00000", "2005-04-30": "7268.00000", "2005-01-31": "7150.00000"}, "Total Current Liabilities": {"2020-10-31": "1467.00000", "2020-07-31": "1314.00000", "2020-04-30": "1945.00000", "2020-01-31": "1892.00000", "2019-10-31": "2080.00000", "2019-07-31": "1622.00000", "2019-04-30": "1118.00000", "2019-01-31": "1095.00000", "2018-10-31": "1171.00000", "2018-07-31": "1014.00000", "2018-04-30": "1365.00000", "2018-01-31": "1361.00000", "2017-10-31": "1263.00000", "2017-07-31": "1241.00000", "2017-04-30": "1187.00000", "2017-01-31": "1089.00000", "2016-10-31": "945.00000", "2016-07-31": "1151.00000", "2016-04-30": "1133.00000", "2016-01-31": "947.00000", "2015-10-31": "976.00000", "2015-07-31": "853.00000", "2015-04-30": "930.00000", "2015-01-31": "928.00000", "2014-10-31": "1692.00000", "2014-07-31": "1579.00000", "2014-04-30": "1719.00000", "2014-01-31": "1549.00000", "2013-10-31": "1602.00000", "2013-07-31": "1550.00000", "2013-04-30": "1908.00000", "2013-01-31": "1846.00000", "2012-10-31": "1893.00000", "2012-07-31": "2090.00000", "2012-04-30": "1835.00000", "2012-01-31": "1705.00000", "2011-10-31": "1837.00000", "2011-07-31": "1505.00000", "2011-04-30": "1592.00000", "2011-01-31": "1406.00000", "2010-10-31": "3083.00000", "2010-07-31": "2917.00000", "2010-04-30": "2709.00000", "2010-01-31": "2549.00000", "2009-10-31": "1123.00000", "2009-07-31": "991.00000", "2009-04-30": "1099.00000", "2009-01-31": "1130.00000", "2008-10-31": "1330.00000", "2008-07-31": "2894.00000", "2008-04-30": "3044.00000", "2008-01-31": "2674.00000", "2007-10-31": "1663.00000", "2007-07-31": "1510.00000", "2007-04-30": "1554.00000", "2007-01-31": "1372.00000", "2006-10-31": "1538.00000", "2006-07-31": "1679.00000", "2006-04-30": "1784.00000", "2006-01-31": "1637.00000", "2005-10-31": "1936.00000", "2005-07-31": "1771.00000", "2005-04-30": "1765.00000", "2005-01-31": "1771.00000"}, "Long Term Debt": {"2020-10-31": "2284.00000", "2020-07-31": "2283.00000", "2020-04-30": "1788.00000", "2020-01-31": "1787.00000", "2019-10-31": "1791.00000", "2019-07-31": "1294.00000", "2019-04-30": "1798.00000", "2019-01-31": "1798.00000", "2018-10-31": "1799.00000", "2018-07-31": "1799.00000", "2018-04-30": "1800.00000", "2018-01-31": "1800.00000", "2017-10-31": "1801.00000", "2017-07-31": "1801.00000", "2017-04-30": "1802.00000", "2017-01-31": "1802.00000", "2016-10-31": "1904.00000", "2016-07-31": "1652.00000", "2016-04-30": "1654.00000", "2016-01-31": "1653.00000", "2015-10-31": "1655.00000", "2015-07-31": "1655.00000", "2015-04-30": "1656.00000", "2015-01-31": "1658.00000", "2014-10-31": "1663.00000", "2014-07-31": "2181.00000", "2014-04-30": "2693.00000", "2014-01-31": "2695.00000", "2013-10-31": "2699.00000", "2013-07-31": "2701.00000", "2013-04-30": "2106.00000", "2013-01-31": "2111.00000", "2012-10-31": "2112.00000", "2012-07-31": "1714.00000", "2012-04-30": "1926.00000", "2012-01-31": "1929.00000", "2011-10-31": "1932.00000", "2011-07-31": "2168.00000", "2011-04-30": "2144.00000", "2011-01-31": "2138.00000", "2010-10-31": "2190.00000", "2010-07-31": "2177.00000", "2010-04-30": "1393.00000", "2010-01-31": "1410.00000", "2009-10-31": "2904.00000", "2009-07-31": "2153.00000", "2009-04-30": "2154.00000", "2009-01-31": "2154.00000", "2008-10-31": "2125.00000", "2008-07-31": "604.00000", "2008-04-30": "622.00000", "2008-01-31": "626.00000", "2007-10-31": "2087.00000", "2007-07-31": "1500.00000", "2007-04-30": "1500.00000", "2007-01-31": "1500.00000", "2006-10-31": "1500.00000", "2006-07-31": "1500.00000", "2006-04-30": "1500.00000", "2006-01-31": "1500.00000", "2005-10-31": "", "2005-07-31": "1150.00000", "2005-04-30": "1150.00000", "2005-01-31": "1150.00000"}, "Other Non-Current Liabilities": {"2020-10-31": "614.00000", "2020-07-31": "613.00000", "2020-04-30": "614.00000", "2020-01-31": "620.00000", "2019-10-31": "473.00000", "2019-07-31": "737.00000", "2019-04-30": "752.00000", "2019-01-31": "785.00000", "2018-10-31": "761.00000", "2018-07-31": "750.00000", "2018-04-30": "776.00000", "2018-01-31": "770.00000", "2017-10-31": "293.00000", "2017-07-31": "285.00000", "2017-04-30": "335.00000", "2017-01-31": "331.00000", "2016-10-31": "339.00000", "2016-07-31": "356.00000", "2016-04-30": "446.00000", "2016-01-31": "412.00000", "2015-10-31": "414.00000", "2015-07-31": "469.00000", "2015-04-30": "489.00000", "2015-01-31": "499.00000", "2014-10-31": "513.00000", "2014-07-31": "745.00000", "2014-04-30": "724.00000", "2014-01-31": "673.00000", "2013-10-31": "802.00000", "2013-07-31": "774.00000", "2013-04-30": "787.00000", "2013-01-31": "791.00000", "2012-10-31": "792.00000", "2012-07-31": "811.00000", "2012-04-30": "646.00000", "2012-01-31": "647.00000", "2011-10-31": "643.00000", "2011-07-31": "654.00000", "2011-04-30": "719.00000", "2011-01-31": "692.00000", "2010-10-31": "710.00000", "2010-07-31": "699.00000", "2010-04-30": "550.00000", "2010-01-31": "526.00000", "2009-10-31": "573.00000", "2009-07-31": "562.00000", "2009-04-30": "560.00000", "2009-01-31": "984.00000", "2008-10-31": "669.00000", "2008-07-31": "737.00000", "2008-04-30": "731.00000", "2008-01-31": "850.00000", "2007-10-31": "429.00000", "2007-07-31": "433.00000", "2007-04-30": "388.00000", "2007-01-31": "385.00000", "2006-10-31": "395.00000", "2006-07-31": "492.00000", "2006-04-30": "391.00000", "2006-01-31": "404.00000", "2005-10-31": "341.00000", "2005-07-31": "483.00000", "2005-04-30": "484.00000", "2005-01-31": "461.00000"}, "Total Long Term Liabilities": {"2020-10-31": "3287.00000", "2020-07-31": "3251.00000", "2020-04-30": "2742.00000", "2020-01-31": "2761.00000", "2019-10-31": "2624.00000", "2019-07-31": "2256.00000", "2019-04-30": "2779.00000", "2019-01-31": "2821.00000", "2018-10-31": "2799.00000", "2018-07-31": "2767.00000", "2018-04-30": "2802.00000", "2018-01-31": "2811.00000", "2017-10-31": "2328.00000", "2017-07-31": "2409.00000", "2017-04-30": "2454.00000", "2017-01-31": "2483.00000", "2016-10-31": "2603.00000", "2016-07-31": "2237.00000", "2016-04-30": "2342.00000", "2016-01-31": "2307.00000", "2015-10-31": "2333.00000", "2015-07-31": "2292.00000", "2015-04-30": "2321.00000", "2015-01-31": "2351.00000", "2014-10-31": "3819.00000", "2014-07-31": "3161.00000", "2014-04-30": "3678.00000", "2014-01-31": "3642.00000", "2013-10-31": "3795.00000", "2013-07-31": "3938.00000", "2013-04-30": "3371.00000", "2013-01-31": "3456.00000", "2012-10-31": "3458.00000", "2012-07-31": "2794.00000", "2012-04-30": "2853.00000", "2012-01-31": "2895.00000", "2011-10-31": "2904.00000", "2011-07-31": "3048.00000", "2011-04-30": "3096.00000", "2011-01-31": "3299.00000", "2010-10-31": "3377.00000", "2010-07-31": "3373.00000", "2010-04-30": "2426.00000", "2010-01-31": "2427.00000", "2009-10-31": "3975.00000", "2009-07-31": "3093.00000", "2009-04-30": "3058.00000", "2009-01-31": "3461.00000", "2008-10-31": "3118.00000", "2008-07-31": "1462.00000", "2008-04-30": "1474.00000", "2008-01-31": "1612.00000", "2007-10-31": "2657.00000", "2007-07-31": "2226.00000", "2007-04-30": "2174.00000", "2007-01-31": "2164.00000", "2006-10-31": "2183.00000", "2006-07-31": "2258.00000", "2006-04-30": "2199.00000", "2006-01-31": "2207.00000", "2005-10-31": "734.00000", "2005-07-31": "1633.00000", "2005-04-30": "1634.00000", "2005-01-31": "1611.00000"}, "Total Liabilities": {"2020-10-31": "4754.00000", "2020-07-31": "4565.00000", "2020-04-30": "4687.00000", "2020-01-31": "4653.00000", "2019-10-31": "4704.00000", "2019-07-31": "3878.00000", "2019-04-30": "3897.00000", "2019-01-31": "3916.00000", "2018-10-31": "3970.00000", "2018-07-31": "3781.00000", "2018-04-30": "4167.00000", "2018-01-31": "4172.00000", "2017-10-31": "3591.00000", "2017-07-31": "3650.00000", "2017-04-30": "3641.00000", "2017-01-31": "3572.00000", "2016-10-31": "3548.00000", "2016-07-31": "3388.00000", "2016-04-30": "3475.00000", "2016-01-31": "3254.00000", "2015-10-31": "3309.00000", "2015-07-31": "3145.00000", "2015-04-30": "3251.00000", "2015-01-31": "3279.00000", "2014-10-31": "5511.00000", "2014-07-31": "4740.00000", "2014-04-30": "5397.00000", "2014-01-31": "5191.00000", "2013-10-31": "5397.00000", "2013-07-31": "5488.00000", "2013-04-30": "5279.00000", "2013-01-31": "5302.00000", "2012-10-31": "5351.00000", "2012-07-31": "4884.00000", "2012-04-30": "4688.00000", "2012-01-31": "4600.00000", "2011-10-31": "4741.00000", "2011-07-31": "4553.00000", "2011-04-30": "4688.00000", "2011-01-31": "4705.00000", "2010-10-31": "6460.00000", "2010-07-31": "6290.00000", "2010-04-30": "5135.00000", "2010-01-31": "4976.00000", "2009-10-31": "5098.00000", "2009-07-31": "4084.00000", "2009-04-30": "4157.00000", "2009-01-31": "4591.00000", "2008-10-31": "4448.00000", "2008-07-31": "4356.00000", "2008-04-30": "4518.00000", "2008-01-31": "4286.00000", "2007-10-31": "4320.00000", "2007-07-31": "3736.00000", "2007-04-30": "3728.00000", "2007-01-31": "3536.00000", "2006-10-31": "3721.00000", "2006-07-31": "3937.00000", "2006-04-30": "3983.00000", "2006-01-31": "3844.00000", "2005-10-31": "2670.00000", "2005-07-31": "3404.00000", "2005-04-30": "3399.00000", "2005-01-31": "3382.00000"}, "Common Stock Net": {"2020-10-31": "3.00000", "2020-07-31": "3.00000", "2020-04-30": "3.00000", "2020-01-31": "3.00000", "2019-10-31": "3.00000", "2019-07-31": "3.00000", "2019-04-30": "3.00000", "2019-01-31": "3.00000", "2018-10-31": "3.00000", "2018-07-31": "3.00000", "2018-04-30": "3.00000", "2018-01-31": "3.00000", "2017-10-31": "3.00000", "2017-07-31": "3.00000", "2017-04-30": "3.00000", "2017-01-31": "3.00000", "2016-10-31": "6.00000", "2016-07-31": "6.00000", "2016-04-30": "6.00000", "2016-01-31": "6.00000", "2015-10-31": "6.00000", "2015-07-31": "6.00000", "2015-04-30": "6.00000", "2015-01-31": "6.00000", "2014-10-31": "6.00000", "2014-07-31": "6.00000", "2014-04-30": "6.00000", "2014-01-31": "6.00000", "2013-10-31": "6.00000", "2013-07-31": "6.00000", "2013-04-30": "6.00000", "2013-01-31": "6.00000", "2012-10-31": "6.00000", "2012-07-31": "6.00000", "2012-04-30": "6.00000", "2012-01-31": "6.00000", "2011-10-31": "6.00000", "2011-07-31": "6.00000", "2011-04-30": "6.00000", "2011-01-31": "6.00000", "2010-10-31": "6.00000", "2010-07-31": "6.00000", "2010-04-30": "6.00000", "2010-01-31": "6.00000", "2009-10-31": "6.00000", "2009-07-31": "6.00000", "2009-04-30": "6.00000", "2009-01-31": "6.00000", "2008-10-31": "6.00000", "2008-07-31": "6.00000", "2008-04-30": "6.00000", "2008-01-31": "6.00000", "2007-10-31": "6.00000", "2007-07-31": "5.00000", "2007-04-30": "5.00000", "2007-01-31": "5.00000", "2006-10-31": "5.00000", "2006-07-31": "5.00000", "2006-04-30": "5.00000", "2006-01-31": "5.00000", "2005-10-31": "5.00000", "2005-07-31": "5.00000", "2005-04-30": "5.00000", "2005-01-31": "5.00000"}, "Retained Earnings (Accumulated Deficit)": {"2020-10-31": "81.00000", "2020-07-31": "130.00000", "2020-04-30": "15.00000", "2020-01-31": "73.00000", "2019-10-31": "-18.00000", "2019-07-31": "-122.00000", "2019-04-30": "178.00000", "2019-01-31": "90.00000", "2018-10-31": "-336.00000", "2018-07-31": "-416.00000", "2018-04-30": "-412.00000", "2018-01-31": "-529.00000", "2017-10-31": "-126.00000", "2017-07-31": "-260.00000", "2017-04-30": "-393.00000", "2017-01-31": "-453.00000", "2016-10-31": "6089.00000", "2016-07-31": "6000.00000", "2016-04-30": "5720.00000", "2016-01-31": "5666.00000", "2015-10-31": "5581.00000", "2015-07-31": "5474.00000", "2015-04-30": "5397.00000", "2015-01-31": "5348.00000", "2014-10-31": "6469.00000", "2014-07-31": "6487.00000", "2014-04-30": "6384.00000", "2014-01-31": "6289.00000", "2013-10-31": "6073.00000", "2013-07-31": "5901.00000", "2013-04-30": "5774.00000", "2013-01-31": "5607.00000", "2012-10-31": "5505.00000", "2012-07-31": "5114.00000", "2012-04-30": "4906.00000", "2012-01-31": "4651.00000", "2011-10-31": "4456.00000", "2011-07-31": "4167.00000", "2011-04-30": "3837.00000", "2011-01-31": "3637.00000", "2010-10-31": "3444.00000", "2010-07-31": "3152.00000", "2010-04-30": "2947.00000", "2010-01-31": "2839.00000", "2009-10-31": "2760.00000", "2009-07-31": "2735.00000", "2009-04-30": "2754.00000", "2009-01-31": "2855.00000", "2008-10-31": "2791.00000", "2008-07-31": "2560.00000", "2008-04-30": "2391.00000", "2008-01-31": "2218.00000", "2007-10-31": "2172.00000", "2007-07-31": "1992.00000", "2007-04-30": "1807.00000", "2007-01-31": "1684.00000", "2006-10-31": "1534.00000", "2006-07-31": "1695.00000", "2006-04-30": "1468.00000", "2006-01-31": "1353.00000", "2005-10-31": "-1463.00000", "2005-07-31": "-1509.00000", "2005-04-30": "-1612.00000", "2005-01-31": "-1707.00000"}, "Comprehensive Income": {"2020-10-31": "-522.00000", "2020-07-31": "-476.00000", "2020-04-30": "-538.00000", "2020-01-31": "-521.00000", "2019-10-31": "-514.00000", "2019-07-31": "-404.00000", "2019-04-30": "-398.00000", "2019-01-31": "-381.00000", "2018-10-31": "-408.00000", "2018-07-31": "-335.00000", "2018-04-30": "-310.00000", "2018-01-31": "-269.00000", "2017-10-31": "-346.00000", "2017-07-31": "-417.00000", "2017-04-30": "-477.00000", "2017-01-31": "-489.00000", "2016-10-31": "-503.00000", "2016-07-31": "-345.00000", "2016-04-30": "-299.00000", "2016-01-31": "-438.00000", "2015-10-31": "-391.00000", "2015-07-31": "-332.00000", "2015-04-30": "-270.00000", "2015-01-31": "-261.00000", "2014-10-31": "-334.00000", "2014-07-31": "53.00000", "2014-04-30": "132.00000", "2014-01-31": "36.00000", "2013-10-31": "91.00000", "2013-07-31": "-173.00000", "2013-04-30": "-145.00000", "2013-01-31": "-41.00000", "2012-10-31": "-111.00000", "2012-07-31": "-35.00000", "2012-04-30": "68.00000", "2012-01-31": "87.00000", "2011-10-31": "116.00000", "2011-07-31": "271.00000", "2011-04-30": "278.00000", "2011-01-31": "-63.00000", "2010-10-31": "-88.00000", "2010-07-31": "-225.00000", "2010-04-30": "-239.00000", "2010-01-31": "-201.00000", "2009-10-31": "-185.00000", "2009-07-31": "-141.00000", "2009-04-30": "-188.00000", "2009-01-31": "-154.00000", "2008-10-31": "-178.00000", "2008-07-31": "455.00000", "2008-04-30": "477.00000", "2008-01-31": "439.00000", "2007-10-31": "408.00000", "2007-07-31": "77.00000", "2007-04-30": "74.00000", "2007-01-31": "21.00000", "2006-10-31": "29.00000", "2006-07-31": "18.00000", "2006-04-30": "-22.00000", "2006-01-31": "-51.00000", "2005-10-31": "-49.00000", "2005-07-31": "141.00000", "2005-04-30": "217.00000", "2005-01-31": "215.00000"}, "Other Share Holders Equity": {"2020-10-31": "", "2020-07-31": "", "2020-04-30": "", "2020-01-31": "", "2019-10-31": "", "2019-07-31": "", "2019-04-30": "", "2019-01-31": "", "2018-10-31": "", "2018-07-31": "", "2018-04-30": "", "2018-01-31": "", "2017-10-31": "", "2017-07-31": "", "2017-04-30": "", "2017-01-31": "", "2016-10-31": "", "2016-07-31": "", "2016-04-30": "", "2016-01-31": "", "2015-10-31": "", "2015-07-31": "", "2015-04-30": "", "2015-01-31": "", "2014-10-31": "", "2014-07-31": "", "2014-04-30": "", "2014-01-31": "", "2013-10-31": "", "2013-07-31": "", "2013-04-30": "", "2013-01-31": "", "2012-10-31": "", "2012-07-31": "", "2012-04-30": "", "2012-01-31": "", "2011-10-31": "", "2011-07-31": "", "2011-04-30": "", "2011-01-31": "", "2010-10-31": "", "2010-07-31": "", "2010-04-30": "", "2010-01-31": "", "2009-10-31": "", "2009-07-31": "", "2009-04-30": "", "2009-01-31": "", "2008-10-31": "", "2008-07-31": "", "2008-04-30": "", "2008-01-31": "", "2007-10-31": "", "2007-07-31": "", "2007-04-30": "", "2007-01-31": "", "2006-10-31": "", "2006-07-31": "", "2006-04-30": "", "2006-01-31": "", "2005-10-31": "", "2005-07-31": "", "2005-04-30": "", "2005-01-31": ""}, "Share Holder Equity": {"2020-10-31": "4873.00000", "2020-07-31": "4981.00000", "2020-04-30": "4768.00000", "2020-01-31": "4848.00000", "2019-10-31": "4748.00000", "2019-07-31": "4747.00000", "2019-04-30": "5125.00000", "2019-01-31": "5036.00000", "2018-10-31": "4571.00000", "2018-07-31": "4568.00000", "2018-04-30": "4617.00000", "2018-01-31": "4526.00000", "2017-10-31": "4835.00000", "2017-07-31": "4611.00000", "2017-04-30": "4375.00000", "2017-01-31": "4300.00000", "2016-10-31": "4246.00000", "2016-07-31": "4346.00000", "2016-04-30": "4165.00000", "2016-01-31": "4048.00000", "2015-10-31": "4170.00000", "2015-07-31": "4106.00000", "2015-04-30": "4161.00000", "2015-01-31": "4240.00000", "2014-10-31": "5304.00000", "2014-07-31": "5640.00000", "2014-04-30": "5629.00000", "2014-01-31": "5447.00000", "2013-10-31": "5289.00000", "2013-07-31": "4790.00000", "2013-04-30": "5308.00000", "2013-01-31": "5351.00000", "2012-10-31": "5185.00000", "2012-07-31": "4873.00000", "2012-04-30": "4725.00000", "2012-01-31": "4499.00000", "2011-10-31": "4316.00000", "2011-07-31": "4200.00000", "2011-04-30": "3961.00000", "2011-01-31": "3339.00000", "2010-10-31": "3236.00000", "2010-07-31": "2810.00000", "2010-04-30": "2632.00000", "2010-01-31": "2598.00000", "2009-10-31": "2514.00000", "2009-07-31": "2489.00000", "2009-04-30": "2419.00000", "2009-01-31": "2571.00000", "2008-10-31": "2559.00000", "2008-07-31": "3185.00000", "2008-04-30": "3156.00000", "2008-01-31": "3173.00000", "2007-10-31": "3234.00000", "2007-07-31": "3288.00000", "2007-04-30": "3555.00000", "2007-01-31": "3657.00000", "2006-10-31": "3648.00000", "2006-07-31": "3792.00000", "2006-04-30": "4074.00000", "2006-01-31": "4182.00000", "2005-10-31": "4081.00000", "2005-07-31": "3948.00000", "2005-04-30": "3869.00000", "2005-01-31": "3768.00000"}, "Total Liabilities And Share Holders Equity": {"2020-10-31": "9627.00000", "2020-07-31": "9546.00000", "2020-04-30": "9455.00000", "2020-01-31": "9501.00000", "2019-10-31": "9452.00000", "2019-07-31": "8625.00000", "2019-04-30": "9022.00000", "2019-01-31": "8952.00000", "2018-10-31": "8541.00000", "2018-07-31": "8349.00000", "2018-04-30": "8784.00000", "2018-01-31": "8698.00000", "2017-10-31": "8426.00000", "2017-07-31": "8261.00000", "2017-04-30": "8016.00000", "2017-01-31": "7872.00000", "2016-10-31": "7794.00000", "2016-07-31": "7734.00000", "2016-04-30": "7640.00000", "2016-01-31": "7302.00000", "2015-10-31": "7479.00000", "2015-07-31": "7251.00000", "2015-04-30": "7412.00000", "2015-01-31": "7519.00000", "2014-10-31": "10815.00000", "2014-07-31": "10380.00000", "2014-04-30": "11026.00000", "2014-01-31": "10638.00000", "2013-10-31": "10686.00000", "2013-07-31": "10278.00000", "2013-04-30": "10587.00000", "2013-01-31": "10653.00000", "2012-10-31": "10536.00000", "2012-07-31": "9757.00000", "2012-04-30": "9413.00000", "2012-01-31": "9099.00000", "2011-10-31": "9057.00000", "2011-07-31": "8753.00000", "2011-04-30": "8649.00000", "2011-01-31": "8044.00000", "2010-10-31": "9696.00000", "2010-07-31": "9100.00000", "2010-04-30": "7767.00000", "2010-01-31": "7574.00000", "2009-10-31": "7612.00000", "2009-07-31": "6573.00000", "2009-04-30": "6576.00000", "2009-01-31": "7162.00000", "2008-10-31": "7007.00000", "2008-07-31": "7541.00000", "2008-04-30": "7674.00000", "2008-01-31": "7459.00000", "2007-10-31": "7554.00000", "2007-07-31": "7024.00000", "2007-04-30": "7283.00000", "2007-01-31": "7193.00000", "2006-10-31": "7369.00000", "2006-07-31": "7729.00000", "2006-04-30": "8057.00000", "2006-01-31": "8026.00000", "2005-10-31": "6751.00000", "2005-07-31": "7352.00000", "2005-04-30": "7268.00000", "2005-01-31": "7150.00000"}}, "cash flow statement": {"Net Income/Loss": {"2020-10-31": "719.00000", "2019-10-31": "1071.00000", "2018-10-31": "316.00000", "2017-10-31": "684.00000", "2016-10-31": "462.00000", "2015-10-31": "401.00000", "2014-10-31": "549.00000", "2013-10-31": "734.00000", "2012-10-31": "1153.00000", "2011-10-31": "1012.00000", "2010-10-31": "684.00000", "2009-10-31": "-31.00000", "2008-10-31": "693.00000", "2007-10-31": "638.00000", "2006-10-31": "3307.00000", "2005-10-31": "327.00000"}, "Total Depreciation And Amortization - Cash Flow": {"2020-10-31": "308.00000", "2019-10-31": "238.00000", "2018-10-31": "210.00000", "2017-10-31": "212.00000", "2016-10-31": "246.00000", "2015-10-31": "253.00000", "2014-10-31": "362.00000", "2013-10-31": "372.00000", "2012-10-31": "301.00000", "2011-10-31": "253.00000", "2010-10-31": "202.00000", "2009-10-31": "162.00000", "2008-10-31": "201.00000", "2007-10-31": "191.00000", "2006-10-31": "170.00000", "2005-10-31": "180.00000"}, "Other Non-Cash Items": {"2020-10-31": "219.00000", "2019-10-31": "-149.00000", "2018-10-31": "90.00000", "2017-10-31": "193.00000", "2016-10-31": "125.00000", "2015-10-31": "173.00000", "2014-10-31": "5.00000", "2013-10-31": "135.00000", "2012-10-31": "-50.00000", "2011-10-31": "154.00000", "2010-10-31": "-116.00000", "2009-10-31": "172.00000", "2008-10-31": "41.00000", "2007-10-31": "20.00000", "2006-10-31": "-2558.00000", "2005-10-31": "128.00000"}, "Total Non-Cash Items": {"2020-10-31": "527.00000", "2019-10-31": "89.00000", "2018-10-31": "300.00000", "2017-10-31": "405.00000", "2016-10-31": "371.00000", "2015-10-31": "426.00000", "2014-10-31": "367.00000", "2013-10-31": "507.00000", "2012-10-31": "251.00000", "2011-10-31": "407.00000", "2010-10-31": "86.00000", "2009-10-31": "334.00000", "2008-10-31": "242.00000", "2007-10-31": "211.00000", "2006-10-31": "-2388.00000", "2005-10-31": "308.00000"}, "Change In Accounts Receivable": {"2020-10-31": "-107.00000", "2019-10-31": "-106.00000", "2018-10-31": "-65.00000", "2017-10-31": "-81.00000", "2016-10-31": "-33.00000", "2015-10-31": "-24.00000", "2014-10-31": "-119.00000", "2013-10-31": "14.00000", "2012-10-31": "19.00000", "2011-10-31": "11.00000", "2010-10-31": "-166.00000", "2009-10-31": "193.00000", "2008-10-31": "-44.00000", "2007-10-31": "22.00000", "2006-10-31": "8.00000", "2005-10-31": "47.00000"}, "Change In Inventories": {"2020-10-31": "-68.00000", "2019-10-31": "-36.00000", "2018-10-31": "-83.00000", "2017-10-31": "-61.00000", "2016-10-31": "-7.00000", "2015-10-31": "-24.00000", "2014-10-31": "-99.00000", "2013-10-31": "-100.00000", "2012-10-31": "-52.00000", "2011-10-31": "-208.00000", "2010-10-31": "-51.00000", "2009-10-31": "47.00000", "2008-10-31": "-14.00000", "2007-10-31": "-21.00000", "2006-10-31": "-55.00000", "2005-10-31": "12.00000"}, "Change In Accounts Payable": {"2020-10-31": "2.00000", "2019-10-31": "29.00000", "2018-10-31": "40.00000", "2017-10-31": "2.00000", "2016-10-31": "-15.00000", "2015-10-31": "-26.00000", "2014-10-31": "50.00000", "2013-10-31": "-27.00000", "2012-10-31": "-31.00000", "2011-10-31": "-35.00000", "2010-10-31": "113.00000", "2009-10-31": "-7.00000", "2008-10-31": "-21.00000", "2007-10-31": "-13.00000", "2006-10-31": "56.00000", "2005-10-31": "19.00000"}, "Change In Assets/Liabilities": {"2020-10-31": "-181.00000", "2019-10-31": "-49.00000", "2018-10-31": "548.00000", "2017-10-31": "-98.00000", "2016-10-31": "0.00000", "2015-10-31": "-249.00000", "2014-10-31": "-26.00000", "2013-10-31": "8.00000", "2012-10-31": "-58.00000", "2011-10-31": "49.00000", "2010-10-31": "35.00000", "2009-10-31": "-42.00000", "2008-10-31": "-90.00000", "2007-10-31": "-13.00000", "2006-10-31": "-121.00000", "2005-10-31": "47.00000"}, "Total Change In Assets/Liabilities": {"2020-10-31": "-325.00000", "2019-10-31": "-139.00000", "2018-10-31": "471.00000", "2017-10-31": "-200.00000", "2016-10-31": "-40.00000", "2015-10-31": "-315.00000", "2014-10-31": "-185.00000", "2013-10-31": "-89.00000", "2012-10-31": "-176.00000", "2011-10-31": "-159.00000", "2010-10-31": "-52.00000", "2009-10-31": "105.00000", "2008-10-31": "-179.00000", "2007-10-31": "120.00000", "2006-10-31": "-285.00000", "2005-10-31": "264.00000"}, "Cash Flow From Operating Activities": {"2020-10-31": "921.00000", "2019-10-31": "1021.00000", "2018-10-31": "1087.00000", "2017-10-31": "889.00000", "2016-10-31": "793.00000", "2015-10-31": "512.00000", "2014-10-31": "731.00000", "2013-10-31": "1152.00000", "2012-10-31": "1228.00000", "2011-10-31": "1260.00000", "2010-10-31": "718.00000", "2009-10-31": "408.00000", "2008-10-31": "756.00000", "2007-10-31": "969.00000", "2006-10-31": "634.00000", "2005-10-31": "899.00000"}, "Net Change In Property, Plant, And Equipment": {"2020-10-31": "-118.00000", "2019-10-31": "-155.00000", "2018-10-31": "-176.00000", "2017-10-31": "-176.00000", "2016-10-31": "-139.00000", "2015-10-31": "-86.00000", "2014-10-31": "-191.00000", "2013-10-31": "-193.00000", "2012-10-31": "-194.00000", "2011-10-31": "-170.00000", "2010-10-31": "-114.00000", "2009-10-31": "-127.00000", "2008-10-31": "-140.00000", "2007-10-31": "-142.00000", "2006-10-31": "22.00000", "2005-10-31": "-66.00000"}, "Net Change In Intangible Assets": {"2020-10-31": "", "2019-10-31": "-1.00000", "2018-10-31": "", "2017-10-31": "", "2016-10-31": "", "2015-10-31": "", "2014-10-31": "", "2013-10-31": "", "2012-10-31": "", "2011-10-31": "", "2010-10-31": "", "2009-10-31": "", "2008-10-31": "-256.00000", "2007-10-31": "", "2006-10-31": "", "2005-10-31": ""}, "Net Acquisitions/Divestitures": {"2020-10-31": "", "2019-10-31": "-1408.00000", "2018-10-31": "-516.00000", "2017-10-31": "-126.00000", "2016-10-31": "-261.00000", "2015-10-31": "-71.00000", "2014-10-31": "-11.00000", "2013-10-31": "-21.00000", "2012-10-31": "-2257.00000", "2011-10-31": "-97.00000", "2010-10-31": "-1108.00000", "2009-10-31": "43.00000", "2008-10-31": "-172.00000", "2007-10-31": "-330.00000", "2006-10-31": "3434.00000", "2005-10-31": "-42.00000"}, "Net Change In Short-term Investments": {"2020-10-31": "", "2019-10-31": "", "2018-10-31": "", "2017-10-31": "", "2016-10-31": "", "2015-10-31": "", "2014-10-31": "", "2013-10-31": "", "2012-10-31": "", "2011-10-31": "", "2010-10-31": "", "2009-10-31": "", "2008-10-31": "", "2007-10-31": "", "2006-10-31": "", "2005-10-31": "-25.00000"}, "Net Change In Long-Term Investments": {"2020-10-31": "-29.00000", "2019-10-31": "-26.00000", "2018-10-31": "-13.00000", "2017-10-31": "-2.00000", "2016-10-31": "-83.00000", "2015-10-31": "-3.00000", "2014-10-31": "-24.00000", "2013-10-31": "-34.00000", "2012-10-31": "85.00000", "2011-10-31": "16.00000", "2010-10-31": "38.00000", "2009-10-31": "64.00000", "2008-10-31": "136.00000", "2007-10-31": "13.00000", "2006-10-31": "-84.00000", "2005-10-31": "-10.00000"}, "Net Change In Investments - Total": {"2020-10-31": "-29.00000", "2019-10-31": "-26.00000", "2018-10-31": "-13.00000", "2017-10-31": "-2.00000", "2016-10-31": "-83.00000", "2015-10-31": "-3.00000", "2014-10-31": "-24.00000", "2013-10-31": "-34.00000", "2012-10-31": "85.00000", "2011-10-31": "16.00000", "2010-10-31": "38.00000", "2009-10-31": "64.00000", "2008-10-31": "136.00000", "2007-10-31": "13.00000", "2006-10-31": "-84.00000", "2005-10-31": "-35.00000"}, "Investing Activities - Other": {"2020-10-31": "", "2019-10-31": "", "2018-10-31": "", "2017-10-31": "", "2016-10-31": "245.00000", "2015-10-31": "-240.00000", "2014-10-31": "-4.00000", "2013-10-31": "", "2012-10-31": "", "2011-10-31": "1545.00000", "2010-10-31": "10.00000", "2009-10-31": "6.00000", "2008-10-31": "33.00000", "2007-10-31": "3.00000", "2006-10-31": "-1576.00000", "2005-10-31": "-57.00000"}, "Cash Flow From Investing Activities": {"2020-10-31": "-147.00000", "2019-10-31": "-1590.00000", "2018-10-31": "-705.00000", "2017-10-31": "-304.00000", "2016-10-31": "-238.00000", "2015-10-31": "-400.00000", "2014-10-31": "-230.00000", "2013-10-31": "-248.00000", "2012-10-31": "-2366.00000", "2011-10-31": "1294.00000", "2010-10-31": "-1174.00000", "2009-10-31": "-14.00000", "2008-10-31": "-399.00000", "2007-10-31": "-456.00000", "2006-10-31": "1796.00000", "2005-10-31": "-200.00000"}, "Net Long-Term Debt": {"2020-10-31": "-116.00000", "2019-10-31": "600.00000", "2018-10-31": "-210.00000", "2017-10-31": "110.00000", "2016-10-31": "262.00000", "2015-10-31": "", "2014-10-31": "99.00000", "2013-10-31": "347.00000", "2012-10-31": "148.00000", "2011-10-31": "-1500.00000", "2010-10-31": "718.00000", "2009-10-31": "748.00000", "2008-10-31": "16.00000", "2007-10-31": "594.00000", "2006-10-31": "1500.00000", "2005-10-31": "-688.00000"}, "Net Current Debt": {"2020-10-31": "75.00000", "2019-10-31": "", "2018-10-31": "", "2017-10-31": "", "2016-10-31": "", "2015-10-31": "", "2014-10-31": "", "2013-10-31": "", "2012-10-31": "", "2011-10-31": "", "2010-10-31": "", "2009-10-31": "", "2008-10-31": "", "2007-10-31": "", "2006-10-31": "", "2005-10-31": ""}, "Debt Issuance/Retirement Net - Total": {"2020-10-31": "-41.00000", "2019-10-31": "600.00000", "2018-10-31": "-210.00000", "2017-10-31": "110.00000", "2016-10-31": "262.00000", "2015-10-31": "", "2014-10-31": "99.00000", "2013-10-31": "347.00000", "2012-10-31": "148.00000", "2011-10-31": "-1500.00000", "2010-10-31": "718.00000", "2009-10-31": "748.00000", "2008-10-31": "16.00000", "2007-10-31": "594.00000", "2006-10-31": "1500.00000", "2005-10-31": "-688.00000"}, "Net Common Equity Issued/Repurchased": {"2020-10-31": "-409.00000", "2019-10-31": "-669.00000", "2018-10-31": "-366.00000", "2017-10-31": "-128.00000", "2016-10-31": "-372.00000", "2015-10-31": "-209.00000", "2014-10-31": "-12.00000", "2013-10-31": "-739.00000", "2012-10-31": "-72.00000", "2011-10-31": "-193.00000", "2010-10-31": "-112.00000", "2009-10-31": "-86.00000", "2008-10-31": "-790.00000", "2007-10-31": "-1569.00000", "2006-10-31": "-3688.00000", "2005-10-31": "-92.00000"}, "Net Total Equity Issued/Repurchased": {"2020-10-31": "-409.00000", "2019-10-31": "-669.00000", "2018-10-31": "-366.00000", "2017-10-31": "-128.00000", "2016-10-31": "-372.00000", "2015-10-31": "-209.00000", "2014-10-31": "-12.00000", "2013-10-31": "-739.00000", "2012-10-31": "-72.00000", "2011-10-31": "-193.00000", "2010-10-31": "-112.00000", "2009-10-31": "-86.00000", "2008-10-31": "-790.00000", "2007-10-31": "-1569.00000", "2006-10-31": "-3688.00000", "2005-10-31": "-92.00000"}, "Total Common And Preferred Stock Dividends Paid": {"2020-10-31": "-222.00000", "2019-10-31": "-206.00000", "2018-10-31": "-191.00000", "2017-10-31": "-170.00000", "2016-10-31": "-150.00000", "2015-10-31": "-133.00000", "2014-10-31": "-176.00000", "2013-10-31": "-156.00000", "2012-10-31": "-104.00000", "2011-10-31": "", "2010-10-31": "", "2009-10-31": "", "2008-10-31": "", "2007-10-31": "", "2006-10-31": "-16.00000", "2005-10-31": ""}, "Financial Activities - Other": {"2020-10-31": "-45.00000", "2019-10-31": "-24.00000", "2018-10-31": "-30.00000", "2017-10-31": "-14.00000", "2016-10-31": "-8.00000", "2015-10-31": "-747.00000", "2014-10-31": "-28.00000", "2013-10-31": "-6.00000", "2012-10-31": "-9.00000", "2011-10-31": "", "2010-10-31": "-5.00000", "2009-10-31": "-5.00000", "2008-10-31": "", "2007-10-31": "-5.00000", "2006-10-31": "-204.00000", "2005-10-31": ""}, "Cash Flow From Financial Activities": {"2020-10-31": "-717.00000", "2019-10-31": "-299.00000", "2018-10-31": "-797.00000", "2017-10-31": "-202.00000", "2016-10-31": "-268.00000", "2015-10-31": "-1089.00000", "2014-10-31": "-117.00000", "2013-10-31": "-554.00000", "2012-10-31": "-37.00000", "2011-10-31": "-1693.00000", "2010-10-31": "601.00000", "2009-10-31": "657.00000", "2008-10-31": "-774.00000", "2007-10-31": "-980.00000", "2006-10-31": "-2408.00000", "2005-10-31": "-780.00000"}, "Net Cash Flow": {"2020-10-31": "59.00000", "2019-10-31": "-866.00000", "2018-10-31": "-432.00000", "2017-10-31": "391.00000", "2016-10-31": "286.00000", "2015-10-31": "-215.00000", "2014-10-31": "353.00000", "2013-10-31": "324.00000", "2012-10-31": "-1176.00000", "2011-10-31": "878.00000", "2010-10-31": "170.00000", "2009-10-31": "1074.00000", "2008-10-31": "-421.00000", "2007-10-31": "-436.00000", "2006-10-31": "36.00000", "2005-10-31": "-89.00000"}, "Stock-Based Compensation": {"2020-10-31": "83.00000", "2019-10-31": "72.00000", "2018-10-31": "70.00000", "2017-10-31": "60.00000", "2016-10-31": "58.00000", "2015-10-31": "54.00000", "2014-10-31": "96.00000", "2013-10-31": "85.00000", "2012-10-31": "74.00000", "2011-10-31": "72.00000", "2010-10-31": "66.00000", "2009-10-31": "71.00000", "2008-10-31": "82.00000", "2007-10-31": "139.00000", "2006-10-31": "94.00000", "2005-10-31": "8.00000"}, "Common Stock Dividends Paid": {"2020-10-31": "-222.00000", "2019-10-31": "-206.00000", "2018-10-31": "-191.00000", "2017-10-31": "-170.00000", "2016-10-31": "-150.00000", "2015-10-31": "-133.00000", "2014-10-31": "-176.00000", "2013-10-31": "-156.00000", "2012-10-31": "-104.00000", "2011-10-31": "", "2010-10-31": "", "2009-10-31": "", "2008-10-31": "", "2007-10-31": "", "2006-10-31": "-16.00000", "2005-10-31": ""}}, "cash flow statement, quarterly": {"Net Income/Loss": {"2020-10-31": 222, "2020-07-31": 199, "2020-04-30": 101, "2020-01-31": "197.00000", "2019-10-31": 194, "2019-07-31": 191, "2019-04-30": 182, "2019-01-31": "504.00000", "2018-10-31": 195, "2018-07-31": 236, "2018-04-30": 205, "2018-01-31": "-320.00000", "2017-10-31": 177, "2017-07-31": 175, "2017-04-30": 164, "2017-01-31": "168.00000", "2016-10-31": 126, "2016-07-31": 124, "2016-04-30": 91, "2016-01-31": "121.00000", "2015-10-31": 140, "2015-07-31": 111, "2015-04-30": 87, "2015-01-31": "63.00000", "2014-10-31": 68, "2014-07-31": 147, "2014-04-30": 139, "2014-01-31": "195.00000", "2013-10-31": 221, "2013-07-31": 168, "2013-04-30": 166, "2013-01-31": "179.00000", "2012-10-31": 425, "2012-07-31": 243, "2012-04-30": 255, "2012-01-31": "230.00000", "2011-10-31": 289, "2011-07-31": 330, "2011-04-30": 200, "2011-01-31": "193.00000", "2010-10-31": 292, "2010-07-31": 205, "2010-04-30": 108, "2010-01-31": "79.00000", "2009-10-31": 25, "2009-07-31": -19, "2009-04-30": -101, "2009-01-31": "64.00000", "2008-10-31": 231, "2008-07-31": 169, "2008-04-30": 173, "2008-01-31": "120.00000", "2007-10-31": 180, "2007-07-31": 185, "2007-04-30": 123, "2007-01-31": "150.00000", "2006-10-31": 149, "2006-07-31": 227, "2006-04-30": 115, "2006-01-31": "2816.00000", "2005-10-31": 25, "2005-07-31": 104, "2005-04-30": 95, "2005-01-31": "103.00000"}, "Total Depreciation And Amortization - Cash Flow": {"2020-10-31": 76, "2020-07-31": 77, "2020-04-30": 76, "2020-01-31": "79.00000", "2019-10-31": 76, "2019-07-31": 55, "2019-04-30": 53, "2019-01-31": "54.00000", "2018-10-31": 56, "2018-07-31": 53, "2018-04-30": 50, "2018-01-31": "51.00000", "2017-10-31": 52, "2017-07-31": 51, "2017-04-30": 54, "2017-01-31": "55.00000", "2016-10-31": 56, "2016-07-31": 60, "2016-04-30": 64, "2016-01-31": "66.00000", "2015-10-31": 60, "2015-07-31": 62, "2015-04-30": 63, "2015-01-31": "68.00000", "2014-10-31": 79, "2014-07-31": 90, "2014-04-30": 97, "2014-01-31": "96.00000", "2013-10-31": 95, "2013-07-31": 91, "2013-04-30": 92, "2013-01-31": "94.00000", "2012-10-31": 94, "2012-07-31": 84, "2012-04-30": 61, "2012-01-31": "62.00000", "2011-10-31": 63, "2011-07-31": 63, "2011-04-30": 64, "2011-01-31": "63.00000", "2010-10-31": 67, "2010-07-31": 60, "2010-04-30": 36, "2010-01-31": "39.00000", "2009-10-31": 40, "2009-07-31": 41, "2009-04-30": 40, "2009-01-31": "41.00000", "2008-10-31": 44, "2008-07-31": 57, "2008-04-30": 51, "2008-01-31": "49.00000", "2007-10-31": 48, "2007-07-31": 50, "2007-04-30": 47, "2007-01-31": "46.00000", "2006-10-31": 42, "2006-07-31": 43, "2006-04-30": 46, "2006-01-31": "39.00000", "2005-10-31": 39, "2005-07-31": 49, "2005-04-30": 44, "2005-01-31": "48.00000"}, "Other Non-Cash Items": {"2020-10-31": 60, "2020-07-31": 34, "2020-04-30": 98, "2020-01-31": "27.00000", "2019-10-31": 45, "2019-07-31": 29, "2019-04-30": 27, "2019-01-31": "-250.00000", "2018-10-31": 46, "2018-07-31": -5, "2018-04-30": 18, "2018-01-31": "31.00000", "2017-10-31": 38, "2017-07-31": 83, "2017-04-30": 27, "2017-01-31": "45.00000", "2016-10-31": 12, "2016-07-31": 22, "2016-04-30": 58, "2016-01-31": "33.00000", "2015-10-31": 113, "2015-07-31": 5, "2015-04-30": 20, "2015-01-31": "35.00000", "2014-10-31": -120, "2014-07-31": 31, "2014-04-30": 49, "2014-01-31": "45.00000", "2013-10-31": 26, "2013-07-31": 39, "2013-04-30": 31, "2013-01-31": "39.00000", "2012-10-31": -133, "2012-07-31": 29, "2012-04-30": 10, "2012-01-31": "44.00000", "2011-10-31": 37, "2011-07-31": 17, "2011-04-30": 60, "2011-01-31": "40.00000", "2010-10-31": -57, "2010-07-31": -179, "2010-04-30": -14, "2010-01-31": "134.00000", "2009-10-31": 3, "2009-07-31": 15, "2009-04-30": 80, "2009-01-31": "74.00000", "2008-10-31": -71, "2008-07-31": 11, "2008-04-30": 58, "2008-01-31": "43.00000", "2007-10-31": -61, "2007-07-31": 9, "2007-04-30": 34, "2007-01-31": "38.00000", "2006-10-31": 111, "2006-07-31": 9, "2006-04-30": 41, "2006-01-31": "-2719.00000", "2005-10-31": 42, "2005-07-31": 13, "2005-04-30": 40, "2005-01-31": "33.00000"}, "Total Non-Cash Items": {"2020-10-31": 136, "2020-07-31": 111, "2020-04-30": 174, "2020-01-31": "106.00000", "2019-10-31": 121, "2019-07-31": 84, "2019-04-30": 80, "2019-01-31": "-196.00000", "2018-10-31": 102, "2018-07-31": 48, "2018-04-30": 68, "2018-01-31": "82.00000", "2017-10-31": 90, "2017-07-31": 134, "2017-04-30": 81, "2017-01-31": "100.00000", "2016-10-31": 68, "2016-07-31": 82, "2016-04-30": 122, "2016-01-31": "99.00000", "2015-10-31": 173, "2015-07-31": 67, "2015-04-30": 83, "2015-01-31": "103.00000", "2014-10-31": -41, "2014-07-31": 121, "2014-04-30": 146, "2014-01-31": "141.00000", "2013-10-31": 121, "2013-07-31": 130, "2013-04-30": 123, "2013-01-31": "133.00000", "2012-10-31": -39, "2012-07-31": 113, "2012-04-30": 71, "2012-01-31": "106.00000", "2011-10-31": 100, "2011-07-31": 80, "2011-04-30": 124, "2011-01-31": "103.00000", "2010-10-31": 10, "2010-07-31": -119, "2010-04-30": 22, "2010-01-31": "173.00000", "2009-10-31": 43, "2009-07-31": 56, "2009-04-30": 120, "2009-01-31": "115.00000", "2008-10-31": -27, "2008-07-31": 68, "2008-04-30": 109, "2008-01-31": "92.00000", "2007-10-31": -13, "2007-07-31": 59, "2007-04-30": 81, "2007-01-31": "84.00000", "2006-10-31": 153, "2006-07-31": 52, "2006-04-30": 87, "2006-01-31": "-2680.00000", "2005-10-31": 81, "2005-07-31": 62, "2005-04-30": 84, "2005-01-31": "81.00000"}, "Change In Accounts Receivable": {"2020-10-31": -108, "2020-07-31": -24, "2020-04-30": 65, "2020-01-31": "-40.00000", "2019-10-31": -48, "2019-07-31": -41, "2019-04-30": 5, "2019-01-31": "-22.00000", "2018-10-31": -56, "2018-07-31": 12, "2018-04-30": -16, "2018-01-31": "-5.00000", "2017-10-31": -52, "2017-07-31": 19, "2017-04-30": -17, "2017-01-31": "-31.00000", "2016-10-31": -52, "2016-07-31": 0, "2016-04-30": 34, "2016-01-31": "-15.00000", "2015-10-31": -25, "2015-07-31": -15, "2015-04-30": 31, "2015-01-31": "-15.00000", "2014-10-31": -119, "2014-07-31": 3, "2014-04-30": -43, "2014-01-31": "40.00000", "2013-10-31": -17, "2013-07-31": 34, "2013-04-30": -56, "2013-01-31": "53.00000", "2012-10-31": 41, "2012-07-31": 41, "2012-04-30": -98, "2012-01-31": "35.00000", "2011-10-31": 42, "2011-07-31": -5, "2011-04-30": -39, "2011-01-31": "13.00000", "2010-10-31": -57, "2010-07-31": -16, "2010-04-30": -51, "2010-01-31": "-42.00000", "2009-10-31": -50, "2009-07-31": 40, "2009-04-30": 63, "2009-01-31": "140.00000", "2008-10-31": -58, "2008-07-31": 40, "2008-04-30": -56, "2008-01-31": "30.00000", "2007-10-31": 31, "2007-07-31": -5, "2007-04-30": -30, "2007-01-31": "26.00000", "2006-10-31": 3, "2006-07-31": 41, "2006-04-30": -74, "2006-01-31": "38.00000", "2005-10-31": 23, "2005-07-31": 14, "2005-04-30": -34, "2005-01-31": "44.00000"}, "Change In Inventories": {"2020-10-31": 18, "2020-07-31": -1, "2020-04-30": -53, "2020-01-31": "-32.00000", "2019-10-31": -5, "2019-07-31": -10, "2019-04-30": -9, "2019-01-31": "-12.00000", "2018-10-31": -17, "2018-07-31": -32, "2018-04-30": 0, "2018-01-31": "-34.00000", "2017-10-31": -15, "2017-07-31": -17, "2017-04-30": -3, "2017-01-31": "-26.00000", "2016-10-31": 4, "2016-07-31": 2, "2016-04-30": 0, "2016-01-31": "-13.00000", "2015-10-31": -6, "2015-07-31": 0, "2015-04-30": -13, "2015-01-31": "-5.00000", "2014-10-31": -26, "2014-07-31": -17, "2014-04-30": -23, "2014-01-31": "-33.00000", "2013-10-31": -19, "2013-07-31": -28, "2013-04-30": -19, "2013-01-31": "-34.00000", "2012-10-31": 22, "2012-07-31": -10, "2012-04-30": -18, "2012-01-31": "-46.00000", "2011-10-31": -16, "2011-07-31": -53, "2011-04-30": -54, "2011-01-31": "-85.00000", "2010-10-31": -29, "2010-07-31": -5, "2010-04-30": -16, "2010-01-31": "-1.00000", "2009-10-31": 10, "2009-07-31": 24, "2009-04-30": 35, "2009-01-31": "-22.00000", "2008-10-31": 24, "2008-07-31": -2, "2008-04-30": -5, "2008-01-31": "-31.00000", "2007-10-31": 25, "2007-07-31": -16, "2007-04-30": -10, "2007-01-31": "-20.00000", "2006-10-31": -13, "2006-07-31": -25, "2006-04-30": 5, "2006-01-31": "-22.00000", "2005-10-31": 1, "2005-07-31": 9, "2005-04-30": 15, "2005-01-31": "-13.00000"}, "Change In Accounts Payable": {"2020-10-31": 37, "2020-07-31": -25, "2020-04-30": 5, "2020-01-31": "-15.00000", "2019-10-31": 29, "2019-07-31": 8, "2019-04-30": 8, "2019-01-31": "-16.00000", "2018-10-31": 49, "2018-07-31": 5, "2018-04-30": -11, "2018-01-31": "-3.00000", "2017-10-31": -9, "2017-07-31": 5, "2017-04-30": -3, "2017-01-31": "9.00000", "2016-10-31": 12, "2016-07-31": 26, "2016-04-30": -35, "2016-01-31": "-18.00000", "2015-10-31": 21, "2015-07-31": -12, "2015-04-30": 4, "2015-01-31": "-39.00000", "2014-10-31": 79, "2014-07-31": -73, "2014-04-30": 45, "2014-01-31": "-1.00000", "2013-10-31": 20, "2013-07-31": -40, "2013-04-30": 0, "2013-01-31": "-7.00000", "2012-10-31": -30, "2012-07-31": 5, "2012-04-30": 36, "2012-01-31": "-42.00000", "2011-10-31": 1, "2011-07-31": -17, "2011-04-30": 37, "2011-01-31": "-56.00000", "2010-10-31": 28, "2010-07-31": 30, "2010-04-30": 47, "2010-01-31": "8.00000", "2009-10-31": 56, "2009-07-31": -5, "2009-04-30": -5, "2009-01-31": "-53.00000", "2008-10-31": -11, "2008-07-31": -29, "2008-04-30": 34, "2008-01-31": "-15.00000", "2007-10-31": 1, "2007-07-31": 17, "2007-04-30": 34, "2007-01-31": "-65.00000", "2006-10-31": 15, "2006-07-31": -31, "2006-04-30": 31, "2006-01-31": "41.00000", "2005-10-31": 45, "2005-07-31": -22, "2005-04-30": -9, "2005-01-31": "5.00000"}, "Change In Assets/Liabilities": {"2020-10-31": 11, "2020-07-31": 12, "2020-04-30": -9, "2020-01-31": "-195.00000", "2019-10-31": -35, "2019-07-31": 32, "2019-04-30": -72, "2019-01-31": "26.00000", "2018-10-31": 44, "2018-07-31": -55, "2018-04-30": 2, "2018-01-31": "557.00000", "2017-10-31": 48, "2017-07-31": -70, "2017-04-30": -15, "2017-01-31": "-61.00000", "2016-10-31": 47, "2016-07-31": -39, "2016-04-30": 8, "2016-01-31": "-16.00000", "2015-10-31": -97, "2015-07-31": -23, "2015-04-30": -36, "2015-01-31": "-93.00000", "2014-10-31": 182, "2014-07-31": -117, "2014-04-30": -5, "2014-01-31": "-86.00000", "2013-10-31": -2, "2013-07-31": -13, "2013-04-30": 32, "2013-01-31": "-9.00000", "2012-10-31": 15, "2012-07-31": -70, "2012-04-30": 28, "2012-01-31": "-31.00000", "2011-10-31": 14, "2011-07-31": -13, "2011-04-30": 15, "2011-01-31": "33.00000", "2010-10-31": 58, "2010-07-31": 67, "2010-04-30": 36, "2010-01-31": "-126.00000", "2009-10-31": 75, "2009-07-31": -23, "2009-04-30": -9, "2009-01-31": "-85.00000", "2008-10-31": -36, "2008-07-31": -31, "2008-04-30": -14, "2008-01-31": "-9.00000", "2007-10-31": -10, "2007-07-31": 0, "2007-04-30": -39, "2007-01-31": "36.00000", "2006-10-31": 47, "2006-07-31": -93, "2006-04-30": 34, "2006-01-31": "-109.00000", "2005-10-31": -1, "2005-07-31": 65, "2005-04-30": -12, "2005-01-31": "-5.00000"}, "Total Change In Assets/Liabilities": {"2020-10-31": 19, "2020-07-31": -20, "2020-04-30": 38, "2020-01-31": "-362.00000", "2019-10-31": -1, "2019-07-31": -33, "2019-04-30": -10, "2019-01-31": "-95.00000", "2018-10-31": 75, "2018-07-31": -87, "2018-04-30": 30, "2018-01-31": "453.00000", "2017-10-31": 21, "2017-07-31": -81, "2017-04-30": 12, "2017-01-31": "-152.00000", "2016-10-31": 40, "2016-07-31": -12, "2016-04-30": 41, "2016-01-31": "-109.00000", "2015-10-31": -72, "2015-07-31": -70, "2015-04-30": 13, "2015-01-31": "-186.00000", "2014-10-31": 157, "2014-07-31": -240, "2014-04-30": 40, "2014-01-31": "-142.00000", "2013-10-31": 35, "2013-07-31": -83, "2013-04-30": 26, "2013-01-31": "-67.00000", "2012-10-31": 99, "2012-07-31": -116, "2012-04-30": 27, "2012-01-31": "-186.00000", "2011-10-31": 121, "2011-07-31": -158, "2011-04-30": 54, "2011-01-31": "-176.00000", "2010-10-31": 71, "2010-07-31": 4, "2010-04-30": 95, "2010-01-31": "-222.00000", "2009-10-31": 145, "2009-07-31": 4, "2009-04-30": 118, "2009-01-31": "-162.00000", "2008-10-31": 54, "2008-07-31": -68, "2008-04-30": 43, "2008-01-31": "-208.00000", "2007-10-31": 231, "2007-07-31": -68, "2007-04-30": 98, "2007-01-31": "-141.00000", "2006-10-31": 99, "2006-07-31": -214, "2006-04-30": 94, "2006-01-31": "-264.00000", "2005-10-31": 313, "2005-07-31": -28, "2005-04-30": 26, "2005-01-31": "-47.00000"}, "Cash Flow From Operating Activities": {"2020-10-31": 377, "2020-07-31": 290, "2020-04-30": 313, "2020-01-31": "-59.00000", "2019-10-31": 314, "2019-07-31": 242, "2019-04-30": 252, "2019-01-31": "213.00000", "2018-10-31": 372, "2018-07-31": 197, "2018-04-30": 303, "2018-01-31": "215.00000", "2017-10-31": 288, "2017-07-31": 228, "2017-04-30": 257, "2017-01-31": "116.00000", "2016-10-31": 234, "2016-07-31": 194, "2016-04-30": 254, "2016-01-31": "111.00000", "2015-10-31": 241, "2015-07-31": 108, "2015-04-30": 183, "2015-01-31": "-20.00000", "2014-10-31": 184, "2014-07-31": 28, "2014-04-30": 325, "2014-01-31": "194.00000", "2013-10-31": 377, "2013-07-31": 215, "2013-04-30": 315, "2013-01-31": "245.00000", "2012-10-31": 485, "2012-07-31": 240, "2012-04-30": 353, "2012-01-31": "150.00000", "2011-10-31": 510, "2011-07-31": 252, "2011-04-30": 378, "2011-01-31": "120.00000", "2010-10-31": 373, "2010-07-31": 90, "2010-04-30": 225, "2010-01-31": "30.00000", "2009-10-31": 213, "2009-07-31": 41, "2009-04-30": 137, "2009-01-31": "17.00000", "2008-10-31": 258, "2008-07-31": 169, "2008-04-30": 325, "2008-01-31": "4.00000", "2007-10-31": 398, "2007-07-31": 176, "2007-04-30": 302, "2007-01-31": "93.00000", "2006-10-31": 401, "2006-07-31": 65, "2006-04-30": 296, "2006-01-31": "-128.00000", "2005-10-31": 419, "2005-07-31": 138, "2005-04-30": 205, "2005-01-31": "137.00000"}, "Net Change In Property, Plant, And Equipment": {"2020-10-31": -27, "2020-07-31": -24, "2020-04-30": -33, "2020-01-31": "-34.00000", "2019-10-31": -30, "2019-07-31": -47, "2019-04-30": -39, "2019-01-31": "-39.00000", "2018-10-31": -35, "2018-07-31": -33, "2018-04-30": -48, "2018-01-31": "-60.00000", "2017-10-31": -58, "2017-07-31": -43, "2017-04-30": -43, "2017-01-31": "-32.00000", "2016-10-31": -52, "2016-07-31": -24, "2016-04-30": -25, "2016-01-31": "-38.00000", "2015-10-31": -26, "2015-07-31": -19, "2015-04-30": -9, "2015-01-31": "-32.00000", "2014-10-31": -43, "2014-07-31": -52, "2014-04-30": -51, "2014-01-31": "-45.00000", "2013-10-31": -32, "2013-07-31": -53, "2013-04-30": -50, "2013-01-31": "-58.00000", "2012-10-31": -62, "2012-07-31": -49, "2012-04-30": -37, "2012-01-31": "-46.00000", "2011-10-31": -49, "2011-07-31": -32, "2011-04-30": -51, "2011-01-31": "-38.00000", "2010-10-31": -34, "2010-07-31": -27, "2010-04-30": -28, "2010-01-31": "-25.00000", "2009-10-31": -29, "2009-07-31": -30, "2009-04-30": -34, "2009-01-31": "-34.00000", "2008-10-31": -44, "2008-07-31": -39, "2008-04-30": -37, "2008-01-31": "-20.00000", "2007-10-31": -39, "2007-07-31": -32, "2007-04-30": -35, "2007-01-31": "-36.00000", "2006-10-31": -48, "2006-07-31": 62, "2006-04-30": 53, "2006-01-31": "-45.00000", "2005-10-31": 1, "2005-07-31": -43, "2005-04-30": 4, "2005-01-31": "-28.00000"}, "Net Change In Intangible Assets": {"2020-10-31": 0, "2020-07-31": 0, "2020-04-30": 0, "2020-01-31": "", "2019-10-31": 0, "2019-07-31": -1, "2019-04-30": 0, "2019-01-31": "", "2018-10-31": 0, "2018-07-31": 0, "2018-04-30": 0, "2018-01-31": "", "2017-10-31": 0, "2017-07-31": 0, "2017-04-30": 0, "2017-01-31": "", "2016-10-31": 0, "2016-07-31": 0, "2016-04-30": 0, "2016-01-31": "", "2015-10-31": 0, "2015-07-31": 0, "2015-04-30": 0, "2015-01-31": "", "2014-10-31": 0, "2014-07-31": 0, "2014-04-30": 0, "2014-01-31": "", "2013-10-31": 0, "2013-07-31": 0, "2013-04-30": 0, "2013-01-31": "", "2012-10-31": 0, "2012-07-31": 0, "2012-04-30": 0, "2012-01-31": "", "2011-10-31": 0, "2011-07-31": 0, "2011-04-30": 0, "2011-01-31": "", "2010-10-31": 0, "2010-07-31": 0, "2010-04-30": 0, "2010-01-31": "", "2009-10-31": 0, "2009-07-31": 0, "2009-04-30": 0, "2009-01-31": "", "2008-10-31": -256, "2008-07-31": 0, "2008-04-30": 0, "2008-01-31": "", "2007-10-31": -14, "2007-07-31": 14, "2007-04-30": 0, "2007-01-31": "", "2006-10-31": 0, "2006-07-31": 0, "2006-04-30": 0, "2006-01-31": "", "2005-10-31": 0, "2005-07-31": 0, "2005-04-30": 0, "2005-01-31": ""}, "Net Acquisitions/Divestitures": {"2020-10-31": 0, "2020-07-31": 0, "2020-04-30": 0, "2020-01-31": "", "2019-10-31": -1160, "2019-07-31": 0, "2019-04-30": 0, "2019-01-31": "-248.00000", "2018-10-31": -79, "2018-07-31": -430, "2018-04-30": -1, "2018-01-31": "-6.00000", "2017-10-31": 0, "2017-07-31": -57, "2017-04-30": 0, "2017-01-31": "-69.00000", "2016-10-31": -26, "2016-07-31": 0, "2016-04-30": 0, "2016-01-31": "-235.00000", "2015-10-31": -8, "2015-07-31": -66, "2015-04-30": 3, "2015-01-31": "", "2014-10-31": -10, "2014-07-31": 1, "2014-04-30": 0, "2014-01-31": "-2.00000", "2013-10-31": -10, "2013-07-31": -1, "2013-04-30": 0, "2013-01-31": "-10.00000", "2012-10-31": -30, "2012-07-31": -2151, "2012-04-30": -21, "2012-01-31": "-55.00000", "2011-10-31": -1, "2011-07-31": 0, "2011-04-30": -96, "2011-01-31": "", "2010-10-31": -14, "2010-07-31": -1102, "2010-04-30": 20, "2010-01-31": "-12.00000", "2009-10-31": 44, "2009-07-31": 1, "2009-04-30": -1, "2009-01-31": "-1.00000", "2008-10-31": -1, "2008-07-31": -41, "2008-04-30": -17, "2008-01-31": "-113.00000", "2007-10-31": -19, "2007-07-31": -239, "2007-04-30": -2, "2007-01-31": "-70.00000", "2006-10-31": 955, "2006-07-31": -972, "2006-04-30": -25, "2006-01-31": "3476.00000", "2005-10-31": 5, "2005-07-31": -37, "2005-04-30": 0, "2005-01-31": "-10.00000"}, "Net Change In Short-term Investments": {"2020-10-31": 0, "2020-07-31": 0, "2020-04-30": 0, "2020-01-31": "", "2019-10-31": 0, "2019-07-31": 0, "2019-04-30": 0, "2019-01-31": "", "2018-10-31": 0, "2018-07-31": 0, "2018-04-30": 0, "2018-01-31": "", "2017-10-31": 0, "2017-07-31": 0, "2017-04-30": 0, "2017-01-31": "", "2016-10-31": 0, "2016-07-31": 0, "2016-04-30": 0, "2016-01-31": "", "2015-10-31": 0, "2015-07-31": 0, "2015-04-30": 0, "2015-01-31": "", "2014-10-31": 0, "2014-07-31": 0, "2014-04-30": 0, "2014-01-31": "", "2013-10-31": 0, "2013-07-31": 0, "2013-04-30": 0, "2013-01-31": "", "2012-10-31": 0, "2012-07-31": 0, "2012-04-30": 0, "2012-01-31": "", "2011-10-31": 0, "2011-07-31": 0, "2011-04-30": -5, "2011-01-31": "5.00000", "2010-10-31": 0, "2010-07-31": 0, "2010-04-30": 0, "2010-01-31": "", "2009-10-31": 0, "2009-07-31": 0, "2009-04-30": 0, "2009-01-31": "", "2008-10-31": 0, "2008-07-31": 0, "2008-04-30": 0, "2008-01-31": "", "2007-10-31": 0, "2007-07-31": -12, "2007-04-30": 12, "2007-01-31": "", "2006-10-31": -25, "2006-07-31": 0, "2006-04-30": 0, "2006-01-31": "25.00000", "2005-10-31": -25, "2005-07-31": 0, "2005-04-30": 0, "2005-01-31": ""}, "Net Change In Long-Term Investments": {"2020-10-31": -9, "2020-07-31": -20, "2020-04-30": 1, "2020-01-31": "-1.00000", "2019-10-31": -5, "2019-07-31": -21, "2019-04-30": 3, "2019-01-31": "-3.00000", "2018-10-31": -2, "2018-07-31": -11, "2018-04-30": 1, "2018-01-31": "-1.00000", "2017-10-31": -2, "2017-07-31": 0, "2017-04-30": 0, "2017-01-31": "", "2016-10-31": 0, "2016-07-31": 0, "2016-04-30": -83, "2016-01-31": "", "2015-10-31": 0, "2015-07-31": -2, "2015-04-30": -1, "2015-01-31": "", "2014-10-31": 0, "2014-07-31": -20, "2014-04-30": -4, "2014-01-31": "", "2013-10-31": -9, "2013-07-31": 0, "2013-04-30": -21, "2013-01-31": "-4.00000", "2012-10-31": 0, "2012-07-31": 0, "2012-04-30": 2, "2012-01-31": "83.00000", "2011-10-31": 2, "2011-07-31": 0, "2011-04-30": 14, "2011-01-31": "", "2010-10-31": 0, "2010-07-31": 30, "2010-04-30": 4, "2010-01-31": "4.00000", "2009-10-31": 13, "2009-07-31": 19, "2009-04-30": 12, "2009-01-31": "20.00000", "2008-10-31": 259, "2008-07-31": 18, "2008-04-30": 21, "2008-01-31": "-162.00000", "2007-10-31": 1, "2007-07-31": 12, "2007-04-30": -12, "2007-01-31": "12.00000", "2006-10-31": -941, "2006-07-31": 2539, "2006-04-30": -101, "2006-01-31": "-1581.00000", "2005-10-31": -21, "2005-07-31": 13, "2005-04-30": 8, "2005-01-31": "-10.00000"}, "Net Change In Investments - Total": {"2020-10-31": -9, "2020-07-31": -20, "2020-04-30": 1, "2020-01-31": "-1.00000", "2019-10-31": -5, "2019-07-31": -21, "2019-04-30": 3, "2019-01-31": "-3.00000", "2018-10-31": -2, "2018-07-31": -11, "2018-04-30": 1, "2018-01-31": "-1.00000", "2017-10-31": -2, "2017-07-31": 0, "2017-04-30": 0, "2017-01-31": "", "2016-10-31": 0, "2016-07-31": 0, "2016-04-30": -83, "2016-01-31": "", "2015-10-31": 0, "2015-07-31": -2, "2015-04-30": -1, "2015-01-31": "", "2014-10-31": 0, "2014-07-31": -20, "2014-04-30": -4, "2014-01-31": "", "2013-10-31": -9, "2013-07-31": 0, "2013-04-30": -21, "2013-01-31": "-4.00000", "2012-10-31": 0, "2012-07-31": 0, "2012-04-30": 2, "2012-01-31": "83.00000", "2011-10-31": 2, "2011-07-31": 0, "2011-04-30": 9, "2011-01-31": "5.00000", "2010-10-31": 0, "2010-07-31": 30, "2010-04-30": 4, "2010-01-31": "4.00000", "2009-10-31": 13, "2009-07-31": 19, "2009-04-30": 12, "2009-01-31": "20.00000", "2008-10-31": 259, "2008-07-31": 18, "2008-04-30": 21, "2008-01-31": "-162.00000", "2007-10-31": 1, "2007-07-31": 0, "2007-04-30": 0, "2007-01-31": "12.00000", "2006-10-31": -966, "2006-07-31": 2539, "2006-04-30": -101, "2006-01-31": "-1556.00000", "2005-10-31": -46, "2005-07-31": 13, "2005-04-30": 8, "2005-01-31": "-10.00000"}, "Investing Activities - Other": {"2020-10-31": 9, "2020-07-31": 12, "2020-04-30": -21, "2020-01-31": "", "2019-10-31": 2, "2019-07-31": 18, "2019-04-30": -20, "2019-01-31": "", "2018-10-31": 2, "2018-07-31": 1, "2018-04-30": -3, "2018-01-31": "", "2017-10-31": 1, "2017-07-31": -1, "2017-04-30": 0, "2017-01-31": "", "2016-10-31": 0, "2016-07-31": 0, "2016-04-30": 0, "2016-01-31": "245.00000", "2015-10-31": -241, "2015-07-31": 0, "2015-04-30": 0, "2015-01-31": "1.00000", "2014-10-31": -5, "2014-07-31": 1, "2014-04-30": 0, "2014-01-31": "", "2013-10-31": 0, "2013-07-31": 0, "2013-04-30": 0, "2013-01-31": "", "2012-10-31": 0, "2012-07-31": 0, "2012-04-30": 0, "2012-01-31": "", "2011-10-31": 0, "2011-07-31": 0, "2011-04-30": 12, "2011-01-31": "1533.00000", "2010-10-31": 5, "2010-07-31": 1, "2010-04-30": 2, "2010-01-31": "2.00000", "2009-10-31": -8, "2009-07-31": 4, "2009-04-30": 6, "2009-01-31": "4.00000", "2008-10-31": 14, "2008-07-31": 2, "2008-04-30": 17, "2008-01-31": "", "2007-10-31": 2, "2007-07-31": -1, "2007-04-30": 1, "2007-01-31": "1.00000", "2006-10-31": -7, "2006-07-31": -1589, "2006-04-30": -21, "2006-01-31": "41.00000", "2005-10-31": -38, "2005-07-31": -18, "2005-04-30": 8, "2005-01-31": "-9.00000"}, "Cash Flow From Investing Activities": {"2020-10-31": -27, "2020-07-31": -32, "2020-04-30": -53, "2020-01-31": "-35.00000", "2019-10-31": -1193, "2019-07-31": -51, "2019-04-30": -56, "2019-01-31": "-290.00000", "2018-10-31": -114, "2018-07-31": -473, "2018-04-30": -51, "2018-01-31": "-67.00000", "2017-10-31": -59, "2017-07-31": -101, "2017-04-30": -43, "2017-01-31": "-101.00000", "2016-10-31": -78, "2016-07-31": -24, "2016-04-30": -108, "2016-01-31": "-28.00000", "2015-10-31": -275, "2015-07-31": -87, "2015-04-30": -7, "2015-01-31": "-31.00000", "2014-10-31": -58, "2014-07-31": -70, "2014-04-30": -55, "2014-01-31": "-47.00000", "2013-10-31": -51, "2013-07-31": -54, "2013-04-30": -71, "2013-01-31": "-72.00000", "2012-10-31": -92, "2012-07-31": -2200, "2012-04-30": -56, "2012-01-31": "-18.00000", "2011-10-31": -48, "2011-07-31": -32, "2011-04-30": -126, "2011-01-31": "1500.00000", "2010-10-31": -43, "2010-07-31": -1098, "2010-04-30": -2, "2010-01-31": "-31.00000", "2009-10-31": 20, "2009-07-31": -6, "2009-04-30": -17, "2009-01-31": "-11.00000", "2008-10-31": -28, "2008-07-31": -60, "2008-04-30": -16, "2008-01-31": "-295.00000", "2007-10-31": -69, "2007-07-31": -258, "2007-04-30": -36, "2007-01-31": "-93.00000", "2006-10-31": -66, "2006-07-31": 40, "2006-04-30": -94, "2006-01-31": "1916.00000", "2005-10-31": -78, "2005-07-31": -85, "2005-04-30": 20, "2005-01-31": "-57.00000"}, "Net Long-Term Debt": {"2020-10-31": -611, "2020-07-31": 499, "2020-04-30": 0, "2020-01-31": "-4.00000", "2019-10-31": 600, "2019-07-31": 0, "2019-04-30": 0, "2019-01-31": "", "2018-10-31": -210, "2018-07-31": 251, "2018-04-30": -251, "2018-01-31": "", "2017-10-31": 110, "2017-07-31": 87, "2017-04-30": -87, "2017-01-31": "", "2016-10-31": 262, "2016-07-31": 0, "2016-04-30": 0, "2016-01-31": "", "2015-10-31": 0, "2015-07-31": 0, "2015-04-30": 0, "2015-01-31": "", "2014-10-31": 599, "2014-07-31": -500, "2014-04-30": 0, "2014-01-31": "", "2013-10-31": 0, "2013-07-31": 347, "2013-04-30": 0, "2013-01-31": "", "2012-10-31": 148, "2012-07-31": 0, "2012-04-30": 0, "2012-01-31": "", "2011-10-31": 0, "2011-07-31": 0, "2011-04-30": 0, "2011-01-31": "-1500.00000", "2010-10-31": 0, "2010-07-31": 733, "2010-04-30": -15, "2010-01-31": "", "2009-10-31": 748, "2009-07-31": 0, "2009-04-30": 0, "2009-01-31": "", "2008-10-31": 16, "2008-07-31": 0, "2008-04-30": 0, "2008-01-31": "", "2007-10-31": 598, "2007-07-31": -4, "2007-04-30": 0, "2007-01-31": "", "2006-10-31": 0, "2006-07-31": 0, "2006-04-30": 0, "2006-01-31": "1500.00000", "2005-10-31": -688, "2005-07-31": 0, "2005-04-30": 0, "2005-01-31": ""}, "Net Current Debt": {"2020-10-31": 650, "2020-07-31": -660, "2020-04-30": 25, "2020-01-31": "60.00000", "2019-10-31": 0, "2019-07-31": 0, "2019-04-30": 0, "2019-01-31": "", "2018-10-31": 210, "2018-07-31": -566, "2018-04-30": 221, "2018-01-31": "135.00000", "2017-10-31": -180, "2017-07-31": -48, "2017-04-30": 139, "2017-01-31": "89.00000", "2016-10-31": -235, "2016-07-31": 0, "2016-04-30": 155, "2016-01-31": "80.00000", "2015-10-31": 0, "2015-07-31": 0, "2015-04-30": 0, "2015-01-31": "", "2014-10-31": -35, "2014-07-31": 35, "2014-04-30": 0, "2014-01-31": "", "2013-10-31": 0, "2013-07-31": 0, "2013-04-30": 0, "2013-01-31": "", "2012-10-31": 1, "2012-07-31": -1, "2012-04-30": 0, "2012-01-31": "", "2011-10-31": 0, "2011-07-31": 0, "2011-04-30": 0, "2011-01-31": "", "2010-10-31": 0, "2010-07-31": 0, "2010-04-30": 0, "2010-01-31": "", "2009-10-31": 0, "2009-07-31": 0, "2009-04-30": -50, "2009-01-31": "50.00000", "2008-10-31": -210, "2008-07-31": -40, "2008-04-30": 250, "2008-01-31": "", "2007-10-31": 0, "2007-07-31": 0, "2007-04-30": 0, "2007-01-31": "", "2006-10-31": 0, "2006-07-31": 0, "2006-04-30": 0, "2006-01-31": "", "2005-10-31": 3, "2005-07-31": 0, "2005-04-30": -26, "2005-01-31": "23.00000"}, "Debt Issuance/Retirement Net - Total": {"2020-10-31": 39, "2020-07-31": -161, "2020-04-30": 25, "2020-01-31": "56.00000", "2019-10-31": 600, "2019-07-31": 0, "2019-04-30": 0, "2019-01-31": "", "2018-10-31": 0, "2018-07-31": -315, "2018-04-30": -30, "2018-01-31": "135.00000", "2017-10-31": -70, "2017-07-31": 39, "2017-04-30": 52, "2017-01-31": "89.00000", "2016-10-31": 27, "2016-07-31": 0, "2016-04-30": 155, "2016-01-31": "80.00000", "2015-10-31": 0, "2015-07-31": 0, "2015-04-30": 0, "2015-01-31": "", "2014-10-31": 564, "2014-07-31": -465, "2014-04-30": 0, "2014-01-31": "", "2013-10-31": 0, "2013-07-31": 347, "2013-04-30": 0, "2013-01-31": "", "2012-10-31": 149, "2012-07-31": -1, "2012-04-30": 0, "2012-01-31": "", "2011-10-31": 0, "2011-07-31": 0, "2011-04-30": 0, "2011-01-31": "-1500.00000", "2010-10-31": 0, "2010-07-31": 733, "2010-04-30": -15, "2010-01-31": "", "2009-10-31": 748, "2009-07-31": 0, "2009-04-30": -50, "2009-01-31": "50.00000", "2008-10-31": -194, "2008-07-31": -40, "2008-04-30": 250, "2008-01-31": "", "2007-10-31": 598, "2007-07-31": -4, "2007-04-30": 0, "2007-01-31": "", "2006-10-31": 0, "2006-07-31": 0, "2006-04-30": 0, "2006-01-31": "1500.00000", "2005-10-31": -685, "2005-07-31": 0, "2005-04-30": -26, "2005-01-31": "23.00000"}, "Net Common Equity Issued/Repurchased": {"2020-10-31": -246, "2020-07-31": -9, "2020-04-30": -126, "2020-01-31": "-28.00000", "2019-10-31": -47, "2019-07-31": -530, "2019-04-30": -39, "2019-01-31": "-53.00000", "2018-10-31": -83, "2018-07-31": -226, "2018-04-30": -35, "2018-01-31": "-22.00000", "2017-10-31": 8, "2017-07-31": 32, "2017-04-30": -75, "2017-01-31": "-93.00000", "2016-10-31": -43, "2016-07-31": -67, "2016-04-30": -86, "2016-01-31": "-176.00000", "2015-10-31": 1, "2015-07-31": -82, "2015-04-30": -130, "2015-01-31": "2.00000", "2014-10-31": 52, "2014-07-31": -9, "2014-04-30": -28, "2014-01-31": "-27.00000", "2013-10-31": 45, "2013-07-31": -633, "2013-04-30": -124, "2013-01-31": "-27.00000", "2012-10-31": -84, "2012-07-31": 29, "2012-04-30": -25, "2012-01-31": "8.00000", "2011-10-31": -30, "2011-07-31": -97, "2011-04-30": 68, "2011-01-31": "-134.00000", "2010-10-31": -17, "2010-07-31": -54, "2010-04-30": -44, "2010-01-31": "3.00000", "2009-10-31": 18, "2009-07-31": 26, "2009-04-30": -31, "2009-01-31": "-99.00000", "2008-10-31": -238, "2008-07-31": -136, "2008-04-30": -248, "2008-01-31": "-168.00000", "2007-10-31": -600, "2007-07-31": -480, "2007-04-30": -320, "2007-01-31": "-169.00000", "2006-10-31": -22, "2006-07-31": -636, "2006-04-30": -274, "2006-01-31": "-2756.00000", "2005-10-31": -207, "2005-07-31": 53, "2005-04-30": 4, "2005-01-31": "58.00000"}, "Net Total Equity Issued/Repurchased": {"2020-10-31": -246, "2020-07-31": -9, "2020-04-30": -126, "2020-01-31": "-28.00000", "2019-10-31": -47, "2019-07-31": -530, "2019-04-30": -39, "2019-01-31": "-53.00000", "2018-10-31": -83, "2018-07-31": -226, "2018-04-30": -35, "2018-01-31": "-22.00000", "2017-10-31": 8, "2017-07-31": 32, "2017-04-30": -75, "2017-01-31": "-93.00000", "2016-10-31": -43, "2016-07-31": -67, "2016-04-30": -86, "2016-01-31": "-176.00000", "2015-10-31": 1, "2015-07-31": -82, "2015-04-30": -130, "2015-01-31": "2.00000", "2014-10-31": 52, "2014-07-31": -9, "2014-04-30": -28, "2014-01-31": "-27.00000", "2013-10-31": 45, "2013-07-31": -633, "2013-04-30": -124, "2013-01-31": "-27.00000", "2012-10-31": -84, "2012-07-31": 29, "2012-04-30": -25, "2012-01-31": "8.00000", "2011-10-31": -30, "2011-07-31": -97, "2011-04-30": 68, "2011-01-31": "-134.00000", "2010-10-31": -17, "2010-07-31": -54, "2010-04-30": -44, "2010-01-31": "3.00000", "2009-10-31": 18, "2009-07-31": 26, "2009-04-30": -31, "2009-01-31": "-99.00000", "2008-10-31": -238, "2008-07-31": -136, "2008-04-30": -248, "2008-01-31": "-168.00000", "2007-10-31": -600, "2007-07-31": -480, "2007-04-30": -320, "2007-01-31": "-169.00000", "2006-10-31": -22, "2006-07-31": -636, "2006-04-30": -274, "2006-01-31": "-2756.00000", "2005-10-31": -207, "2005-07-31": 53, "2005-04-30": 4, "2005-01-31": "58.00000"}, "Total Common And Preferred Stock Dividends Paid": {"2020-10-31": -55, "2020-07-31": -56, "2020-04-30": -55, "2020-01-31": "-56.00000", "2019-10-31": -51, "2019-07-31": -51, "2019-04-30": -52, "2019-01-31": "-52.00000", "2018-10-31": -47, "2018-07-31": -48, "2018-04-30": -48, "2018-01-31": "-48.00000", "2017-10-31": -43, "2017-07-31": -42, "2017-04-30": -43, "2017-01-31": "-42.00000", "2016-10-31": -38, "2016-07-31": -37, "2016-04-30": -37, "2016-01-31": "-38.00000", "2015-10-31": -33, "2015-07-31": -33, "2015-04-30": -33, "2015-01-31": "-34.00000", "2014-10-31": -44, "2014-07-31": -44, "2014-04-30": -44, "2014-01-31": "-44.00000", "2013-10-31": -39, "2013-07-31": -41, "2013-04-30": -41, "2013-01-31": "-35.00000", "2012-10-31": -34, "2012-07-31": -35, "2012-04-30": -35, "2012-01-31": "", "2011-10-31": 0, "2011-07-31": 0, "2011-04-30": 0, "2011-01-31": "", "2010-10-31": 0, "2010-07-31": 0, "2010-04-30": 0, "2010-01-31": "", "2009-10-31": 0, "2009-07-31": 0, "2009-04-30": 0, "2009-01-31": "", "2008-10-31": 0, "2008-07-31": 0, "2008-04-30": 0, "2008-01-31": "", "2007-10-31": 0, "2007-07-31": 0, "2007-04-30": 0, "2007-01-31": "", "2006-10-31": 0, "2006-07-31": 0, "2006-04-30": -16, "2006-01-31": "", "2005-10-31": 0, "2005-07-31": 0, "2005-04-30": 0, "2005-01-31": ""}, "Financial Activities - Other": {"2020-10-31": -7, "2020-07-31": -5, "2020-04-30": 0, "2020-01-31": "-33.00000", "2019-10-31": -5, "2019-07-31": -1, "2019-04-30": -1, "2019-01-31": "-17.00000", "2018-10-31": -1, "2018-07-31": 0, "2018-04-30": -1, "2018-01-31": "-28.00000", "2017-10-31": -1, "2017-07-31": 0, "2017-04-30": -1, "2017-01-31": "-12.00000", "2016-10-31": -2, "2016-07-31": -1, "2016-04-30": 0, "2016-01-31": "-5.00000", "2015-10-31": -1, "2015-07-31": -12, "2015-04-30": 62, "2015-01-31": "-796.00000", "2014-10-31": -31, "2014-07-31": 0, "2014-04-30": 0, "2014-01-31": "3.00000", "2013-10-31": 0, "2013-07-31": -5, "2013-04-30": 0, "2013-01-31": "-1.00000", "2012-10-31": -3, "2012-07-31": 0, "2012-04-30": -1, "2012-01-31": "-5.00000", "2011-10-31": 0, "2011-07-31": 0, "2011-04-30": 0, "2011-01-31": "", "2010-10-31": 0, "2010-07-31": -5, "2010-04-30": 0, "2010-01-31": "", "2009-10-31": -5, "2009-07-31": 0, "2009-04-30": 0, "2009-01-31": "", "2008-10-31": 0, "2008-07-31": 0, "2008-04-30": 0, "2008-01-31": "", "2007-10-31": -5, "2007-07-31": 0, "2007-04-30": 0, "2007-01-31": "", "2006-10-31": -300, "2006-07-31": 121, "2006-04-30": -1, "2006-01-31": "-24.00000", "2005-10-31": 0, "2005-07-31": 0, "2005-04-30": 0, "2005-01-31": ""}, "Cash Flow From Financial Activities": {"2020-10-31": -269, "2020-07-31": -231, "2020-04-30": -156, "2020-01-31": "-61.00000", "2019-10-31": 497, "2019-07-31": -582, "2019-04-30": -92, "2019-01-31": "-122.00000", "2018-10-31": -131, "2018-07-31": -589, "2018-04-30": -114, "2018-01-31": "37.00000", "2017-10-31": -106, "2017-07-31": 29, "2017-04-30": -67, "2017-01-31": "-58.00000", "2016-10-31": -56, "2016-07-31": -105, "2016-04-30": 32, "2016-01-31": "-139.00000", "2015-10-31": -33, "2015-07-31": -127, "2015-04-30": -101, "2015-01-31": "-828.00000", "2014-10-31": 541, "2014-07-31": -518, "2014-04-30": -72, "2014-01-31": "-68.00000", "2013-10-31": 6, "2013-07-31": -332, "2013-04-30": -165, "2013-01-31": "-63.00000", "2012-10-31": 28, "2012-07-31": -7, "2012-04-30": -61, "2012-01-31": "3.00000", "2011-10-31": -30, "2011-07-31": -97, "2011-04-30": 68, "2011-01-31": "-1634.00000", "2010-10-31": -17, "2010-07-31": 674, "2010-04-30": -59, "2010-01-31": "3.00000", "2009-10-31": 761, "2009-07-31": 26, "2009-04-30": -81, "2009-01-31": "-49.00000", "2008-10-31": -432, "2008-07-31": -176, "2008-04-30": 2, "2008-01-31": "-168.00000", "2007-10-31": -7, "2007-07-31": -484, "2007-04-30": -320, "2007-01-31": "-169.00000", "2006-10-31": -322, "2006-07-31": -515, "2006-04-30": -291, "2006-01-31": "-1280.00000", "2005-10-31": -892, "2005-07-31": 53, "2005-04-30": -22, "2005-01-31": "81.00000"}, "Net Cash Flow": {"2020-10-31": 83, "2020-07-31": 35, "2020-04-30": 97, "2020-01-31": "-156.00000", "2019-10-31": -383, "2019-07-31": -390, "2019-04-30": 97, "2019-01-31": "-190.00000", "2018-10-31": 115, "2018-07-31": -879, "2018-04-30": 122, "2018-01-31": "210.00000", "2017-10-31": 117, "2017-07-31": 174, "2017-04-30": 148, "2017-01-31": "-48.00000", "2016-10-31": 90, "2016-07-31": 60, "2016-04-30": 208, "2016-01-31": "-72.00000", "2015-10-31": -72, "2015-07-31": -122, "2015-04-30": 79, "2015-01-31": "-100.00000", "2014-10-31": 637, "2014-07-31": -559, "2014-04-30": 208, "2014-01-31": "67.00000", "2013-10-31": 345, "2013-07-31": -189, "2013-04-30": 69, "2013-01-31": "99.00000", "2012-10-31": 428, "2012-07-31": -1973, "2012-04-30": 234, "2012-01-31": "135.00000", "2011-10-31": 426, "2011-07-31": 126, "2011-04-30": 337, "2011-01-31": "-11.00000", "2010-10-31": 332, "2010-07-31": -329, "2010-04-30": 165, "2010-01-31": "2.00000", "2009-10-31": 1000, "2009-07-31": 79, "2009-04-30": 38, "2009-01-31": "-43.00000", "2008-10-31": -235, "2008-07-31": -70, "2008-04-30": 325, "2008-01-31": "-441.00000", "2007-10-31": 340, "2007-07-31": -564, "2007-04-30": -40, "2007-01-31": "-172.00000", "2006-10-31": 13, "2006-07-31": -408, "2006-04-30": -80, "2006-01-31": "511.00000", "2005-10-31": -556, "2005-07-31": 97, "2005-04-30": 202, "2005-01-31": "168.00000"}, "Stock-Based Compensation": {"2020-10-31": 20, "2020-07-31": 19, "2020-04-30": 17, "2020-01-31": "27.00000", "2019-10-31": 15, "2019-07-31": 17, "2019-04-30": 16, "2019-01-31": "24.00000", "2018-10-31": 14, "2018-07-31": 13, "2018-04-30": 12, "2018-01-31": "31.00000", "2017-10-31": 12, "2017-07-31": 13, "2017-04-30": 15, "2017-01-31": "20.00000", "2016-10-31": 11, "2016-07-31": 11, "2016-04-30": 13, "2016-01-31": "23.00000", "2015-10-31": 11, "2015-07-31": 10, "2015-04-30": 11, "2015-01-31": "22.00000", "2014-10-31": 19, "2014-07-31": 19, "2014-04-30": 22, "2014-01-31": "36.00000", "2013-10-31": 19, "2013-07-31": 17, "2013-04-30": 18, "2013-01-31": "31.00000", "2012-10-31": 15, "2012-07-31": 16, "2012-04-30": 16, "2012-01-31": "27.00000", "2011-10-31": 14, "2011-07-31": 14, "2011-04-30": 16, "2011-01-31": "28.00000", "2010-10-31": 15, "2010-07-31": 13, "2010-04-30": 13, "2010-01-31": "25.00000", "2009-10-31": 15, "2009-07-31": 17, "2009-04-30": 18, "2009-01-31": "21.00000", "2008-10-31": 15, "2008-07-31": 18, "2008-04-30": 19, "2008-01-31": "30.00000", "2007-10-31": 36, "2007-07-31": 27, "2007-04-30": 40, "2007-01-31": "36.00000", "2006-10-31": 21, "2006-07-31": 19, "2006-04-30": 22, "2006-01-31": "32.00000", "2005-10-31": 4, "2005-07-31": 2, "2005-04-30": 1, "2005-01-31": "1.00000"}, "Common Stock Dividends Paid": {"2020-10-31": -55, "2020-07-31": -56, "2020-04-30": -55, "2020-01-31": "-56.00000", "2019-10-31": -51, "2019-07-31": -51, "2019-04-30": -52, "2019-01-31": "-52.00000", "2018-10-31": -47, "2018-07-31": -48, "2018-04-30": -48, "2018-01-31": "-48.00000", "2017-10-31": -43, "2017-07-31": -42, "2017-04-30": -43, "2017-01-31": "-42.00000", "2016-10-31": -38, "2016-07-31": -37, "2016-04-30": -37, "2016-01-31": "-38.00000", "2015-10-31": -33, "2015-07-31": -33, "2015-04-30": -33, "2015-01-31": "-34.00000", "2014-10-31": -44, "2014-07-31": -44, "2014-04-30": -44, "2014-01-31": "-44.00000", "2013-10-31": -39, "2013-07-31": -41, "2013-04-30": -41, "2013-01-31": "-35.00000", "2012-10-31": -34, "2012-07-31": -35, "2012-04-30": -35, "2012-01-31": "", "2011-10-31": 0, "2011-07-31": 0, "2011-04-30": 0, "2011-01-31": "", "2010-10-31": 0, "2010-07-31": 0, "2010-04-30": 0, "2010-01-31": "", "2009-10-31": 0, "2009-07-31": 0, "2009-04-30": 0, "2009-01-31": "", "2008-10-31": 0, "2008-07-31": 0, "2008-04-30": 0, "2008-01-31": "", "2007-10-31": 0, "2007-07-31": 0, "2007-04-30": 0, "2007-01-31": "", "2006-10-31": 0, "2006-07-31": 0, "2006-04-30": -16, "2006-01-31": "", "2005-10-31": 0, "2005-07-31": 0, "2005-04-30": 0, "2005-01-31": ""}}, "financial ratios": {"Current Ratio": {"2020-10-31": "2.32790", "2019-10-31": "1.53320", "2018-10-31": "3.28610", "2017-10-31": "3.30090", "2016-10-31": "3.84660", "2015-10-31": "3.77660", "2014-10-31": "3.25590", "2013-10-31": "3.11050", "2012-10-31": "2.44530", "2011-10-31": "3.03160", "2010-10-31": "2.00100", "2009-10-31": "3.52720", "2008-10-31": "2.39250", "2007-10-31": "2.20750", "2006-10-31": "2.57350", "2005-10-31": "2.29700"}, "Long-term Debt / Capital": {"2020-10-31": "0.31910", "2019-10-31": "0.27390", "2018-10-31": "0.28240", "2017-10-31": "0.27140", "2016-10-31": "0.30960", "2015-10-31": "0.28410", "2014-10-31": "0.23870", "2013-10-31": "0.33790", "2012-10-31": "0.28940", "2011-10-31": "0.30920", "2010-10-31": "0.40360", "2009-10-31": "0.53600", "2008-10-31": "0.45370", "2007-10-31": "0.39220", "2006-10-31": "0.29140", "2005-10-31": ""}, "Debt/Equity Ratio": {"2020-10-31": "0.48410", "2019-10-31": "0.50700", "2018-10-31": "0.39360", "2017-10-31": "0.41590", "2016-10-31": "0.44840", "2015-10-31": "0.39690", "2014-10-31": "0.31350", "2013-10-31": "0.51030", "2012-10-31": "0.45550", "2011-10-31": "0.50630", "2010-10-31": "1.14060", "2009-10-31": "1.15550", "2008-10-31": "0.83040", "2007-10-31": "0.64530", "2006-10-31": "0.41120", "2005-10-31": ""}, "Gross Margin": {"2020-10-31": "53.13730", "2019-10-31": "54.32890", "2018-10-31": "54.53810", "2017-10-31": "53.64490", "2016-10-31": "52.28460", "2015-10-31": "50.54480", "2014-10-31": "48.81420", "2013-10-31": "48.97280", "2012-10-31": "52.55180", "2011-10-31": "53.34850", "2010-10-31": "53.82070", "2009-10-31": "51.14930", "2008-10-31": "55.35160", "2007-10-31": "54.77860", "2006-10-31": "53.44860", "2005-10-31": "50.45890"}, "Operating Margin": {"2020-10-31": "15.84570", "2019-10-31": "18.22580", "2018-10-31": "18.39640", "2017-10-31": "18.04560", "2016-10-31": "14.63590", "2015-10-31": "12.92720", "2014-10-31": "10.35080", "2013-10-31": "9.91270", "2012-10-31": "16.31670", "2011-10-31": "16.19050", "2010-10-31": "10.39680", "2009-10-31": "1.04890", "2008-10-31": "13.76860", "2007-10-31": "10.77490", "2006-10-31": "9.33040", "2005-10-31": "4.61050"}, "EBIT Margin": {"2020-10-31": "15.84570", "2019-10-31": "18.22580", "2018-10-31": "18.39640", "2017-10-31": "18.04560", "2016-10-31": "14.63590", "2015-10-31": "12.92720", "2014-10-31": "10.35080", "2013-10-31": "9.91270", "2012-10-31": "16.31670", "2011-10-31": "16.19050", "2010-10-31": "10.39680", "2009-10-31": "1.04890", "2008-10-31": "13.76860", "2007-10-31": "10.77490", "2006-10-31": "9.33040", "2005-10-31": "4.61050"}, "EBITDA Margin": {"2020-10-31": "21.61450", "2019-10-31": "22.83560", "2018-10-31": "22.66990", "2017-10-31": "22.78620", "2016-10-31": "20.49020", "2015-10-31": "19.19270", "2014-10-31": "19.29350", "2013-10-31": "19.46590", "2012-10-31": "20.70570", "2011-10-31": "20.01510", "2010-10-31": "14.10730", "2009-10-31": "4.66410", "2008-10-31": "17.24970", "2007-10-31": "14.29890", "2006-10-31": "12.74880", "2005-10-31": "8.45250"}, "Pre-Tax Profit Margin": {"2020-10-31": "15.77070", "2019-10-31": "17.79970", "2018-10-31": "19.25110", "2017-10-31": "17.95620", "2016-10-31": "12.94620", "2015-10-31": "11.88710", "2014-10-31": "5.65710", "2013-10-31": "7.52440", "2012-10-31": "15.20850", "2011-10-31": "15.60090", "2010-10-31": "12.71120", "2009-10-31": "0.15620", "2008-10-31": "14.11500", "2007-10-31": "12.36160", "2006-10-31": "12.60810", "2005-10-31": "6.21130"}, "Net Profit Margin": {"2020-10-31": "13.46690", "2019-10-31": "20.74380", "2018-10-31": "6.43060", "2017-10-31": "15.29520", "2016-10-31": "10.99480", "2015-10-31": "9.93070", "2014-10-31": "13.56230", "2013-10-31": "18.84950", "2012-10-31": "16.81250", "2011-10-31": "15.29860", "2010-10-31": "12.56430", "2009-10-31": "-0.69180", "2008-10-31": "12.00210", "2007-10-31": "11.77120", "2006-10-31": "66.49910", "2005-10-31": "6.97970"}, "Asset Turnover": {"2020-10-31": "0.55460", "2019-10-31": "0.54620", "2018-10-31": "0.57530", "2017-10-31": "0.53070", "2016-10-31": "0.53910", "2015-10-31": "0.53990", "2014-10-31": "0.37430", "2013-10-31": "0.36440", "2012-10-31": "0.65090", "2011-10-31": "0.73040", "2010-10-31": "0.56150", "2009-10-31": "0.58870", "2008-10-31": "0.82400", "2007-10-31": "0.71750", "2006-10-31": "0.67490", "2005-10-31": "0.69400"}, "Inventory Turnover Ratio": {"2020-10-31": "3.47500", "2019-10-31": "3.47280", "2018-10-31": "3.50160", "2017-10-31": "3.60520", "2016-10-31": "3.76170", "2015-10-31": "3.69130", "2014-10-31": "3.60980", "2013-10-31": "1.86400", "2012-10-31": "3.20910", "2011-10-31": "3.43650", "2010-10-31": "3.51120", "2009-10-31": "3.96560", "2008-10-31": "3.99070", "2007-10-31": "3.81180", "2006-10-31": "3.69220", "2005-10-31": "3.79250"}, "Receiveable Turnover": {"2020-10-31": "5.14350", "2019-10-31": "5.55160", "2018-10-31": "6.33250", "2017-10-31": "6.17680", "2016-10-31": "6.65930", "2015-10-31": "6.66340", "2014-10-31": "6.46650", "2013-10-31": "4.33150", "2012-10-31": "7.43010", "2011-10-31": "7.69190", "2010-10-31": "6.26470", "2009-10-31": "7.53110", "2008-10-31": "7.49870", "2007-10-31": "7.37420", "2006-10-31": "7.18640", "2005-10-31": "6.91000"}, "Days Sales In Receivables": {"2020-10-31": "70.96270", "2019-10-31": "65.74670", "2018-10-31": "57.63940", "2017-10-31": "59.09210", "2016-10-31": "54.81080", "2015-10-31": "54.77710", "2014-10-31": "56.44520", "2013-10-31": "84.26680", "2012-10-31": "49.12440", "2011-10-31": "47.45280", "2010-10-31": "58.26320", "2009-10-31": "48.46570", "2008-10-31": "48.67510", "2007-10-31": "49.49720", "2006-10-31": "50.79030", "2005-10-31": "52.82180"}, "ROE - Return On Equity": {"2020-10-31": "14.75480", "2019-10-31": "22.55690", "2018-10-31": "6.91310", "2017-10-31": "14.14690", "2016-10-31": "10.88080", "2015-10-31": "10.50360", "2014-10-31": "4.37410", "2013-10-31": "4.25410", "2012-10-31": "22.23720", "2011-10-31": "23.44760", "2010-10-31": "21.13720", "2009-10-31": "-1.23310", "2008-10-31": "27.08090", "2007-10-31": "19.72790", "2006-10-31": "39.39150", "2005-10-31": "4.68020"}, "Return On Tangible Equity": {"2020-10-31": "163.40910", "2019-10-31": "2231.25000", "2018-10-31": "28.54560", "2017-10-31": "36.63630", "2016-10-31": "35.18660", "2015-10-31": "32.22960", "2014-10-31": "10.80080", "2013-10-31": "16.96830", "2012-10-31": "107.35570", "2011-10-31": "43.62070", "2010-10-31": "53.18820", "2009-10-31": "-1.83220", "2008-10-31": "41.12760", "2007-10-31": "25.54040", "2006-10-31": "45.18870", "2005-10-31": "5.11240"}, "ROA - Return On Assets": {"2020-10-31": "7.46860", "2019-10-31": "11.33090", "2018-10-31": "3.69980", "2017-10-31": "8.11770", "2016-10-31": "5.92760", "2015-10-31": "5.85640", "2014-10-31": "2.14520", "2013-10-31": "2.10560", "2012-10-31": "10.94340", "2011-10-31": "11.17370", "2010-10-31": "7.05450", "2009-10-31": "-0.40730", "2008-10-31": "9.89010", "2007-10-31": "8.44590", "2006-10-31": "19.50060", "2005-10-31": "2.82920"}, "ROI - Return On Investment": {"2020-10-31": "10.04610", "2019-10-31": "16.37870", "2018-10-31": "4.96080", "2017-10-31": "10.30740", "2016-10-31": "7.51220", "2015-10-31": "7.51930", "2014-10-31": "3.33000", "2013-10-31": "2.81670", "2012-10-31": "15.80100", "2011-10-31": "16.19720", "2010-10-31": "12.60600", "2009-10-31": "-0.57220", "2008-10-31": "14.79510", "2007-10-31": "11.99020", "2006-10-31": "27.91380", "2005-10-31": "4.68020"}, "Book Value Per Share": {"2020-10-31": "15.92480", "2019-10-31": "15.36570", "2018-10-31": "14.37420", "2017-10-31": "15.01550", "2016-10-31": "13.10490", "2015-10-31": "12.56020", "2014-10-31": "15.83280", "2013-10-31": "15.88290", "2012-10-31": "14.98560", "2011-10-31": "12.43800", "2010-10-31": "9.35260", "2009-10-31": "7.26590", "2008-10-31": "7.31140", "2007-10-31": "8.74050", "2006-10-31": "8.94120", "2005-10-31": "8.11330"}, "Operating Cash Flow Per Share": {"2020-10-31": -0.2588, "2019-10-31": -0.1339, "2018-10-31": 0.6176, "2017-10-31": 0.3167, "2016-10-31": 0.8819, "2015-10-31": -0.6343, "2014-10-31": -1.1764, "2013-10-31": -0.1397, "2012-10-31": -0.0705, "2011-10-31": 1.5153, "2010-10-31": 0.8548, "2009-10-31": -0.8585, "2008-10-31": -0.349, "2007-10-31": 0.9491, "2006-10-31": -0.3604, "2005-10-31": 1.798}, "Free Cash Flow Per Share": {"2020-10-31": -0.1496, "2019-10-31": -0.0798, "2018-10-31": 0.616, "2017-10-31": 0.1993, "2016-10-31": 0.7162, "2015-10-31": -0.326, "2014-10-31": -1.1821, "2013-10-31": -0.1495, "2012-10-31": -0.1412, "2011-10-31": 1.3594, "2010-10-31": 0.8989, "2009-10-31": -0.8483, "2008-10-31": -0.3765, "2007-10-31": 0.5494, "2006-10-31": -0.1785, "2005-10-31": 1.666}}, "financial ratios, quarterly": {"Current Ratio": {"2020-10-31": "2.32790", "2020-07-31": "2.46960", "2020-04-30": "1.63030", "2020-01-31": "1.63950", "2019-10-31": "1.53320", "2019-07-31": "2.13130", "2019-04-30": "3.40970", "2019-01-31": "3.39000", "2018-10-31": "3.28610", "2018-07-31": "3.61640", "2018-04-30": "3.31500", "2018-01-31": "3.23070", "2017-10-31": "3.30090", "2017-07-31": "3.22000", "2017-04-30": "3.20130", "2017-01-31": "3.33790", "2016-10-31": "3.84660", "2016-07-31": "3.06690", "2016-04-30": "3.07860", "2016-01-31": "3.58920", "2015-10-31": "3.77660", "2015-07-31": "4.07740", "2015-04-30": "3.89250", "2015-01-31": "3.93750", "2014-10-31": "3.25590", "2014-07-31": "3.06140", "2014-04-30": "3.12800", "2014-01-31": "3.27500", "2013-10-31": "3.11050", "2013-07-31": "2.95740", "2013-04-30": "2.52520", "2013-01-31": "2.55250", "2012-10-31": "2.44530", "2012-07-31": "2.01480", "2012-04-30": "3.27520", "2012-01-31": "3.35190", "2011-10-31": "3.03160", "2011-07-31": "3.47040", "2011-04-30": "3.20100", "2011-01-31": "3.27030", "2010-10-31": "2.00100", "2010-07-31": "1.96610", "2010-04-30": "2.10850", "2010-01-31": "2.16520", "2009-10-31": "3.52720", "2009-07-31": "2.92330", "2009-04-30": "2.62330", "2009-01-31": "2.66190", "2008-10-31": "2.39250", "2008-07-31": "1.75330", "2008-04-30": "1.70340", "2008-01-31": "1.89600", "2007-10-31": "2.20750", "2007-07-31": "2.17280", "2007-04-30": "2.43950", "2007-01-31": "2.73250", "2006-10-31": "2.57350", "2006-07-31": "2.51280", "2006-04-30": "2.56500", "2006-01-31": "2.82590", "2005-10-31": "2.29700", "2005-07-31": "2.78150", "2005-04-30": "2.72690", "2005-01-31": "2.62510"}, "Long-term Debt / Capital": {"2020-10-31": "0.31910", "2020-07-31": "0.31430", "2020-04-30": "0.27270", "2020-01-31": "0.26930", "2019-10-31": "0.27390", "2019-07-31": "0.21420", "2019-04-30": "0.25970", "2019-01-31": "0.26310", "2018-10-31": "0.28240", "2018-07-31": "0.28260", "2018-04-30": "0.28050", "2018-01-31": "0.28450", "2017-10-31": "0.27140", "2017-07-31": "0.28090", "2017-04-30": "0.29170", "2017-01-31": "0.29530", "2016-10-31": "0.30960", "2016-07-31": "0.27540", "2016-04-30": "0.28420", "2016-01-31": "0.28990", "2015-10-31": "0.28410", "2015-07-31": "0.28730", "2015-04-30": "0.28470", "2015-01-31": "0.28110", "2014-10-31": "0.23870", "2014-07-31": "0.27890", "2014-04-30": "0.32360", "2014-01-31": "0.33100", "2013-10-31": "0.33790", "2013-07-31": "0.36060", "2013-04-30": "0.28410", "2013-01-31": "0.28290", "2012-10-31": "0.28940", "2012-07-31": "0.26020", "2012-04-30": "0.28960", "2012-01-31": "0.30010", "2011-10-31": "0.30920", "2011-07-31": "0.34050", "2011-04-30": "0.35120", "2011-01-31": "0.39040", "2010-10-31": "0.40360", "2010-07-31": "0.43650", "2010-04-30": "0.34610", "2010-01-31": "0.35180", "2009-10-31": "0.53600", "2009-07-31": "0.46380", "2009-04-30": "0.47100", "2009-01-31": "0.45590", "2008-10-31": "0.45370", "2008-07-31": "0.15940", "2008-04-30": "0.16460", "2008-01-31": "0.16480", "2007-10-31": "0.39220", "2007-07-31": "0.31330", "2007-04-30": "0.29670", "2007-01-31": "0.29090", "2006-10-31": "0.29140", "2006-07-31": "0.28340", "2006-04-30": "0.26910", "2006-01-31": "0.26400", "2005-10-31": "", "2005-07-31": "0.22560", "2005-04-30": "0.22910", "2005-01-31": "0.23380"}, "Debt/Equity Ratio": {"2020-10-31": "0.48410", "2020-07-31": "0.46640", "2020-04-30": "0.52180", "2020-01-31": "0.50780", "2019-10-31": "0.50700", "2019-07-31": "0.37880", "2019-04-30": "0.35080", "2019-01-31": "0.35700", "2018-10-31": "0.39360", "2018-07-31": "0.39380", "2018-04-30": "0.45810", "2018-01-31": "0.47390", "2017-10-31": "0.41590", "2017-07-31": "0.45130", "2017-04-30": "0.46700", "2017-01-31": "0.46330", "2016-10-31": "0.44840", "2016-07-31": "0.43420", "2016-04-30": "0.45350", "2016-01-31": "0.42810", "2015-10-31": "0.39690", "2015-07-31": "0.40310", "2015-04-30": "0.39800", "2015-01-31": "0.39100", "2014-10-31": "0.31350", "2014-07-31": "0.39290", "2014-04-30": "0.47840", "2014-01-31": "0.49480", "2013-10-31": "0.51030", "2013-07-31": "0.56390", "2013-04-30": "0.44390", "2013-01-31": "0.44120", "2012-10-31": "0.45550", "2012-07-31": "0.45430", "2012-04-30": "0.46070", "2012-01-31": "0.48480", "2011-10-31": "0.50630", "2011-07-31": "0.51620", "2011-04-30": "0.54130", "2011-01-31": "0.64060", "2010-10-31": "1.14060", "2010-07-31": "1.30890", "2010-04-30": "1.09950", "2010-01-31": "1.12050", "2009-10-31": "1.15550", "2009-07-31": "0.86500", "2009-04-30": "0.89050", "2009-01-31": "0.85730", "2008-10-31": "0.83040", "2008-07-31": "0.72680", "2008-04-30": "0.75220", "2008-01-31": "0.67000", "2007-10-31": "0.64530", "2007-07-31": "0.45620", "2007-04-30": "0.42190", "2007-01-31": "0.41020", "2006-10-31": "0.41120", "2006-07-31": "0.39560", "2006-04-30": "0.36820", "2006-01-31": "0.35870", "2005-10-31": "", "2005-07-31": "0.29130", "2005-04-30": "0.29720", "2005-01-31": "0.30520"}, "Gross Margin": {"2020-10-31": "53.13550", "2020-07-31": "53.05310", "2020-04-30": "53.06950", "2020-01-31": "53.27930", "2019-10-31": "53.91370", "2019-07-31": "54.31710", "2019-04-30": "54.03880", "2019-01-31": "55.06230", "2018-10-31": "54.71410", "2018-07-31": "54.77970", "2018-04-30": "53.31680", "2018-01-31": "55.32620", "2017-10-31": "53.57440", "2017-07-31": "53.50090", "2017-04-30": "53.72050", "2017-01-31": "53.79570", "2016-10-31": "52.92530", "2016-07-31": "51.91570", "2016-04-30": "52.01180", "2016-01-31": "52.23740", "2015-10-31": "51.69080", "2015-07-31": "50.59170", "2015-04-30": "49.84420", "2015-01-31": "50.00000", "2014-10-31": "49.69530", "2014-07-31": "49.75220", "2014-04-30": "49.08910", "2014-01-31": "50.59520", "2013-10-31": "52.85220", "2013-07-31": "51.81600", "2013-04-30": "51.44340", "2013-01-31": "52.38100", "2012-10-31": "52.17880", "2012-07-31": "51.65410", "2012-04-30": "52.97170", "2012-01-31": "53.45570", "2011-10-31": "53.29860", "2011-07-31": "52.74990", "2011-04-30": "53.66730", "2011-01-31": "53.71960", "2010-10-31": "52.91880", "2010-07-31": "52.38440", "2010-04-30": "55.94020", "2010-01-31": "54.41060", "2009-10-31": "54.32730", "2009-07-31": "50.99340", "2009-04-30": "48.57930", "2009-01-31": "50.51460", "2008-10-31": "56.04320", "2008-07-31": "55.60940", "2008-04-30": "55.42580", "2008-01-31": "54.27140", "2007-10-31": "54.63350", "2007-07-31": "55.16740", "2007-04-30": "55.30300", "2007-01-31": "53.98440", "2006-10-31": "54.89460", "2006-07-31": "55.36720", "2006-04-30": "51.73530", "2006-01-31": "51.58530", "2005-10-31": "56.34840", "2005-07-31": "47.98710", "2005-04-30": "50.07830", "2005-01-31": "48.76240"}, "Operating Margin": {"2020-10-31": "20.16180", "2020-07-31": "18.23950", "2020-04-30": "8.23910", "2020-01-31": "15.84380", "2019-10-31": "18.28820", "2019-07-31": "17.66090", "2019-04-30": "17.44750", "2019-01-31": "19.47040", "2018-10-31": "18.85630", "2018-07-31": "18.37070", "2018-04-30": "17.41290", "2018-01-31": "18.91000", "2017-10-31": "16.73680", "2017-07-31": "18.04310", "2017-04-30": "18.23960", "2017-01-31": "19.30650", "2016-10-31": "16.47170", "2016-07-31": "13.98470", "2016-04-30": "12.85570", "2016-01-31": "15.07780", "2015-10-31": "15.07250", "2015-07-31": "14.20120", "2015-04-30": "11.11110", "2015-01-31": "11.20860", "2014-10-31": "9.63990", "2014-07-31": "12.98320", "2014-04-30": "9.51420", "2014-01-31": "12.30160", "2013-10-31": "16.58910", "2013-07-31": "14.28570", "2013-04-30": "12.29790", "2013-01-31": "12.91670", "2012-10-31": "15.73290", "2012-07-31": "15.67030", "2012-04-30": "17.31100", "2012-01-31": "16.57490", "2011-10-31": "18.11340", "2011-07-31": "16.61740", "2011-04-30": "15.86170", "2011-01-31": "13.89070", "2010-10-31": "12.88070", "2010-07-31": "8.30920", "2010-04-30": "12.11640", "2010-01-31": "7.74940", "2009-10-31": "6.08400", "2009-07-31": "-0.09460", "2009-04-30": "-4.30800", "2009-01-31": "2.05830", "2008-10-31": "17.01550", "2008-07-31": "15.09700", "2008-04-30": "13.11810", "2008-01-31": "9.61950", "2007-10-31": "13.13970", "2007-07-31": "12.22710", "2007-04-30": "9.92420", "2007-01-31": "7.42190", "2006-10-31": "11.21990", "2006-07-31": "14.68930", "2006-04-30": "7.90960", "2006-01-31": "2.99910", "2005-10-31": "10.59810", "2005-07-31": "2.81800", "2005-04-30": "3.28640", "2005-01-31": "3.13530"}, "EBIT Margin": {"2020-10-31": "20.16180", "2020-07-31": "18.23950", "2020-04-30": "8.23910", "2020-01-31": "15.84380", "2019-10-31": "18.28820", "2019-07-31": "17.66090", "2019-04-30": "17.44750", "2019-01-31": "19.47040", "2018-10-31": "18.85630", "2018-07-31": "18.37070", "2018-04-30": "17.41290", "2018-01-31": "18.91000", "2017-10-31": "16.73680", "2017-07-31": "18.04310", "2017-04-30": "18.23960", "2017-01-31": "19.30650", "2016-10-31": "16.47170", "2016-07-31": "13.98470", "2016-04-30": "12.85570", "2016-01-31": "15.07780", "2015-10-31": "15.07250", "2015-07-31": "14.20120", "2015-04-30": "11.11110", "2015-01-31": "11.20860", "2014-10-31": "9.63990", "2014-07-31": "12.98320", "2014-04-30": "9.51420", "2014-01-31": "12.30160", "2013-10-31": "16.58910", "2013-07-31": "14.28570", "2013-04-30": "12.29790", "2013-01-31": "12.91670", "2012-10-31": "15.73290", "2012-07-31": "15.67030", "2012-04-30": "17.31100", "2012-01-31": "16.57490", "2011-10-31": "18.11340", "2011-07-31": "16.61740", "2011-04-30": "15.86170", "2011-01-31": "13.89070", "2010-10-31": "12.88070", "2010-07-31": "8.30920", "2010-04-30": "12.11640", "2010-01-31": "7.74940", "2009-10-31": "6.08400", "2009-07-31": "-0.09460", "2009-04-30": "-4.30800", "2009-01-31": "2.05830", "2008-10-31": "17.01550", "2008-07-31": "15.09700", "2008-04-30": "13.11810", "2008-01-31": "9.61950", "2007-10-31": "13.13970", "2007-07-31": "12.22710", "2007-04-30": "9.92420", "2007-01-31": "7.42190", "2006-10-31": "11.21990", "2006-07-31": "14.68930", "2006-04-30": "7.90960", "2006-01-31": "2.99910", "2005-10-31": "10.59810", "2005-07-31": "2.81800", "2005-04-30": "3.28640", "2005-01-31": "3.13530"}, "EBITDA Margin": {"2020-10-31": "", "2020-07-31": "", "2020-04-30": "", "2020-01-31": "", "2019-10-31": "", "2019-07-31": "", "2019-04-30": "", "2019-01-31": "", "2018-10-31": "", "2018-07-31": "", "2018-04-30": "", "2018-01-31": "", "2017-10-31": "", "2017-07-31": "", "2017-04-30": "", "2017-01-31": "", "2016-10-31": "", "2016-07-31": "", "2016-04-30": "", "2016-01-31": "", "2015-10-31": "", "2015-07-31": "", "2015-04-30": "", "2015-01-31": "", "2014-10-31": "", "2014-07-31": "", "2014-04-30": "", "2014-01-31": "", "2013-10-31": "", "2013-07-31": "", "2013-04-30": "", "2013-01-31": "", "2012-10-31": "", "2012-07-31": "", "2012-04-30": "", "2012-01-31": "", "2011-10-31": "", "2011-07-31": "", "2011-04-30": "", "2011-01-31": "", "2010-10-31": "", "2010-07-31": "", "2010-04-30": "", "2010-01-31": "", "2009-10-31": "", "2009-07-31": "", "2009-04-30": "", "2009-01-31": "", "2008-10-31": "", "2008-07-31": "", "2008-04-30": "", "2008-01-31": "", "2007-10-31": "", "2007-07-31": "", "2007-04-30": "", "2007-01-31": "", "2006-10-31": "", "2006-07-31": "", "2006-04-30": "", "2006-01-31": "", "2005-10-31": "", "2005-07-31": "", "2005-04-30": "", "2005-01-31": ""}, "Pre-Tax Profit Margin": {"2020-10-31": "19.08290", "2020-07-31": "17.36720", "2020-04-30": "9.77380", "2020-01-31": "16.13850", "2019-10-31": "16.89830", "2019-07-31": "17.42540", "2019-04-30": "17.60910", "2019-01-31": "19.31460", "2018-10-31": "18.85630", "2018-07-31": "20.11640", "2018-04-30": "18.82260", "2018-01-31": "19.24030", "2017-10-31": "19.00760", "2017-07-31": "17.32500", "2017-04-30": "17.33210", "2017-01-31": "18.08810", "2016-10-31": "13.59140", "2016-07-31": "12.83530", "2016-04-30": "11.48180", "2016-01-31": "13.81320", "2015-10-31": "13.81640", "2015-07-31": "12.62330", "2015-04-30": "9.96880", "2015-01-31": "11.01370", "2014-10-31": "4.70910", "2014-07-31": "8.42420", "2014-04-30": "6.98380", "2014-01-31": "9.62300", "2013-10-31": "14.78460", "2013-07-31": "12.83290", "2013-04-30": "11.43190", "2013-01-31": "11.60710", "2012-10-31": "14.48780", "2012-07-31": "13.81310", "2012-04-30": "16.90710", "2012-01-31": "15.65750", "2011-10-31": "16.95600", "2011-07-31": "16.61740", "2011-04-30": "15.50390", "2011-01-31": "13.03490", "2010-10-31": "15.41880", "2010-07-31": "16.40170", "2010-04-30": "10.93630", "2010-01-31": "6.84250", "2009-10-31": "6.76950", "2009-07-31": "-3.87890", "2009-04-30": "-5.31620", "2009-01-31": "2.31560", "2008-10-31": "17.35310", "2008-07-31": "14.88920", "2008-04-30": "13.46150", "2008-01-31": "10.55280", "2007-10-31": "13.90040", "2007-07-31": "13.82820", "2007-04-30": "11.81820", "2007-01-31": "9.60940", "2006-10-31": "13.02710", "2006-07-31": "18.32120", "2006-04-30": "11.62230", "2006-01-31": "7.11230", "2005-10-31": "12.17210", "2005-07-31": "4.83090", "2005-04-30": "4.46010", "2005-01-31": "4.78550"}, "Net Profit Margin": {"2020-10-31": "14.96970", "2020-07-31": "15.78110", "2020-04-30": "8.15830", "2020-01-31": "14.51730", "2019-10-31": "14.19170", "2019-07-31": "14.99220", "2019-04-30": "14.70110", "2019-01-31": "39.25230", "2018-10-31": "15.06960", "2018-07-31": "19.61760", "2018-04-30": "16.99830", "2018-01-31": "-26.42440", "2017-10-31": "14.88650", "2017-07-31": "15.70920", "2017-04-30": "14.88200", "2017-01-31": "15.74510", "2016-10-31": "11.34110", "2016-07-31": "11.87740", "2016-04-30": "8.93030", "2016-01-31": "11.77040", "2015-10-31": "13.52660", "2015-07-31": "10.94680", "2015-04-30": "9.03430", "2015-01-31": "6.14040", "2014-10-31": "0.88640", "2014-07-31": "14.56890", "2014-04-30": "14.06880", "2014-01-31": "19.34520", "2013-10-31": "12.28170", "2013-07-31": "10.16950", "2013-04-30": "9.58430", "2013-01-31": "10.65480", "2012-10-31": "24.05210", "2012-07-31": "14.10330", "2012-04-30": "14.71440", "2012-01-31": "14.06730", "2011-10-31": "16.72450", "2011-07-31": "19.51510", "2011-04-30": "11.92610", "2011-01-31": "12.70570", "2010-10-31": "18.52790", "2010-07-31": "14.81210", "2010-04-30": "8.49720", "2010-01-31": "6.51280", "2009-10-31": "2.14220", "2009-07-31": "-1.79750", "2009-04-30": "-9.25760", "2009-01-31": "5.48890", "2008-10-31": "15.59760", "2008-07-31": "11.70360", "2008-04-30": "11.88190", "2008-01-31": "8.61450", "2007-10-31": "12.44810", "2007-07-31": "13.46430", "2007-04-30": "9.31820", "2007-01-31": "11.71880", "2006-10-31": "11.21990", "2006-07-31": "18.32120", "2006-04-30": "9.28170", "2006-01-31": "241.30250", "2005-10-31": "2.62330", "2005-07-31": "8.37360", "2005-04-30": "7.43350", "2005-01-31": "8.49840"}, "Asset Turnover": {"2020-10-31": "0.15400", "2020-07-31": "0.13210", "2020-04-30": "0.13090", "2020-01-31": "0.14280", "2019-10-31": "0.14460", "2019-07-31": "0.14770", "2019-04-30": "0.13720", "2019-01-31": "0.14340", "2018-10-31": "0.15150", "2018-07-31": "0.14410", "2018-04-30": "0.13730", "2018-01-31": "0.13920", "2017-10-31": "0.14110", "2017-07-31": "0.13490", "2017-04-30": "0.13750", "2017-01-31": "0.13550", "2016-10-31": "0.14250", "2016-07-31": "0.13500", "2016-04-30": "0.13340", "2016-01-31": "0.14080", "2015-10-31": "0.13840", "2015-07-31": "0.13980", "2015-04-30": "0.12990", "2015-01-31": "0.13650", "2014-10-31": "0.16690", "2014-07-31": "0.09720", "2014-04-30": "0.08960", "2014-01-31": "0.09480", "2013-10-31": "0.16080", "2013-07-31": "0.16070", "2013-04-30": "0.16360", "2013-01-31": "0.15770", "2012-10-31": "0.16770", "2012-07-31": "0.17660", "2012-04-30": "0.18410", "2012-01-31": "0.17970", "2011-10-31": "0.19080", "2011-07-31": "0.19320", "2011-04-30": "0.19390", "2011-01-31": "0.18880", "2010-10-31": "0.16250", "2010-07-31": "0.15210", "2010-04-30": "0.16360", "2010-01-31": "0.16020", "2009-10-31": "0.15330", "2009-07-31": "0.16080", "2009-04-30": "0.16590", "2009-01-31": "0.16280", "2008-10-31": "0.21140", "2008-07-31": "0.19150", "2008-04-30": "0.18970", "2008-01-31": "0.18680", "2007-10-31": "0.19140", "2007-07-31": "0.19560", "2007-04-30": "0.18120", "2007-01-31": "0.17800", "2006-10-31": "0.18020", "2006-07-31": "0.16030", "2006-04-30": "0.15380", "2006-01-31": "0.14540", "2005-10-31": "0.14120", "2005-07-31": "0.16890", "2005-04-30": "0.17580", "2005-01-31": "0.16950"}, "Inventory Turnover Ratio": {"2020-10-31": "0.96530", "2020-07-31": "0.79360", "2020-04-30": "0.77470", "2020-01-31": "0.89800", "2019-10-31": "0.92780", "2019-07-31": "0.88180", "2019-04-30": "0.86610", "2019-01-31": "0.88360", "2018-10-31": "0.91850", "2018-07-31": "0.87320", "2018-04-30": "0.94780", "2018-01-31": "0.88980", "2017-10-31": "0.96000", "2017-07-31": "0.91520", "2017-04-30": "0.93070", "2017-01-31": "0.89470", "2016-10-31": "0.98120", "2016-07-31": "0.92450", "2016-04-30": "0.88110", "2016-01-31": "0.88630", "2015-10-31": "0.92420", "2015-07-31": "0.91930", "2015-04-30": "0.86870", "2015-01-31": "0.91610", "2014-10-31": "1.58190", "2014-07-31": "0.46130", "2014-04-30": "0.45730", "2014-01-31": "0.45770", "2013-10-31": "0.75980", "2013-07-31": "0.75520", "2013-04-30": "0.80710", "2013-01-31": "0.76920", "2012-10-31": "0.83330", "2012-07-31": "0.80410", "2012-04-30": "0.86060", "2012-01-31": "0.81220", "2011-10-31": "0.89870", "2011-07-31": "0.89070", "2011-04-30": "0.91090", "2011-01-31": "0.88210", "2010-10-31": "1.03630", "2010-07-31": "0.95780", "2010-04-30": "1.02560", "2010-01-31": "1.00910", "2009-10-31": "0.96560", "2009-07-31": "0.90720", "2009-04-30": "0.92270", "2009-01-31": "0.88090", "2008-10-31": "1.00770", "2008-07-31": "0.95100", "2008-04-30": "0.96290", "2008-01-31": "0.94510", "2007-10-31": "1.02020", "2007-07-31": "0.91390", "2007-04-30": "0.90770", "2007-01-31": "0.90900", "2006-10-31": "0.95530", "2006-07-31": "0.78440", "2006-04-30": "0.83870", "2006-01-31": "0.76350", "2005-10-31": "0.67970", "2005-07-31": "0.69020", "2005-04-30": "0.66600", "2005-01-31": "0.59880"}, "Receiveable Turnover": {"2020-10-31": "1.42870", "2020-07-31": "1.35590", "2020-04-30": "1.39730", "2020-01-31": "1.40480", "2019-10-31": "1.46990", "2019-07-31": "1.48830", "2019-04-30": "1.51160", "2019-01-31": "1.54140", "2018-10-31": "1.66750", "2018-07-31": "1.64120", "2018-04-30": "1.59950", "2018-01-31": "1.61250", "2017-10-31": "1.64230", "2017-07-31": "1.64310", "2017-04-30": "1.62780", "2017-01-31": "1.63400", "2016-10-31": "1.76070", "2016-07-31": "1.76950", "2016-04-30": "1.69270", "2016-01-31": "1.66610", "2015-10-31": "1.70790", "2015-07-31": "1.73630", "2015-04-30": "1.67190", "2015-01-31": "1.66830", "2014-10-31": "2.88340", "2014-07-31": "1.13240", "2014-04-30": "1.09410", "2014-01-31": "1.18730", "2013-10-31": "1.91100", "2013-07-31": "1.88800", "2013-04-30": "1.89080", "2013-01-31": "1.92220", "2012-10-31": "1.91440", "2012-07-31": "1.81370", "2012-04-30": "1.90650", "2012-01-31": "2.00860", "2011-10-31": "2.00930", "2011-07-31": "1.84410", "2011-04-30": "1.82680", "2011-01-31": "1.77870", "2010-10-31": "1.81360", "2010-07-31": "1.75190", "2010-04-30": "1.89990", "2010-01-31": "1.93150", "2009-10-31": "1.96130", "2009-07-31": "1.94300", "2009-04-30": "1.91740", "2009-01-31": "1.85080", "2008-10-31": "1.92340", "2008-07-31": "1.89750", "2008-04-30": "1.84070", "2008-01-31": "1.91870", "2007-10-31": "1.96730", "2007-07-31": "1.86180", "2007-04-30": "1.83840", "2007-01-31": "1.90760", "2006-10-31": "1.91910", "2006-07-31": "1.45250", "2006-04-30": "1.46630", "2006-01-31": "1.51170", "2005-10-31": "1.40560", "2005-07-31": "1.28570", "2005-04-30": "1.32570", "2005-01-31": "1.28120"}, "Days Sales In Receivables": {"2020-10-31": "62.99390", "2020-07-31": "66.37590", "2020-04-30": "64.41030", "2020-01-31": "64.06780", "2019-10-31": "61.22900", "2019-07-31": "60.47100", "2019-04-30": "59.53960", "2019-01-31": "58.38790", "2018-10-31": "53.97220", "2018-07-31": "54.83790", "2018-04-30": "56.26870", "2018-01-31": "55.81340", "2017-10-31": "54.80240", "2017-07-31": "54.77560", "2017-04-30": "55.29040", "2017-01-31": "55.07970", "2016-10-31": "51.11610", "2016-07-31": "50.86210", "2016-04-30": "53.16980", "2016-01-31": "54.01750", "2015-10-31": "52.69570", "2015-07-31": "51.83430", "2015-04-30": "53.83180", "2015-01-31": "53.94740", "2014-10-31": "31.21330", "2014-07-31": "79.47470", "2014-04-30": "82.25710", "2014-01-31": "75.80360", "2013-10-31": "47.09550", "2013-07-31": "47.66950", "2013-04-30": "47.59820", "2013-01-31": "46.82140", "2012-10-31": "47.01190", "2012-07-31": "49.62280", "2012-04-30": "47.20720", "2012-01-31": "44.80730", "2011-10-31": "44.79170", "2011-07-31": "48.80540", "2011-04-30": "49.26660", "2011-01-31": "50.59910", "2010-10-31": "49.62560", "2010-07-31": "51.37280", "2010-04-30": "47.37220", "2010-01-31": "46.59520", "2009-10-31": "45.88690", "2009-07-31": "46.31980", "2009-04-30": "46.93860", "2009-01-31": "48.62780", "2008-10-31": "46.79270", "2008-07-31": "47.43080", "2008-04-30": "48.89420", "2008-01-31": "46.90600", "2007-10-31": "45.74690", "2007-07-31": "48.34060", "2007-04-30": "48.95460", "2007-01-31": "47.17970", "2006-10-31": "46.89760", "2006-07-31": "61.96130", "2006-04-30": "61.38010", "2006-01-31": "59.53730", "2005-10-31": "64.02940", "2005-07-31": "70.00000", "2005-04-30": "67.88730", "2005-01-31": "70.24750"}, "ROE - Return On Equity": {"2020-10-31": "4.55570", "2020-07-31": "3.99520", "2020-04-30": "2.11830", "2020-01-31": "4.06350", "2019-10-31": "4.08590", "2019-07-31": "4.02360", "2019-04-30": "3.55120", "2019-01-31": "10.00790", "2018-10-31": "4.26600", "2018-07-31": "5.16640", "2018-04-30": "4.44010", "2018-01-31": "-7.07030", "2017-10-31": "3.66080", "2017-07-31": "3.79530", "2017-04-30": "3.74860", "2017-01-31": "3.90700", "2016-10-31": "2.96750", "2016-07-31": "2.85320", "2016-04-30": "2.18490", "2016-01-31": "2.98910", "2015-10-31": "3.35730", "2015-07-31": "2.75210", "2015-04-30": "2.21100", "2015-01-31": "2.19340", "2014-10-31": "0.30170", "2014-07-31": "1.11700", "2014-04-30": "0.71060", "2014-01-31": "2.22140", "2013-10-31": "3.98940", "2013-07-31": "3.50730", "2013-04-30": "3.12740", "2013-01-31": "3.34520", "2012-10-31": "8.19670", "2012-07-31": "4.98670", "2012-04-30": "5.39680", "2012-01-31": "5.11220", "2011-10-31": "6.69600", "2011-07-31": "7.85710", "2011-04-30": "5.04920", "2011-01-31": "5.78020", "2010-10-31": "9.02350", "2010-07-31": "7.29540", "2010-04-30": "4.10330", "2010-01-31": "3.04080", "2009-10-31": "0.99440", "2009-07-31": "-0.76340", "2009-04-30": "-4.17530", "2009-01-31": "2.48930", "2008-10-31": "9.02700", "2008-07-31": "5.30610", "2008-04-30": "5.48160", "2008-01-31": "3.78190", "2007-10-31": "5.56590", "2007-07-31": "5.62650", "2007-04-30": "3.45990", "2007-01-31": "4.10170", "2006-10-31": "3.45390", "2006-07-31": "5.69620", "2006-04-30": "2.97010", "2006-01-31": "23.29030", "2005-10-31": "0.80860", "2005-07-31": "1.36780", "2005-04-30": "1.36990", "2005-01-31": "1.35350"}, "Return On Tangible Equity": {"2020-10-31": "50.45450", "2020-07-31": "39.87980", "2020-04-30": "38.11320", "2020-01-31": "98.50000", "2019-10-31": "404.16670", "2019-07-31": "16.91760", "2019-04-30": "12.33900", "2019-01-31": "37.69630", "2018-10-31": "17.61520", "2018-07-31": "21.07140", "2018-04-30": "12.16620", "2018-01-31": "-20.61860", "2017-10-31": "9.48050", "2017-07-31": "10.77590", "2017-04-30": "11.43650", "2017-01-31": "12.66970", "2016-10-31": "9.59630", "2016-07-31": "8.99200", "2016-04-30": "8.13230", "2016-01-31": "11.44750", "2015-10-31": "10.30170", "2015-07-31": "8.99680", "2015-04-30": "7.05520", "2015-01-31": "6.99770", "2014-10-31": "0.74490", "2014-07-31": "3.36900", "2014-04-30": "2.30280", "2014-01-31": "7.70210", "2013-10-31": "15.91250", "2013-07-31": "19.76470", "2013-04-30": "12.70080", "2013-01-31": "14.78120", "2012-10-31": "39.57170", "2012-07-31": "28.99760", "2012-04-30": "9.32700", "2012-01-31": "9.24810", "2011-10-31": "12.45690", "2011-07-31": "15.29190", "2011-04-30": "10.45480", "2011-01-31": "13.55340", "2010-10-31": "22.70610", "2010-07-31": "22.82850", "2010-04-30": "5.80020", "2010-01-31": "4.40600", "2009-10-31": "1.47750", "2009-07-31": "-1.13840", "2009-04-30": "-6.38430", "2009-01-31": "3.76690", "2008-10-31": "13.70920", "2008-07-31": "7.34140", "2008-04-30": "7.55790", "2008-01-31": "5.14580", "2007-10-31": "7.20580", "2007-07-31": "7.23790", "2007-04-30": "4.04870", "2007-01-31": "4.77710", "2006-10-31": "3.96230", "2006-07-31": "6.52370", "2006-04-30": "3.36770", "2006-01-31": "25.58450", "2005-10-31": "0.88330", "2005-07-31": "1.54860", "2005-04-30": "1.55380", "2005-01-31": "1.54130"}, "ROA - Return On Assets": {"2020-10-31": "2.30600", "2020-07-31": "2.08460", "2020-04-30": "1.06820", "2020-01-31": "2.07350", "2019-10-31": "2.05250", "2019-07-31": "2.21450", "2019-04-30": "2.01730", "2019-01-31": "5.63000", "2018-10-31": "2.28310", "2018-07-31": "2.82670", "2018-04-30": "2.33380", "2018-01-31": "-3.67900", "2017-10-31": "2.10060", "2017-07-31": "2.11840", "2017-04-30": "2.04590", "2017-01-31": "2.13410", "2016-10-31": "1.61660", "2016-07-31": "1.60330", "2016-04-30": "1.19110", "2016-01-31": "1.65710", "2015-10-31": "1.87190", "2015-07-31": "1.55840", "2015-04-30": "1.24120", "2015-01-31": "1.23690", "2014-10-31": "0.14790", "2014-07-31": "0.60690", "2014-04-30": "0.36280", "2014-01-31": "1.13740", "2013-10-31": "1.97450", "2013-07-31": "1.63460", "2013-04-30": "1.56800", "2013-01-31": "1.68030", "2012-10-31": "4.03380", "2012-07-31": "2.49050", "2012-04-30": "2.70900", "2012-01-31": "2.52780", "2011-10-31": "3.19090", "2011-07-31": "3.77010", "2011-04-30": "2.31240", "2011-01-31": "2.39930", "2010-10-31": "3.01160", "2010-07-31": "2.25270", "2010-04-30": "1.39050", "2010-01-31": "1.04300", "2009-10-31": "0.32840", "2009-07-31": "-0.28910", "2009-04-30": "-1.53590", "2009-01-31": "0.89360", "2008-10-31": "3.29670", "2008-07-31": "2.24110", "2008-04-30": "2.25440", "2008-01-31": "1.60880", "2007-10-31": "2.38280", "2007-07-31": "2.63380", "2007-04-30": "1.68890", "2007-01-31": "2.08540", "2006-10-31": "1.70990", "2006-07-31": "2.79470", "2006-04-30": "1.50180", "2006-01-31": "12.13560", "2005-10-31": "0.48880", "2005-07-31": "0.73450", "2005-04-30": "0.72920", "2005-01-31": "0.71330"}, "ROI - Return On Investment": {"2020-10-31": "3.10190", "2020-07-31": "2.73950", "2020-04-30": "1.54060", "2020-01-31": "2.96910", "2019-10-31": "2.96680", "2019-07-31": "3.16170", "2019-04-30": "2.62890", "2019-01-31": "7.37490", "2018-10-31": "3.06120", "2018-07-31": "3.70660", "2018-04-30": "3.19460", "2018-01-31": "-5.05850", "2017-10-31": "2.66730", "2017-07-31": "2.72930", "2017-04-30": "2.65500", "2017-01-31": "2.75320", "2016-10-31": "2.04880", "2016-07-31": "2.06740", "2016-04-30": "1.56380", "2016-01-31": "2.12240", "2015-10-31": "2.40340", "2015-07-31": "1.96150", "2015-04-30": "1.58160", "2015-01-31": "1.57680", "2014-10-31": "0.22970", "2014-07-31": "0.80550", "2014-04-30": "0.48070", "2014-01-31": "1.48610", "2013-10-31": "2.64150", "2013-07-31": "2.24270", "2013-04-30": "2.23900", "2013-01-31": "2.39880", "2012-10-31": "5.82430", "2012-07-31": "3.68910", "2012-04-30": "3.83400", "2012-01-31": "3.57810", "2011-10-31": "4.62550", "2011-07-31": "5.18220", "2011-04-30": "3.27600", "2011-01-31": "3.52380", "2010-10-31": "5.38150", "2010-07-31": "4.11070", "2010-04-30": "2.68320", "2010-01-31": "1.97110", "2009-10-31": "0.46140", "2009-07-31": "-0.40930", "2009-04-30": "-2.20860", "2009-01-31": "1.35450", "2008-10-31": "4.93170", "2008-07-31": "4.46030", "2008-04-30": "4.57910", "2008-01-31": "3.15870", "2007-10-31": "3.38280", "2007-07-31": "3.86380", "2007-04-30": "2.43320", "2007-01-31": "2.90870", "2006-10-31": "2.44760", "2006-07-31": "4.08160", "2006-04-30": "2.17080", "2006-01-31": "17.14190", "2005-10-31": "0.80860", "2005-07-31": "1.05920", "2005-04-30": "1.05600", "2005-01-31": "1.03700"}, "Book Value Per Share": {"2020-10-31": "15.92480", "2020-07-31": "16.11970", "2020-04-30": "15.48050", "2020-01-31": "15.63870", "2019-10-31": "15.36570", "2019-07-31": "15.31290", "2019-04-30": "16.16720", "2019-01-31": "15.83650", "2018-10-31": "14.37420", "2018-07-31": "14.31980", "2018-04-30": "14.33850", "2018-01-31": "15.82520", "2017-10-31": "15.01550", "2017-07-31": "14.31990", "2017-04-30": "13.62930", "2017-01-31": "13.35400", "2016-10-31": "13.10490", "2016-07-31": "13.41360", "2016-04-30": "12.81540", "2016-01-31": "12.34150", "2015-10-31": "12.56020", "2015-07-31": "12.36750", "2015-04-30": "12.49550", "2015-01-31": "12.61910", "2014-10-31": "15.83280", "2014-07-31": "16.93690", "2014-04-30": "16.90390", "2014-01-31": "16.30840", "2013-10-31": "15.88290", "2013-07-31": "14.47130", "2013-04-30": "15.38550", "2013-01-31": "15.42080", "2012-10-31": "14.98560", "2012-07-31": "13.96280", "2012-04-30": "13.57760", "2012-01-31": "12.92820", "2011-10-31": "12.43800", "2011-07-31": "12.10380", "2011-04-30": "11.38220", "2011-01-31": "9.67830", "2010-10-31": "9.35260", "2010-07-31": "8.12140", "2010-04-30": "7.56320", "2010-01-31": "7.46550", "2009-10-31": "7.26590", "2009-07-31": "7.21450", "2009-04-30": "7.05250", "2009-01-31": "7.45220", "2008-10-31": "7.31140", "2008-07-31": "8.92160", "2008-04-30": "8.76670", "2008-01-31": "8.62230", "2007-10-31": "8.74050", "2007-07-31": "8.49610", "2007-04-30": "8.97730", "2007-01-31": "9.02960", "2006-10-31": "8.94120", "2006-07-31": "9.27140", "2006-04-30": "9.56340", "2006-01-31": "9.72560", "2005-10-31": "8.11330", "2005-07-31": "7.99190", "2005-04-30": "7.87980", "2005-01-31": "7.67410"}, "Operating Cash Flow Per Share": {"2020-10-31": 1.2083, "2020-07-31": 0.9295, "2020-04-30": 1.0026, "2020-01-31": "-0.18850", "2019-10-31": 0.9734, "2019-07-31": 0.7887, "2019-04-30": 0.7871, "2019-01-31": "0.66150", "2018-10-31": 1.1378, "2018-07-31": 0.6178, "2018-04-30": 0.9234, "2018-01-31": "0.66560", "2017-10-31": 0.8834, "2017-07-31": 0.6959, "2017-04-30": 0.7919, "2017-01-31": "0.35580", "2016-10-31": 0.706, "2016-07-31": 0.5915, "2016-04-30": 0.7785, "2016-01-31": "0.33430", "2015-10-31": 0.717, "2015-07-31": 0.3277, "2015-04-30": 0.5429, "2015-01-31": "-0.05920", "2014-10-31": 0.5444, "2014-07-31": 0.0782, "2014-04-30": 0.9661, "2014-01-31": "0.57400", "2013-10-31": 1.1691, "2013-07-31": 0.6549, "2013-04-30": 0.9086, "2013-01-31": "0.69600", "2012-10-31": 1.374, "2012-07-31": 0.6839, "2012-04-30": 0.9948, "2012-01-31": "0.42610", "2011-10-31": 1.4485, "2011-07-31": 0.698, "2011-04-30": 1.0648, "2011-01-31": "0.33800", "2010-10-31": 1.0539, "2010-07-31": 0.2598, "2010-04-30": 0.6356, "2010-01-31": "0.08470", "2009-10-31": 0.614, "2009-07-31": 0.1175, "2009-04-30": 0.3994, "2009-01-31": "0.04830", "2008-10-31": 0.699, "2008-07-31": 0.4495, "2008-04-30": 0.8787, "2008-01-31": "0.01050", "2007-10-31": 0.9838, "2007-07-31": 0.4465, "2007-04-30": 0.7339, "2007-01-31": "0.22250", "2006-10-31": 0.8855, "2006-07-31": 0.172, "2006-04-30": 0.6451, "2006-01-31": "-0.26500", "2005-10-31": 0.8361, "2005-07-31": 0.2724, "2005-04-30": 0.4133, "2005-01-31": "0.27620"}, "Free Cash Flow Per Share": {"2020-10-31": 1.1218, "2020-07-31": 0.8525, "2020-04-30": 0.8965, "2020-01-31": "-0.29710", "2019-10-31": 0.8815, "2019-07-31": 0.6362, "2019-04-30": 0.6652, "2019-01-31": "0.54040", "2018-10-31": 1.0315, "2018-07-31": 0.5139, "2018-04-30": 0.7778, "2018-01-31": "0.47990", "2017-10-31": 0.7055, "2017-07-31": 0.5647, "2017-04-30": 0.6592, "2017-01-31": "0.25770", "2016-10-31": 0.5488, "2016-07-31": 0.5183, "2016-04-30": 0.7008, "2016-01-31": "0.21990", "2015-10-31": 0.6399, "2015-07-31": 0.2697, "2015-04-30": 0.5158, "2015-01-31": "-0.15380", "2014-10-31": 0.4171, "2014-07-31": -0.0747, "2014-04-30": 0.8144, "2014-01-31": "0.44080", "2013-10-31": 1.0641, "2013-07-31": 0.495, "2013-04-30": 0.7638, "2013-01-31": "0.53130", "2012-10-31": 1.1983, "2012-07-31": 0.5445, "2012-04-30": 0.8909, "2012-01-31": "0.29550", "2011-10-31": 1.3085, "2011-07-31": 0.6098, "2011-04-30": 0.9211, "2011-01-31": "0.23100", "2010-10-31": 0.9582, "2010-07-31": 0.1822, "2010-04-30": 0.5565, "2010-01-31": "0.01410", "2009-10-31": 0.5309, "2009-07-31": 0.0312, "2009-04-30": 0.2983, "2009-01-31": "-0.04830", "2008-10-31": 0.5798, "2008-07-31": 0.3455, "2008-04-30": 0.777, "2008-01-31": "-0.04190", "2007-10-31": 0.887, "2007-07-31": 0.3654, "2007-04-30": 0.6481, "2007-01-31": "0.13640", "2006-10-31": 0.7695, "2006-07-31": 0.3198, "2006-04-30": 0.7564, "2006-01-31": "-0.35820", "2005-10-31": 0.8383, "2005-07-31": 0.1866, "2005-04-30": 0.4213, "2005-01-31": "0.21980"}}, "revenue": {"Agilent Technologies Annual Revenue (Millions of US $)": {"2020": "$5,339", "2019": "$5,163", "2018": "$4,914", "2017": "$4,472", "2016": "$4,202", "2015": "$4,038", "2014": "$4,048", "2013": "$3,894", "2012": "$6,858", "2011": "$6,615", "2010": "$5,444", "2009": "$4,481", "2008": "$5,774", "2007": "$5,420", "2006": "$4,973", "2005": "$4,685"}, "Agilent Technologies Quarterly Revenue (Millions of US $)": {"2020-10-31": "$1,483", "2020-07-31": "$1,261", "2020-04-30": "$1,238", "2020-01-31": "$1,357", "2019-10-31": "$1,367", "2019-07-31": "$1,274", "2019-04-30": "$1,238", "2019-01-31": "$1,284", "2018-10-31": "$1,294", "2018-07-31": "$1,203", "2018-04-30": "$1,206", "2018-01-31": "$1,211", "2017-10-31": "$1,189", "2017-07-31": "$1,114", "2017-04-30": "$1,102", "2017-01-31": "$1,067", "2016-10-31": "$1,111", "2016-07-31": "$1,044", "2016-04-30": "$1,019", "2016-01-31": "$1,028", "2015-10-31": "$1,035", "2015-07-31": "$1,014", "2015-04-30": "$963", "2015-01-31": "$1,026", "2014-10-31": "$1,805", "2014-07-31": "$1,009", "2014-04-30": "$988", "2014-01-31": "$1,008", "2013-10-31": "$1,718", "2013-07-31": "$1,652", "2013-04-30": "$1,732", "2013-01-31": "$1,680", "2012-10-31": "$1,767", "2012-07-31": "$1,723", "2012-04-30": "$1,733", "2012-01-31": "$1,635", "2011-10-31": "$1,728", "2011-07-31": "$1,691", "2011-04-30": "$1,677", "2011-01-31": "$1,519", "2010-10-31": "$1,576", "2010-07-31": "$1,384", "2010-04-30": "$1,271", "2010-01-31": "$1,213", "2009-10-31": "$1,167", "2009-07-31": "$1,057", "2009-04-30": "$1,091", "2009-01-31": "$1,166", "2008-10-31": "$1,481", "2008-07-31": "$1,444", "2008-04-30": "$1,456", "2008-01-31": "$1,393", "2007-10-31": "$1,446", "2007-07-31": "$1,374", "2007-04-30": "$1,320", "2007-01-31": "$1,280", "2006-10-31": "$1,328", "2006-07-31": "$1,239", "2006-04-30": "$1,239", "2006-01-31": "$1,167", "2005-10-31": "$953", "2005-07-31": "$1,242", "2005-04-30": "$1,278", "2005-01-31": "$1,212"}}, "gross-profit": {"Agilent Technologies Annual Gross Profit (Millions of US $)": {"2020": "$2,837", "2019": "$2,805", "2018": "$2,680", "2017": "$2,399", "2016": "$2,197", "2015": "$2,041", "2014": "$1,976", "2013": "$1,907", "2012": "$3,604", "2011": "$3,529", "2010": "$2,930", "2009": "$2,292", "2008": "$3,196", "2007": "$2,969", "2006": "$2,658", "2005": "$2,364"}, "Agilent Technologies Quarterly Gross Profit (Millions of US $)": {"2020-10-31": "$788", "2020-07-31": "$669", "2020-04-30": "$657", "2020-01-31": "$723", "2019-10-31": "$737", "2019-07-31": "$692", "2019-04-30": "$669", "2019-01-31": "$707", "2018-10-31": "$708", "2018-07-31": "$659", "2018-04-30": "$643", "2018-01-31": "$670", "2017-10-31": "$637", "2017-07-31": "$596", "2017-04-30": "$592", "2017-01-31": "$574", "2016-10-31": "$588", "2016-07-31": "$542", "2016-04-30": "$530", "2016-01-31": "$537", "2015-10-31": "$535", "2015-07-31": "$513", "2015-04-30": "$480", "2015-01-31": "$513", "2014-10-31": "$897", "2014-07-31": "$502", "2014-04-30": "$485", "2014-01-31": "$510", "2013-10-31": "$908", "2013-07-31": "$856", "2013-04-30": "$891", "2013-01-31": "$880", "2012-10-31": "$922", "2012-07-31": "$890", "2012-04-30": "$918", "2012-01-31": "$874", "2011-10-31": "$921", "2011-07-31": "$892", "2011-04-30": "$900", "2011-01-31": "$816", "2010-10-31": "$834", "2010-07-31": "$725", "2010-04-30": "$711", "2010-01-31": "$660", "2009-10-31": "$634", "2009-07-31": "$539", "2009-04-30": "$530", "2009-01-31": "$589", "2008-10-31": "$830", "2008-07-31": "$803", "2008-04-30": "$807", "2008-01-31": "$756", "2007-10-31": "$790", "2007-07-31": "$758", "2007-04-30": "$730", "2007-01-31": "$691", "2006-10-31": "$729", "2006-07-31": "$686", "2006-04-30": "$641", "2006-01-31": "$602", "2005-10-31": "$537", "2005-07-31": "$596", "2005-04-30": "$640", "2005-01-31": "$591"}}, "operating-income": {"Agilent Technologies Annual Operating Income (Millions of US $)": {"2020": "$846", "2019": "$941", "2018": "$904", "2017": "$807", "2016": "$615", "2015": "$522", "2014": "$419", "2013": "$386", "2012": "$1,119", "2011": "$1,071", "2010": "$566", "2009": "$47", "2008": "$795", "2007": "$584", "2006": "$464", "2005": "$216"}, "Agilent Technologies Quarterly Operating Income (Millions of US $)": {"2020-10-31": "$299", "2020-07-31": "$230", "2020-04-30": "$102", "2020-01-31": "$215", "2019-10-31": "$250", "2019-07-31": "$225", "2019-04-30": "$216", "2019-01-31": "$250", "2018-10-31": "$244", "2018-07-31": "$221", "2018-04-30": "$210", "2018-01-31": "$229", "2017-10-31": "$199", "2017-07-31": "$201", "2017-04-30": "$201", "2017-01-31": "$206", "2016-10-31": "$183", "2016-07-31": "$146", "2016-04-30": "$131", "2016-01-31": "$155", "2015-10-31": "$156", "2015-07-31": "$144", "2015-04-30": "$107", "2015-01-31": "$115", "2014-10-31": "$174", "2014-07-31": "$131", "2014-04-30": "$94", "2014-01-31": "$124", "2013-10-31": "$285", "2013-07-31": "$236", "2013-04-30": "$213", "2013-01-31": "$217", "2012-10-31": "$278", "2012-07-31": "$270", "2012-04-30": "$300", "2012-01-31": "$271", "2011-10-31": "$313", "2011-07-31": "$281", "2011-04-30": "$266", "2011-01-31": "$211", "2010-10-31": "$203", "2010-07-31": "$115", "2010-04-30": "$154", "2010-01-31": "$94", "2009-10-31": "$71", "2009-07-31": "$-1", "2009-04-30": "$-47", "2009-01-31": "$24", "2008-10-31": "$252", "2008-07-31": "$218", "2008-04-30": "$191", "2008-01-31": "$134", "2007-10-31": "$190", "2007-07-31": "$168", "2007-04-30": "$131", "2007-01-31": "$95", "2006-10-31": "$149", "2006-07-31": "$182", "2006-04-30": "$98", "2006-01-31": "$35", "2005-10-31": "$101", "2005-07-31": "$35", "2005-04-30": "$42", "2005-01-31": "$38"}}, "ebitda": {"Agilent Technologies Annual EBITDA (Millions of US $)": {"2020": "$1,154", "2019": "$1,179", "2018": "$1,114", "2017": "$1,019", "2016": "$861", "2015": "$775", "2014": "$781", "2013": "$758", "2012": "$1,420", "2011": "$1,324", "2010": "$768", "2009": "$209", "2008": "$996", "2007": "$775", "2006": "$634", "2005": "$396"}, "Agilent Technologies Quarterly EBITDA (Millions of US $)": {"2020-10-31": "$375", "2020-07-31": "$307", "2020-04-30": "$178", "2020-01-31": "$294", "2019-10-31": "$326", "2019-07-31": "$280", "2019-04-30": "$269", "2019-01-31": "$304", "2018-10-31": "$300", "2018-07-31": "$274", "2018-04-30": "$260", "2018-01-31": "$280", "2017-10-31": "$251", "2017-07-31": "$252", "2017-04-30": "$255", "2017-01-31": "$261", "2016-10-31": "$239", "2016-07-31": "$206", "2016-04-30": "$195", "2016-01-31": "$221", "2015-10-31": "$216", "2015-07-31": "$206", "2015-04-30": "$170", "2015-01-31": "$183", "2014-10-31": "$253", "2014-07-31": "$221", "2014-04-30": "$191", "2014-01-31": "$220", "2013-10-31": "$380", "2013-07-31": "$327", "2013-04-30": "$305", "2013-01-31": "$311", "2012-10-31": "$372", "2012-07-31": "$354", "2012-04-30": "$361", "2012-01-31": "$333", "2011-10-31": "$376", "2011-07-31": "$344", "2011-04-30": "$330", "2011-01-31": "$274", "2010-10-31": "$270", "2010-07-31": "$175", "2010-04-30": "$190", "2010-01-31": "$133", "2009-10-31": "$111", "2009-07-31": "$40", "2009-04-30": "$-7", "2009-01-31": "$65", "2008-10-31": "$296", "2008-07-31": "$275", "2008-04-30": "$242", "2008-01-31": "$183", "2007-10-31": "$238", "2007-07-31": "$218", "2007-04-30": "$178", "2007-01-31": "$141", "2006-10-31": "$191", "2006-07-31": "$225", "2006-04-30": "$144", "2006-01-31": "$74", "2005-10-31": "$140", "2005-07-31": "$84", "2005-04-30": "$86", "2005-01-31": "$86"}}, "net-income": {"Agilent Technologies Annual Net Income (Millions of US $)": {"2020": "$719", "2019": "$1,071", "2018": "$316", "2017": "$684", "2016": "$462", "2015": "$401", "2014": "$549", "2013": "$734", "2012": "$1,153", "2011": "$1,012", "2010": "$684", "2009": "$-31", "2008": "$693", "2007": "$638", "2006": "$3,307", "2005": "$327"}, "Agilent Technologies Quarterly Net Income (Millions of US $)": {"2020-10-31": "$222", "2020-07-31": "$199", "2020-04-30": "$101", "2020-01-31": "$197", "2019-10-31": "$194", "2019-07-31": "$191", "2019-04-30": "$182", "2019-01-31": "$504", "2018-10-31": "$195", "2018-07-31": "$236", "2018-04-30": "$205", "2018-01-31": "$-320", "2017-10-31": "$177", "2017-07-31": "$175", "2017-04-30": "$164", "2017-01-31": "$168", "2016-10-31": "$126", "2016-07-31": "$124", "2016-04-30": "$91", "2016-01-31": "$121", "2015-10-31": "$140", "2015-07-31": "$111", "2015-04-30": "$87", "2015-01-31": "$63", "2014-10-31": "$16", "2014-07-31": "$147", "2014-04-30": "$139", "2014-01-31": "$195", "2013-10-31": "$211", "2013-07-31": "$168", "2013-04-30": "$166", "2013-01-31": "$179", "2012-10-31": "$425", "2012-07-31": "$243", "2012-04-30": "$255", "2012-01-31": "$230", "2011-10-31": "$289", "2011-07-31": "$330", "2011-04-30": "$200", "2011-01-31": "$193", "2010-10-31": "$292", "2010-07-31": "$205", "2010-04-30": "$108", "2010-01-31": "$79", "2009-10-31": "$25", "2009-07-31": "$-19", "2009-04-30": "$-101", "2009-01-31": "$64", "2008-10-31": "$231", "2008-07-31": "$169", "2008-04-30": "$173", "2008-01-31": "$120", "2007-10-31": "$180", "2007-07-31": "$185", "2007-04-30": "$123", "2007-01-31": "$150", "2006-10-31": "$149", "2006-07-31": "$227", "2006-04-30": "$115", "2006-01-31": "$2,816", "2005-10-31": "$25", "2005-07-31": "$104", "2005-04-30": "$95", "2005-01-31": "$103"}}, "eps-earnings-per-share-diluted": {"Agilent Technologies Annual EPS": {"2020": "$2.30", "2019": "$3.37", "2018": "$0.97", "2017": "$2.10", "2016": "$1.40", "2015": "$1.20", "2014": "$1.62", "2013": "$2.13", "2012": "$3.27", "2011": "$2.85", "2010": "$1.94", "2009": "$-0.09", "2008": "$1.87", "2007": "$1.57", "2006": "$7.50", "2005": "$0.65"}, "Agilent Technologies Quarterly EPS": {"2020-10-31": "$0.71", "2020-07-31": "$0.64", "2020-04-30": "$0.32", "2020-01-31": "$0.63", "2019-10-31": "$0.63", "2019-07-31": "$0.60", "2019-04-30": "$0.57", "2019-01-31": "$1.57", "2018-10-31": "$0.60", "2018-07-31": "$0.73", "2018-04-30": "$0.63", "2018-01-31": "$-0.99", "2017-10-31": "$0.54", "2017-07-31": "$0.54", "2017-04-30": "$0.50", "2017-01-31": "$0.52", "2016-10-31": "$0.38", "2016-07-31": "$0.38", "2016-04-30": "$0.28", "2016-01-31": "$0.36", "2015-10-31": "$0.42", "2015-07-31": "$0.33", "2015-04-30": "$0.26", "2015-01-31": "$0.19", "2014-10-31": "$0.05", "2014-07-31": "$0.43", "2014-04-30": "$0.41", "2014-01-31": "$0.58", "2013-10-31": "$0.63", "2013-07-31": "$0.49", "2013-04-30": "$0.48", "2013-01-31": "$0.51", "2012-10-31": "$1.21", "2012-07-31": "$0.69", "2012-04-30": "$0.72", "2012-01-31": "$0.65", "2011-10-31": "$0.83", "2011-07-31": "$0.92", "2011-04-30": "$0.56", "2011-01-31": "$0.54", "2010-10-31": "$0.83", "2010-07-31": "$0.58", "2010-04-30": "$0.31", "2010-01-31": "$0.22", "2009-10-31": "$0.08", "2009-07-31": "$-0.06", "2009-04-30": "$-0.29", "2009-01-31": "$0.18", "2008-10-31": "$0.64", "2008-07-31": "$0.45", "2008-04-30": "$0.47", "2008-01-31": "$0.31", "2007-10-31": "$0.46", "2007-07-31": "$0.45", "2007-04-30": "$0.30", "2007-01-31": "$0.36", "2006-10-31": "$0.87", "2006-07-31": "$0.54", "2006-04-30": "$0.26", "2006-01-31": "$5.83", "2005-10-31": "$0.05", "2005-07-31": "$0.20", "2005-04-30": "$0.19", "2005-01-31": "$0.21"}}, "shares-outstanding": {"Agilent Technologies Annual Shares Outstanding (Millions of Shares)": {"2020": "312", "2019": "318", "2018": "325", "2017": "326", "2016": "329", "2015": "335", "2014": "338", "2013": "345", "2012": "353", "2011": "355", "2010": "353", "2009": "346", "2008": "371", "2007": "406", "2006": "441", "2005": "500"}, "Agilent Technologies Quarterly Shares Outstanding (Millions of Shares)": {"2020-10-31": "312", "2020-07-31": "312", "2020-04-30": "312", "2020-01-31": "313", "2019-10-31": "318", "2019-07-31": "316", "2019-04-30": "321", "2019-01-31": "322", "2018-10-31": "325", "2018-07-31": "324", "2018-04-30": "326", "2018-01-31": "323", "2017-10-31": "326", "2017-07-31": "326", "2017-04-30": "325", "2017-01-31": "326", "2016-10-31": "329", "2016-07-31": "328", "2016-04-30": "328", "2016-01-31": "332", "2015-10-31": "335", "2015-07-31": "334", "2015-04-30": "337", "2015-01-31": "338", "2014-10-31": "338", "2014-07-31": "338", "2014-04-30": "337", "2014-01-31": "338", "2013-10-31": "336", "2013-07-31": "343", "2013-04-30": "349", "2013-01-31": "352", "2012-10-31": "353", "2012-07-31": "353", "2012-04-30": "354", "2012-01-31": "352", "2011-10-31": "355", "2011-07-31": "357", "2011-04-30": "355", "2011-01-31": "355", "2010-10-31": "353", "2010-07-31": "352", "2010-04-30": "354", "2010-01-31": "354", "2009-10-31": "346", "2009-07-31": "345", "2009-04-30": "344", "2009-01-31": "352", "2008-10-31": "371", "2008-07-31": "372", "2008-04-30": "370", "2008-01-31": "382", "2007-10-31": "406", "2007-07-31": "407", "2007-04-30": "413", "2007-01-31": "418", "2006-10-31": "441", "2006-07-31": "422", "2006-04-30": "442", "2006-01-31": "483", "2005-10-31": "500", "2005-07-31": "499", "2005-04-30": "496", "2005-01-31": "496"}}, "total-assets": {"Agilent Technologies Annual Total Assets (Millions of US $)": {"2020": "$9,627", "2019": "$9,452", "2018": "$8,541", "2017": "$8,426", "2016": "$7,794", "2015": "$7,479", "2014": "$10,815", "2013": "$10,686", "2012": "$10,536", "2011": "$9,057", "2010": "$9,696", "2009": "$7,612", "2008": "$7,007", "2007": "$7,554", "2006": "$7,369", "2005": "$6,751"}, "Agilent Technologies Quarterly Total Assets (Millions of US $)": {"2020-10-31": "$9,627", "2020-07-31": "$9,546", "2020-04-30": "$9,455", "2020-01-31": "$9,501", "2019-10-31": "$9,452", "2019-07-31": "$8,625", "2019-04-30": "$9,022", "2019-01-31": "$8,952", "2018-10-31": "$8,541", "2018-07-31": "$8,349", "2018-04-30": "$8,784", "2018-01-31": "$8,698", "2017-10-31": "$8,426", "2017-07-31": "$8,261", "2017-04-30": "$8,016", "2017-01-31": "$7,872", "2016-10-31": "$7,794", "2016-07-31": "$7,734", "2016-04-30": "$7,640", "2016-01-31": "$7,302", "2015-10-31": "$7,479", "2015-07-31": "$7,251", "2015-04-30": "$7,412", "2015-01-31": "$7,519", "2014-10-31": "$10,815", "2014-07-31": "$10,380", "2014-04-30": "$11,026", "2014-01-31": "$10,638", "2013-10-31": "$10,686", "2013-07-31": "$10,278", "2013-04-30": "$10,587", "2013-01-31": "$10,653", "2012-10-31": "$10,536", "2012-07-31": "$9,757", "2012-04-30": "$9,413", "2012-01-31": "$9,099", "2011-10-31": "$9,057", "2011-07-31": "$8,753", "2011-04-30": "$8,649", "2011-01-31": "$8,044", "2010-10-31": "$9,696", "2010-07-31": "$9,100", "2010-04-30": "$7,767", "2010-01-31": "$7,574", "2009-10-31": "$7,612", "2009-07-31": "$6,573", "2009-04-30": "$6,576", "2009-01-31": "$7,162", "2008-10-31": "$7,007", "2008-07-31": "$7,541", "2008-04-30": "$7,674", "2008-01-31": "$7,459", "2007-10-31": "$7,554", "2007-07-31": "$7,024", "2007-04-30": "$7,283", "2007-01-31": "$7,193", "2006-10-31": "$7,369", "2006-07-31": "$7,729", "2006-04-30": "$8,057", "2006-01-31": "$8,026", "2005-10-31": "$6,751", "2005-07-31": "$7,352", "2005-04-30": "$7,268", "2005-01-31": "$7,150"}}, "cash-on-hand": {"Agilent Technologies Annual Cash on Hand (Millions of US $)": {"2020": "$1,441", "2019": "$1,382", "2018": "$2,247", "2017": "$2,678", "2016": "$2,289", "2015": "$2,245", "2014": "$2,218", "2013": "$2,675", "2012": "$2,351", "2011": "$3,527", "2010": "$4,199", "2009": "$2,493", "2008": "$1,429", "2007": "$1,826", "2006": "$2,262", "2005": "$2,251"}, "Agilent Technologies Quarterly Cash on Hand (Millions of US $)": {"2020-10-31": "$1,441", "2020-07-31": "$1,358", "2020-04-30": "$1,324", "2020-01-31": "$1,226", "2019-10-31": "$1,382", "2019-07-31": "$1,765", "2019-04-30": "$2,155", "2019-01-31": "$2,057", "2018-10-31": "$2,247", "2018-07-31": "$2,131", "2018-04-30": "$3,011", "2018-01-31": "$2,887", "2017-10-31": "$2,678", "2017-07-31": "$2,563", "2017-04-30": "$2,389", "2017-01-31": "$2,241", "2016-10-31": "$2,289", "2016-07-31": "$2,199", "2016-04-30": "$2,139", "2016-01-31": "$1,931", "2015-10-31": "$2,245", "2015-07-31": "$2,075", "2015-04-30": "$2,197", "2015-01-31": "$2,118", "2014-10-31": "$2,218", "2014-07-31": "$2,391", "2014-04-30": "$2,950", "2014-01-31": "$2,742", "2013-10-31": "$2,675", "2013-07-31": "$2,330", "2013-04-30": "$2,519", "2013-01-31": "$2,450", "2012-10-31": "$2,351", "2012-07-31": "$1,923", "2012-04-30": "$3,896", "2012-01-31": "$3,662", "2011-10-31": "$3,527", "2011-07-31": "$3,101", "2011-04-30": "$2,975", "2011-01-31": "$2,655", "2010-10-31": "$4,199", "2010-07-31": "$3,868", "2010-04-30": "$4,209", "2010-01-31": "$4,046", "2009-10-31": "$2,493", "2009-07-31": "$1,499", "2009-04-30": "$1,412", "2009-01-31": "$1,380", "2008-10-31": "$1,429", "2008-07-31": "$3,239", "2008-04-30": "$3,312", "2008-01-31": "$3,148", "2007-10-31": "$1,826", "2007-07-31": "$1,486", "2007-04-30": "$2,050", "2007-01-31": "$2,090", "2006-10-31": "$2,262", "2006-07-31": "$2,249", "2006-04-30": "$2,657", "2006-01-31": "$2,737", "2005-10-31": "$2,251", "2005-07-31": "$2,782", "2005-04-30": "$2,685", "2005-01-31": "$2,483"}}, "long-term-debt": {"Agilent Technologies Annual Long Term Debt (Millions of US $)": {"2020": "$2,284", "2019": "$1,791", "2018": "$1,799", "2017": "$1,801", "2016": "$1,904", "2015": "$1,655", "2014": "$1,663", "2013": "$2,699", "2012": "$2,112", "2011": "$1,932", "2010": "$2,190", "2009": "$2,904", "2008": "$2,125", "2007": "$2,087", "2006": "$1,500", "2005": "$"}, "Agilent Technologies Quarterly Long Term Debt (Millions of US $)": {"2020-10-31": "$2,284", "2020-07-31": "$2,283", "2020-04-30": "$1,788", "2020-01-31": "$1,787", "2019-10-31": "$1,791", "2019-07-31": "$1,294", "2019-04-30": "$1,798", "2019-01-31": "$1,798", "2018-10-31": "$1,799", "2018-07-31": "$1,799", "2018-04-30": "$1,800", "2018-01-31": "$1,800", "2017-10-31": "$1,801", "2017-07-31": "$1,801", "2017-04-30": "$1,802", "2017-01-31": "$1,802", "2016-10-31": "$1,904", "2016-07-31": "$1,652", "2016-04-30": "$1,654", "2016-01-31": "$1,653", "2015-10-31": "$1,655", "2015-07-31": "$1,655", "2015-04-30": "$1,656", "2015-01-31": "$1,658", "2014-10-31": "$1,663", "2014-07-31": "$2,181", "2014-04-30": "$2,693", "2014-01-31": "$2,695", "2013-10-31": "$2,699", "2013-07-31": "$2,701", "2013-04-30": "$2,106", "2013-01-31": "$2,111", "2012-10-31": "$2,112", "2012-07-31": "$1,714", "2012-04-30": "$1,926", "2012-01-31": "$1,929", "2011-10-31": "$1,932", "2011-07-31": "$2,168", "2011-04-30": "$2,144", "2011-01-31": "$2,138", "2010-10-31": "$2,190", "2010-07-31": "$2,177", "2010-04-30": "$1,393", "2010-01-31": "$1,410", "2009-10-31": "$2,904", "2009-07-31": "$2,153", "2009-04-30": "$2,154", "2009-01-31": "$2,154", "2008-10-31": "$2,125", "2008-07-31": "$604", "2008-04-30": "$622", "2008-01-31": "$626", "2007-10-31": "$2,087", "2007-07-31": "$1,500", "2007-04-30": "$1,500", "2007-01-31": "$1,500", "2006-10-31": "$1,500", "2006-07-31": "$1,500", "2006-04-30": "$1,500", "2006-01-31": "$1,500", "2005-10-31": "", "2005-07-31": "$1,150", "2005-04-30": "$1,150", "2005-01-31": "$1,150"}}, "total-liabilities": {"Agilent Technologies Annual Total Liabilities (Millions of US $)": {"2020": "$4,754", "2019": "$4,704", "2018": "$3,970", "2017": "$3,591", "2016": "$3,548", "2015": "$3,309", "2014": "$5,511", "2013": "$5,397", "2012": "$5,351", "2011": "$4,741", "2010": "$6,460", "2009": "$5,098", "2008": "$4,448", "2007": "$4,320", "2006": "$3,721", "2005": "$2,670"}, "Agilent Technologies Quarterly Total Liabilities (Millions of US $)": {"2020-10-31": "$4,754", "2020-07-31": "$4,565", "2020-04-30": "$4,687", "2020-01-31": "$4,653", "2019-10-31": "$4,704", "2019-07-31": "$3,878", "2019-04-30": "$3,897", "2019-01-31": "$3,916", "2018-10-31": "$3,970", "2018-07-31": "$3,781", "2018-04-30": "$4,167", "2018-01-31": "$4,172", "2017-10-31": "$3,591", "2017-07-31": "$3,650", "2017-04-30": "$3,641", "2017-01-31": "$3,572", "2016-10-31": "$3,548", "2016-07-31": "$3,388", "2016-04-30": "$3,475", "2016-01-31": "$3,254", "2015-10-31": "$3,309", "2015-07-31": "$3,145", "2015-04-30": "$3,251", "2015-01-31": "$3,279", "2014-10-31": "$5,511", "2014-07-31": "$4,740", "2014-04-30": "$5,397", "2014-01-31": "$5,191", "2013-10-31": "$5,397", "2013-07-31": "$5,488", "2013-04-30": "$5,279", "2013-01-31": "$5,302", "2012-10-31": "$5,351", "2012-07-31": "$4,884", "2012-04-30": "$4,688", "2012-01-31": "$4,600", "2011-10-31": "$4,741", "2011-07-31": "$4,553", "2011-04-30": "$4,688", "2011-01-31": "$4,705", "2010-10-31": "$6,460", "2010-07-31": "$6,290", "2010-04-30": "$5,135", "2010-01-31": "$4,976", "2009-10-31": "$5,098", "2009-07-31": "$4,084", "2009-04-30": "$4,157", "2009-01-31": "$4,591", "2008-10-31": "$4,448", "2008-07-31": "$4,356", "2008-04-30": "$4,518", "2008-01-31": "$4,286", "2007-10-31": "$4,320", "2007-07-31": "$3,736", "2007-04-30": "$3,728", "2007-01-31": "$3,536", "2006-10-31": "$3,721", "2006-07-31": "$3,937", "2006-04-30": "$3,983", "2006-01-31": "$3,844", "2005-10-31": "$2,670", "2005-07-31": "$3,404", "2005-04-30": "$3,399", "2005-01-31": "$3,382"}}, "total-share-holder-equity": {"Agilent Technologies Annual Share Holder Equity (Millions of US $)": {"2020": "$4,873", "2019": "$4,748", "2018": "$4,571", "2017": "$4,835", "2016": "$4,246", "2015": "$4,170", "2014": "$5,304", "2013": "$5,289", "2012": "$5,185", "2011": "$4,316", "2010": "$3,236", "2009": "$2,514", "2008": "$2,559", "2007": "$3,234", "2006": "$3,648", "2005": "$4,081"}, "Agilent Technologies Quarterly Share Holder Equity (Millions of US $)": {"2020-10-31": "$4,873", "2020-07-31": "$4,981", "2020-04-30": "$4,768", "2020-01-31": "$4,848", "2019-10-31": "$4,748", "2019-07-31": "$4,747", "2019-04-30": "$5,125", "2019-01-31": "$5,036", "2018-10-31": "$4,571", "2018-07-31": "$4,568", "2018-04-30": "$4,617", "2018-01-31": "$4,526", "2017-10-31": "$4,835", "2017-07-31": "$4,611", "2017-04-30": "$4,375", "2017-01-31": "$4,300", "2016-10-31": "$4,246", "2016-07-31": "$4,346", "2016-04-30": "$4,165", "2016-01-31": "$4,048", "2015-10-31": "$4,170", "2015-07-31": "$4,106", "2015-04-30": "$4,161", "2015-01-31": "$4,240", "2014-10-31": "$5,304", "2014-07-31": "$5,640", "2014-04-30": "$5,629", "2014-01-31": "$5,447", "2013-10-31": "$5,289", "2013-07-31": "$4,790", "2013-04-30": "$5,308", "2013-01-31": "$5,351", "2012-10-31": "$5,185", "2012-07-31": "$4,873", "2012-04-30": "$4,725", "2012-01-31": "$4,499", "2011-10-31": "$4,316", "2011-07-31": "$4,200", "2011-04-30": "$3,961", "2011-01-31": "$3,339", "2010-10-31": "$3,236", "2010-07-31": "$2,810", "2010-04-30": "$2,632", "2010-01-31": "$2,598", "2009-10-31": "$2,514", "2009-07-31": "$2,489", "2009-04-30": "$2,419", "2009-01-31": "$2,571", "2008-10-31": "$2,559", "2008-07-31": "$3,185", "2008-04-30": "$3,156", "2008-01-31": "$3,173", "2007-10-31": "$3,234", "2007-07-31": "$3,288", "2007-04-30": "$3,555", "2007-01-31": "$3,657", "2006-10-31": "$3,648", "2006-07-31": "$3,792", "2006-04-30": "$4,074", "2006-01-31": "$4,182", "2005-10-31": "$4,081", "2005-07-31": "$3,948", "2005-04-30": "$3,869", "2005-01-31": "$3,768"}}, "profit-margins": {"current": "13.47%"}, "gross margin": {"2020-10-31": "53.14%", "2020-07-31": "53.34%", "2020-04-30": "53.65%", "2020-01-31": "53.88%", "2019-10-31": "54.33%", "2019-07-31": "54.54%", "2019-04-30": "54.65%", "2019-01-31": "54.48%", "2018-10-31": "54.54%", "2018-07-31": "54.25%", "2018-04-30": "53.94%", "2018-01-31": "54.05%", "2017-10-31": "53.64%", "2017-07-31": "53.48%", "2017-04-30": "53.10%", "2017-01-31": "52.68%", "2016-10-31": "52.28%", "2016-07-31": "51.96%", "2016-04-30": "51.64%", "2016-01-31": "51.11%", "2015-10-31": "50.54%", "2015-07-31": "49.98%", "2015-04-30": "49.80%", "2015-01-31": "49.65%", "2014-10-31": "49.77%", "2014-07-31": "50.92%", "2014-04-30": "51.42%", "2014-01-31": "51.80%", "2013-10-31": "52.12%", "2013-07-31": "51.95%", "2013-04-30": "51.91%", "2013-01-31": "52.30%", "2012-10-31": "52.55%", "2012-07-31": "52.84%", "2012-04-30": "53.12%", "2012-01-31": "53.29%", "2011-10-31": "53.35%", "2011-07-31": "53.26%", "2011-04-30": "53.20%", "2011-01-31": "53.67%", "2010-10-31": "53.82%", "2010-07-31": "54.22%", "2010-04-30": "54.04%", "2010-01-31": "52.19%", "2009-10-31": "51.15%", "2009-07-31": "51.89%", "2009-04-30": "53.11%", "2009-01-31": "54.61%", "2008-10-31": "55.35%", "2008-07-31": "54.99%", "2008-04-30": "54.88%", "2008-01-31": "54.83%", "2007-10-31": "54.78%", "2007-07-31": "54.85%", "2007-04-30": "54.89%", "2007-01-31": "54.01%", "2006-10-31": "53.45%", "2006-07-31": "53.63%", "2006-04-30": "51.64%", "2006-01-31": "51.19%", "2005-10-31": "50.46%"}, "operating margin": {"2020-10-31": "15.85%", "2020-07-31": "15.26%", "2020-04-30": "15.13%", "2020-01-31": "17.30%", "2019-10-31": "18.23%", "2019-07-31": "18.37%", "2019-04-30": "18.55%", "2019-01-31": "18.55%", "2018-10-31": "18.40%", "2018-07-31": "17.86%", "2018-04-30": "17.78%", "2018-01-31": "17.98%", "2017-10-31": "18.05%", "2017-07-31": "18.00%", "2017-04-30": "17.02%", "2017-01-31": "15.70%", "2016-10-31": "14.64%", "2016-07-31": "14.25%", "2016-04-30": "14.31%", "2016-01-31": "13.91%", "2015-10-31": "12.93%", "2015-07-31": "11.23%", "2015-04-30": "10.97%", "2015-01-31": "10.65%", "2014-10-31": "10.87%", "2014-07-31": "13.42%", "2014-04-30": "13.77%", "2014-01-31": "14.04%", "2013-10-31": "14.02%", "2013-07-31": "13.82%", "2013-04-30": "14.17%", "2013-01-31": "15.43%", "2012-10-31": "16.32%", "2012-07-31": "16.92%", "2012-04-30": "17.17%", "2012-01-31": "16.80%", "2011-10-31": "16.19%", "2011-07-31": "14.87%", "2011-04-30": "12.91%", "2011-01-31": "11.88%", "2010-10-31": "10.40%", "2010-07-31": "8.62%", "2010-04-30": "6.75%", "2010-01-31": "2.58%", "2009-10-31": "1.05%", "2009-07-31": "4.75%", "2009-04-30": "8.63%", "2009-01-31": "12.35%", "2008-10-31": "13.77%", "2008-07-31": "12.77%", "2008-04-30": "12.05%", "2008-01-31": "11.26%", "2007-10-31": "10.77%", "2007-07-31": "10.24%", "2007-04-30": "10.78%", "2007-01-31": "10.30%", "2006-10-31": "9.33%", "2006-07-31": "9.05%", "2006-04-30": "5.85%", "2006-01-31": "4.59%", "2005-10-31": "4.61%"}, "ebitda margin": {"2020-10-31": "21.61%", "2020-07-31": "21.16%", "2020-04-30": "20.59%", "2020-01-31": "22.33%", "2019-10-31": "22.84%", "2019-07-31": "22.65%", "2019-04-30": "22.85%", "2019-01-31": "22.82%", "2018-10-31": "22.67%", "2018-07-31": "22.15%", "2018-04-30": "22.10%", "2018-01-31": "22.49%", "2017-10-31": "22.79%", "2017-07-31": "22.92%", "2017-04-30": "22.22%", "2017-01-31": "21.24%", "2016-10-31": "20.49%", "2016-07-31": "20.31%", "2016-04-30": "20.46%", "2016-01-31": "20.12%", "2015-10-31": "19.19%", "2015-07-31": "16.89%", "2015-04-30": "17.22%", "2015-01-31": "17.56%", "2014-10-31": "18.40%", "2014-07-31": "21.43%", "2014-04-30": "20.83%", "2014-01-31": "20.16%", "2013-10-31": "19.51%", "2013-07-31": "19.25%", "2013-04-30": "19.44%", "2013-01-31": "20.25%", "2012-10-31": "20.71%", "2012-07-31": "20.88%", "2012-04-30": "20.83%", "2012-01-31": "20.55%", "2011-10-31": "20.02%", "2011-07-31": "18.85%", "2011-04-30": "17.04%", "2011-01-31": "15.81%", "2010-10-31": "14.11%", "2010-07-31": "12.10%", "2010-04-30": "10.07%", "2010-01-31": "6.12%", "2009-10-31": "4.66%", "2009-07-31": "8.22%", "2009-04-30": "12.14%", "2009-01-31": "15.83%", "2008-10-31": "17.25%", "2008-07-31": "16.34%", "2008-04-30": "15.54%", "2008-01-31": "14.77%", "2007-10-31": "14.30%", "2007-07-31": "13.73%", "2007-04-30": "14.22%", "2007-01-31": "13.78%", "2006-10-31": "12.75%", "2006-07-31": "12.68%", "2006-04-30": "9.61%", "2006-01-31": "8.28%", "2005-10-31": "8.45%"}, "pre tax profit margin": {"2020-10-31": "15.77%", "2020-07-31": "15.13%", "2020-04-30": "15.15%", "2020-01-31": "17.00%", "2019-10-31": "17.80%", "2019-07-31": "18.31%", "2019-04-30": "18.97%", "2019-01-31": "19.27%", "2018-10-31": "19.25%", "2018-07-31": "19.30%", "2018-04-30": "18.62%", "2018-01-31": "18.26%", "2017-10-31": "17.96%", "2017-07-31": "16.57%", "2017-04-30": "15.47%", "2017-01-31": "14.03%", "2016-10-31": "12.95%", "2016-07-31": "12.99%", "2016-04-30": "12.94%", "2016-01-31": "12.60%", "2015-10-31": "11.89%", "2015-07-31": "8.78%", "2015-04-30": "7.89%", "2015-01-31": "7.29%", "2014-10-31": "6.99%", "2014-07-31": "10.69%", "2014-04-30": "11.78%", "2014-01-31": "12.45%", "2013-10-31": "12.67%", "2013-07-31": "12.60%", "2013-04-30": "12.85%", "2013-01-31": "14.23%", "2012-10-31": "15.21%", "2012-07-31": "15.84%", "2012-04-30": "16.55%", "2012-01-31": "16.19%", "2011-10-31": "15.60%", "2011-07-31": "15.19%", "2011-04-30": "15.07%", "2011-01-31": "14.03%", "2010-10-31": "12.71%", "2010-07-31": "10.49%", "2010-04-30": "5.52%", "2010-01-31": "1.39%", "2009-10-31": "0.16%", "2009-07-31": "3.86%", "2009-04-30": "8.51%", "2009-01-31": "12.53%", "2008-10-31": "14.11%", "2008-07-31": "13.23%", "2008-04-30": "12.95%", "2008-01-31": "12.54%", "2007-10-31": "12.36%", "2007-07-31": "12.11%", "2007-04-30": "13.14%", "2007-01-31": "13.11%", "2006-10-31": "12.61%", "2006-07-31": "12.40%", "2006-04-30": "8.76%", "2006-01-31": "6.81%", "2005-10-31": "6.21%"}, "net profit margin": {"2020-10-31": "13.47%", "2020-07-31": "13.23%", "2020-04-30": "13.04%", "2020-01-31": "14.59%", "2019-10-31": "20.74%", "2019-07-31": "21.06%", "2019-04-30": "22.26%", "2019-01-31": "22.86%", "2018-10-31": "6.43%", "2018-07-31": "6.20%", "2018-04-30": "5.02%", "2018-01-31": "4.25%", "2017-10-31": "15.30%", "2017-07-31": "14.41%", "2017-04-30": "13.46%", "2017-01-31": "12.00%", "2016-10-31": "10.99%", "2016-07-31": "11.54%", "2016-04-30": "11.30%", "2016-01-31": "11.36%", "2015-10-31": "9.93%", "2015-07-31": "5.76%", "2015-04-30": "6.52%", "2015-01-31": "7.56%", "2014-10-31": "10.33%", "2014-07-31": "14.65%", "2014-04-30": "13.29%", "2014-01-31": "12.11%", "2013-10-31": "10.68%", "2013-07-31": "13.73%", "2013-04-30": "14.68%", "2013-01-31": "15.96%", "2012-10-31": "16.81%", "2012-07-31": "14.91%", "2012-04-30": "16.27%", "2012-01-31": "15.58%", "2011-10-31": "15.30%", "2011-07-31": "15.70%", "2011-04-30": "14.46%", "2011-01-31": "13.88%", "2010-10-31": "12.56%", "2010-07-31": "8.28%", "2010-04-30": "4.10%", "2010-01-31": "-0.35%", "2009-10-31": "-0.69%", "2009-07-31": "3.65%", "2009-04-30": "7.01%", "2009-01-31": "11.48%", "2008-10-31": "12.00%", "2008-07-31": "11.19%", "2008-04-30": "11.61%", "2008-01-31": "10.99%", "2007-10-31": "11.77%", "2007-07-31": "11.45%", "2007-04-30": "12.56%", "2007-01-31": "12.60%", "2006-10-31": "66.50%", "2006-07-31": "69.23%", "2006-04-30": "66.51%", "2006-01-31": "65.52%", "2005-10-31": "6.98%"}, "pe ratio": {"current": "37.55", "2021-02-05": "53.56", "2020-10-31": "44.31", "2020-07-31": "43.44", "2020-04-30": "35.14", "2020-01-31": "33.85", "2019-10-31": "22.32", "2019-07-31": "20.47", "2019-04-30": "22.24", "2019-01-31": "21.13", "2018-10-31": "64.88", "2018-07-31": "71.07", "2018-04-30": "89.20", "2018-01-31": "121.31", "2017-10-31": "31.51", "2017-07-31": "29.91", "2017-04-30": "29.95", "2017-01-31": "30.32", "2016-10-31": "29.76", "2016-07-31": "31.88", "2016-04-30": "28.42", "2016-01-31": "26.65", "2015-10-31": "30.24", "2015-07-31": "47.45", "2015-04-30": "41.72", "2015-01-31": "32.47", "2014-10-31": "25.64", "2014-07-31": "18.61", "2014-04-30": "17.38", "2014-01-31": "18.06", "2013-10-31": "16.25", "2013-07-31": "11.25", "2013-04-30": "9.67", "2013-01-31": "9.62", "2012-10-31": "7.38", "2012-07-31": "8.86", "2012-04-30": "9.02", "2012-01-31": "9.55", "2011-10-31": "8.66", "2011-07-31": "10.44", "2011-04-30": "14.15", "2011-01-31": "13.28", "2010-10-31": "13.04", "2010-07-31": "15.70", "2010-04-30": "44.55", "2010-01-31": "0.00", "2009-10-31": "0.00", "2009-07-31": "32.78", "2009-04-30": "12.36", "2009-01-31": "6.89", "2008-10-31": "7.87", "2008-07-31": "14.16", "2008-04-30": "11.86", "2008-01-31": "14.78", "2007-10-31": "15.57", "2007-07-31": "17.22", "2007-04-30": "14.62", "2007-01-31": "13.97", "2006-10-31": "3.38"}, "price sales": {"2021-02-05": "7.20", "2020-10-31": "5.96", "2020-07-31": "5.77", "2020-04-30": "4.58", "2020-01-31": "4.96", "2019-10-31": "4.64", "2019-07-31": "4.32", "2019-04-30": "4.98", "2019-01-31": "4.86", "2018-10-31": "4.20", "2018-07-31": "4.37", "2018-04-30": "4.43", "2018-01-31": "5.04", "2017-10-31": "4.82", "2017-07-31": "4.31", "2017-04-30": "4.03", "2017-01-31": "3.66", "2016-10-31": "3.29", "2016-07-31": "3.71", "2016-04-30": "3.18", "2016-01-31": "2.98", "2015-10-31": "2.99", "2015-07-31": "2.73", "2015-04-30": "2.76", "2015-01-31": "2.50", "2014-10-31": "2.65", "2014-07-31": "2.72", "2014-04-30": "2.31", "2014-01-31": "2.20", "2013-10-31": "1.74", "2013-07-31": "1.54", "2013-04-30": "1.42", "2013-01-31": "1.53", "2012-10-31": "1.24", "2012-07-31": "1.32", "2012-04-30": "1.47", "2012-01-31": "1.49", "2011-10-31": "1.32", "2011-07-31": "1.54", "2011-04-30": "1.90", "2011-01-31": "1.71", "2010-10-31": "1.50", "2010-07-31": "1.29", "2010-04-30": "1.79", "2010-01-31": "1.43", "2009-10-31": "1.27", "2009-07-31": "1.14", "2009-04-30": "0.84", "2009-01-31": "0.79", "2008-10-31": "0.95", "2008-07-31": "1.59", "2008-04-30": "1.38", "2008-01-31": "1.63", "2007-10-31": "1.85", "2007-07-31": "2.00", "2007-04-30": "1.87", "2007-01-31": "1.80", "2006-10-31": "2.12"}, "price book": {"current": "7.79", "2021-02-05": "7.74", "2020-10-31": "6.40", "2020-07-31": "5.96", "2020-04-30": "4.93", "2020-01-31": "5.24", "2019-10-31": "4.88", "2019-07-31": "4.48", "2019-04-30": "4.79", "2019-01-31": "4.72", "2018-10-31": "4.42", "2018-07-31": "4.52", "2018-04-30": "4.48", "2018-01-31": "4.52", "2017-10-31": "4.41", "2017-07-31": "4.05", "2017-04-30": "3.91", "2017-01-31": "3.54", "2016-10-31": "3.20", "2016-07-31": "3.45", "2016-04-30": "3.06", "2016-01-31": "2.92", "2015-10-31": "2.87", "2015-07-31": "3.15", "2015-04-30": "3.14", "2015-01-31": "2.83", "2014-10-31": "2.38", "2014-07-31": "2.25", "2014-04-30": "2.17", "2014-01-31": "2.41", "2013-10-31": "2.16", "2013-07-31": "2.08", "2013-04-30": "1.81", "2013-01-31": "1.95", "2012-10-31": "1.61", "2012-07-31": "1.83", "2012-04-30": "2.07", "2012-01-31": "2.18", "2011-10-31": "1.98", "2011-07-31": "2.31", "2011-04-30": "2.91", "2011-01-31": "2.87", "2010-10-31": "2.47", "2010-07-31": "2.28", "2010-04-30": "3.18", "2010-01-31": "2.49", "2009-10-31": "2.26", "2009-07-31": "2.14", "2009-04-30": "1.72", "2009-01-31": "1.61", "2008-10-31": "2.01", "2008-07-31": "2.68", "2008-04-30": "2.29", "2008-01-31": "2.61", "2007-10-31": "2.80", "2007-07-31": "2.98", "2007-04-30": "2.54", "2007-01-31": "2.35", "2006-10-31": "2.64", "2006-07-31": "2.04", "2006-04-30": "2.67", "2006-01-31": "2.31"}, "price fcf": {"2021-02-05": "", "2020-10-31": "$2.57", "2020-07-31": "$2.33", "2020-04-30": "$2.12", "2020-01-31": "$1.89", "2019-10-31": "$2.72", "2019-07-31": "$2.87", "2019-04-30": "$2.75", "2019-01-31": "$2.86", "2018-10-31": "$2.80", "2018-07-31": "$2.48", "2018-04-30": "$2.53", "2018-01-31": "$2.41", "2017-10-31": "$2.19", "2017-07-31": "$2.03", "2017-04-30": "$1.98", "2017-01-31": "$2.03", "2016-10-31": "$1.99", "2016-07-31": "$2.08", "2016-04-30": "$1.83", "2016-01-31": "$1.65", "2015-10-31": "$1.27", "2015-07-31": "$1.05", "2015-04-30": "$0.70", "2015-01-31": "$1.00", "2014-10-31": "$1.60", "2014-07-31": "$2.24", "2014-04-30": "$2.81", "2014-01-31": "$2.76", "2013-10-31": "$2.85", "2013-07-31": "$2.99", "2013-04-30": "$3.04", "2013-01-31": "$3.17", "2012-10-31": "$2.93", "2012-07-31": "$3.04", "2012-04-30": "$3.10", "2012-01-31": "$3.13", "2011-10-31": "$3.07", "2011-07-31": "$2.72", "2011-04-30": "$2.29", "2011-01-31": "$1.93", "2010-10-31": "$1.71", "2010-07-31": "$1.28", "2010-04-30": "$1.13", "2010-01-31": "$0.87", "2009-10-31": "$0.81", "2009-07-31": "$0.86", "2009-04-30": "$1.18", "2009-01-31": "$1.65", "2008-10-31": "$1.66", "2008-07-31": "$1.97", "2008-04-30": "$1.99", "2008-01-31": "$1.86", "2007-10-31": "$2.04", "2007-07-31": "$1.92", "2007-04-30": "$1.87", "2007-01-31": "$1.98", "2006-10-31": "$1.49"}, "net worth": {"value": "$37.8B"}, "current ratio": {"current": "2.33", "2020-10-31": "2.33", "2020-07-31": "2.47", "2020-04-30": "1.63", "2020-01-31": "1.64", "2019-10-31": "1.53", "2019-07-31": "2.13", "2019-04-30": "3.41", "2019-01-31": "3.39", "2018-10-31": "3.29", "2018-07-31": "3.62", "2018-04-30": "3.32", "2018-01-31": "3.23", "2017-10-31": "3.30", "2017-07-31": "3.22", "2017-04-30": "3.20", "2017-01-31": "3.34", "2016-10-31": "3.85", "2016-07-31": "3.07", "2016-04-30": "3.08", "2016-01-31": "3.59", "2015-10-31": "3.78", "2015-07-31": "4.08", "2015-04-30": "3.89", "2015-01-31": "3.94", "2014-10-31": "3.26", "2014-07-31": "3.06", "2014-04-30": "3.13", "2014-01-31": "3.28", "2013-10-31": "3.11", "2013-07-31": "2.96", "2013-04-30": "2.53", "2013-01-31": "2.55", "2012-10-31": "2.45", "2012-07-31": "2.02", "2012-04-30": "3.28", "2012-01-31": "3.35", "2011-10-31": "3.03", "2011-07-31": "3.47", "2011-04-30": "3.20", "2011-01-31": "3.27", "2010-10-31": "2.00", "2010-07-31": "1.97", "2010-04-30": "2.11", "2010-01-31": "2.17", "2009-10-31": "3.53", "2009-07-31": "2.92", "2009-04-30": "2.62", "2009-01-31": "2.66", "2008-10-31": "2.39", "2008-07-31": "1.75", "2008-04-30": "1.70", "2008-01-31": "1.90", "2007-10-31": "2.21", "2007-07-31": "2.17", "2007-04-30": "2.44", "2007-01-31": "2.73", "2006-10-31": "2.57", "2006-07-31": "2.51", "2006-04-30": "2.57", "2006-01-31": "2.83", "2005-10-31": "2.30", "2005-07-31": "2.78", "2005-04-30": "2.73", "2005-01-31": "2.63"}, "quick ratio": {"2020-10-31": "1.84", "2020-07-31": "1.90", "2020-04-30": "1.25", "2020-01-31": "1.27", "2019-10-31": "1.21", "2019-07-31": "1.72", "2019-04-30": "2.82", "2019-01-31": "2.79", "2018-10-31": "2.74", "2018-07-31": "3.00", "2018-04-30": "2.88", "2018-01-31": "2.78", "2017-10-31": "2.85", "2017-07-31": "2.76", "2017-04-30": "2.74", "2017-01-31": "2.83", "2016-10-31": "3.28", "2016-07-31": "2.60", "2016-04-30": "2.59", "2016-01-31": "3.00", "2015-10-31": "3.22", "2015-07-31": "3.44", "2015-04-30": "3.30", "2015-01-31": "3.33", "2014-10-31": "2.92", "2014-07-31": "2.37", "2014-04-30": "2.49", "2014-01-31": "2.57", "2013-10-31": "2.45", "2013-07-31": "2.28", "2013-04-30": "1.98", "2013-01-31": "1.99", "2012-10-31": "1.91", "2012-07-31": "1.52", "2012-04-30": "2.76", "2012-01-31": "2.80", "2011-10-31": "2.54", "2011-07-31": "2.87", "2011-04-30": "2.67", "2011-01-31": "2.70", "2010-10-31": "1.77", "2010-07-31": "1.73", "2010-04-30": "1.91", "2010-01-31": "1.95", "2009-10-31": "3.04", "2009-07-31": "2.35", "2009-04-30": "2.07", "2009-01-31": "2.08", "2008-10-31": "1.91", "2008-07-31": "1.52", "2008-04-30": "1.48", "2008-01-31": "1.64", "2007-10-31": "1.82", "2007-07-31": "1.73", "2007-04-30": "2.02", "2007-01-31": "2.26", "2006-10-31": "2.17", "2006-07-31": "2.09", "2006-04-30": "2.17", "2006-01-31": "2.37", "2005-10-31": "1.98", "2005-07-31": "2.25", "2005-04-30": "2.18", "2005-01-31": "2.04"}, "debt equity ratio": {"current": "0.47", "2020-10-31": "0.98", "2020-07-31": "0.92", "2020-04-30": "0.98", "2020-01-31": "0.96", "2019-10-31": "0.99", "2019-07-31": "0.82", "2019-04-30": "0.76", "2019-01-31": "0.78", "2018-10-31": "0.87", "2018-07-31": "0.83", "2018-04-30": "0.90", "2018-01-31": "0.92", "2017-10-31": "0.74", "2017-07-31": "0.79", "2017-04-30": "0.83", "2017-01-31": "0.83", "2016-10-31": "0.84", "2016-07-31": "0.78", "2016-04-30": "0.83", "2016-01-31": "0.80", "2015-10-31": "0.79", "2015-07-31": "0.77", "2015-04-30": "0.78", "2015-01-31": "0.77", "2014-10-31": "1.04", "2014-07-31": "0.84", "2014-04-30": "0.96", "2014-01-31": "0.95", "2013-10-31": "1.02", "2013-07-31": "1.15", "2013-04-30": "1.00", "2013-01-31": "0.99", "2012-10-31": "1.03", "2012-07-31": "1.00", "2012-04-30": "0.99", "2012-01-31": "1.02", "2011-10-31": "1.10", "2011-07-31": "1.08", "2011-04-30": "1.18", "2011-01-31": "1.41", "2010-10-31": "2.00", "2010-07-31": "2.24", "2010-04-30": "1.95", "2010-01-31": "1.92", "2009-10-31": "2.03", "2009-07-31": "1.64", "2009-04-30": "1.72", "2009-01-31": "1.79", "2008-10-31": "1.74", "2008-07-31": "1.37", "2008-04-30": "1.43", "2008-01-31": "1.35", "2007-10-31": "1.34", "2007-07-31": "1.14", "2007-04-30": "1.05", "2007-01-31": "0.97", "2006-10-31": "1.02", "2006-07-31": "1.04", "2006-04-30": "0.98", "2006-01-31": "0.92", "2005-10-31": "0.65", "2005-07-31": "0.86", "2005-04-30": "0.88", "2005-01-31": "0.90"}, "return on equity": {"2020-10-31": "14.77%", "2020-07-31": "14.29%", "2020-04-30": "14.30%", "2020-01-31": "15.70%", "2019-10-31": "21.79%", "2019-07-31": "22.01%", "2019-04-30": "23.15%", "2019-01-31": "24.27%", "2018-10-31": "6.91%", "2018-07-31": "6.43%", "2018-04-30": "5.10%", "2018-01-31": "4.27%", "2017-10-31": "15.10%", "2017-07-31": "14.44%", "2017-04-30": "13.48%", "2017-01-31": "11.94%", "2016-10-31": "11.00%", "2016-07-31": "11.38%", "2016-04-30": "11.23%", "2016-01-31": "11.14%", "2015-10-31": "9.62%", "2015-07-31": "6.22%", "2015-04-30": "6.47%", "2015-01-31": "7.01%", "2014-10-31": "9.03%", "2014-07-31": "12.58%", "2014-04-30": "13.48%", "2014-01-31": "14.21%", "2013-10-31": "13.96%", "2013-07-31": "18.18%", "2013-04-30": "19.56%", "2013-01-31": "21.89%", "2012-10-31": "23.92%", "2012-07-31": "22.09%", "2012-04-30": "24.89%", "2012-01-31": "24.72%", "2011-10-31": "25.59%", "2011-07-31": "27.55%", "2011-04-30": "26.67%", "2011-01-31": "26.56%", "2010-10-31": "24.26%", "2010-07-31": "15.80%", "2010-04-30": "7.54%", "2010-01-31": "-0.64%", "2009-10-31": "-1.24%", "2009-07-31": "6.97%", "2009-04-30": "13.53%", "2009-01-31": "22.21%", "2008-10-31": "22.96%", "2008-07-31": "20.14%", "2008-04-30": "20.48%", "2008-01-31": "18.35%", "2007-10-31": "18.58%", "2007-07-31": "17.16%", "2007-04-30": "17.72%", "2007-01-31": "16.90%", "2006-10-31": "84.28%", "2006-07-31": "78.94%", "2006-04-30": "75.16%", "2006-01-31": "75.62%", "2005-10-31": "8.35%"}, "return on assets": {"2020-10-31": "7.54%", "2020-07-31": "7.28%", "2020-04-30": "7.38%", "2020-01-31": "8.35%", "2019-10-31": "11.88%", "2019-07-31": "12.20%", "2019-04-30": "12.82%", "2019-01-31": "13.17%", "2018-10-31": "3.68%", "2018-07-31": "3.48%", "2018-04-30": "2.77%", "2018-01-31": "2.35%", "2017-10-31": "8.40%", "2017-07-31": "7.93%", "2017-04-30": "7.41%", "2017-01-31": "6.56%", "2016-10-31": "6.06%", "2016-07-31": "6.31%", "2016-04-30": "6.24%", "2016-01-31": "6.24%", "2015-10-31": "5.41%", "2015-07-31": "3.36%", "2015-04-30": "3.47%", "2015-01-31": "3.67%", "2014-10-31": "4.64%", "2014-07-31": "6.48%", "2014-04-30": "6.69%", "2014-01-31": "7.02%", "2013-10-31": "6.86%", "2013-07-31": "8.92%", "2013-04-30": "9.76%", "2013-01-31": "10.92%", "2012-10-31": "11.89%", "2012-07-31": "10.90%", "2012-04-30": "12.16%", "2012-01-31": "11.80%", "2011-10-31": "11.73%", "2011-07-31": "11.55%", "2011-04-30": "10.03%", "2011-01-31": "9.22%", "2010-10-31": "8.01%", "2010-07-31": "5.20%", "2010-04-30": "2.61%", "2010-01-31": "-0.23%", "2009-10-31": "-0.44%", "2009-07-31": "2.56%", "2009-04-30": "5.13%", "2009-01-31": "8.67%", "2008-10-31": "9.34%", "2008-07-31": "8.50%", "2008-04-30": "8.86%", "2008-01-31": "8.29%", "2007-10-31": "8.78%", "2007-07-31": "8.41%", "2007-04-30": "8.78%", "2007-01-31": "8.45%", "2006-10-31": "42.42%", "2006-07-31": "41.66%", "2006-04-30": "40.55%", "2006-01-31": "41.36%", "2005-10-31": "4.59%"}, "return on investments": {"2020-10-31": "12.26%", "2020-07-31": "11.81%", "2020-04-30": "12.29%", "2020-01-31": "13.86%", "2019-10-31": "14.29%", "2019-07-31": "14.29%", "2019-04-30": "14.06%", "2019-01-31": "14.24%", "2018-10-31": "14.19%", "2018-07-31": "13.35%", "2018-04-30": "13.01%", "2018-01-31": "12.99%", "2017-10-31": "12.75%", "2017-07-31": "12.74%", "2017-04-30": "12.05%", "2017-01-31": "11.07%", "2016-10-31": "10.39%", "2016-07-31": "10.08%", "2016-04-30": "10.14%", "2016-01-31": "9.73%", "2015-10-31": "8.96%", "2015-07-31": "8.84%", "2015-04-30": "7.95%", "2015-01-31": "7.09%", "2014-10-31": "6.69%", "2014-07-31": "7.86%", "2014-04-30": "9.25%", "2014-01-31": "11.06%", "2013-10-31": "12.53%", "2013-07-31": "12.73%", "2013-04-30": "13.60%", "2013-01-31": "15.22%", "2012-10-31": "16.60%", "2012-07-31": "17.81%", "2012-04-30": "18.14%", "2012-01-31": "17.99%", "2011-10-31": "17.70%", "2011-07-31": "16.44%", "2011-04-30": "14.46%", "2011-01-31": "13.72%", "2010-10-31": "12.27%", "2010-07-31": "9.42%", "2010-04-30": "7.03%", "2010-01-31": "2.51%", "2009-10-31": "0.97%", "2009-07-31": "4.90%", "2009-04-30": "10.06%", "2009-01-31": "16.14%", "2008-10-31": "19.81%", "2008-07-31": "17.57%", "2008-04-30": "15.45%", "2008-01-31": "13.14%", "2007-10-31": "11.50%", "2007-07-31": "10.78%", "2007-04-30": "10.79%", "2007-01-31": "9.90%", "2006-10-31": "8.55%", "2006-07-31": "10.06%", "2006-04-30": "6.58%", "2006-01-31": "5.39%", "2005-10-31": "5.75%"}, "return on tangible equity": {"2020-10-31": "204.84%", "2020-07-31": "273.12%", "2020-04-30": "166.38%", "2020-01-31": "107.15%", "2019-10-31": "107.40%", "2019-07-31": "84.94%", "2019-04-30": "88.67%", "2019-01-31": "86.87%", "2018-10-31": "23.13%", "2018-07-31": "19.15%", "2018-04-30": "14.09%", "2018-01-31": "12.10%", "2017-10-31": "43.77%", "2017-07-31": "44.44%", "2017-04-30": "42.70%", "2017-01-31": "39.63%", "2016-10-31": "37.96%", "2016-07-31": "38.75%", "2016-04-30": "38.66%", "2016-01-31": "36.90%", "2015-10-31": "30.56%", "2015-07-31": "18.35%", "2015-04-30": "18.82%", "2015-01-31": "20.61%", "2014-10-31": "27.14%", "2014-07-31": "42.56%", "2014-04-30": "52.01%", "2014-01-31": "58.57%", "2013-10-31": "61.70%", "2013-07-31": "84.47%", "2013-04-30": "91.47%", "2013-01-31": "75.26%", "2012-10-31": "64.66%", "2012-07-31": "48.55%", "2012-04-30": "45.53%", "2012-01-31": "47.26%", "2011-10-31": "51.80%", "2011-07-31": "59.87%", "2011-04-30": "64.48%", "2011-01-31": "58.35%", "2010-10-31": "46.86%", "2010-07-31": "26.71%", "2010-04-30": "11.00%", "2010-01-31": "-0.95%", "2009-10-31": "-1.87%", "2009-07-31": "10.55%", "2009-04-30": "19.98%", "2009-01-31": "31.95%", "2008-10-31": "32.20%", "2008-07-31": "27.26%", "2008-04-30": "27.20%", "2008-01-31": "23.33%", "2007-10-31": "22.72%", "2007-07-31": "20.38%", "2007-04-30": "20.49%", "2007-01-31": "19.39%", "2006-10-31": "95.23%", "2006-07-31": "88.13%", "2006-04-30": "83.70%", "2006-01-31": "84.20%", "2005-10-31": "9.38%"}, "dividend yield history": {"last payout": "$0.78", "last yield": "0.63%"}}