{"ticker": "AGIO", "price": {"title": "Agios Pharmaceuticals Historical Annual Stock Price Data", "value": 52.84, "historical": {"2020": {"Average Stock Price": "43.9437", "Year Open": "47.5200", "Year High": "55.9300", "Year Low": "31.5200", "Year Close": "43.3300", "Annual % Change": "-9.26%"}, "2019": {"Average Stock Price": "47.5725", "Year Open": "47.2500", "Year High": "68.1000", "Year Low": "30.0800", "Year Close": "47.7500", "Annual % Change": "3.56%"}, "2018": {"Average Stock Price": "76.7035", "Year Open": "59.8300", "Year High": "99.5500", "Year Low": "42.7300", "Year Close": "46.1100", "Annual % Change": "-19.35%"}, "2017": {"Average Stock Price": "55.5417", "Year Open": "43.2200", "Year High": "72.3300", "Year Low": "40.5100", "Year Close": "57.1700", "Annual % Change": "37.00%"}, "2016": {"Average Stock Price": "47.0693", "Year Open": "63.6400", "Year High": "67.2500", "Year Low": "35.7600", "Year Close": "41.7300", "Annual % Change": "-35.72%"}, "2015": {"Average Stock Price": "95.5307", "Year Open": "109.7600", "Year High": "135.0100", "Year Low": "48.6300", "Year Close": "64.9200", "Annual % Change": "-42.06%"}, "2014": {"Average Stock Price": "51.9120", "Year Open": "24.0200", "Year High": "120.7800", "Year Low": "22.5100", "Year Close": "112.0400", "Annual % Change": "367.81%"}, "2013": {"Average Stock Price": "24.8540", "Year Open": "31.2800", "Year High": "33.1800", "Year Low": "16.0600", "Year Close": "23.9500", "Annual % Change": "0.00%"}}}, "market cap": {"value": "$3.66B"}, "income statement": {"Revenue": {"2019-12-31": "117.91200", "2018-12-31": "94.38700", "2017-12-31": "43.01100", "2016-12-31": "69.89200", "2015-12-31": "59.11900", "2014-12-31": "65.35800", "2013-12-31": "25.54800", "2012-12-31": "25.10600", "2011-12-31": "21.83700"}, "Cost Of Goods Sold": {"2019-12-31": "1.31700", "2018-12-31": "1.39700", "2017-12-31": "", "2016-12-31": "", "2015-12-31": "", "2014-12-31": "", "2013-12-31": "", "2012-12-31": "", "2011-12-31": ""}, "Gross Profit": {"2019-12-31": "116.59500", "2018-12-31": "92.99000", "2017-12-31": "43.01100", "2016-12-31": "69.89200", "2015-12-31": "59.11900", "2014-12-31": "65.35800", "2013-12-31": "25.54800", "2012-12-31": "25.10600", "2011-12-31": "21.83700"}, "Research And Development Expenses": {"2019-12-31": "410.89400", "2018-12-31": "341.32400", "2017-12-31": "292.68100", "2016-12-31": "220.16300", "2015-12-31": "141.82700", "2014-12-31": "100.37100", "2013-12-31": "54.50200", "2012-12-31": "41.03700", "2011-12-31": "31.25300"}, "SG&A Expenses": {"2019-12-31": "132.03400", "2018-12-31": "114.14500", "2017-12-31": "71.12400", "2016-12-31": "50.71400", "2015-12-31": "35.99200", "2014-12-31": "19.12000", "2013-12-31": "9.92900", "2012-12-31": "7.06400", "2011-12-31": "7.21500"}, "Other Operating Income Or Expenses": {"2019-12-31": "", "2018-12-31": "", "2017-12-31": "", "2016-12-31": "", "2015-12-31": "", "2014-12-31": "", "2013-12-31": "", "2012-12-31": "", "2011-12-31": ""}, "Operating Expenses": {"2019-12-31": "544.24500", "2018-12-31": "456.86600", "2017-12-31": "363.80500", "2016-12-31": "270.87700", "2015-12-31": "177.81900", "2014-12-31": "119.49100", "2013-12-31": "64.43100", "2012-12-31": "48.10100", "2011-12-31": "38.46800"}, "Operating Income": {"2019-12-31": "-426.33300", "2018-12-31": "-362.47900", "2017-12-31": "-320.79400", "2016-12-31": "-200.98500", "2015-12-31": "-118.70000", "2014-12-31": "-54.13300", "2013-12-31": "-38.88300", "2012-12-31": "-22.99500", "2011-12-31": "-16.63100"}, "Total Non-Operating Income/Expense": {"2019-12-31": "14.86100", "2018-12-31": "16.45100", "2017-12-31": "6.12400", "2016-12-31": "2.51400", "2015-12-31": "0.96800", "2014-12-31": "0.20300", "2013-12-31": "0.05500", "2012-12-31": "0.06900", "2011-12-31": "0.13200"}, "Pre-Tax Income": {"2019-12-31": "-411.47200", "2018-12-31": "-346.02800", "2017-12-31": "-314.67000", "2016-12-31": "-198.47100", "2015-12-31": "-117.73200", "2014-12-31": "-53.93000", "2013-12-31": "-38.82800", "2012-12-31": "-22.92600", "2011-12-31": "-16.49900"}, "Income Taxes": {"2019-12-31": "", "2018-12-31": "", "2017-12-31": "", "2016-12-31": "", "2015-12-31": "", "2014-12-31": "-0.42600", "2013-12-31": "0.57900", "2012-12-31": "-2.82400", "2011-12-31": "7.20700"}, "Income After Taxes": {"2019-12-31": "-411.47200", "2018-12-31": "-346.02800", "2017-12-31": "-314.67000", "2016-12-31": "-198.47100", "2015-12-31": "-117.73200", "2014-12-31": "-53.50400", "2013-12-31": "-39.40700", "2012-12-31": "-20.10200", "2011-12-31": "-23.70600"}, "Other Income": {"2019-12-31": "", "2018-12-31": "", "2017-12-31": "", "2016-12-31": "", "2015-12-31": "", "2014-12-31": "", "2013-12-31": "", "2012-12-31": "", "2011-12-31": ""}, "Income From Continuous Operations": {"2019-12-31": "-411.47200", "2018-12-31": "-346.02800", "2017-12-31": "-314.67000", "2016-12-31": "-198.47100", "2015-12-31": "-117.73200", "2014-12-31": "-53.50400", "2013-12-31": "-39.40700", "2012-12-31": "-20.10200", "2011-12-31": "-23.70600"}, "Income From Discontinued Operations": {"2019-12-31": "", "2018-12-31": "", "2017-12-31": "", "2016-12-31": "", "2015-12-31": "", "2014-12-31": "", "2013-12-31": "", "2012-12-31": "", "2011-12-31": ""}, "Net Income": {"2019-12-31": "-411.47200", "2018-12-31": "-346.02800", "2017-12-31": "-314.67000", "2016-12-31": "-198.47100", "2015-12-31": "-117.73200", "2014-12-31": "-53.50400", "2013-12-31": "-43.56900", "2012-12-31": "-27.29200", "2011-12-31": "-26.80600"}, "EBITDA": {"2019-12-31": "-421.44100", "2018-12-31": "-359.14400", "2017-12-31": "-314.37300", "2016-12-31": "-194.50400", "2015-12-31": "-114.81900", "2014-12-31": "-52.22800", "2013-12-31": "-37.15900", "2012-12-31": "-21.52900", "2011-12-31": "-15.43900"}, "EBIT": {"2019-12-31": "-426.33300", "2018-12-31": "-362.47900", "2017-12-31": "-320.79400", "2016-12-31": "-200.98500", "2015-12-31": "-118.70000", "2014-12-31": "-54.13300", "2013-12-31": "-38.88300", "2012-12-31": "-22.99500", "2011-12-31": "-16.63100"}, "Basic Shares Outstanding": {"2019-12-31": "59.99450", "2018-12-31": "57.41830", "2017-12-31": "46.58760", "2016-12-31": "39.12640", "2015-12-31": "37.42930", "2014-12-31": "33.66700", "2013-12-31": "15.41500", "2012-12-31": "3.40200", "2011-12-31": "3.01300"}, "Shares Outstanding": {"2019-12-31": "59.99450", "2018-12-31": "57.41830", "2017-12-31": "46.58760", "2016-12-31": "39.12640", "2015-12-31": "37.42930", "2014-12-31": "33.66700", "2013-12-31": "15.41500", "2012-12-31": "3.40200", "2011-12-31": "3.01300"}, "Basic EPS": {"2019-12-31": "-6.86000", "2018-12-31": "-6.03000", "2017-12-31": "-6.75000", "2016-12-31": "-5.07000", "2015-12-31": "-3.15000", "2014-12-31": "-1.59000", "2013-12-31": "-2.83000", "2012-12-31": "-8.02000", "2011-12-31": "-8.90000"}, "EPS - Earnings Per Share": {"2019-12-31": "-6.86000", "2018-12-31": "-6.03000", "2017-12-31": "-6.75000", "2016-12-31": "-5.07000", "2015-12-31": "-3.15000", "2014-12-31": "-1.59000", "2013-12-31": "-2.83000", "2012-12-31": "-8.02000", "2011-12-31": "-8.90000"}}, "income statement, quarterly": {"Revenue": {"2020-09-30": "34.70600", "2020-06-30": "37.34700", "2020-03-31": "87.09800", "2019-12-31": "35.44000", "2019-09-30": "26.02400", "2019-06-30": "26.22100", "2019-03-31": "30.22700", "2018-12-31": "30.01300", "2018-09-30": "15.19800", "2018-06-30": "40.41400", "2018-03-31": "8.76200", "2017-12-31": "9.79900", "2017-09-30": "11.35800", "2017-06-30": "11.34600", "2017-03-31": "10.50800", "2016-12-31": "22.64800", "2016-09-30": "8.98500", "2016-06-30": "6.97800", "2016-03-31": "31.28100", "2015-12-31": "6.21800", "2015-09-30": "5.48000", "2015-06-30": "13.21900", "2015-03-31": "34.20200", "2014-12-31": "14.63600", "2014-09-30": "33.90000", "2014-06-30": "8.41100", "2014-03-31": "8.41100", "2013-12-31": "6.74400", "2013-09-30": "6.26800", "2013-06-30": "6.26800", "2013-03-31": "6.26800", "2012-12-31": "", "2012-09-30": "6.26800", "2012-06-30": "6.28800", "2011-12-31": ""}, "Cost Of Goods Sold": {"2020-09-30": "0.63800", "2020-06-30": "0.67500", "2020-03-31": "0.53300", "2019-12-31": "0.28700", "2019-09-30": "0.39300", "2019-06-30": "0.30300", "2019-03-31": "0.33400", "2018-12-31": "0.70200", "2018-09-30": "0.69500", "2018-06-30": "", "2018-03-31": "", "2017-12-31": "", "2017-09-30": "", "2017-06-30": "", "2017-03-31": "", "2016-12-31": "", "2016-09-30": "", "2016-06-30": "", "2016-03-31": "", "2015-12-31": "", "2015-09-30": "", "2015-06-30": "", "2015-03-31": "", "2014-12-31": "", "2014-09-30": "", "2014-06-30": "", "2014-03-31": "", "2013-12-31": "", "2013-09-30": "", "2013-06-30": "", "2013-03-31": "", "2012-12-31": "", "2012-09-30": "", "2012-06-30": "", "2011-12-31": ""}, "Gross Profit": {"2020-09-30": "34.06800", "2020-06-30": "36.67200", "2020-03-31": "86.56500", "2019-12-31": "35.15300", "2019-09-30": "25.63100", "2019-06-30": "25.91800", "2019-03-31": "29.89300", "2018-12-31": "29.31100", "2018-09-30": "14.50300", "2018-06-30": "40.41400", "2018-03-31": "8.76200", "2017-12-31": "9.79900", "2017-09-30": "11.35800", "2017-06-30": "11.34600", "2017-03-31": "10.50800", "2016-12-31": "22.64800", "2016-09-30": "8.98500", "2016-06-30": "6.97800", "2016-03-31": "31.28100", "2015-12-31": "6.21800", "2015-09-30": "5.48000", "2015-06-30": "13.21900", "2015-03-31": "34.20200", "2014-12-31": "14.63600", "2014-09-30": "33.90000", "2014-06-30": "8.41100", "2014-03-31": "8.41100", "2013-12-31": "6.74400", "2013-09-30": "6.26800", "2013-06-30": "6.26800", "2013-03-31": "6.26800", "2012-12-31": "", "2012-09-30": "6.26800", "2012-06-30": "6.28800", "2011-12-31": ""}, "Research And Development Expenses": {"2020-09-30": "89.55500", "2020-06-30": "90.91700", "2020-03-31": "91.25600", "2019-12-31": "106.24800", "2019-09-30": "101.67200", "2019-06-30": "107.38900", "2019-03-31": "95.58500", "2018-12-31": "93.80900", "2018-09-30": "82.56100", "2018-06-30": "86.73000", "2018-03-31": "78.22400", "2017-12-31": "77.21600", "2017-09-30": "72.91700", "2017-06-30": "79.81600", "2017-03-31": "62.73200", "2016-12-31": "64.67800", "2016-09-30": "60.64300", "2016-06-30": "50.80400", "2016-03-31": "44.03800", "2015-12-31": "36.93300", "2015-09-30": "36.02800", "2015-06-30": "36.42300", "2015-03-31": "32.44300", "2014-12-31": "34.86200", "2014-09-30": "25.52600", "2014-06-30": "22.57600", "2014-03-31": "17.40700", "2013-12-31": "15.27900", "2013-09-30": "14.80300", "2013-06-30": "12.95800", "2013-03-31": "11.46200", "2012-12-31": "", "2012-09-30": "9.79800", "2012-06-30": "10.46300", "2011-12-31": ""}, "SG&A Expenses": {"2020-09-30": "34.84000", "2020-06-30": "35.95100", "2020-03-31": "38.50100", "2019-12-31": "34.83400", "2019-09-30": "33.01900", "2019-06-30": "32.39000", "2019-03-31": "31.79100", "2018-12-31": "31.85800", "2018-09-30": "31.10400", "2018-06-30": "26.63300", "2018-03-31": "24.55000", "2017-12-31": "22.71300", "2017-09-30": "17.45800", "2017-06-30": "16.13000", "2017-03-31": "14.82300", "2016-12-31": "15.37900", "2016-09-30": "11.85400", "2016-06-30": "12.64400", "2016-03-31": "10.83700", "2015-12-31": "10.18200", "2015-09-30": "9.92700", "2015-06-30": "8.92900", "2015-03-31": "6.95400", "2014-12-31": "6.50100", "2014-09-30": "5.16600", "2014-06-30": "4.16500", "2014-03-31": "3.28800", "2013-12-31": "3.70700", "2013-09-30": "2.53400", "2013-06-30": "1.83600", "2013-03-31": "1.85200", "2012-12-31": "", "2012-09-30": "1.58000", "2012-06-30": "1.94800", "2011-12-31": ""}, "Other Operating Income Or Expenses": {"2020-09-30": "", "2020-06-30": "", "2020-03-31": "", "2019-12-31": "", "2019-09-30": "", "2019-06-30": "", "2019-03-31": "", "2018-12-31": "", "2018-09-30": "", "2018-06-30": "", "2018-03-31": "", "2017-12-31": "", "2017-09-30": "", "2017-06-30": "", "2017-03-31": "", "2016-12-31": "", "2016-09-30": "", "2016-06-30": "", "2016-03-31": "", "2015-12-31": "", "2015-09-30": "", "2015-06-30": "", "2015-03-31": "", "2014-12-31": "", "2014-09-30": "", "2014-06-30": "", "2014-03-31": "", "2013-12-31": "", "2013-09-30": "", "2013-06-30": "", "2013-03-31": "", "2012-12-31": "", "2012-09-30": "", "2012-06-30": "", "2011-12-31": ""}, "Operating Expenses": {"2020-09-30": "125.03300", "2020-06-30": "127.54300", "2020-03-31": "130.29000", "2019-12-31": "141.36900", "2019-09-30": "135.08400", "2019-06-30": "140.08200", "2019-03-31": "127.71000", "2018-12-31": "126.36900", "2018-09-30": "114.36000", "2018-06-30": "113.36300", "2018-03-31": "102.77400", "2017-12-31": "99.92900", "2017-09-30": "90.37500", "2017-06-30": "95.94600", "2017-03-31": "77.55500", "2016-12-31": "80.05700", "2016-09-30": "72.49700", "2016-06-30": "63.44800", "2016-03-31": "54.87500", "2015-12-31": "47.11500", "2015-09-30": "45.95500", "2015-06-30": "45.35200", "2015-03-31": "39.39700", "2014-12-31": "41.36300", "2014-09-30": "30.69200", "2014-06-30": "26.74100", "2014-03-31": "20.69500", "2013-12-31": "18.98600", "2013-09-30": "17.33700", "2013-06-30": "14.79400", "2013-03-31": "13.31400", "2012-12-31": "", "2012-09-30": "11.37800", "2012-06-30": "12.41100", "2011-12-31": ""}, "Operating Income": {"2020-09-30": "-90.32700", "2020-06-30": "-90.19600", "2020-03-31": "-43.19200", "2019-12-31": "-105.92900", "2019-09-30": "-109.06000", "2019-06-30": "-113.86100", "2019-03-31": "-97.48300", "2018-12-31": "-96.35600", "2018-09-30": "-99.16200", "2018-06-30": "-72.94900", "2018-03-31": "-94.01200", "2017-12-31": "-90.13000", "2017-09-30": "-79.01700", "2017-06-30": "-84.60000", "2017-03-31": "-67.04700", "2016-12-31": "-57.40900", "2016-09-30": "-63.51200", "2016-06-30": "-56.47000", "2016-03-31": "-23.59400", "2015-12-31": "-40.89700", "2015-09-30": "-40.47500", "2015-06-30": "-32.13300", "2015-03-31": "-5.19500", "2014-12-31": "-26.72700", "2014-09-30": "3.20800", "2014-06-30": "-18.33000", "2014-03-31": "-12.28400", "2013-12-31": "-12.24200", "2013-09-30": "-11.06900", "2013-06-30": "-8.52600", "2013-03-31": "-7.04600", "2012-12-31": "", "2012-09-30": "-5.11000", "2012-06-30": "-6.12300", "2011-12-31": ""}, "Total Non-Operating Income/Expense": {"2020-09-30": "-8.65200", "2020-06-30": "-0.28200", "2020-03-31": "2.93600", "2019-12-31": "3.57900", "2019-09-30": "2.88700", "2019-06-30": "3.99000", "2019-03-31": "4.40500", "2018-12-31": "4.56200", "2018-09-30": "4.49800", "2018-06-30": "4.20400", "2018-03-31": "3.18700", "2017-12-31": "1.84500", "2017-09-30": "1.88000", "2017-06-30": "1.51800", "2017-03-31": "0.88100", "2016-12-31": "0.92300", "2016-09-30": "0.67800", "2016-06-30": "0.51700", "2016-03-31": "0.39600", "2015-12-31": "0.27600", "2015-09-30": "0.21800", "2015-06-30": "0.23600", "2015-03-31": "0.23800", "2014-12-31": "0.08500", "2014-09-30": "0.04800", "2014-06-30": "0.03400", "2014-03-31": "0.03600", "2013-12-31": "0.02900", "2013-09-30": "0.01300", "2013-06-30": "0.00500", "2013-03-31": "0.00800", "2012-12-31": "", "2012-09-30": "0.01300", "2012-06-30": "0.02200", "2011-12-31": ""}, "Pre-Tax Income": {"2020-09-30": "-98.97900", "2020-06-30": "-90.47800", "2020-03-31": "-40.25600", "2019-12-31": "-102.35000", "2019-09-30": "-106.17300", "2019-06-30": "-109.87100", "2019-03-31": "-93.07800", "2018-12-31": "-91.79400", "2018-09-30": "-94.66400", "2018-06-30": "-68.74500", "2018-03-31": "-90.82500", "2017-12-31": "-88.28500", "2017-09-30": "-77.13700", "2017-06-30": "-83.08200", "2017-03-31": "-66.16600", "2016-12-31": "-56.48600", "2016-09-30": "-62.83400", "2016-06-30": "-55.95300", "2016-03-31": "-23.19800", "2015-12-31": "-40.62100", "2015-09-30": "-40.25700", "2015-06-30": "-31.89700", "2015-03-31": "-4.95700", "2014-12-31": "-26.64200", "2014-09-30": "3.25600", "2014-06-30": "-18.29600", "2014-03-31": "-12.24800", "2013-12-31": "-12.21300", "2013-09-30": "-11.05600", "2013-06-30": "-8.52100", "2013-03-31": "-7.03800", "2012-12-31": "", "2012-09-30": "-5.09700", "2012-06-30": "-6.10100", "2011-12-31": ""}, "Income Taxes": {"2020-09-30": "", "2020-06-30": "", "2020-03-31": "", "2019-12-31": "", "2019-09-30": "", "2019-06-30": "", "2019-03-31": "", "2018-12-31": "", "2018-09-30": "", "2018-06-30": "", "2018-03-31": "", "2017-12-31": "", "2017-09-30": "", "2017-06-30": "", "2017-03-31": "", "2016-12-31": "", "2016-09-30": "", "2016-06-30": "", "2016-03-31": "", "2015-12-31": "", "2015-09-30": "", "2015-06-30": "", "2015-03-31": "", "2014-12-31": "0.02200", "2014-09-30": "-0.44800", "2014-06-30": "", "2014-03-31": "", "2013-12-31": "0.16900", "2013-09-30": "0.12100", "2013-06-30": "0.09900", "2013-03-31": "0.19000", "2012-12-31": "", "2012-09-30": "-0.45200", "2012-06-30": "-0.58800", "2011-12-31": ""}, "Income After Taxes": {"2020-09-30": "-98.97900", "2020-06-30": "-90.47800", "2020-03-31": "-40.25600", "2019-12-31": "-102.35000", "2019-09-30": "-106.17300", "2019-06-30": "-109.87100", "2019-03-31": "-93.07800", "2018-12-31": "-91.79400", "2018-09-30": "-94.66400", "2018-06-30": "-68.74500", "2018-03-31": "-90.82500", "2017-12-31": "-88.28500", "2017-09-30": "-77.13700", "2017-06-30": "-83.08200", "2017-03-31": "-66.16600", "2016-12-31": "-56.48600", "2016-09-30": "-62.83400", "2016-06-30": "-55.95300", "2016-03-31": "-23.19800", "2015-12-31": "-40.62100", "2015-09-30": "-40.25700", "2015-06-30": "-31.89700", "2015-03-31": "-4.95700", "2014-12-31": "-26.66400", "2014-09-30": "3.70400", "2014-06-30": "-18.29600", "2014-03-31": "-12.24800", "2013-12-31": "-12.38200", "2013-09-30": "-11.17700", "2013-06-30": "-8.62000", "2013-03-31": "-7.22800", "2012-12-31": "", "2012-09-30": "-4.64500", "2012-06-30": "-5.51300", "2011-12-31": ""}, "Other Income": {"2020-09-30": "", "2020-06-30": "", "2020-03-31": "", "2019-12-31": "", "2019-09-30": "", "2019-06-30": "", "2019-03-31": "", "2018-12-31": "", "2018-09-30": "", "2018-06-30": "", "2018-03-31": "", "2017-12-31": "", "2017-09-30": "", "2017-06-30": "", "2017-03-31": "", "2016-12-31": "", "2016-09-30": "", "2016-06-30": "", "2016-03-31": "", "2015-12-31": "", "2015-09-30": "", "2015-06-30": "", "2015-03-31": "", "2014-12-31": "", "2014-09-30": "", "2014-06-30": "", "2014-03-31": "", "2013-12-31": "", "2013-09-30": "", "2013-06-30": "", "2013-03-31": "", "2012-12-31": "", "2012-09-30": "", "2012-06-30": "", "2011-12-31": ""}, "Income From Continuous Operations": {"2020-09-30": "-98.97900", "2020-06-30": "-90.47800", "2020-03-31": "-40.25600", "2019-12-31": "-102.35000", "2019-09-30": "-106.17300", "2019-06-30": "-109.87100", "2019-03-31": "-93.07800", "2018-12-31": "-91.79400", "2018-09-30": "-94.66400", "2018-06-30": "-68.74500", "2018-03-31": "-90.82500", "2017-12-31": "-88.28500", "2017-09-30": "-77.13700", "2017-06-30": "-83.08200", "2017-03-31": "-66.16600", "2016-12-31": "-56.48600", "2016-09-30": "-62.83400", "2016-06-30": "-55.95300", "2016-03-31": "-23.19800", "2015-12-31": "-40.62100", "2015-09-30": "-40.25700", "2015-06-30": "-31.89700", "2015-03-31": "-4.95700", "2014-12-31": "-26.66400", "2014-09-30": "3.70400", "2014-06-30": "-18.29600", "2014-03-31": "-12.24800", "2013-12-31": "-12.38200", "2013-09-30": "-11.17700", "2013-06-30": "-8.62000", "2013-03-31": "-7.22800", "2012-12-31": "", "2012-09-30": "-4.64500", "2012-06-30": "-5.51300", "2011-12-31": ""}, "Income From Discontinued Operations": {"2020-09-30": "", "2020-06-30": "", "2020-03-31": "", "2019-12-31": "", "2019-09-30": "", "2019-06-30": "", "2019-03-31": "", "2018-12-31": "", "2018-09-30": "", "2018-06-30": "", "2018-03-31": "", "2017-12-31": "", "2017-09-30": "", "2017-06-30": "", "2017-03-31": "", "2016-12-31": "", "2016-09-30": "", "2016-06-30": "", "2016-03-31": "", "2015-12-31": "", "2015-09-30": "", "2015-06-30": "", "2015-03-31": "", "2014-12-31": "", "2014-09-30": "", "2014-06-30": "", "2014-03-31": "", "2013-12-31": "", "2013-09-30": "", "2013-06-30": "", "2013-03-31": "", "2012-12-31": "", "2012-09-30": "", "2012-06-30": "", "2011-12-31": ""}, "Net Income": {"2020-09-30": "-98.97900", "2020-06-30": "-90.47800", "2020-03-31": "-40.25600", "2019-12-31": "-102.35000", "2019-09-30": "-106.17300", "2019-06-30": "-109.87100", "2019-03-31": "-93.07800", "2018-12-31": "-91.79400", "2018-09-30": "-94.66400", "2018-06-30": "-68.74500", "2018-03-31": "-90.82500", "2017-12-31": "-88.28500", "2017-09-30": "-77.13700", "2017-06-30": "-83.08200", "2017-03-31": "-66.16600", "2016-12-31": "-56.48600", "2016-09-30": "-62.83400", "2016-06-30": "-55.95300", "2016-03-31": "-23.19800", "2015-12-31": "-40.62100", "2015-09-30": "-40.25700", "2015-06-30": "-31.89700", "2015-03-31": "-4.95700", "2014-12-31": "-26.66400", "2014-09-30": "3.70400", "2014-06-30": "-18.29600", "2014-03-31": "-12.24800", "2013-12-31": "-12.38200", "2013-09-30": "-11.74400", "2013-06-30": "-10.41800", "2013-03-31": "-9.02500", "2012-12-31": "", "2012-09-30": "-2.84700", "2012-06-30": "-7.31100", "2011-12-31": ""}, "EBITDA": {"2020-09-30": "-86.87800", "2020-06-30": "-87.41700", "2020-03-31": "-40.59200", "2019-12-31": "-104.38900", "2019-09-30": "-107.73100", "2019-06-30": "-112.71200", "2019-03-31": "-96.60900", "2018-12-31": "-95.74200", "2018-09-30": "-98.61400", "2018-06-30": "-72.09500", "2018-03-31": "-92.69300", "2017-12-31": "-88.51200", "2017-09-30": "-77.47200", "2017-06-30": "-83.09600", "2017-03-31": "-65.29300", "2016-12-31": "-55.44800", "2016-09-30": "-61.87200", "2016-06-30": "-54.96200", "2016-03-31": "-22.22200", "2015-12-31": "-39.64400", "2015-09-30": "-39.31600", "2015-06-30": "-31.20600", "2015-03-31": "-4.65300", "2014-12-31": "-26.23900", "2014-09-30": "3.66100", "2014-06-30": "-17.86600", "2014-03-31": "-11.78400", "2013-12-31": "-11.69900", "2013-09-30": "-10.60200", "2013-06-30": "-8.15600", "2013-03-31": "-6.70200", "2012-12-31": "", "2012-09-30": "-4.72600", "2012-06-30": "-6.12300", "2011-12-31": ""}, "EBIT": {"2020-09-30": "-90.32700", "2020-06-30": "-90.19600", "2020-03-31": "-43.19200", "2019-12-31": "-105.92900", "2019-09-30": "-109.06000", "2019-06-30": "-113.86100", "2019-03-31": "-97.48300", "2018-12-31": "-96.35600", "2018-09-30": "-99.16200", "2018-06-30": "-72.94900", "2018-03-31": "-94.01200", "2017-12-31": "-90.13000", "2017-09-30": "-79.01700", "2017-06-30": "-84.60000", "2017-03-31": "-67.04700", "2016-12-31": "-57.40900", "2016-09-30": "-63.51200", "2016-06-30": "-56.47000", "2016-03-31": "-23.59400", "2015-12-31": "-40.89700", "2015-09-30": "-40.47500", "2015-06-30": "-32.13300", "2015-03-31": "-5.19500", "2014-12-31": "-26.72700", "2014-09-30": "3.20800", "2014-06-30": "-18.33000", "2014-03-31": "-12.28400", "2013-12-31": "-12.24200", "2013-09-30": "-11.06900", "2013-06-30": "-8.52600", "2013-03-31": "-7.04600", "2012-12-31": "", "2012-09-30": "-5.11000", "2012-06-30": "-6.12300", "2011-12-31": ""}, "Basic Shares Outstanding": {"2020-09-30": "69.14410", "2020-06-30": "68.95810", "2020-03-31": "68.60830", "2019-12-31": "59.99450", "2019-09-30": "58.80350", "2019-06-30": "58.72220", "2019-03-31": "58.45390", "2018-12-31": "57.41830", "2018-09-30": "58.03340", "2018-06-30": "57.72180", "2018-03-31": "55.69460", "2017-12-31": "46.58760", "2017-09-30": "48.45900", "2017-06-30": "46.74580", "2017-03-31": "42.28050", "2016-12-31": "39.12640", "2016-09-30": "38.54800", "2016-06-30": "37.95640", "2016-03-31": "37.86410", "2015-12-31": "37.42930", "2015-09-30": "37.50700", "2015-06-30": "37.32900", "2015-03-31": "37.21500", "2014-12-31": "33.66700", "2014-09-30": "34.49500", "2014-06-30": "33.60200", "2014-03-31": "31.39500", "2013-12-31": "15.41500", "2013-09-30": "22.74400", "2013-06-30": "3.72300", "2013-03-31": "3.65800", "2012-12-31": "", "2012-09-30": "3.43900", "2012-06-30": "3.35800", "2011-12-31": ""}, "Shares Outstanding": {"2020-09-30": "69.14410", "2020-06-30": "68.95810", "2020-03-31": "68.60830", "2019-12-31": "59.99450", "2019-09-30": "58.80350", "2019-06-30": "58.72220", "2019-03-31": "58.45390", "2018-12-31": "57.41830", "2018-09-30": "58.03340", "2018-06-30": "57.72180", "2018-03-31": "55.69460", "2017-12-31": "46.58760", "2017-09-30": "48.45900", "2017-06-30": "46.74580", "2017-03-31": "42.28050", "2016-12-31": "39.12640", "2016-09-30": "38.54800", "2016-06-30": "37.95640", "2016-03-31": "37.86410", "2015-12-31": "37.42930", "2015-09-30": "37.50700", "2015-06-30": "37.32900", "2015-03-31": "37.21500", "2014-12-31": "33.66700", "2014-09-30": "36.59300", "2014-06-30": "33.60200", "2014-03-31": "31.39500", "2013-12-31": "15.41500", "2013-09-30": "22.74400", "2013-06-30": "3.72300", "2013-03-31": "3.65800", "2012-12-31": "", "2012-09-30": "3.43900", "2012-06-30": "3.35800", "2011-12-31": ""}, "Basic EPS": {"2020-09-30": "-1.43000", "2020-06-30": "-1.31000", "2020-03-31": "-0.59000", "2019-12-31": "-1.59000", "2019-09-30": "-1.81000", "2019-06-30": "-1.87000", "2019-03-31": "-1.59000", "2018-12-31": "-1.58000", "2018-09-30": "-1.63000", "2018-06-30": "-1.19000", "2018-03-31": "-1.63000", "2017-12-31": "-1.82000", "2017-09-30": "-1.59000", "2017-06-30": "-1.78000", "2017-03-31": "-1.56000", "2016-12-31": "-1.36000", "2016-09-30": "-1.63000", "2016-06-30": "-1.47000", "2016-03-31": "-0.61000", "2015-12-31": "-1.10000", "2015-09-30": "-1.07000", "2015-06-30": "-0.85000", "2015-03-31": "-0.13000", "2014-12-31": "-0.77000", "2014-09-30": "0.11000", "2014-06-30": "-0.54000", "2014-03-31": "-0.39000", "2013-12-31": "2.96000", "2013-09-30": "-0.52000", "2013-06-30": "-2.80000", "2013-03-31": "-2.47000", "2012-12-31": "", "2012-09-30": "-0.83000", "2012-06-30": "-2.18000", "2011-12-31": ""}, "EPS - Earnings Per Share": {"2020-09-30": "-1.43000", "2020-06-30": "-1.31000", "2020-03-31": "-0.59000", "2019-12-31": "-1.59000", "2019-09-30": "-1.81000", "2019-06-30": "-1.87000", "2019-03-31": "-1.59000", "2018-12-31": "-1.58000", "2018-09-30": "-1.63000", "2018-06-30": "-1.19000", "2018-03-31": "-1.63000", "2017-12-31": "-1.82000", "2017-09-30": "-1.59000", "2017-06-30": "-1.78000", "2017-03-31": "-1.56000", "2016-12-31": "-1.36000", "2016-09-30": "-1.63000", "2016-06-30": "-1.47000", "2016-03-31": "-0.61000", "2015-12-31": "-1.10000", "2015-09-30": "-1.07000", "2015-06-30": "-0.85000", "2015-03-31": "-0.13000", "2014-12-31": "-0.76000", "2014-09-30": "0.10000", "2014-06-30": "-0.54000", "2014-03-31": "-0.39000", "2013-12-31": "2.96000", "2013-09-30": "-0.52000", "2013-06-30": "-2.80000", "2013-03-31": "-2.47000", "2012-12-31": "0.00000", "2012-09-30": "-0.83000", "2012-06-30": "-2.18000", "2011-12-31": "0.00000"}}, "balance sheet": {"Cash On Hand": {"2019-12-31": "564.87700", "2018-12-31": "585.30200", "2017-12-31": "423.93600", "2016-12-31": "541.31400", "2015-12-31": "317.00200", "2014-12-31": "342.06500", "2013-12-31": "166.76900", "2012-12-31": "127.97600", "2011-12-31": ""}, "Receivables": {"2019-12-31": "15.31900", "2018-12-31": "10.44200", "2017-12-31": "3.67000", "2016-12-31": "8.31400", "2015-12-31": "11.59900", "2014-12-31": "12.66700", "2013-12-31": "0.47600", "2012-12-31": "", "2011-12-31": ""}, "Inventory": {"2019-12-31": "7.33100", "2018-12-31": "0.86900", "2017-12-31": "", "2016-12-31": "", "2015-12-31": "", "2014-12-31": "", "2013-12-31": "", "2012-12-31": "", "2011-12-31": ""}, "Pre-Paid Expenses": {"2019-12-31": "24.17700", "2018-12-31": "17.16700", "2017-12-31": "17.65500", "2016-12-31": "10.26400", "2015-12-31": "8.72800", "2014-12-31": "4.81400", "2013-12-31": "2.50200", "2012-12-31": "0.92200", "2011-12-31": ""}, "Other Current Assets": {"2019-12-31": "", "2018-12-31": "", "2017-12-31": "", "2016-12-31": "", "2015-12-31": "", "2014-12-31": "", "2013-12-31": "", "2012-12-31": "", "2011-12-31": ""}, "Total Current Assets": {"2019-12-31": "611.70400", "2018-12-31": "613.78000", "2017-12-31": "445.26100", "2016-12-31": "559.89200", "2015-12-31": "337.32900", "2014-12-31": "359.54600", "2013-12-31": "169.74700", "2012-12-31": "130.14400", "2011-12-31": ""}, "Property, Plant, And Equipment": {"2019-12-31": "31.47200", "2018-12-31": "24.32000", "2017-12-31": "24.43100", "2016-12-31": "25.33700", "2015-12-31": "23.22000", "2014-12-31": "6.38600", "2013-12-31": "3.75800", "2012-12-31": "3.56500", "2011-12-31": ""}, "Long-Term Investments": {"2019-12-31": "152.92900", "2018-12-31": "220.11900", "2017-12-31": "143.81400", "2016-12-31": "32.25000", "2015-12-31": "58.90500", "2014-12-31": "125.38200", "2013-12-31": "27.12500", "2012-12-31": "", "2011-12-31": ""}, "Goodwill And Intangible Assets": {"2019-12-31": "", "2018-12-31": "", "2017-12-31": "", "2016-12-31": "", "2015-12-31": "", "2014-12-31": "", "2013-12-31": "", "2012-12-31": "", "2011-12-31": "0.00000"}, "Other Long-Term Assets": {"2019-12-31": "0.00000", "2018-12-31": "0.23800", "2017-12-31": "0.89100", "2016-12-31": "1.61500", "2015-12-31": "0.61100", "2014-12-31": "0.59000", "2013-12-31": "0.57500", "2012-12-31": "0.59300", "2011-12-31": ""}, "Total Long-Term Assets": {"2019-12-31": "279.03700", "2018-12-31": "244.67700", "2017-12-31": "169.13600", "2016-12-31": "59.20200", "2015-12-31": "82.73600", "2014-12-31": "132.35800", "2013-12-31": "31.45800", "2012-12-31": "6.86400", "2011-12-31": ""}, "Total Assets": {"2019-12-31": "890.74100", "2018-12-31": "858.45700", "2017-12-31": "614.39700", "2016-12-31": "619.09400", "2015-12-31": "420.06500", "2014-12-31": "491.90400", "2013-12-31": "201.20500", "2012-12-31": "137.00800", "2011-12-31": "0.00000"}, "Total Current Liabilities": {"2019-12-31": "92.88600", "2018-12-31": "93.50300", "2017-12-31": "94.94100", "2016-12-31": "88.43300", "2015-12-31": "52.88800", "2014-12-31": "61.08900", "2013-12-31": "36.93000", "2012-12-31": "35.11300", "2011-12-31": ""}, "Long Term Debt": {"2019-12-31": "0.67300", "2018-12-31": "", "2017-12-31": "", "2016-12-31": "", "2015-12-31": "", "2014-12-31": "", "2013-12-31": "", "2012-12-31": "", "2011-12-31": ""}, "Other Non-Current Liabilities": {"2019-12-31": "", "2018-12-31": "", "2017-12-31": "", "2016-12-31": "", "2015-12-31": "", "2014-12-31": "", "2013-12-31": "0.00600", "2012-12-31": "0.01500", "2011-12-31": ""}, "Total Long Term Liabilities": {"2019-12-31": "157.32700", "2018-12-31": "77.41700", "2017-12-31": "143.95300", "2016-12-31": "172.07000", "2015-12-31": "22.05900", "2014-12-31": "6.44900", "2013-12-31": "32.79300", "2012-12-31": "57.99700", "2011-12-31": ""}, "Total Liabilities": {"2019-12-31": "250.21300", "2018-12-31": "170.92000", "2017-12-31": "238.89400", "2016-12-31": "260.50300", "2015-12-31": "74.94700", "2014-12-31": "67.53800", "2013-12-31": "69.72300", "2012-12-31": "93.11000", "2011-12-31": "0.00000"}, "Common Stock Net": {"2019-12-31": "0.06800", "2018-12-31": "0.05800", "2017-12-31": "0.04900", "2016-12-31": "0.04200", "2015-12-31": "0.03800", "2014-12-31": "0.03700", "2013-12-31": "0.03100", "2012-12-31": "0.00300", "2011-12-31": "0.00000"}, "Retained Earnings (Accumulated Deficit)": {"2019-12-31": "-1516.10500", "2018-12-31": "-1104.63300", "2017-12-31": "-798.06100", "2016-12-31": "-483.15100", "2015-12-31": "-284.68000", "2014-12-31": "-166.94800", "2013-12-31": "-113.44400", "2012-12-31": "-74.03700", "2011-12-31": ""}, "Comprehensive Income": {"2019-12-31": "0.20200", "2018-12-31": "-2.17100", "2017-12-31": "-1.38900", "2016-12-31": "-0.31300", "2015-12-31": "-0.31800", "2014-12-31": "-0.05700", "2013-12-31": "0.01400", "2012-12-31": "-0.00200", "2011-12-31": ""}, "Other Share Holders Equity": {"2019-12-31": "", "2018-12-31": "", "2017-12-31": "", "2016-12-31": "", "2015-12-31": "", "2014-12-31": "", "2013-12-31": "", "2012-12-31": "", "2011-12-31": "0.00000"}, "Share Holder Equity": {"2019-12-31": "640.52800", "2018-12-31": "687.53700", "2017-12-31": "375.50300", "2016-12-31": "358.59100", "2015-12-31": "345.11800", "2014-12-31": "424.36600", "2013-12-31": "131.48200", "2012-12-31": "43.89800", "2011-12-31": "0.00000"}, "Total Liabilities And Share Holders Equity": {"2019-12-31": "890.74100", "2018-12-31": "858.45700", "2017-12-31": "614.39700", "2016-12-31": "619.09400", "2015-12-31": "420.06500", "2014-12-31": "491.90400", "2013-12-31": "201.20500", "2012-12-31": "137.00800", "2011-12-31": "0.00000"}}, "balance sheet, quarterly": {"Cash On Hand": {"2020-09-30": "605.53900", "2020-06-30": "790.12800", "2020-03-31": "528.62100", "2019-12-31": "564.87700", "2019-09-30": "451.89700", "2019-06-30": "495.39000", "2019-03-31": "524.55700", "2018-12-31": "585.30200", "2018-09-30": "669.89200", "2018-06-30": "716.90500", "2018-03-31": "782.45000", "2017-12-31": "423.93600", "2017-09-30": "507.92800", "2017-06-30": "586.04200", "2017-03-31": "479.75800", "2016-12-31": "541.31400", "2016-09-30": "579.09700", "2016-06-30": "465.36900", "2016-03-31": "312.89400", "2015-12-31": "317.00200", "2015-09-30": "352.36500", "2015-06-30": "369.79400", "2015-03-31": "344.70600", "2014-12-31": "342.06500", "2014-09-30": "219.97000", "2014-06-30": "238.48000", "2014-03-31": "162.26900", "2013-12-31": "166.76900", "2013-09-30": "194.95600", "2013-06-30": "99.27500", "2013-03-31": "", "2012-12-31": "", "2012-09-30": "", "2012-06-30": "", "2011-12-31": ""}, "Receivables": {"2020-09-30": "23.31500", "2020-06-30": "18.03700", "2020-03-31": "19.72300", "2019-12-31": "15.31900", "2019-09-30": "12.41300", "2019-06-30": "14.59300", "2019-03-31": "10.51400", "2018-12-31": "10.44200", "2018-09-30": "8.32900", "2018-06-30": "21.33900", "2018-03-31": "4.92900", "2017-12-31": "3.67000", "2017-09-30": "5.06300", "2017-06-30": "5.62100", "2017-03-31": "14.71700", "2016-12-31": "8.31400", "2016-09-30": "11.56900", "2016-06-30": "9.86700", "2016-03-31": "7.38500", "2015-12-31": "11.59900", "2015-09-30": "12.07000", "2015-06-30": "15.75600", "2015-03-31": "13.92300", "2014-12-31": "12.66700", "2014-09-30": "22.60000", "2014-06-30": "3.84100", "2014-03-31": "7.11500", "2013-12-31": "0.47600", "2013-09-30": "", "2013-06-30": "", "2013-03-31": "", "2012-12-31": "", "2012-09-30": "", "2012-06-30": "", "2011-12-31": ""}, "Inventory": {"2020-09-30": "11.37100", "2020-06-30": "11.23100", "2020-03-31": "9.77800", "2019-12-31": "7.33100", "2019-09-30": "5.84900", "2019-06-30": "4.65900", "2019-03-31": "2.32800", "2018-12-31": "0.86900", "2018-09-30": "0.86300", "2018-06-30": "", "2018-03-31": "", "2017-12-31": "", "2017-09-30": "", "2017-06-30": "", "2017-03-31": "", "2016-12-31": "", "2016-09-30": "", "2016-06-30": "", "2016-03-31": "", "2015-12-31": "", "2015-09-30": "", "2015-06-30": "", "2015-03-31": "", "2014-12-31": "", "2014-09-30": "", "2014-06-30": "", "2014-03-31": "", "2013-12-31": "", "2013-09-30": "", "2013-06-30": "", "2013-03-31": "", "2012-12-31": "", "2012-09-30": "", "2012-06-30": "", "2011-12-31": ""}, "Pre-Paid Expenses": {"2020-09-30": "28.86100", "2020-06-30": "26.95900", "2020-03-31": "29.15200", "2019-12-31": "24.17700", "2019-09-30": "19.98500", "2019-06-30": "19.06300", "2019-03-31": "19.69600", "2018-12-31": "17.16700", "2018-09-30": "16.45800", "2018-06-30": "15.53800", "2018-03-31": "15.61400", "2017-12-31": "17.65500", "2017-09-30": "15.31600", "2017-06-30": "13.01800", "2017-03-31": "12.39100", "2016-12-31": "10.26400", "2016-09-30": "10.27700", "2016-06-30": "8.92300", "2016-03-31": "9.19000", "2015-12-31": "8.72800", "2015-09-30": "7.22500", "2015-06-30": "4.60200", "2015-03-31": "5.51200", "2014-12-31": "4.81400", "2014-09-30": "4.99000", "2014-06-30": "2.84200", "2014-03-31": "3.03300", "2013-12-31": "2.50200", "2013-09-30": "2.61600", "2013-06-30": "2.01100", "2013-03-31": "", "2012-12-31": "", "2012-09-30": "", "2012-06-30": "", "2011-12-31": ""}, "Other Current Assets": {"2020-09-30": "", "2020-06-30": "", "2020-03-31": "", "2019-12-31": "", "2019-09-30": "", "2019-06-30": "", "2019-03-31": "", "2018-12-31": "", "2018-09-30": "", "2018-06-30": "", "2018-03-31": "", "2017-12-31": "", "2017-09-30": "", "2017-06-30": "", "2017-03-31": "", "2016-12-31": "", "2016-09-30": "", "2016-06-30": "", "2016-03-31": "", "2015-12-31": "", "2015-09-30": "", "2015-06-30": "", "2015-03-31": "", "2014-12-31": "", "2014-09-30": "", "2014-06-30": "", "2014-03-31": "", "2013-12-31": "", "2013-09-30": "", "2013-06-30": "", "2013-03-31": "", "2012-12-31": "", "2012-09-30": "", "2012-06-30": "", "2011-12-31": ""}, "Total Current Assets": {"2020-09-30": "669.08600", "2020-06-30": "846.35500", "2020-03-31": "587.27400", "2019-12-31": "611.70400", "2019-09-30": "490.14400", "2019-06-30": "533.70500", "2019-03-31": "557.09500", "2018-12-31": "613.78000", "2018-09-30": "695.54200", "2018-06-30": "753.78200", "2018-03-31": "802.99300", "2017-12-31": "445.26100", "2017-09-30": "528.30700", "2017-06-30": "604.68100", "2017-03-31": "506.86600", "2016-12-31": "559.89200", "2016-09-30": "600.94300", "2016-06-30": "484.15900", "2016-03-31": "329.46900", "2015-12-31": "337.32900", "2015-09-30": "371.66000", "2015-06-30": "390.15200", "2015-03-31": "364.14100", "2014-12-31": "359.54600", "2014-09-30": "247.56000", "2014-06-30": "245.16300", "2014-03-31": "172.41700", "2013-12-31": "169.74700", "2013-09-30": "198.81800", "2013-06-30": "102.53300", "2013-03-31": "", "2012-12-31": "", "2012-09-30": "", "2012-06-30": "", "2011-12-31": ""}, "Property, Plant, And Equipment": {"2020-09-30": "33.49500", "2020-06-30": "33.92500", "2020-03-31": "33.84000", "2019-12-31": "31.47200", "2019-09-30": "24.06000", "2019-06-30": "23.01600", "2019-03-31": "23.97400", "2018-12-31": "24.32000", "2018-09-30": "24.61300", "2018-06-30": "24.13400", "2018-03-31": "23.73200", "2017-12-31": "24.43100", "2017-09-30": "24.01900", "2017-06-30": "24.77100", "2017-03-31": "24.13900", "2016-12-31": "25.33700", "2016-09-30": "26.26100", "2016-06-30": "25.13400", "2016-03-31": "22.95000", "2015-12-31": "23.22000", "2015-09-30": "21.12700", "2015-06-30": "19.32800", "2015-03-31": "14.29700", "2014-12-31": "6.38600", "2014-09-30": "3.67700", "2014-06-30": "3.21000", "2014-03-31": "3.45200", "2013-12-31": "3.75800", "2013-09-30": "3.55100", "2013-06-30": "3.81800", "2013-03-31": "", "2012-12-31": "", "2012-09-30": "", "2012-06-30": "", "2011-12-31": ""}, "Long-Term Investments": {"2020-09-30": "116.88900", "2020-06-30": "4.28500", "2020-03-31": "84.50300", "2019-12-31": "152.92900", "2019-09-30": "88.57900", "2019-06-30": "128.64900", "2019-03-31": "183.23400", "2018-12-31": "220.11900", "2018-09-30": "208.50800", "2018-06-30": "219.72400", "2018-03-31": "212.29700", "2017-12-31": "143.81400", "2017-09-30": "133.80400", "2017-06-30": "129.89900", "2017-03-31": "23.42300", "2016-12-31": "32.25000", "2016-09-30": "43.49900", "2016-06-30": "46.92600", "2016-03-31": "42.86000", "2015-12-31": "58.90500", "2015-09-30": "55.62100", "2015-06-30": "64.24300", "2015-03-31": "95.25800", "2014-12-31": "125.38200", "2014-09-30": "17.91700", "2014-06-30": "22.63100", "2014-03-31": "5.00500", "2013-12-31": "27.12500", "2013-09-30": "13.41200", "2013-06-30": "", "2013-03-31": "", "2012-12-31": "", "2012-09-30": "", "2012-06-30": "", "2011-12-31": ""}, "Goodwill And Intangible Assets": {"2020-09-30": "", "2020-06-30": "", "2020-03-31": "", "2019-12-31": "", "2019-09-30": "", "2019-06-30": "", "2019-03-31": "", "2018-12-31": "", "2018-09-30": "", "2018-06-30": "", "2018-03-31": "", "2017-12-31": "", "2017-09-30": "", "2017-06-30": "", "2017-03-31": "", "2016-12-31": "", "2016-09-30": "", "2016-06-30": "", "2016-03-31": "", "2015-12-31": "", "2015-09-30": "", "2015-06-30": "", "2015-03-31": "", "2014-12-31": "", "2014-09-30": "", "2014-06-30": "", "2014-03-31": "", "2013-12-31": "", "2013-09-30": "", "2013-06-30": "", "2013-03-31": "0.00000", "2012-12-31": "", "2012-09-30": "0.00000", "2012-06-30": "0.00000", "2011-12-31": "0.00000"}, "Other Long-Term Assets": {"2020-09-30": "1.35000", "2020-06-30": "1.57500", "2020-03-31": "1.80000", "2019-12-31": "", "2019-09-30": "", "2019-06-30": "", "2019-03-31": "0.06000", "2018-12-31": "0.23800", "2018-09-30": "0.41600", "2018-06-30": "0.59500", "2018-03-31": "1.10400", "2017-12-31": "0.89100", "2017-09-30": "1.07000", "2017-06-30": "1.24900", "2017-03-31": "2.88800", "2016-12-31": "1.61500", "2016-09-30": "1.33900", "2016-06-30": "1.38200", "2016-03-31": "0.83800", "2015-12-31": "0.61100", "2015-09-30": "0.67800", "2015-06-30": "0.66000", "2015-03-31": "0.64000", "2014-12-31": "0.59000", "2014-09-30": "0.45400", "2014-06-30": "1.02600", "2014-03-31": "1.03800", "2013-12-31": "0.57500", "2013-09-30": "0.58200", "2013-06-30": "2.19500", "2013-03-31": "", "2012-12-31": "", "2012-09-30": "", "2012-06-30": "", "2011-12-31": ""}, "Total Long-Term Assets": {"2020-09-30": "239.36300", "2020-06-30": "129.78600", "2020-03-31": "212.46400", "2019-12-31": "279.03700", "2019-09-30": "208.47200", "2019-06-30": "250.16500", "2019-03-31": "265.03600", "2018-12-31": "244.67700", "2018-09-30": "233.53700", "2018-06-30": "244.45300", "2018-03-31": "237.13300", "2017-12-31": "169.13600", "2017-09-30": "158.89300", "2017-06-30": "155.91900", "2017-03-31": "50.45000", "2016-12-31": "59.20200", "2016-09-30": "71.09900", "2016-06-30": "73.44200", "2016-03-31": "66.64800", "2015-12-31": "82.73600", "2015-09-30": "77.42600", "2015-06-30": "84.23100", "2015-03-31": "110.19500", "2014-12-31": "132.35800", "2014-09-30": "22.04800", "2014-06-30": "26.86700", "2014-03-31": "9.49500", "2013-12-31": "31.45800", "2013-09-30": "20.25100", "2013-06-30": "8.71900", "2013-03-31": "", "2012-12-31": "", "2012-09-30": "", "2012-06-30": "", "2011-12-31": ""}, "Total Assets": {"2020-09-30": "908.44900", "2020-06-30": "976.14100", "2020-03-31": "799.73800", "2019-12-31": "890.74100", "2019-09-30": "698.61600", "2019-06-30": "783.87000", "2019-03-31": "822.13100", "2018-12-31": "858.45700", "2018-09-30": "929.07900", "2018-06-30": "998.23500", "2018-03-31": "1040.12600", "2017-12-31": "614.39700", "2017-09-30": "687.20000", "2017-06-30": "760.60000", "2017-03-31": "557.31600", "2016-12-31": "619.09400", "2016-09-30": "672.04200", "2016-06-30": "557.60100", "2016-03-31": "396.11700", "2015-12-31": "420.06500", "2015-09-30": "449.08600", "2015-06-30": "474.38300", "2015-03-31": "474.33600", "2014-12-31": "491.90400", "2014-09-30": "269.60800", "2014-06-30": "272.03000", "2014-03-31": "181.91200", "2013-12-31": "201.20500", "2013-09-30": "219.06900", "2013-06-30": "111.25200", "2013-03-31": "0.00000", "2012-12-31": "0.00000", "2012-09-30": "0.00000", "2012-06-30": "0.00000", "2011-12-31": "0.00000"}, "Total Current Liabilities": {"2020-09-30": "69.77100", "2020-06-30": "64.35300", "2020-03-31": "69.85800", "2019-12-31": "92.88600", "2019-09-30": "92.43200", "2019-06-30": "89.50400", "2019-03-31": "80.90700", "2018-12-31": "93.50300", "2018-09-30": "84.74600", "2018-06-30": "84.87000", "2018-03-31": "74.69900", "2017-12-31": "94.94100", "2017-09-30": "88.11200", "2017-06-30": "93.64800", "2017-03-31": "82.42900", "2016-12-31": "88.43300", "2016-09-30": "78.00300", "2016-06-30": "67.26400", "2016-03-31": "45.05500", "2015-12-31": "52.88800", "2015-09-30": "49.75600", "2015-06-30": "45.19800", "2015-03-31": "36.37900", "2014-12-31": "61.08900", "2014-09-30": "35.08400", "2014-06-30": "44.63800", "2014-03-31": "34.08100", "2013-12-31": "36.93000", "2013-09-30": "37.37700", "2013-06-30": "36.97900", "2013-03-31": "", "2012-12-31": "", "2012-09-30": "", "2012-06-30": "", "2011-12-31": ""}, "Long Term Debt": {"2020-09-30": "0.41200", "2020-06-30": "0.49100", "2020-03-31": "0.57100", "2019-12-31": "0.67300", "2019-09-30": "", "2019-06-30": "", "2019-03-31": "", "2018-12-31": "", "2018-09-30": "", "2018-06-30": "", "2018-03-31": "", "2017-12-31": "", "2017-09-30": "", "2017-06-30": "", "2017-03-31": "", "2016-12-31": "", "2016-09-30": "", "2016-06-30": "", "2016-03-31": "", "2015-12-31": "", "2015-09-30": "", "2015-06-30": "", "2015-03-31": "", "2014-12-31": "", "2014-09-30": "", "2014-06-30": "", "2014-03-31": "", "2013-12-31": "", "2013-09-30": "", "2013-06-30": "", "2013-03-31": "", "2012-12-31": "", "2012-09-30": "", "2012-06-30": "", "2011-12-31": ""}, "Other Non-Current Liabilities": {"2020-09-30": "258.12100", "2020-06-30": "250.95800", "2020-03-31": "", "2019-12-31": "", "2019-09-30": "", "2019-06-30": "", "2019-03-31": "", "2018-12-31": "", "2018-09-30": "", "2018-06-30": "", "2018-03-31": "", "2017-12-31": "", "2017-09-30": "", "2017-06-30": "", "2017-03-31": "", "2016-12-31": "", "2016-09-30": "", "2016-06-30": "", "2016-03-31": "", "2015-12-31": "", "2015-09-30": "", "2015-06-30": "", "2015-03-31": "", "2014-12-31": "", "2014-09-30": "", "2014-06-30": "0.00200", "2014-03-31": "0.00300", "2013-12-31": "0.00600", "2013-09-30": "0.26200", "2013-06-30": "0.01000", "2013-03-31": "", "2012-12-31": "", "2012-09-30": "", "2012-06-30": "", "2011-12-31": ""}, "Total Long Term Liabilities": {"2020-09-30": "358.22600", "2020-06-30": "353.32300", "2020-03-31": "104.58100", "2019-12-31": "157.32700", "2019-09-30": "157.89300", "2019-06-30": "161.68900", "2019-03-31": "120.96700", "2018-12-31": "77.41700", "2018-09-30": "84.12000", "2018-06-30": "90.22300", "2018-03-31": "99.83300", "2017-12-31": "143.95300", "2017-09-30": "149.28200", "2017-06-30": "157.96000", "2017-03-31": "167.50700", "2016-12-31": "172.07000", "2016-09-30": "192.59000", "2016-06-30": "201.25900", "2016-03-31": "18.68900", "2015-12-31": "22.05900", "2015-09-30": "23.67300", "2015-06-30": "25.02000", "2015-03-31": "11.14000", "2014-12-31": "6.44900", "2014-09-30": "26.77500", "2014-06-30": "26.84400", "2014-03-31": "26.48800", "2013-12-31": "32.79300", "2013-09-30": "39.09700", "2013-06-30": "45.40100", "2013-03-31": "", "2012-12-31": "", "2012-09-30": "", "2012-06-30": "", "2011-12-31": ""}, "Total Liabilities": {"2020-09-30": "427.99700", "2020-06-30": "417.67600", "2020-03-31": "174.43900", "2019-12-31": "250.21300", "2019-09-30": "250.32500", "2019-06-30": "251.19300", "2019-03-31": "201.87400", "2018-12-31": "170.92000", "2018-09-30": "168.86600", "2018-06-30": "175.09300", "2018-03-31": "174.53200", "2017-12-31": "238.89400", "2017-09-30": "237.39400", "2017-06-30": "251.60800", "2017-03-31": "249.93600", "2016-12-31": "260.50300", "2016-09-30": "270.59300", "2016-06-30": "268.52300", "2016-03-31": "63.74400", "2015-12-31": "74.94700", "2015-09-30": "73.42900", "2015-06-30": "70.21800", "2015-03-31": "47.51900", "2014-12-31": "67.53800", "2014-09-30": "61.85900", "2014-06-30": "71.48200", "2014-03-31": "60.56900", "2013-12-31": "69.72300", "2013-09-30": "76.47400", "2013-06-30": "82.38000", "2013-03-31": "0.00000", "2012-12-31": "", "2012-09-30": "0.00000", "2012-06-30": "0.00000", "2011-12-31": "0.00000"}, "Common Stock Net": {"2020-09-30": "0.06900", "2020-06-30": "0.06900", "2020-03-31": "0.06900", "2019-12-31": "0.06800", "2019-09-30": "0.05900", "2019-06-30": "0.05900", "2019-03-31": "0.05900", "2018-12-31": "0.05800", "2018-09-30": "0.05800", "2018-06-30": "0.05800", "2018-03-31": "0.05800", "2017-12-31": "0.04900", "2017-09-30": "0.04900", "2017-06-30": "0.04800", "2017-03-31": "0.04200", "2016-12-31": "0.04200", "2016-09-30": "0.04200", "2016-06-30": "0.03800", "2016-03-31": "0.03800", "2015-12-31": "0.03800", "2015-09-30": "0.03800", "2015-06-30": "0.03700", "2015-03-31": "0.03700", "2014-12-31": "0.03700", "2014-09-30": "0.03500", "2014-06-30": "0.03400", "2014-03-31": "0.03200", "2013-12-31": "0.03100", "2013-09-30": "0.03100", "2013-06-30": "0.00400", "2013-03-31": "0.00000", "2012-12-31": "", "2012-09-30": "0.00000", "2012-06-30": "0.00000", "2011-12-31": "0.00000"}, "Retained Earnings (Accumulated Deficit)": {"2020-09-30": "-1745.81800", "2020-06-30": "-1646.83900", "2020-03-31": "-1556.36100", "2019-12-31": "-1516.10500", "2019-09-30": "-1413.75500", "2019-06-30": "-1307.58200", "2019-03-31": "-1197.71100", "2018-12-31": "-1104.63300", "2018-09-30": "-1012.83900", "2018-06-30": "-918.17500", "2018-03-31": "-849.43000", "2017-12-31": "-798.06100", "2017-09-30": "-709.77600", "2017-06-30": "-632.63900", "2017-03-31": "-549.55700", "2016-12-31": "-483.15100", "2016-09-30": "-426.66500", "2016-06-30": "-363.83100", "2016-03-31": "-307.87800", "2015-12-31": "-284.68000", "2015-09-30": "-244.05700", "2015-06-30": "-203.80200", "2015-03-31": "-171.90500", "2014-12-31": "-166.94800", "2014-09-30": "-140.28400", "2014-06-30": "-143.98800", "2014-03-31": "-125.69200", "2013-12-31": "-113.44400", "2013-09-30": "-101.06200", "2013-06-30": "-89.88500", "2013-03-31": "", "2012-12-31": "", "2012-09-30": "", "2012-06-30": "", "2011-12-31": ""}, "Comprehensive Income": {"2020-09-30": "0.66300", "2020-06-30": "1.63600", "2020-03-31": "0.07400", "2019-12-31": "0.20200", "2019-09-30": "0.46400", "2019-06-30": "0.49000", "2019-03-31": "-0.48400", "2018-12-31": "-2.17100", "2018-09-30": "-2.11900", "2018-06-30": "-2.39800", "2018-03-31": "-2.64300", "2017-12-31": "-1.38900", "2017-09-30": "-0.51500", "2017-06-30": "-0.65000", "2017-03-31": "-0.21200", "2016-12-31": "-0.31300", "2016-09-30": "0.02900", "2016-06-30": "0.29700", "2016-03-31": "0.08900", "2015-12-31": "-0.31800", "2015-09-30": "0.22500", "2015-06-30": "0.22200", "2015-03-31": "0.19100", "2014-12-31": "-0.05700", "2014-09-30": "0.05100", "2014-06-30": "0.01200", "2014-03-31": "0.03300", "2013-12-31": "0.01400", "2013-09-30": "0.02500", "2013-06-30": "-0.00500", "2013-03-31": "", "2012-12-31": "", "2012-09-30": "", "2012-06-30": "", "2011-12-31": ""}, "Other Share Holders Equity": {"2020-09-30": "", "2020-06-30": "", "2020-03-31": "", "2019-12-31": "", "2019-09-30": "", "2019-06-30": "", "2019-03-31": "", "2018-12-31": "", "2018-09-30": "", "2018-06-30": "", "2018-03-31": "", "2017-12-31": "", "2017-09-30": "", "2017-06-30": "", "2017-03-31": "", "2016-12-31": "", "2016-09-30": "", "2016-06-30": "", "2016-03-31": "", "2015-12-31": "", "2015-09-30": "", "2015-06-30": "", "2015-03-31": "", "2014-12-31": "", "2014-09-30": "", "2014-06-30": "", "2014-03-31": "", "2013-12-31": "", "2013-09-30": "", "2013-06-30": "", "2013-03-31": "0.00000", "2012-12-31": "", "2012-09-30": "0.00000", "2012-06-30": "0.00000", "2011-12-31": "0.00000"}, "Share Holder Equity": {"2020-09-30": "480.45200", "2020-06-30": "558.46500", "2020-03-31": "625.29900", "2019-12-31": "640.52800", "2019-09-30": "448.29100", "2019-06-30": "532.67700", "2019-03-31": "620.25700", "2018-12-31": "687.53700", "2018-09-30": "760.21300", "2018-06-30": "823.14200", "2018-03-31": "865.59400", "2017-12-31": "375.50300", "2017-09-30": "449.80600", "2017-06-30": "508.99200", "2017-03-31": "307.38000", "2016-12-31": "358.59100", "2016-09-30": "401.44900", "2016-06-30": "289.07800", "2016-03-31": "332.37300", "2015-12-31": "345.11800", "2015-09-30": "375.65700", "2015-06-30": "404.16500", "2015-03-31": "426.81700", "2014-12-31": "424.36600", "2014-09-30": "207.74900", "2014-06-30": "200.54800", "2014-03-31": "121.34300", "2013-12-31": "131.48200", "2013-09-30": "142.59500", "2013-06-30": "28.87200", "2013-03-31": "0.00000", "2012-12-31": "", "2012-09-30": "0.00000", "2012-06-30": "0.00000", "2011-12-31": "0.00000"}, "Total Liabilities And Share Holders Equity": {"2020-09-30": "908.44900", "2020-06-30": "976.14100", "2020-03-31": "799.73800", "2019-12-31": "890.74100", "2019-09-30": "698.61600", "2019-06-30": "783.87000", "2019-03-31": "822.13100", "2018-12-31": "858.45700", "2018-09-30": "929.07900", "2018-06-30": "998.23500", "2018-03-31": "1040.12600", "2017-12-31": "614.39700", "2017-09-30": "687.20000", "2017-06-30": "760.60000", "2017-03-31": "557.31600", "2016-12-31": "619.09400", "2016-09-30": "672.04200", "2016-06-30": "557.60100", "2016-03-31": "396.11700", "2015-12-31": "420.06500", "2015-09-30": "449.08600", "2015-06-30": "474.38300", "2015-03-31": "474.33600", "2014-12-31": "491.90400", "2014-09-30": "269.60800", "2014-06-30": "272.03000", "2014-03-31": "181.91200", "2013-12-31": "201.20500", "2013-09-30": "219.06900", "2013-06-30": "111.25200", "2013-03-31": "0.00000", "2012-12-31": "", "2012-09-30": "0.00000", "2012-06-30": "0.00000", "2011-12-31": "0.00000"}}, "cash flow statement": {"Net Income/Loss": {"2019-12-31": "-411.47200", "2018-12-31": "-346.02800", "2017-12-31": "-314.67000", "2016-12-31": "-198.47100", "2015-12-31": "-117.73200", "2014-12-31": "-53.50400", "2013-12-31": "-39.40700", "2012-12-31": "-20.10200", "2011-12-31": "-23.70600"}, "Total Depreciation And Amortization - Cash Flow": {"2019-12-31": "4.89200", "2018-12-31": "3.33500", "2017-12-31": "6.42100", "2016-12-31": "6.48100", "2015-12-31": "3.88100", "2014-12-31": "1.90500", "2013-12-31": "1.72400", "2012-12-31": "1.46600", "2011-12-31": "1.19200"}, "Other Non-Cash Items": {"2019-12-31": "81.95700", "2018-12-31": "73.37700", "2017-12-31": "47.84900", "2016-12-31": "43.43200", "2015-12-31": "31.99600", "2014-12-31": "11.50600", "2013-12-31": "6.87200", "2012-12-31": "7.45900", "2011-12-31": "-10.28900"}, "Total Non-Cash Items": {"2019-12-31": "86.84900", "2018-12-31": "76.71200", "2017-12-31": "54.27000", "2016-12-31": "49.91300", "2015-12-31": "35.87700", "2014-12-31": "13.41100", "2013-12-31": "8.59600", "2012-12-31": "8.92500", "2011-12-31": "-9.09700"}, "Change In Accounts Receivable": {"2019-12-31": "-2.95300", "2018-12-31": "-5.09000", "2017-12-31": "2.43800", "2016-12-31": "3.33900", "2015-12-31": "-1.73300", "2014-12-31": "-6.01600", "2013-12-31": "-0.47600", "2012-12-31": "", "2011-12-31": ""}, "Change In Inventories": {"2019-12-31": "-6.46200", "2018-12-31": "-0.86900", "2017-12-31": "", "2016-12-31": "", "2015-12-31": "", "2014-12-31": "", "2013-12-31": "", "2012-12-31": "", "2011-12-31": ""}, "Change In Accounts Payable": {"2019-12-31": "3.71600", "2018-12-31": "-5.48800", "2017-12-31": "5.32900", "2016-12-31": "3.50100", "2015-12-31": "4.21500", "2014-12-31": "7.57700", "2013-12-31": "0.03000", "2012-12-31": "-0.32200", "2011-12-31": "0.80900"}, "Change In Assets/Liabilities": {"2019-12-31": "-47.53300", "2018-12-31": "-32.28100", "2017-12-31": "-34.12100", "2016-12-31": "163.42600", "2015-12-31": "-3.05000", "2014-12-31": "-20.74900", "2013-12-31": "-26.71900", "2012-12-31": "-25.21200", "2011-12-31": "-1.61700"}, "Total Change In Assets/Liabilities": {"2019-12-31": "-45.99900", "2018-12-31": "-35.10500", "2017-12-31": "-24.83200", "2016-12-31": "187.12000", "2015-12-31": "4.90600", "2014-12-31": "-19.26000", "2013-12-31": "-25.58900", "2012-12-31": "-38.37100", "2011-12-31": "17.58400"}, "Cash Flow From Operating Activities": {"2019-12-31": "-370.62200", "2018-12-31": "-304.42100", "2017-12-31": "-285.23200", "2016-12-31": "38.56200", "2015-12-31": "-76.94900", "2014-12-31": "-59.35300", "2013-12-31": "-56.40000", "2012-12-31": "-49.54800", "2011-12-31": "-15.21900"}, "Net Change In Property, Plant, And Equipment": {"2019-12-31": "-12.17100", "2018-12-31": "-6.98600", "2017-12-31": "-4.62700", "2016-12-31": "-9.91500", "2015-12-31": "-20.16400", "2014-12-31": "-2.21600", "2013-12-31": "-1.29400", "2012-12-31": "-1.47500", "2011-12-31": "-1.90600"}, "Net Change In Intangible Assets": {"2019-12-31": "", "2018-12-31": "", "2017-12-31": "", "2016-12-31": "", "2015-12-31": "", "2014-12-31": "", "2013-12-31": "", "2012-12-31": "", "2011-12-31": ""}, "Net Acquisitions/Divestitures": {"2019-12-31": "", "2018-12-31": "", "2017-12-31": "", "2016-12-31": "", "2015-12-31": "", "2014-12-31": "", "2013-12-31": "", "2012-12-31": "", "2011-12-31": ""}, "Net Change In Short-term Investments": {"2019-12-31": "", "2018-12-31": "", "2017-12-31": "", "2016-12-31": "", "2015-12-31": "", "2014-12-31": "", "2013-12-31": "", "2012-12-31": "", "2011-12-31": ""}, "Net Change In Long-Term Investments": {"2019-12-31": "103.61100", "2018-12-31": "-266.83900", "2017-12-31": "-53.28100", "2016-12-31": "-109.43500", "2015-12-31": "148.47300", "2014-12-31": "-331.69100", "2013-12-31": "-85.92300", "2012-12-31": "24.51700", "2011-12-31": "-20.45400"}, "Net Change In Investments - Total": {"2019-12-31": "103.61100", "2018-12-31": "-266.83900", "2017-12-31": "-53.28100", "2016-12-31": "-109.43500", "2015-12-31": "148.47300", "2014-12-31": "-331.69100", "2013-12-31": "-85.92300", "2012-12-31": "24.51700", "2011-12-31": "-20.45400"}, "Investing Activities - Other": {"2019-12-31": "", "2018-12-31": "", "2017-12-31": "", "2016-12-31": "", "2015-12-31": "", "2014-12-31": "0.57100", "2013-12-31": "", "2012-12-31": "", "2011-12-31": ""}, "Cash Flow From Investing Activities": {"2019-12-31": "91.44000", "2018-12-31": "-273.82500", "2017-12-31": "-57.90800", "2016-12-31": "-119.35000", "2015-12-31": "128.30900", "2014-12-31": "-333.33600", "2013-12-31": "-87.21700", "2012-12-31": "23.04200", "2011-12-31": "-22.36000"}, "Net Long-Term Debt": {"2019-12-31": "-0.11300", "2018-12-31": "", "2017-12-31": "", "2016-12-31": "", "2015-12-31": "", "2014-12-31": "", "2013-12-31": "", "2012-12-31": "", "2011-12-31": ""}, "Net Current Debt": {"2019-12-31": "", "2018-12-31": "", "2017-12-31": "", "2016-12-31": "", "2015-12-31": "", "2014-12-31": "", "2013-12-31": "", "2012-12-31": "", "2011-12-31": ""}, "Debt Issuance/Retirement Net - Total": {"2019-12-31": "-0.11300", "2018-12-31": "", "2017-12-31": "", "2016-12-31": "", "2015-12-31": "", "2014-12-31": "", "2013-12-31": "", "2012-12-31": "", "2011-12-31": ""}, "Net Common Equity Issued/Repurchased": {"2019-12-31": "289.72400", "2018-12-31": "546.41500", "2017-12-31": "284.47200", "2016-12-31": "170.00800", "2015-12-31": "6.58000", "2014-12-31": "335.88000", "2013-12-31": "113.51700", "2012-12-31": "0.14200", "2011-12-31": "0.05700"}, "Net Total Equity Issued/Repurchased": {"2019-12-31": "289.72400", "2018-12-31": "546.41500", "2017-12-31": "284.47200", "2016-12-31": "170.00800", "2015-12-31": "6.58000", "2014-12-31": "335.88000", "2013-12-31": "113.51700", "2012-12-31": "0.14200", "2011-12-31": "77.35800"}, "Total Common And Preferred Stock Dividends Paid": {"2019-12-31": "", "2018-12-31": "", "2017-12-31": "", "2016-12-31": "", "2015-12-31": "", "2014-12-31": "", "2013-12-31": "", "2012-12-31": "", "2011-12-31": ""}, "Financial Activities - Other": {"2019-12-31": "", "2018-12-31": "-0.39100", "2017-12-31": "0.63800", "2016-12-31": "-0.23000", "2015-12-31": "-0.20700", "2014-12-31": "-0.72000", "2013-12-31": "10.36300", "2012-12-31": "", "2011-12-31": ""}, "Cash Flow From Financial Activities": {"2019-12-31": "289.61100", "2018-12-31": "546.02400", "2017-12-31": "285.11000", "2016-12-31": "169.77800", "2015-12-31": "6.37300", "2014-12-31": "335.16000", "2013-12-31": "123.88000", "2012-12-31": "0.14200", "2011-12-31": "77.35800"}, "Net Cash Flow": {"2019-12-31": "10.42900", "2018-12-31": "-32.22200", "2017-12-31": "-58.03000", "2016-12-31": "88.99000", "2015-12-31": "57.73300", "2014-12-31": "-57.52900", "2013-12-31": "-19.73700", "2012-12-31": "-26.36400", "2011-12-31": "39.77900"}, "Stock-Based Compensation": {"2019-12-31": "72.37300", "2018-12-31": "73.35700", "2017-12-31": "47.80900", "2016-12-31": "42.08600", "2015-12-31": "31.96300", "2014-12-31": "11.50600", "2013-12-31": "3.03000", "2012-12-31": "0.74200", "2011-12-31": "0.37100"}, "Common Stock Dividends Paid": {"2019-12-31": "", "2018-12-31": "", "2017-12-31": "", "2016-12-31": "", "2015-12-31": "", "2014-12-31": "", "2013-12-31": "", "2012-12-31": "", "2011-12-31": ""}}, "cash flow statement, quarterly": {"Net Income/Loss": {"2020-09-30": -98.979, "2020-06-30": -90.478, "2020-03-31": "-40.25600", "2019-12-31": -102.35, "2019-09-30": -106.173, "2019-06-30": -109.871, "2019-03-31": "-93.07800", "2018-12-31": -91.794, "2018-09-30": -94.664, "2018-06-30": -68.745, "2018-03-31": "-90.82500", "2017-12-31": -88.285, "2017-09-30": -77.137, "2017-06-30": -83.082, "2017-03-31": "-66.16600", "2016-12-31": -56.486, "2016-09-30": -62.834, "2016-06-30": -55.953, "2016-03-31": "-23.19800", "2015-12-31": -40.622, "2015-09-30": -40.256, "2015-06-30": -31.897, "2015-03-31": "-4.95700", "2014-12-31": -26.664, "2014-09-30": 3.704, "2014-06-30": -18.296, "2014-03-31": "-12.24800", "2013-12-31": -12.382, "2013-09-30": -11.177, "2013-06-30": -8.62, "2013-03-31": "-7.22800", "2012-12-31": -5.311, "2012-09-30": -4.645, "2012-06-30": 13.556, "2011-12-31": -23.7}, "Total Depreciation And Amortization - Cash Flow": {"2020-09-30": 3.449, "2020-06-30": 2.779, "2020-03-31": "2.60000", "2019-12-31": 1.54, "2019-09-30": 1.329, "2019-06-30": 1.149, "2019-03-31": "0.87400", "2018-12-31": 0.614, "2018-09-30": 0.548, "2018-06-30": 0.854, "2018-03-31": "1.31900", "2017-12-31": 1.618, "2017-09-30": 1.545, "2017-06-30": 1.504, "2017-03-31": "1.75400", "2016-12-31": 1.961, "2016-09-30": 1.64, "2016-06-30": 1.508, "2016-03-31": "1.37200", "2015-12-31": 1.253, "2015-09-30": 1.159, "2015-06-30": 0.927, "2015-03-31": "0.54200", "2014-12-31": 0.488, "2014-09-30": 0.453, "2014-06-30": 0.464, "2014-03-31": "0.50000", "2013-12-31": 0.543, "2013-09-30": 0.467, "2013-06-30": 0.37, "2013-03-31": "0.34400", "2012-12-31": 0.372, "2012-09-30": 0.384, "2012-06-30": -0.486, "2011-12-31": 1.19}, "Other Non-Cash Items": {"2020-09-30": 27.739, "2020-06-30": 23.063, "2020-03-31": "21.89300", "2019-12-31": 19.907, "2019-09-30": 21.187, "2019-06-30": 20.67, "2019-03-31": "20.19300", "2018-12-31": 18.227, "2018-09-30": 24.193, "2018-06-30": 16.435, "2018-03-31": "14.52200", "2017-12-31": 12.681, "2017-09-30": 12.207, "2017-06-30": 12.187, "2017-03-31": "10.77400", "2016-12-31": 11.186, "2016-09-30": 12.143, "2016-06-30": 10.996, "2016-03-31": "9.10700", "2015-12-31": 9.386, "2015-09-30": 9.373, "2015-06-30": 8.177, "2015-03-31": "5.06000", "2014-12-31": 4.728, "2014-09-30": 2.892, "2014-06-30": 2.381, "2014-03-31": "1.50500", "2013-12-31": 5.007, "2013-09-30": 1.112, "2013-06-30": 0.329, "2013-03-31": "0.42400", "2012-12-31": -5.148, "2012-09-30": 1.642, "2012-06-30": 3.506, "2011-12-31": 0}, "Total Non-Cash Items": {"2020-09-30": 31.188, "2020-06-30": 25.842, "2020-03-31": "24.49300", "2019-12-31": 21.447, "2019-09-30": 22.516, "2019-06-30": 21.819, "2019-03-31": "21.06700", "2018-12-31": 18.841, "2018-09-30": 24.741, "2018-06-30": 17.289, "2018-03-31": "15.84100", "2017-12-31": 14.299, "2017-09-30": 13.752, "2017-06-30": 13.691, "2017-03-31": "12.52800", "2016-12-31": 13.147, "2016-09-30": 13.783, "2016-06-30": 12.504, "2016-03-31": "10.47900", "2015-12-31": 10.639, "2015-09-30": 10.532, "2015-06-30": 9.104, "2015-03-31": "5.60200", "2014-12-31": 5.216, "2014-09-30": 3.345, "2014-06-30": 2.845, "2014-03-31": "2.00500", "2013-12-31": 5.55, "2013-09-30": 1.579, "2013-06-30": 0.699, "2013-03-31": "0.76800", "2012-12-31": -4.776, "2012-09-30": 2.026, "2012-06-30": 3.02, "2011-12-31": 1.19}, "Change In Accounts Receivable": {"2020-09-30": -6.763, "2020-06-30": -0.17, "2020-03-31": "-3.89900", "2019-12-31": -1.547, "2019-09-30": 0.727, "2019-06-30": -2.997, "2019-03-31": "0.86400", "2018-12-31": -1.512, "2018-09-30": 13.3, "2018-06-30": -15.814, "2018-03-31": "-1.06400", "2017-12-31": 1.041, "2017-09-30": 1.353, "2017-06-30": 6.423, "2017-03-31": "-6.37900", "2016-12-31": 3.296, "2016-09-30": -0.329, "2016-06-30": -1.039, "2016-03-31": "1.41100", "2015-12-31": 0.852, "2015-09-30": 1.397, "2015-06-30": -3.458, "2015-03-31": "-0.52400", "2014-12-31": 12.267, "2014-09-30": -18.759, "2014-06-30": 2.619, "2014-03-31": "-2.14300", "2013-12-31": -0.476, "2013-09-30": 0, "2013-06-30": 0, "2013-03-31": "", "2012-12-31": 0, "2012-09-30": 0, "2012-06-30": 0, "2011-12-31": 0}, "Change In Inventories": {"2020-09-30": -0.14, "2020-06-30": -1.453, "2020-03-31": "-2.44700", "2019-12-31": -1.482, "2019-09-30": -1.19, "2019-06-30": -2.331, "2019-03-31": "-1.45900", "2018-12-31": -0.006, "2018-09-30": -0.863, "2018-06-30": 0, "2018-03-31": "", "2017-12-31": 0, "2017-09-30": 0, "2017-06-30": 0, "2017-03-31": "", "2016-12-31": 0, "2016-09-30": 0, "2016-06-30": 0, "2016-03-31": "", "2015-12-31": 0, "2015-09-30": 0, "2015-06-30": 0, "2015-03-31": "", "2014-12-31": 0, "2014-09-30": 0, "2014-06-30": 0, "2014-03-31": "", "2013-12-31": 0, "2013-09-30": 0, "2013-06-30": 0, "2013-03-31": "", "2012-12-31": 0, "2012-09-30": 0, "2012-06-30": 0, "2011-12-31": 0}, "Change In Accounts Payable": {"2020-09-30": -0.116, "2020-06-30": -5.515, "2020-03-31": "-2.00900", "2019-12-31": 1.067, "2019-09-30": 4.523, "2019-06-30": 3.065, "2019-03-31": "-4.93900", "2018-12-31": 0.342, "2018-09-30": 0.368, "2018-06-30": -1.729, "2018-03-31": "-4.46900", "2017-12-31": 4.587, "2017-09-30": -4.188, "2017-06-30": 5.924, "2017-03-31": "-0.99400", "2016-12-31": 1.833, "2016-09-30": -2.087, "2016-06-30": 4.048, "2016-03-31": "-0.29300", "2015-12-31": 5.539, "2015-09-30": -0.114, "2015-06-30": 1.455, "2015-03-31": "-2.66500", "2014-12-31": 5.223, "2014-09-30": 0.67, "2014-06-30": 0.964, "2014-03-31": "0.72000", "2013-12-31": 1.208, "2013-09-30": -0.907, "2013-06-30": -1.1, "2013-03-31": "0.82900", "2012-12-31": 0.581, "2012-09-30": 0.288, "2012-06-30": -0.869, "2011-12-31": 0}, "Change In Assets/Liabilities": {"2020-09-30": -2.154, "2020-06-30": -9.169, "2020-03-31": "-59.49900", "2019-12-31": -13.377, "2019-09-30": -3.523, "2019-06-30": -12.177, "2019-03-31": "-18.45600", "2018-12-31": -17.218, "2018-09-30": -6.025, "2018-06-30": -7.699, "2018-03-31": "-1.33900", "2017-12-31": -8.86, "2017-09-30": -12.645, "2017-06-30": -6.442, "2017-03-31": "-6.17400", "2016-12-31": -22.539, "2016-09-30": -5.724, "2016-06-30": 196.195, "2016-03-31": "-4.50600", "2015-12-31": -6.101, "2015-09-30": -1.401, "2015-06-30": 32.908, "2015-03-31": "-28.45600", "2014-12-31": -5.634, "2014-09-30": -16.971, "2014-06-30": 9.078, "2014-03-31": "-7.22200", "2013-12-31": -6.231, "2013-09-30": -5.226, "2013-06-30": -8.435, "2013-03-31": "-6.82700", "2012-12-31": 19.264, "2012-09-30": -6.783, "2012-06-30": -12.481, "2011-12-31": 0}, "Total Change In Assets/Liabilities": {"2020-09-30": -0.416, "2020-06-30": -3.161, "2020-03-31": "-89.59500", "2019-12-31": -12.708, "2019-09-30": -1.932, "2019-06-30": -0.099, "2019-03-31": "-31.26000", "2018-12-31": -1.234, "2018-09-30": 6.084, "2018-06-30": -15.939, "2018-03-31": "-24.01600", "2017-12-31": -0.468, "2017-09-30": -14.33, "2017-06-30": 10.402, "2017-03-31": "-20.43600", "2016-12-31": -7.884, "2016-09-30": 0.021, "2016-06-30": 201.273, "2016-03-31": "-6.29000", "2015-12-31": -0.546, "2015-09-30": 4.909, "2015-06-30": 26.773, "2015-03-31": "-26.23000", "2014-12-31": 13.673, "2014-09-30": -30.516, "2014-06-30": 14.38, "2014-03-31": "-16.79700", "2013-12-31": -6.785, "2013-09-30": -5.382, "2013-06-30": -7.901, "2013-03-31": "-5.52100", "2012-12-31": -9.004, "2012-09-30": -8.78, "2012-06-30": -38.166, "2011-12-31": 17.58}, "Cash Flow From Operating Activities": {"2020-09-30": -68.207, "2020-06-30": -67.797, "2020-03-31": "-105.35800", "2019-12-31": -93.611, "2019-09-30": -85.589, "2019-06-30": -88.151, "2019-03-31": "-103.27100", "2018-12-31": -74.187, "2018-09-30": -63.839, "2018-06-30": -67.395, "2018-03-31": "-99.00000", "2017-12-31": -74.454, "2017-09-30": -77.715, "2017-06-30": -58.989, "2017-03-31": "-74.07400", "2016-12-31": -51.223, "2016-09-30": -49.03, "2016-06-30": 157.824, "2016-03-31": "-19.00900", "2015-12-31": -30.529, "2015-09-30": -24.815, "2015-06-30": 3.98, "2015-03-31": "-25.58500", "2014-12-31": -7.775, "2014-09-30": -23.467, "2014-06-30": -1.071, "2014-03-31": "-27.04000", "2013-12-31": -13.617, "2013-09-30": -14.98, "2013-06-30": -15.822, "2013-03-31": "-11.98100", "2012-12-31": -11.621, "2012-09-30": -11.399, "2012-06-30": -11.31, "2011-12-31": -15.21}, "Net Change In Property, Plant, And Equipment": {"2020-09-30": -5.204, "2020-06-30": -4.233, "2020-03-31": "-4.45500", "2019-12-31": -6.824, "2019-09-30": -2.038, "2019-06-30": -1.271, "2019-03-31": "-2.03800", "2018-12-31": -1.053, "2018-09-30": -3.14, "2018-06-30": -1.361, "2018-03-31": "-1.43200", "2017-12-31": -1.28, "2017-09-30": -2.019, "2017-06-30": -1.035, "2017-03-31": "-0.29300", "2016-12-31": -1.222, "2016-09-30": -3.426, "2016-06-30": -2.734, "2016-03-31": "-2.53300", "2015-12-31": -2.186, "2015-09-30": -3.299, "2015-06-30": -10.882, "2015-03-31": "-3.79700", "2014-12-31": -1.489, "2014-09-30": -0.628, "2014-06-30": -0.086, "2014-03-31": "-0.01300", "2013-12-31": -0.219, "2013-09-30": -0.099, "2013-06-30": -0.701, "2013-03-31": "-0.27500", "2012-12-31": -0.021, "2012-09-30": -1.141, "2012-06-30": 1.592, "2011-12-31": -1.9}, "Net Change In Intangible Assets": {"2020-09-30": 0, "2020-06-30": 0, "2020-03-31": "", "2019-12-31": 0, "2019-09-30": 0, "2019-06-30": 0, "2019-03-31": "", "2018-12-31": 0, "2018-09-30": 0, "2018-06-30": 0, "2018-03-31": "", "2017-12-31": 0, "2017-09-30": 0, "2017-06-30": 0, "2017-03-31": "", "2016-12-31": 0, "2016-09-30": 0, "2016-06-30": 0, "2016-03-31": "", "2015-12-31": 0, "2015-09-30": 0, "2015-06-30": 0, "2015-03-31": "", "2014-12-31": 0, "2014-09-30": 0, "2014-06-30": 0, "2014-03-31": "", "2013-12-31": 0, "2013-09-30": 0, "2013-06-30": 0, "2013-03-31": "", "2012-12-31": 0, "2012-09-30": 0, "2012-06-30": 0, "2011-12-31": 0}, "Net Acquisitions/Divestitures": {"2020-09-30": 0, "2020-06-30": 0, "2020-03-31": "", "2019-12-31": 0, "2019-09-30": 0, "2019-06-30": 0, "2019-03-31": "", "2018-12-31": 0, "2018-09-30": 0, "2018-06-30": 0, "2018-03-31": "", "2017-12-31": 0, "2017-09-30": 0, "2017-06-30": 0, "2017-03-31": "", "2016-12-31": 0, "2016-09-30": 0, "2016-06-30": 0, "2016-03-31": "", "2015-12-31": 0, "2015-09-30": 0, "2015-06-30": 0, "2015-03-31": "", "2014-12-31": 0, "2014-09-30": 0, "2014-06-30": 0, "2014-03-31": "", "2013-12-31": 0, "2013-09-30": 0, "2013-06-30": 0, "2013-03-31": "", "2012-12-31": 0, "2012-09-30": 0, "2012-06-30": 0, "2011-12-31": 0}, "Net Change In Short-term Investments": {"2020-09-30": 0, "2020-06-30": 0, "2020-03-31": "", "2019-12-31": 0, "2019-09-30": 0, "2019-06-30": 0, "2019-03-31": "", "2018-12-31": 0, "2018-09-30": 0, "2018-06-30": 0, "2018-03-31": "", "2017-12-31": 0, "2017-09-30": 0, "2017-06-30": 0, "2017-03-31": "", "2016-12-31": 0, "2016-09-30": 0, "2016-06-30": 0, "2016-03-31": "", "2015-12-31": 0, "2015-09-30": 0, "2015-06-30": 0, "2015-03-31": "", "2014-12-31": 0, "2014-09-30": 0, "2014-06-30": 0, "2014-03-31": "", "2013-12-31": 0, "2013-09-30": 0, "2013-06-30": 0, "2013-03-31": "", "2012-12-31": 0, "2012-09-30": 0, "2012-06-30": 0, "2011-12-31": 0}, "Net Change In Long-Term Investments": {"2020-09-30": -121.04, "2020-06-30": 26.692, "2020-03-31": "112.59000", "2019-12-31": -177.949, "2019-09-30": 82.419, "2019-06-30": 65.751, "2019-03-31": "133.39000", "2018-12-31": -11.752, "2018-09-30": 5.911, "2018-06-30": -94.898, "2018-03-31": "-166.10000", "2017-12-31": 43.128, "2017-09-30": 68.436, "2017-06-30": -274.69, "2017-03-31": "109.84500", "2016-12-31": -76.296, "2016-09-30": -59.318, "2016-06-30": 38.474, "2016-03-31": "-12.29500", "2015-12-31": 23.144, "2015-09-30": 33.456, "2015-06-30": 43.088, "2015-03-31": "48.78500", "2014-12-31": -285.813, "2014-09-30": -15.041, "2014-06-30": -18.585, "2014-03-31": "-12.25200", "2013-12-31": -20.191, "2013-09-30": -80.623, "2013-06-30": 10.58, "2013-03-31": "4.31100", "2012-12-31": -4.654, "2012-09-30": -0.581, "2012-06-30": 5.235, "2011-12-31": 0}, "Net Change In Investments - Total": {"2020-09-30": -121.04, "2020-06-30": 26.692, "2020-03-31": "112.59000", "2019-12-31": -177.949, "2019-09-30": 82.419, "2019-06-30": 65.751, "2019-03-31": "133.39000", "2018-12-31": -11.752, "2018-09-30": 5.911, "2018-06-30": -94.898, "2018-03-31": "-166.10000", "2017-12-31": 43.128, "2017-09-30": 68.436, "2017-06-30": -274.69, "2017-03-31": "109.84500", "2016-12-31": -76.296, "2016-09-30": -59.318, "2016-06-30": 38.474, "2016-03-31": "-12.29500", "2015-12-31": 23.144, "2015-09-30": 33.456, "2015-06-30": 43.088, "2015-03-31": "48.78500", "2014-12-31": -285.813, "2014-09-30": -15.041, "2014-06-30": -18.585, "2014-03-31": "-12.25200", "2013-12-31": -20.191, "2013-09-30": -80.623, "2013-06-30": 10.58, "2013-03-31": "4.31100", "2012-12-31": 19.856, "2012-09-30": -0.581, "2012-06-30": 25.685, "2011-12-31": -20.45}, "Investing Activities - Other": {"2020-09-30": 0, "2020-06-30": 0, "2020-03-31": "", "2019-12-31": 0, "2019-09-30": 0, "2019-06-30": 0, "2019-03-31": "", "2018-12-31": 0, "2018-09-30": 0, "2018-06-30": 0, "2018-03-31": "", "2017-12-31": 0, "2017-09-30": 0, "2017-06-30": 0, "2017-03-31": "", "2016-12-31": 0, "2016-09-30": 0, "2016-06-30": 0, "2016-03-31": "", "2015-12-31": 0, "2015-09-30": 0, "2015-06-30": 0, "2015-03-31": "", "2014-12-31": 0, "2014-09-30": 0.571, "2014-06-30": 0, "2014-03-31": "", "2013-12-31": 0, "2013-09-30": 0, "2013-06-30": 0, "2013-03-31": "", "2012-12-31": 0, "2012-09-30": 0, "2012-06-30": 0, "2011-12-31": 0}, "Cash Flow From Investing Activities": {"2020-09-30": -126.244, "2020-06-30": 22.459, "2020-03-31": "108.13500", "2019-12-31": -184.773, "2019-09-30": 80.381, "2019-06-30": 64.48, "2019-03-31": "131.35200", "2018-12-31": -12.805, "2018-09-30": 2.771, "2018-06-30": -96.259, "2018-03-31": "-167.53200", "2017-12-31": 41.848, "2017-09-30": 66.417, "2017-06-30": -275.725, "2017-03-31": "109.55200", "2016-12-31": -77.518, "2016-09-30": -62.744, "2016-06-30": 35.74, "2016-03-31": "-14.82800", "2015-12-31": 20.958, "2015-09-30": 30.157, "2015-06-30": 32.206, "2015-03-31": "44.98800", "2014-12-31": -287.302, "2014-09-30": -15.098, "2014-06-30": -18.671, "2014-03-31": "-12.26500", "2013-12-31": -20.41, "2013-09-30": -80.722, "2013-06-30": 9.879, "2013-03-31": "4.03600", "2012-12-31": 19.835, "2012-09-30": -1.722, "2012-06-30": 27.287, "2011-12-31": -22.36}, "Net Long-Term Debt": {"2020-09-30": -0.084, "2020-06-30": -0.086, "2020-03-31": "-0.08000", "2019-12-31": -0.113, "2019-09-30": 0, "2019-06-30": 0, "2019-03-31": "", "2018-12-31": 0, "2018-09-30": 0, "2018-06-30": 0, "2018-03-31": "", "2017-12-31": 0, "2017-09-30": 0, "2017-06-30": 0, "2017-03-31": "", "2016-12-31": 0, "2016-09-30": 0, "2016-06-30": 0, "2016-03-31": "", "2015-12-31": 0, "2015-09-30": 0, "2015-06-30": 0, "2015-03-31": "", "2014-12-31": 0, "2014-09-30": 0, "2014-06-30": 0, "2014-03-31": "", "2013-12-31": 0, "2013-09-30": 0, "2013-06-30": 0, "2013-03-31": "", "2012-12-31": 0, "2012-09-30": 0, "2012-06-30": 0, "2011-12-31": 0}, "Net Current Debt": {"2020-09-30": 0, "2020-06-30": 0, "2020-03-31": "", "2019-12-31": 0, "2019-09-30": 0, "2019-06-30": 0, "2019-03-31": "", "2018-12-31": 0, "2018-09-30": 0, "2018-06-30": 0, "2018-03-31": "", "2017-12-31": 0, "2017-09-30": 0, "2017-06-30": 0, "2017-03-31": "", "2016-12-31": 0, "2016-09-30": 0, "2016-06-30": 0, "2016-03-31": "", "2015-12-31": 0, "2015-09-30": 0, "2015-06-30": 0, "2015-03-31": "", "2014-12-31": 0, "2014-09-30": 0, "2014-06-30": 0, "2014-03-31": "", "2013-12-31": 0, "2013-09-30": 0, "2013-06-30": 0, "2013-03-31": "", "2012-12-31": 0, "2012-09-30": 0, "2012-06-30": 0, "2011-12-31": 0}, "Debt Issuance/Retirement Net - Total": {"2020-09-30": -0.084, "2020-06-30": -0.086, "2020-03-31": "-0.08000", "2019-12-31": -0.113, "2019-09-30": 0, "2019-06-30": 0, "2019-03-31": "", "2018-12-31": 0, "2018-09-30": 0, "2018-06-30": 0, "2018-03-31": "", "2017-12-31": 0, "2017-09-30": 0, "2017-06-30": 0, "2017-03-31": "", "2016-12-31": 0, "2016-09-30": 0, "2016-06-30": 0, "2016-03-31": "", "2015-12-31": 0, "2015-09-30": 0, "2015-06-30": 0, "2015-03-31": "", "2014-12-31": 0, "2014-09-30": 0, "2014-06-30": 0, "2014-03-31": "", "2013-12-31": 0, "2013-09-30": 0, "2013-06-30": 0, "2013-03-31": "", "2012-12-31": 0, "2012-09-30": 0, "2012-06-30": 0, "2011-12-31": 0}, "Net Common Equity Issued/Repurchased": {"2020-09-30": 3.532, "2020-06-30": 1.652, "2020-03-31": "5.46500", "2019-12-31": 277.719, "2019-09-30": 3.337, "2019-06-30": 3.808, "2019-03-31": "4.86000", "2018-12-31": 1.016, "2018-09-30": 7.223, "2018-06-30": 9.711, "2018-03-31": "528.46500", "2017-12-31": 1.862, "2017-09-30": 5.515, "2017-06-30": 272.949, "2017-03-31": "4.14600", "2016-12-31": 4.099, "2016-09-30": 163.352, "2016-06-30": 1.449, "2016-03-31": "1.10800", "2015-12-31": 1.287, "2015-09-30": 2.38, "2015-06-30": 1.091, "2015-03-31": "1.82200", "2014-12-31": 239.779, "2014-09-30": 0.367, "2014-06-30": 95.734, "2014-03-31": "", "2013-12-31": -10.787, "2013-09-30": 124.232, "2013-06-30": 0.047, "2013-03-31": "0.02500", "2012-12-31": -0.088, "2012-09-30": 0.034, "2012-06-30": 0.054, "2011-12-31": 0}, "Net Total Equity Issued/Repurchased": {"2020-09-30": 3.532, "2020-06-30": 1.652, "2020-03-31": "5.46500", "2019-12-31": 277.719, "2019-09-30": 3.337, "2019-06-30": 3.808, "2019-03-31": "4.86000", "2018-12-31": 1.016, "2018-09-30": 7.223, "2018-06-30": 9.711, "2018-03-31": "528.46500", "2017-12-31": 1.862, "2017-09-30": 5.515, "2017-06-30": 272.949, "2017-03-31": "4.14600", "2016-12-31": 4.099, "2016-09-30": 163.352, "2016-06-30": 1.449, "2016-03-31": "1.10800", "2015-12-31": 1.287, "2015-09-30": 2.38, "2015-06-30": 1.091, "2015-03-31": "1.82200", "2014-12-31": 239.779, "2014-09-30": 0.367, "2014-06-30": 95.152, "2014-03-31": "0.58200", "2013-12-31": -10.787, "2013-09-30": 124.232, "2013-06-30": 0.047, "2013-03-31": "0.02500", "2012-12-31": 0.052, "2012-09-30": 0.034, "2012-06-30": -77.296, "2011-12-31": 77.35}, "Total Common And Preferred Stock Dividends Paid": {"2020-09-30": 0, "2020-06-30": 0, "2020-03-31": "", "2019-12-31": 0, "2019-09-30": 0, "2019-06-30": 0, "2019-03-31": "", "2018-12-31": 0, "2018-09-30": 0, "2018-06-30": 0, "2018-03-31": "", "2017-12-31": 0, "2017-09-30": 0, "2017-06-30": 0, "2017-03-31": "", "2016-12-31": 0, "2016-09-30": 0, "2016-06-30": 0, "2016-03-31": "", "2015-12-31": 0, "2015-09-30": 0, "2015-06-30": 0, "2015-03-31": "", "2014-12-31": 0, "2014-09-30": 0, "2014-06-30": 0, "2014-03-31": "", "2013-12-31": 0, "2013-09-30": 0, "2013-06-30": 0, "2013-03-31": "", "2012-12-31": 0, "2012-09-30": 0, "2012-06-30": 0, "2011-12-31": 0}, "Financial Activities - Other": {"2020-09-30": 0, "2020-06-30": 250.537, "2020-03-31": "", "2019-12-31": 0, "2019-09-30": 0, "2019-06-30": 0, "2019-03-31": "", "2018-12-31": 0, "2018-09-30": 0, "2018-06-30": -0.203, "2018-03-31": "-0.18800", "2017-12-31": 0.727, "2017-09-30": -0.193, "2017-06-30": 0.204, "2017-03-31": "-0.10000", "2016-12-31": -0.106, "2016-09-30": -0.124, "2016-06-30": 0, "2016-03-31": "", "2015-12-31": 0, "2015-09-30": -0.207, "2015-06-30": 0, "2015-03-31": "", "2014-12-31": -0.72, "2014-09-30": 0, "2014-06-30": 0, "2014-03-31": "", "2013-12-31": 10.363, "2013-09-30": 0, "2013-06-30": 0, "2013-03-31": "", "2012-12-31": 0, "2012-09-30": 0, "2012-06-30": 0, "2011-12-31": 0}, "Cash Flow From Financial Activities": {"2020-09-30": 3.448, "2020-06-30": 252.103, "2020-03-31": "5.38500", "2019-12-31": 277.606, "2019-09-30": 3.337, "2019-06-30": 3.808, "2019-03-31": "4.86000", "2018-12-31": 1.016, "2018-09-30": 7.223, "2018-06-30": 9.508, "2018-03-31": "528.27700", "2017-12-31": 2.589, "2017-09-30": 5.322, "2017-06-30": 273.153, "2017-03-31": "4.04600", "2016-12-31": 3.993, "2016-09-30": 163.228, "2016-06-30": 1.449, "2016-03-31": "1.10800", "2015-12-31": 1.287, "2015-09-30": 2.173, "2015-06-30": 1.091, "2015-03-31": "1.82200", "2014-12-31": 239.059, "2014-09-30": 0.367, "2014-06-30": 95.152, "2014-03-31": "0.58200", "2013-12-31": -0.424, "2013-09-30": 124.232, "2013-06-30": 0.047, "2013-03-31": "0.02500", "2012-12-31": 0.052, "2012-09-30": 0.034, "2012-06-30": -77.296, "2011-12-31": 77.35}, "Net Cash Flow": {"2020-09-30": -191.003, "2020-06-30": 206.765, "2020-03-31": "8.16200", "2019-12-31": -0.778, "2019-09-30": -1.871, "2019-06-30": -19.863, "2019-03-31": "32.94100", "2018-12-31": -85.976, "2018-09-30": -53.845, "2018-06-30": -154.146, "2018-03-31": "261.74500", "2017-12-31": -30.017, "2017-09-30": -5.976, "2017-06-30": -61.561, "2017-03-31": "39.52400", "2016-12-31": -124.748, "2016-09-30": 51.454, "2016-06-30": 195.013, "2016-03-31": "-32.72900", "2015-12-31": -8.284, "2015-09-30": 7.515, "2015-06-30": 37.277, "2015-03-31": "21.22500", "2014-12-31": -56.018, "2014-09-30": -38.198, "2014-06-30": 75.41, "2014-03-31": "-38.72300", "2013-12-31": -34.451, "2013-09-30": 28.53, "2013-06-30": -5.896, "2013-03-31": "-7.92000", "2012-12-31": 8.266, "2012-09-30": -13.087, "2012-06-30": -61.309, "2011-12-31": 39.77}, "Stock-Based Compensation": {"2020-09-30": 18.407, "2020-06-30": 20.43, "2020-03-31": "19.69000", "2019-12-31": 17.13, "2019-09-30": 18.588, "2019-06-30": 18.547, "2019-03-31": "18.10800", "2018-12-31": 18.187, "2018-09-30": 24.193, "2018-06-30": 16.455, "2018-03-31": "14.52200", "2017-12-31": 12.681, "2017-09-30": 12.207, "2017-06-30": 12.187, "2017-03-31": "10.73400", "2016-12-31": 9.84, "2016-09-30": 12.143, "2016-06-30": 10.996, "2016-03-31": "9.10700", "2015-12-31": 9.353, "2015-09-30": 9.373, "2015-06-30": 8.177, "2015-03-31": "5.06000", "2014-12-31": 4.728, "2014-09-30": 2.892, "2014-06-30": 2.381, "2014-03-31": "1.50500", "2013-12-31": 1.165, "2013-09-30": 1.112, "2013-06-30": 0.329, "2013-03-31": "0.42400", "2012-12-31": -0.359, "2012-09-30": 0.17, "2012-06-30": 0.189, "2011-12-31": 0}, "Common Stock Dividends Paid": {"2020-09-30": 0, "2020-06-30": 0, "2020-03-31": "", "2019-12-31": 0, "2019-09-30": 0, "2019-06-30": 0, "2019-03-31": "", "2018-12-31": 0, "2018-09-30": 0, "2018-06-30": 0, "2018-03-31": "", "2017-12-31": 0, "2017-09-30": 0, "2017-06-30": 0, "2017-03-31": "", "2016-12-31": 0, "2016-09-30": 0, "2016-06-30": 0, "2016-03-31": "", "2015-12-31": 0, "2015-09-30": 0, "2015-06-30": 0, "2015-03-31": "", "2014-12-31": 0, "2014-09-30": 0, "2014-06-30": 0, "2014-03-31": "", "2013-12-31": 0, "2013-09-30": 0, "2013-06-30": 0, "2013-03-31": "", "2012-12-31": 0, "2012-09-30": 0, "2012-06-30": 0, "2011-12-31": 0}}, "financial ratios": {"Current Ratio": {"2019-12-31": "6.58550", "2018-12-31": "6.56430", "2017-12-31": "4.68990", "2016-12-31": "6.33130", "2015-12-31": "6.37820", "2014-12-31": "5.88560", "2013-12-31": "4.59650", "2012-12-31": "3.70640", "2011-12-31": ""}, "Long-term Debt / Capital": {"2019-12-31": "0.00100", "2018-12-31": "", "2017-12-31": "", "2016-12-31": "", "2015-12-31": "", "2014-12-31": "", "2013-12-31": "", "2012-12-31": "", "2011-12-31": ""}, "Debt/Equity Ratio": {"2019-12-31": "0.00150", "2018-12-31": "", "2017-12-31": "", "2016-12-31": "", "2015-12-31": "", "2014-12-31": "", "2013-12-31": "", "2012-12-31": "", "2011-12-31": ""}, "Gross Margin": {"2019-12-31": "98.88310", "2018-12-31": "98.51990", "2017-12-31": "100.00000", "2016-12-31": "100.00000", "2015-12-31": "100.00000", "2014-12-31": "100.00000", "2013-12-31": "100.00000", "2012-12-31": "100.00000", "2011-12-31": "100.00000"}, "Operating Margin": {"2019-12-31": "-361.56880", "2018-12-31": "-384.03490", "2017-12-31": "-745.84170", "2016-12-31": "-287.56510", "2015-12-31": "-200.78150", "2014-12-31": "-82.82540", "2013-12-31": "-152.19590", "2012-12-31": "-91.59160", "2011-12-31": "-76.15970"}, "EBIT Margin": {"2019-12-31": "-361.56880", "2018-12-31": "-384.03490", "2017-12-31": "-745.84170", "2016-12-31": "-287.56510", "2015-12-31": "-200.78150", "2014-12-31": "-82.82540", "2013-12-31": "-152.19590", "2012-12-31": "-91.59160", "2011-12-31": "-76.15970"}, "EBITDA Margin": {"2019-12-31": "-357.42000", "2018-12-31": "-380.50160", "2017-12-31": "-730.91300", "2016-12-31": "-278.29220", "2015-12-31": "-194.21680", "2014-12-31": "-79.91060", "2013-12-31": "-145.44780", "2012-12-31": "-85.75240", "2011-12-31": "-70.70110"}, "Pre-Tax Profit Margin": {"2019-12-31": "-348.96530", "2018-12-31": "-366.60560", "2017-12-31": "-731.60350", "2016-12-31": "-283.96810", "2015-12-31": "-199.14410", "2014-12-31": "-82.51480", "2013-12-31": "-151.98060", "2012-12-31": "-91.31680", "2011-12-31": "-75.55530"}, "Net Profit Margin": {"2019-12-31": "-348.96530", "2018-12-31": "-366.60560", "2017-12-31": "-731.60350", "2016-12-31": "-283.96810", "2015-12-31": "-199.14410", "2014-12-31": "-81.86300", "2013-12-31": "-170.53780", "2012-12-31": "-108.70710", "2011-12-31": "-122.75500"}, "Asset Turnover": {"2019-12-31": "0.13240", "2018-12-31": "0.10990", "2017-12-31": "0.07000", "2016-12-31": "0.11290", "2015-12-31": "0.14070", "2014-12-31": "0.13290", "2013-12-31": "0.12700", "2012-12-31": "0.18320", "2011-12-31": ""}, "Inventory Turnover Ratio": {"2019-12-31": "0.17960", "2018-12-31": "1.60760", "2017-12-31": "", "2016-12-31": "", "2015-12-31": "", "2014-12-31": "", "2013-12-31": "", "2012-12-31": "", "2011-12-31": ""}, "Receiveable Turnover": {"2019-12-31": "7.69710", "2018-12-31": "9.03920", "2017-12-31": "11.71960", "2016-12-31": "8.40650", "2015-12-31": "5.09690", "2014-12-31": "5.15970", "2013-12-31": "53.67230", "2012-12-31": "", "2011-12-31": ""}, "Days Sales In Receivables": {"2019-12-31": "47.42040", "2018-12-31": "40.37980", "2017-12-31": "31.14440", "2016-12-31": "43.41860", "2015-12-31": "71.61210", "2014-12-31": "70.74050", "2013-12-31": "6.80050", "2012-12-31": "", "2011-12-31": ""}, "ROE - Return On Equity": {"2019-12-31": "-64.23950", "2018-12-31": "-50.32870", "2017-12-31": "-83.79960", "2016-12-31": "-55.34750", "2015-12-31": "-34.11350", "2014-12-31": "-12.60800", "2013-12-31": "-29.97140", "2012-12-31": "27.91010", "2011-12-31": ""}, "Return On Tangible Equity": {"2019-12-31": "-64.23950", "2018-12-31": "-50.32860", "2017-12-31": "-83.79960", "2016-12-31": "-55.34750", "2015-12-31": "-34.11360", "2014-12-31": "-12.60800", "2013-12-31": "-29.97140", "2012-12-31": "-45.79250", "2011-12-31": ""}, "ROA - Return On Assets": {"2019-12-31": "-46.19440", "2018-12-31": "-40.30810", "2017-12-31": "-51.21610", "2016-12-31": "-32.05830", "2015-12-31": "-28.02710", "2014-12-31": "-10.87690", "2013-12-31": "-19.58550", "2012-12-31": "-14.67210", "2011-12-31": ""}, "ROI - Return On Investment": {"2019-12-31": "-64.17210", "2018-12-31": "-50.32860", "2017-12-31": "-83.79960", "2016-12-31": "-55.34750", "2015-12-31": "-34.11360", "2014-12-31": "-12.60800", "2013-12-31": "-29.97140", "2012-12-31": "-45.79250", "2011-12-31": ""}, "Book Value Per Share": {"2019-12-31": "9.36430", "2018-12-31": "11.80950", "2017-12-31": "7.69060", "2016-12-31": "8.49340", "2015-12-31": "9.15510", "2014-12-31": "11.43810", "2013-12-31": "4.21380", "2012-12-31": "12.13990", "2011-12-31": ""}, "Operating Cash Flow Per Share": {"2019-12-31": -0.8758, "2018-12-31": 0.8207, "2017-12-31": -7.1081, "2016-12-31": 3.0415, "2015-12-31": -0.293, "2014-12-31": 1.8959, "2013-12-31": 10.9056, "2012-12-31": -9.5133, "2011-12-31": -5.0511}, "Free Cash Flow Per Share": {"2019-12-31": -0.957, "2018-12-31": 0.7983, "2017-12-31": -6.954, "2016-12-31": 3.3268, "2015-12-31": -0.7658, "2014-12-31": 1.9139, "2013-12-31": 11.2552, "2012-12-31": -9.3142, "2011-12-31": -5.6837}}, "financial ratios, quarterly": {"Current Ratio": {"2020-09-30": "9.58970", "2020-06-30": "13.15180", "2020-03-31": "8.40670", "2019-12-31": "6.58550", "2019-09-30": "5.30280", "2019-06-30": "5.96290", "2019-03-31": "6.88560", "2018-12-31": "6.56430", "2018-09-30": "8.20740", "2018-06-30": "8.88160", "2018-03-31": "10.74970", "2017-12-31": "4.68990", "2017-09-30": "5.99590", "2017-06-30": "6.45700", "2017-03-31": "6.14910", "2016-12-31": "6.33130", "2016-09-30": "7.70410", "2016-06-30": "7.19790", "2016-03-31": "7.31260", "2015-12-31": "6.37820", "2015-09-30": "7.46970", "2015-06-30": "8.63210", "2015-03-31": "10.00970", "2014-12-31": "5.88560", "2014-09-30": "7.05620", "2014-06-30": "5.49220", "2014-03-31": "5.05900", "2013-12-31": "4.59650", "2013-09-30": "5.31930", "2013-06-30": "2.77270", "2013-03-31": "", "2012-12-31": "", "2012-09-30": "", "2012-06-30": "", "2011-12-31": ""}, "Long-term Debt / Capital": {"2020-09-30": "0.00090", "2020-06-30": "0.00090", "2020-03-31": "0.00090", "2019-12-31": "0.00100", "2019-09-30": "", "2019-06-30": "", "2019-03-31": "", "2018-12-31": "", "2018-09-30": "", "2018-06-30": "", "2018-03-31": "", "2017-12-31": "", "2017-09-30": "", "2017-06-30": "", "2017-03-31": "", "2016-12-31": "", "2016-09-30": "", "2016-06-30": "", "2016-03-31": "", "2015-12-31": "", "2015-09-30": "", "2015-06-30": "", "2015-03-31": "", "2014-12-31": "", "2014-09-30": "", "2014-06-30": "", "2014-03-31": "", "2013-12-31": "", "2013-09-30": "", "2013-06-30": "", "2013-03-31": "", "2012-12-31": "", "2012-09-30": "", "2012-06-30": "", "2011-12-31": ""}, "Debt/Equity Ratio": {"2020-09-30": "0.00150", "2020-06-30": "0.00140", "2020-03-31": "0.00140", "2019-12-31": "0.00150", "2019-09-30": "", "2019-06-30": "", "2019-03-31": "", "2018-12-31": "", "2018-09-30": "", "2018-06-30": "", "2018-03-31": "", "2017-12-31": "", "2017-09-30": "", "2017-06-30": "", "2017-03-31": "", "2016-12-31": "", "2016-09-30": "", "2016-06-30": "", "2016-03-31": "", "2015-12-31": "", "2015-09-30": "", "2015-06-30": "", "2015-03-31": "", "2014-12-31": "", "2014-09-30": "", "2014-06-30": "", "2014-03-31": "", "2013-12-31": "", "2013-09-30": "", "2013-06-30": "", "2013-03-31": "", "2012-12-31": "", "2012-09-30": "", "2012-06-30": "", "2011-12-31": ""}, "Gross Margin": {"2020-09-30": "98.16170", "2020-06-30": "98.19260", "2020-03-31": "99.38810", "2019-12-31": "99.19020", "2019-09-30": "98.48990", "2019-06-30": "98.84440", "2019-03-31": "98.89500", "2018-12-31": "97.66100", "2018-09-30": "95.42700", "2018-06-30": "100.00000", "2018-03-31": "100.00000", "2017-12-31": "100.00000", "2017-09-30": "100.00000", "2017-06-30": "100.00000", "2017-03-31": "100.00000", "2016-12-31": "100.00000", "2016-09-30": "100.00000", "2016-06-30": "100.00000", "2016-03-31": "100.00000", "2015-12-31": "100.00000", "2015-09-30": "100.00000", "2015-06-30": "100.00000", "2015-03-31": "100.00000", "2014-12-31": "100.00000", "2014-09-30": "100.00000", "2014-06-30": "100.00000", "2014-03-31": "100.00000", "2013-12-31": "100.00000", "2013-09-30": "100.00000", "2013-06-30": "100.00000", "2013-03-31": "100.00000", "2012-12-31": "", "2012-09-30": "100.00000", "2012-06-30": "100.00000", "2011-12-31": ""}, "Operating Margin": {"2020-09-30": "-260.26330", "2020-06-30": "-241.50800", "2020-03-31": "-49.59010", "2019-12-31": "-298.89670", "2019-09-30": "-419.07470", "2019-06-30": "-434.23590", "2019-03-31": "-322.50310", "2018-12-31": "-321.04750", "2018-09-30": "-652.46750", "2018-06-30": "-180.50430", "2018-03-31": "-1072.95100", "2017-12-31": "-919.78740", "2017-09-30": "-695.69470", "2017-06-30": "-745.63720", "2017-03-31": "-638.05660", "2016-12-31": "-253.48370", "2016-09-30": "-706.86700", "2016-06-30": "-809.25770", "2016-03-31": "-75.42600", "2015-12-31": "-657.71960", "2015-09-30": "-738.59490", "2015-06-30": "-243.08200", "2015-03-31": "-15.18920", "2014-12-31": "-182.61140", "2014-09-30": "9.46310", "2014-06-30": "-217.92890", "2014-03-31": "-146.04680", "2013-12-31": "-181.52430", "2013-09-30": "-176.59540", "2013-06-30": "-136.02430", "2013-03-31": "-112.41220", "2012-12-31": "", "2012-09-30": "-81.52520", "2012-06-30": "-97.37600", "2011-12-31": ""}, "EBIT Margin": {"2020-09-30": "-260.26330", "2020-06-30": "-241.50800", "2020-03-31": "-49.59010", "2019-12-31": "-298.89670", "2019-09-30": "-419.07470", "2019-06-30": "-434.23590", "2019-03-31": "-322.50310", "2018-12-31": "-321.04760", "2018-09-30": "-652.46750", "2018-06-30": "-180.50430", "2018-03-31": "-1072.95100", "2017-12-31": "-919.78750", "2017-09-30": "-695.69470", "2017-06-30": "-745.63720", "2017-03-31": "-638.05660", "2016-12-31": "-253.48370", "2016-09-30": "-706.86700", "2016-06-30": "-809.25770", "2016-03-31": "-75.42600", "2015-12-31": "-657.71950", "2015-09-30": "-738.59490", "2015-06-30": "-243.08200", "2015-03-31": "-15.18920", "2014-12-31": "-182.61140", "2014-09-30": "9.46310", "2014-06-30": "-217.92890", "2014-03-31": "-146.04680", "2013-12-31": "-181.52430", "2013-09-30": "-176.59540", "2013-06-30": "-136.02430", "2013-03-31": "-112.41220", "2012-12-31": "", "2012-09-30": "-81.52520", "2012-06-30": "-97.37600", "2011-12-31": ""}, "EBITDA Margin": {"2020-09-30": "", "2020-06-30": "", "2020-03-31": "", "2019-12-31": "", "2019-09-30": "", "2019-06-30": "", "2019-03-31": "", "2018-12-31": "", "2018-09-30": "", "2018-06-30": "", "2018-03-31": "", "2017-12-31": "", "2017-09-30": "", "2017-06-30": "", "2017-03-31": "", "2016-12-31": "", "2016-09-30": "", "2016-06-30": "", "2016-03-31": "", "2015-12-31": "", "2015-09-30": "", "2015-06-30": "", "2015-03-31": "", "2014-12-31": "", "2014-09-30": "", "2014-06-30": "", "2014-03-31": "", "2013-12-31": "", "2013-09-30": "", "2013-06-30": "", "2013-03-31": "", "2012-12-31": "", "2012-09-30": "", "2012-06-30": "", "2011-12-31": ""}, "Pre-Tax Profit Margin": {"2020-09-30": "-285.19270", "2020-06-30": "-242.26310", "2020-03-31": "-46.21920", "2019-12-31": "-288.79800", "2019-09-30": "-407.98100", "2019-06-30": "-419.01910", "2019-03-31": "-307.93000", "2018-12-31": "-305.84750", "2018-09-30": "-622.87150", "2018-06-30": "-170.10190", "2018-03-31": "-1036.57800", "2017-12-31": "-900.95920", "2017-09-30": "-679.14250", "2017-06-30": "-732.25810", "2017-03-31": "-629.67260", "2016-12-31": "-249.40830", "2016-09-30": "-699.32110", "2016-06-30": "-801.84870", "2016-03-31": "-74.16000", "2015-12-31": "-653.28080", "2015-09-30": "-734.61680", "2015-06-30": "-241.29660", "2015-03-31": "-14.49330", "2014-12-31": "-182.03060", "2014-09-30": "9.60470", "2014-06-30": "-217.52470", "2014-03-31": "-145.61880", "2013-12-31": "-181.09430", "2013-09-30": "-176.38800", "2013-06-30": "-135.94450", "2013-03-31": "-112.28460", "2012-12-31": "", "2012-09-30": "-81.31780", "2012-06-30": "-97.02610", "2011-12-31": ""}, "Net Profit Margin": {"2020-09-30": "-285.19270", "2020-06-30": "-242.26310", "2020-03-31": "-46.21920", "2019-12-31": "-288.79790", "2019-09-30": "-407.98100", "2019-06-30": "-419.01910", "2019-03-31": "-307.93000", "2018-12-31": "-305.84750", "2018-09-30": "-622.87150", "2018-06-30": "-170.10190", "2018-03-31": "-1036.57800", "2017-12-31": "-900.95920", "2017-09-30": "-679.14250", "2017-06-30": "-732.25810", "2017-03-31": "-629.67260", "2016-12-31": "-249.40830", "2016-09-30": "-699.32110", "2016-06-30": "-801.84860", "2016-03-31": "-74.16000", "2015-12-31": "-653.28110", "2015-09-30": "-734.61680", "2015-06-30": "-241.29660", "2015-03-31": "-14.49330", "2014-12-31": "-182.18090", "2014-09-30": "10.92630", "2014-06-30": "-217.52460", "2014-03-31": "-145.61880", "2013-12-31": "-183.60020", "2013-09-30": "-187.36440", "2013-06-30": "-166.20930", "2013-03-31": "-143.98530", "2012-12-31": "", "2012-09-30": "-45.42120", "2012-06-30": "-116.26910", "2011-12-31": ""}, "Asset Turnover": {"2020-09-30": "0.03820", "2020-06-30": "0.03830", "2020-03-31": "0.10890", "2019-12-31": "0.03980", "2019-09-30": "0.03730", "2019-06-30": "0.03350", "2019-03-31": "0.03680", "2018-12-31": "0.03500", "2018-09-30": "0.01640", "2018-06-30": "0.04050", "2018-03-31": "0.00840", "2017-12-31": "0.01590", "2017-09-30": "0.01650", "2017-06-30": "0.01490", "2017-03-31": "0.01890", "2016-12-31": "0.03660", "2016-09-30": "0.01340", "2016-06-30": "0.01250", "2016-03-31": "0.07900", "2015-12-31": "0.01480", "2015-09-30": "0.01220", "2015-06-30": "0.02790", "2015-03-31": "0.07210", "2014-12-31": "0.02980", "2014-09-30": "0.12570", "2014-06-30": "0.03090", "2014-03-31": "0.04620", "2013-12-31": "0.03350", "2013-09-30": "0.02860", "2013-06-30": "0.05630", "2013-03-31": "", "2012-12-31": "", "2012-09-30": "", "2012-06-30": "", "2011-12-31": ""}, "Inventory Turnover Ratio": {"2020-09-30": "0.05610", "2020-06-30": "0.06010", "2020-03-31": "0.05450", "2019-12-31": "0.03910", "2019-09-30": "0.06720", "2019-06-30": "0.06500", "2019-03-31": "0.14350", "2018-12-31": "0.80780", "2018-09-30": "0.80530", "2018-06-30": "", "2018-03-31": "", "2017-12-31": "", "2017-09-30": "", "2017-06-30": "", "2017-03-31": "", "2016-12-31": "", "2016-09-30": "", "2016-06-30": "", "2016-03-31": "", "2015-12-31": "", "2015-09-30": "", "2015-06-30": "", "2015-03-31": "", "2014-12-31": "", "2014-09-30": "", "2014-06-30": "", "2014-03-31": "", "2013-12-31": "", "2013-09-30": "", "2013-06-30": "", "2013-03-31": "", "2012-12-31": "", "2012-09-30": "", "2012-06-30": "", "2011-12-31": ""}, "Receiveable Turnover": {"2020-09-30": "1.48860", "2020-06-30": "2.07060", "2020-03-31": "4.41610", "2019-12-31": "2.31350", "2019-09-30": "2.09650", "2019-06-30": "1.79680", "2019-03-31": "2.87490", "2018-12-31": "2.87430", "2018-09-30": "1.82470", "2018-06-30": "1.89390", "2018-03-31": "1.77760", "2017-12-31": "2.67000", "2017-09-30": "2.24330", "2017-06-30": "2.01850", "2017-03-31": "0.71400", "2016-12-31": "2.72410", "2016-09-30": "0.77660", "2016-06-30": "0.70720", "2016-03-31": "4.23570", "2015-12-31": "0.53610", "2015-09-30": "0.45400", "2015-06-30": "0.83900", "2015-03-31": "2.45650", "2014-12-31": "1.15540", "2014-09-30": "1.50000", "2014-06-30": "2.18980", "2014-03-31": "1.18220", "2013-12-31": "14.16810", "2013-09-30": "", "2013-06-30": "", "2013-03-31": "", "2012-12-31": "", "2012-09-30": "", "2012-06-30": "", "2011-12-31": ""}, "Days Sales In Receivables": {"2020-09-30": "60.46070", "2020-06-30": "43.46610", "2020-03-31": "20.38020", "2019-12-31": "38.90270", "2019-09-30": "42.92850", "2019-06-30": "50.08850", "2019-03-31": "31.30510", "2018-12-31": "31.31240", "2018-09-30": "49.32290", "2018-06-30": "47.52090", "2018-03-31": "50.62890", "2017-12-31": "33.70750", "2017-09-30": "40.11890", "2017-06-30": "44.58750", "2017-03-31": "126.04970", "2016-12-31": "33.03870", "2016-09-30": "115.88310", "2016-06-30": "127.26140", "2016-03-31": "21.24770", "2015-12-31": "167.88520", "2015-09-30": "198.22990", "2015-06-30": "107.27290", "2015-03-31": "36.63730", "2014-12-31": "77.89220", "2014-09-30": "60.00000", "2014-06-30": "41.09980", "2014-03-31": "76.13240", "2013-12-31": "6.35230", "2013-09-30": "", "2013-06-30": "", "2013-03-31": "", "2012-12-31": "", "2012-09-30": "", "2012-06-30": "", "2011-12-31": ""}, "ROE - Return On Equity": {"2020-09-30": "-20.60120", "2020-06-30": "-16.20120", "2020-03-31": "-6.43790", "2019-12-31": "-15.97900", "2019-09-30": "-23.68400", "2019-06-30": "-20.62620", "2019-03-31": "-15.00640", "2018-12-31": "-13.35110", "2018-09-30": "-12.45230", "2018-06-30": "-8.35150", "2018-03-31": "-10.49280", "2017-12-31": "-23.51110", "2017-09-30": "-17.14900", "2017-06-30": "-16.32290", "2017-03-31": "-21.52580", "2016-12-31": "-15.75220", "2016-09-30": "-15.65180", "2016-06-30": "-19.35570", "2016-03-31": "-6.97950", "2015-12-31": "-11.77020", "2015-09-30": "-10.71640", "2015-06-30": "-7.89210", "2015-03-31": "-1.16140", "2014-12-31": "-6.28330", "2014-09-30": "1.78290", "2014-06-30": "-9.12300", "2014-03-31": "-10.09370", "2013-12-31": "-9.41730", "2013-09-30": "-7.83830", "2013-06-30": "9.90240", "2013-03-31": "", "2012-12-31": "", "2012-09-30": "", "2012-06-30": "", "2011-12-31": ""}, "Return On Tangible Equity": {"2020-09-30": "-20.60120", "2020-06-30": "-16.20120", "2020-03-31": "-6.43790", "2019-12-31": "-15.97900", "2019-09-30": "-23.68390", "2019-06-30": "-20.62620", "2019-03-31": "-15.00640", "2018-12-31": "-13.35110", "2018-09-30": "-12.45230", "2018-06-30": "-8.35150", "2018-03-31": "-10.49280", "2017-12-31": "-23.51110", "2017-09-30": "-17.14900", "2017-06-30": "-16.32290", "2017-03-31": "-21.52580", "2016-12-31": "-15.75220", "2016-09-30": "-15.65180", "2016-06-30": "-19.35570", "2016-03-31": "-6.97950", "2015-12-31": "-11.77020", "2015-09-30": "-10.71640", "2015-06-30": "-7.89210", "2015-03-31": "-1.16140", "2014-12-31": "-6.28330", "2014-09-30": "1.78290", "2014-06-30": "-9.12300", "2014-03-31": "-10.09370", "2013-12-31": "-9.41730", "2013-09-30": "-7.83830", "2013-06-30": "-29.85590", "2013-03-31": "", "2012-12-31": "", "2012-09-30": "", "2012-06-30": "", "2011-12-31": ""}, "ROA - Return On Assets": {"2020-09-30": "-10.89540", "2020-06-30": "-9.26890", "2020-03-31": "-5.03360", "2019-12-31": "-11.49040", "2019-09-30": "-15.19760", "2019-06-30": "-14.01650", "2019-03-31": "-11.32160", "2018-12-31": "-10.69290", "2018-09-30": "-10.18900", "2018-06-30": "-6.88670", "2018-03-31": "-8.73210", "2017-12-31": "-14.36940", "2017-09-30": "-11.22480", "2017-06-30": "-10.92320", "2017-03-31": "-11.87230", "2016-12-31": "-9.12400", "2016-09-30": "-9.34970", "2016-06-30": "-10.03460", "2016-03-31": "-5.85640", "2015-12-31": "-9.67020", "2015-09-30": "-8.96420", "2015-06-30": "-6.72390", "2015-03-31": "-1.04500", "2014-12-31": "-5.42060", "2014-09-30": "1.37380", "2014-06-30": "-6.72570", "2014-03-31": "-6.73290", "2013-12-31": "-6.15390", "2013-09-30": "-5.10200", "2013-06-30": "-7.74820", "2013-03-31": "", "2012-12-31": "", "2012-09-30": "", "2012-06-30": "", "2011-12-31": ""}, "ROI - Return On Investment": {"2020-09-30": "-20.58360", "2020-06-30": "-16.18700", "2020-03-31": "-6.43200", "2019-12-31": "-15.96220", "2019-09-30": "-23.68400", "2019-06-30": "-20.62620", "2019-03-31": "-15.00640", "2018-12-31": "-13.35110", "2018-09-30": "-12.45230", "2018-06-30": "-8.35150", "2018-03-31": "-10.49280", "2017-12-31": "-23.51110", "2017-09-30": "-17.14900", "2017-06-30": "-16.32290", "2017-03-31": "-21.52580", "2016-12-31": "-15.75220", "2016-09-30": "-15.65180", "2016-06-30": "-19.35570", "2016-03-31": "-6.97950", "2015-12-31": "-11.77020", "2015-09-30": "-10.71640", "2015-06-30": "-7.89210", "2015-03-31": "-1.16140", "2014-12-31": "-6.28330", "2014-09-30": "1.78290", "2014-06-30": "-9.12300", "2014-03-31": "-10.09370", "2013-12-31": "-9.41730", "2013-09-30": "-7.83830", "2013-06-30": "-29.85590", "2013-03-31": "", "2012-12-31": "", "2012-09-30": "", "2012-06-30": "", "2011-12-31": ""}, "Book Value Per Share": {"2020-09-30": "6.94310", "2020-06-30": "8.08680", "2020-03-31": "9.09000", "2019-12-31": "9.36430", "2019-09-30": "7.61390", "2019-06-30": "9.06700", "2019-03-31": "10.57380", "2018-12-31": "11.80950", "2018-09-30": "13.06930", "2018-06-30": "14.20850", "2018-03-31": "15.04280", "2017-12-31": "7.69060", "2017-09-30": "9.25180", "2017-06-30": "10.52810", "2017-03-31": "7.25240", "2016-12-31": "8.49340", "2016-09-30": "9.55540", "2016-06-30": "7.60130", "2016-03-31": "8.77000", "2015-12-31": "9.15510", "2015-09-30": "9.98960", "2015-06-30": "10.80600", "2015-03-31": "11.44620", "2014-12-31": "11.43810", "2014-09-30": "5.99690", "2014-06-30": "5.82580", "2014-03-31": "3.81200", "2013-12-31": "4.21380", "2013-09-30": "4.58890", "2013-06-30": "7.65840", "2013-03-31": "", "2012-12-31": "", "2012-09-30": "", "2012-06-30": "", "2011-12-31": ""}, "Operating Cash Flow Per Share": {"2020-09-30": -0.9797, "2020-06-30": -0.9754, "2020-03-31": "-1.53560", "2019-12-31": -1.4668, "2019-09-30": -1.451, "2019-06-30": -1.4931, "2019-03-31": "-1.76670", "2018-12-31": -1.3345, "2018-09-30": -1.0846, "2018-06-30": -1.1051, "2018-03-31": "-1.77760", "2017-12-31": -1.7729, "2017-09-30": -1.5031, "2017-06-30": -1.0945, "2017-03-31": "-1.75200", "2016-12-31": -1.3436, "2016-09-30": -1.328, "2016-06-30": 4.1592, "2016-03-31": "-0.50200", "2015-12-31": -0.8183, "2015-09-30": -0.6588, "2015-06-30": 0.1087, "2015-03-31": "-0.68750", "2014-12-31": -0.3534, "2014-09-30": -0.5729, "2014-06-30": 0.0247, "2014-03-31": "-0.86130", "2013-12-31": -1.7777, "2013-09-30": 5.5868, "2013-06-30": -4.1926, "2013-03-31": "-3.27530", "2012-12-31": 11.0262, "2012-09-30": -3.1286, "2012-06-30": -7.8976, "2011-12-31": 0}, "Free Cash Flow Per Share": {"2020-09-30": -1.0546, "2020-06-30": -1.0364, "2020-03-31": "-1.60060", "2019-12-31": -1.5788, "2019-09-30": -1.4856, "2019-06-30": -1.5145, "2019-03-31": "-1.80160", "2018-12-31": -1.354, "2018-09-30": -1.1384, "2018-06-30": -1.1278, "2018-03-31": "-1.80330", "2017-12-31": -1.8031, "2017-09-30": -1.5438, "2017-06-30": -1.116, "2017-03-31": "-1.75890", "2016-12-31": -1.3715, "2016-09-30": -1.4148, "2016-06-30": 4.0874, "2016-03-31": "-0.56890", "2015-12-31": -0.8776, "2015-09-30": -0.745, "2015-06-30": -0.1825, "2015-03-31": "-0.78950", "2014-12-31": -0.3994, "2014-09-30": -0.5899, "2014-06-30": 0.0222, "2014-03-31": "-0.86170", "2013-12-31": -1.8144, "2013-09-30": 5.8018, "2013-06-30": -4.3796, "2013-03-31": "-3.35050", "2012-12-31": 11.4475, "2012-09-30": -3.4582, "2012-06-30": -7.9893, "2011-12-31": 0}}, "revenue": {"Agios Pharmaceuticals Annual Revenue (Millions of US $)": {"2019": "$118", "2018": "$94", "2017": "$43", "2016": "$70", "2015": "$59", "2014": "$65", "2013": "$26", "2012": "$25", "2011": "$22"}, "Agios Pharmaceuticals Quarterly Revenue (Millions of US $)": {"2020-09-30": "$35", "2020-06-30": "$37", "2020-03-31": "$87", "2019-12-31": "$35", "2019-09-30": "$26", "2019-06-30": "$26", "2019-03-31": "$30", "2018-12-31": "$30", "2018-09-30": "$15", "2018-06-30": "$40", "2018-03-31": "$9", "2017-12-31": "$10", "2017-09-30": "$11", "2017-06-30": "$11", "2017-03-31": "$11", "2016-12-31": "$23", "2016-09-30": "$9", "2016-06-30": "$7", "2016-03-31": "$31", "2015-12-31": "$6", "2015-09-30": "$5", "2015-06-30": "$13", "2015-03-31": "$34", "2014-12-31": "$15", "2014-09-30": "$34", "2014-06-30": "$8", "2014-03-31": "$8", "2013-12-31": "$7", "2013-09-30": "$6", "2013-06-30": "$6", "2013-03-31": "$6", "2012-12-31": "", "2012-09-30": "$6", "2012-06-30": "$6", "2011-12-31": ""}}, "gross-profit": {"Agios Pharmaceuticals Annual Gross Profit (Millions of US $)": {"2019": "$117", "2018": "$93", "2017": "$43", "2016": "$70", "2015": "$59", "2014": "$65", "2013": "$26", "2012": "$25", "2011": "$22"}, "Agios Pharmaceuticals Quarterly Gross Profit (Millions of US $)": {"2020-09-30": "$34", "2020-06-30": "$37", "2020-03-31": "$87", "2019-12-31": "$35", "2019-09-30": "$26", "2019-06-30": "$26", "2019-03-31": "$30", "2018-12-31": "$29", "2018-09-30": "$15", "2018-06-30": "$40", "2018-03-31": "$9", "2017-12-31": "$10", "2017-09-30": "$11", "2017-06-30": "$11", "2017-03-31": "$11", "2016-12-31": "$23", "2016-09-30": "$9", "2016-06-30": "$7", "2016-03-31": "$31", "2015-12-31": "$6", "2015-09-30": "$5", "2015-06-30": "$13", "2015-03-31": "$34", "2014-12-31": "$15", "2014-09-30": "$34", "2014-06-30": "$8", "2014-03-31": "$8", "2013-12-31": "$7", "2013-09-30": "$6", "2013-06-30": "$6", "2013-03-31": "$6", "2012-12-31": "", "2012-09-30": "$6", "2012-06-30": "$6", "2011-12-31": ""}}, "operating-income": {"Agios Pharmaceuticals Annual Operating Income (Millions of US $)": {"2019": "$-426", "2018": "$-362", "2017": "$-321", "2016": "$-201", "2015": "$-119", "2014": "$-54", "2013": "$-39", "2012": "$-23", "2011": "$-17"}, "Agios Pharmaceuticals Quarterly Operating Income (Millions of US $)": {"2020-09-30": "$-90", "2020-06-30": "$-90", "2020-03-31": "$-43", "2019-12-31": "$-106", "2019-09-30": "$-109", "2019-06-30": "$-114", "2019-03-31": "$-97", "2018-12-31": "$-96", "2018-09-30": "$-99", "2018-06-30": "$-73", "2018-03-31": "$-94", "2017-12-31": "$-90", "2017-09-30": "$-79", "2017-06-30": "$-85", "2017-03-31": "$-67", "2016-12-31": "$-57", "2016-09-30": "$-64", "2016-06-30": "$-56", "2016-03-31": "$-24", "2015-12-31": "$-41", "2015-09-30": "$-40", "2015-06-30": "$-32", "2015-03-31": "$-5", "2014-12-31": "$-27", "2014-09-30": "$3", "2014-06-30": "$-18", "2014-03-31": "$-12", "2013-12-31": "$-12", "2013-09-30": "$-11", "2013-06-30": "$-9", "2013-03-31": "$-7", "2012-12-31": "", "2012-09-30": "$-5", "2012-06-30": "$-6", "2011-12-31": ""}}, "ebitda": {"Agios Pharmaceuticals Annual EBITDA (Millions of US $)": {"2019": "$-421", "2018": "$-359", "2017": "$-314", "2016": "$-195", "2015": "$-115", "2014": "$-52", "2013": "$-37", "2012": "$-22", "2011": "$-15"}, "Agios Pharmaceuticals Quarterly EBITDA (Millions of US $)": {"2020-09-30": "$-87", "2020-06-30": "$-87", "2020-03-31": "$-41", "2019-12-31": "$-104", "2019-09-30": "$-108", "2019-06-30": "$-113", "2019-03-31": "$-97", "2018-12-31": "$-96", "2018-09-30": "$-99", "2018-06-30": "$-72", "2018-03-31": "$-93", "2017-12-31": "$-89", "2017-09-30": "$-77", "2017-06-30": "$-83", "2017-03-31": "$-65", "2016-12-31": "$-55", "2016-09-30": "$-62", "2016-06-30": "$-55", "2016-03-31": "$-22", "2015-12-31": "$-40", "2015-09-30": "$-39", "2015-06-30": "$-31", "2015-03-31": "$-5", "2014-12-31": "$-26", "2014-09-30": "$4", "2014-06-30": "$-18", "2014-03-31": "$-12", "2013-12-31": "$-12", "2013-09-30": "$-11", "2013-06-30": "$-8", "2013-03-31": "$-7", "2012-12-31": "", "2012-09-30": "$-5", "2012-06-30": "$-6", "2011-12-31": ""}}, "net-income": {"Agios Pharmaceuticals Annual Net Income (Millions of US $)": {"2019": "$-411", "2018": "$-346", "2017": "$-315", "2016": "$-198", "2015": "$-118", "2014": "$-54", "2013": "$-44", "2012": "$-27", "2011": "$-27"}, "Agios Pharmaceuticals Quarterly Net Income (Millions of US $)": {"2020-09-30": "$-99", "2020-06-30": "$-90", "2020-03-31": "$-40", "2019-12-31": "$-102", "2019-09-30": "$-106", "2019-06-30": "$-110", "2019-03-31": "$-93", "2018-12-31": "$-92", "2018-09-30": "$-95", "2018-06-30": "$-69", "2018-03-31": "$-91", "2017-12-31": "$-88", "2017-09-30": "$-77", "2017-06-30": "$-83", "2017-03-31": "$-66", "2016-12-31": "$-56", "2016-09-30": "$-63", "2016-06-30": "$-56", "2016-03-31": "$-23", "2015-12-31": "$-41", "2015-09-30": "$-40", "2015-06-30": "$-32", "2015-03-31": "$-5", "2014-12-31": "$-27", "2014-09-30": "$4", "2014-06-30": "$-18", "2014-03-31": "$-12", "2013-12-31": "$-12", "2013-09-30": "$-12", "2013-06-30": "$-10", "2013-03-31": "$-9", "2012-12-31": "", "2012-09-30": "$-3", "2012-06-30": "$-7", "2011-12-31": ""}}, "eps-earnings-per-share-diluted": {"Agios Pharmaceuticals Annual EPS": {"2019": "$-6.86", "2018": "$-6.03", "2017": "$-6.75", "2016": "$-5.07", "2015": "$-3.15", "2014": "$-1.59", "2013": "$-2.83", "2012": "$-8.02", "2011": "$-8.90"}, "Agios Pharmaceuticals Quarterly EPS": {"2020-09-30": "$-1.43", "2020-06-30": "$-1.31", "2020-03-31": "$-0.59", "2019-12-31": "$-1.59", "2019-09-30": "$-1.81", "2019-06-30": "$-1.87", "2019-03-31": "$-1.59", "2018-12-31": "$-1.58", "2018-09-30": "$-1.63", "2018-06-30": "$-1.19", "2018-03-31": "$-1.63", "2017-12-31": "$-1.82", "2017-09-30": "$-1.59", "2017-06-30": "$-1.78", "2017-03-31": "$-1.56", "2016-12-31": "$-1.36", "2016-09-30": "$-1.63", "2016-06-30": "$-1.47", "2016-03-31": "$-0.61", "2015-12-31": "$-1.10", "2015-09-30": "$-1.07", "2015-06-30": "$-0.85", "2015-03-31": "$-0.13", "2014-12-31": "$-0.76", "2014-09-30": "$0.10", "2014-06-30": "$-0.54", "2014-03-31": "$-0.39", "2013-12-31": "$2.96", "2013-09-30": "$-0.52", "2013-06-30": "$-2.80", "2013-03-31": "$-2.47", "2012-12-31": "$0.00", "2012-09-30": "$-0.83", "2012-06-30": "$-2.18", "2011-12-31": "$0.00"}}, "shares-outstanding": {"Agios Pharmaceuticals Annual Shares Outstanding (Millions of Shares)": {"2019": "60", "2018": "57", "2017": "47", "2016": "39", "2015": "37", "2014": "34", "2013": "15", "2012": "3", "2011": "3"}, "Agios Pharmaceuticals Quarterly Shares Outstanding (Millions of Shares)": {"2020-09-30": "69", "2020-06-30": "69", "2020-03-31": "69", "2019-12-31": "60", "2019-09-30": "59", "2019-06-30": "59", "2019-03-31": "58", "2018-12-31": "57", "2018-09-30": "58", "2018-06-30": "58", "2018-03-31": "56", "2017-12-31": "47", "2017-09-30": "48", "2017-06-30": "47", "2017-03-31": "42", "2016-12-31": "39", "2016-09-30": "39", "2016-06-30": "38", "2016-03-31": "38", "2015-12-31": "37", "2015-09-30": "38", "2015-06-30": "37", "2015-03-31": "37", "2014-12-31": "34", "2014-09-30": "37", "2014-06-30": "34", "2014-03-31": "31", "2013-12-31": "15", "2013-09-30": "23", "2013-06-30": "4", "2013-03-31": "4", "2012-12-31": "", "2012-09-30": "3", "2012-06-30": "3", "2011-12-31": ""}}, "total-assets": {"Agios Pharmaceuticals Annual Total Assets (Millions of US $)": {"2019": "$891", "2018": "$858", "2017": "$614", "2016": "$619", "2015": "$420", "2014": "$492", "2013": "$201", "2012": "$137", "2011": "$0"}, "Agios Pharmaceuticals Quarterly Total Assets (Millions of US $)": {"2020-09-30": "$908", "2020-06-30": "$976", "2020-03-31": "$800", "2019-12-31": "$891", "2019-09-30": "$699", "2019-06-30": "$784", "2019-03-31": "$822", "2018-12-31": "$858", "2018-09-30": "$929", "2018-06-30": "$998", "2018-03-31": "$1,040", "2017-12-31": "$614", "2017-09-30": "$687", "2017-06-30": "$761", "2017-03-31": "$557", "2016-12-31": "$619", "2016-09-30": "$672", "2016-06-30": "$558", "2016-03-31": "$396", "2015-12-31": "$420", "2015-09-30": "$449", "2015-06-30": "$474", "2015-03-31": "$474", "2014-12-31": "$492", "2014-09-30": "$270", "2014-06-30": "$272", "2014-03-31": "$182", "2013-12-31": "$201", "2013-09-30": "$219", "2013-06-30": "$111", "2013-03-31": "$0", "2012-12-31": "$0", "2012-09-30": "$0", "2012-06-30": "$0", "2011-12-31": "$0"}}, "cash-on-hand": {"Agios Pharmaceuticals Annual Cash on Hand (Millions of US $)": {"2019": "$565", "2018": "$585", "2017": "$424", "2016": "$541", "2015": "$317", "2014": "$342", "2013": "$167", "2012": "$128", "2011": "$"}, "Agios Pharmaceuticals Quarterly Cash on Hand (Millions of US $)": {"2020-09-30": "$606", "2020-06-30": "$790", "2020-03-31": "$529", "2019-12-31": "$565", "2019-09-30": "$452", "2019-06-30": "$495", "2019-03-31": "$525", "2018-12-31": "$585", "2018-09-30": "$670", "2018-06-30": "$717", "2018-03-31": "$782", "2017-12-31": "$424", "2017-09-30": "$508", "2017-06-30": "$586", "2017-03-31": "$480", "2016-12-31": "$541", "2016-09-30": "$579", "2016-06-30": "$465", "2016-03-31": "$313", "2015-12-31": "$317", "2015-09-30": "$352", "2015-06-30": "$370", "2015-03-31": "$345", "2014-12-31": "$342", "2014-09-30": "$220", "2014-06-30": "$238", "2014-03-31": "$162", "2013-12-31": "$167", "2013-09-30": "$195", "2013-06-30": "$99", "2013-03-31": "", "2012-12-31": "", "2012-09-30": "", "2012-06-30": "", "2011-12-31": ""}}, "long-term-debt": {"Agios Pharmaceuticals Annual Long Term Debt (Millions of US $)": {"2019": "$1", "2018": "$", "2017": "$", "2016": "$", "2015": "$", "2014": "$", "2013": "$", "2012": "$", "2011": "$"}, "Agios Pharmaceuticals Quarterly Long Term Debt (Millions of US $)": {"2020-09-30": "$0", "2020-06-30": "$0", "2020-03-31": "$1", "2019-12-31": "$1", "2019-09-30": "", "2019-06-30": "", "2019-03-31": "", "2018-12-31": "", "2018-09-30": "", "2018-06-30": "", "2018-03-31": "", "2017-12-31": "", "2017-09-30": "", "2017-06-30": "", "2017-03-31": "", "2016-12-31": "", "2016-09-30": "", "2016-06-30": "", "2016-03-31": "", "2015-12-31": "", "2015-09-30": "", "2015-06-30": "", "2015-03-31": "", "2014-12-31": "", "2014-09-30": "", "2014-06-30": "", "2014-03-31": "", "2013-12-31": "", "2013-09-30": "", "2013-06-30": "", "2013-03-31": "", "2012-12-31": "", "2012-09-30": "", "2012-06-30": "", "2011-12-31": ""}}, "total-liabilities": {"Agios Pharmaceuticals Annual Total Liabilities (Millions of US $)": {"2019": "$250", "2018": "$171", "2017": "$239", "2016": "$261", "2015": "$75", "2014": "$68", "2013": "$70", "2012": "$93", "2011": "$0"}, "Agios Pharmaceuticals Quarterly Total Liabilities (Millions of US $)": {"2020-09-30": "$428", "2020-06-30": "$418", "2020-03-31": "$174", "2019-12-31": "$250", "2019-09-30": "$250", "2019-06-30": "$251", "2019-03-31": "$202", "2018-12-31": "$171", "2018-09-30": "$169", "2018-06-30": "$175", "2018-03-31": "$175", "2017-12-31": "$239", "2017-09-30": "$237", "2017-06-30": "$252", "2017-03-31": "$250", "2016-12-31": "$261", "2016-09-30": "$271", "2016-06-30": "$269", "2016-03-31": "$64", "2015-12-31": "$75", "2015-09-30": "$73", "2015-06-30": "$70", "2015-03-31": "$48", "2014-12-31": "$68", "2014-09-30": "$62", "2014-06-30": "$71", "2014-03-31": "$61", "2013-12-31": "$70", "2013-09-30": "$76", "2013-06-30": "$82", "2013-03-31": "$0", "2012-12-31": "", "2012-09-30": "$0", "2012-06-30": "$0", "2011-12-31": "$0"}}, "total-share-holder-equity": {"Agios Pharmaceuticals Annual Share Holder Equity (Millions of US $)": {"2019": "$641", "2018": "$688", "2017": "$376", "2016": "$359", "2015": "$345", "2014": "$424", "2013": "$131", "2012": "$44", "2011": "$0"}, "Agios Pharmaceuticals Quarterly Share Holder Equity (Millions of US $)": {"2020-09-30": "$480", "2020-06-30": "$558", "2020-03-31": "$625", "2019-12-31": "$641", "2019-09-30": "$448", "2019-06-30": "$533", "2019-03-31": "$620", "2018-12-31": "$688", "2018-09-30": "$760", "2018-06-30": "$823", "2018-03-31": "$866", "2017-12-31": "$376", "2017-09-30": "$450", "2017-06-30": "$509", "2017-03-31": "$307", "2016-12-31": "$359", "2016-09-30": "$401", "2016-06-30": "$289", "2016-03-31": "$332", "2015-12-31": "$345", "2015-09-30": "$376", "2015-06-30": "$404", "2015-03-31": "$427", "2014-12-31": "$424", "2014-09-30": "$208", "2014-06-30": "$201", "2014-03-31": "$121", "2013-12-31": "$131", "2013-09-30": "$143", "2013-06-30": "$29", "2013-03-31": "$0", "2012-12-31": "", "2012-09-30": "$0", "2012-06-30": "$0", "2011-12-31": "$0"}}, "profit-margins": {"current": "-170.65%"}, "gross margin": {"2020-09-30": "99.48%", "2020-06-30": "100.00%", "2020-03-31": "100.00%", "2019-12-31": "100.00%", "2019-09-30": "99.11%", "2019-06-30": "99.01%", "2019-03-31": "99.13%", "2018-12-31": "98.94%", "2018-09-30": "100.00%", "2018-06-30": "100.00%", "2018-03-31": "100.00%", "2017-12-31": "100.00%", "2017-09-30": "100.00%", "2017-06-30": "100.00%", "2017-03-31": "100.00%", "2016-12-31": "100.00%", "2016-09-30": "100.00%", "2016-06-30": "100.00%", "2016-03-31": "100.00%", "2015-12-31": "100.00%", "2015-09-30": "100.00%", "2015-06-30": "100.00%", "2015-03-31": "100.00%", "2014-12-31": "100.00%", "2014-09-30": "100.00%", "2014-06-30": "100.00%", "2014-03-31": "100.00%", "2013-12-31": "100.00%", "2013-06-30": "100.00%", "2013-03-31": "100.00%"}, "operating margin": {"2020-09-30": "-169.59%", "2020-06-30": "-188.11%", "2020-03-31": "-213.79%", "2019-12-31": "-364.10%", "2019-09-30": "-371.43%", "2019-06-30": "-401.98%", "2019-03-31": "-317.39%", "2018-12-31": "-385.11%", "2018-09-30": "-481.08%", "2018-06-30": "-480.00%", "2018-03-31": "-848.78%", "2017-12-31": "-746.51%", "2017-09-30": "-514.29%", "2017-06-30": "-505.56%", "2017-03-31": "-488.00%", "2016-12-31": "-287.14%", "2016-09-30": "-349.06%", "2016-06-30": "-328.57%", "2016-03-31": "-249.09%", "2015-12-31": "-203.45%", "2015-09-30": "-155.22%", "2015-06-30": "-63.54%", "2015-03-31": "-51.65%", "2014-12-31": "-83.08%", "2014-09-30": "-68.42%", "2014-06-30": "-182.76%", "2014-03-31": "-162.96%", "2013-12-31": "-156.00%", "2013-06-30": "-116.67%", "2013-03-31": "-100.00%"}, "ebitda margin": {"2020-09-30": "-164.43%", "2020-06-30": "-183.78%", "2020-03-31": "-210.34%", "2019-12-31": "-360.68%", "2019-09-30": "-369.64%", "2019-06-30": "-400.99%", "2019-03-31": "-316.52%", "2018-12-31": "-382.98%", "2018-09-30": "-477.03%", "2018-06-30": "-472.86%", "2018-03-31": "-834.15%", "2017-12-31": "-730.23%", "2017-09-30": "-500.00%", "2017-06-30": "-490.74%", "2017-03-31": "-474.00%", "2016-12-31": "-277.14%", "2016-09-30": "-337.74%", "2016-06-30": "-318.37%", "2016-03-31": "-240.00%", "2015-12-31": "-198.28%", "2015-09-30": "-150.75%", "2015-06-30": "-60.42%", "2015-03-31": "-49.45%", "2014-12-31": "-80.00%", "2014-09-30": "-66.67%", "2014-06-30": "-182.76%", "2014-03-31": "-159.26%", "2013-12-31": "-152.00%", "2013-06-30": "-111.11%", "2013-03-31": "-100.00%"}, "pre tax profit margin": {"2020-09-30": "-170.62%", "2020-06-30": "-182.70%", "2020-03-31": "-205.75%", "2019-12-31": "-351.28%", "2019-09-30": "-358.04%", "2019-06-30": "-386.14%", "2019-03-31": "-303.48%", "2018-12-31": "-369.15%", "2018-09-30": "-463.51%", "2018-06-30": "-464.29%", "2018-03-31": "-826.83%", "2017-12-31": "-730.23%", "2017-09-30": "-503.57%", "2017-06-30": "-496.30%", "2017-03-31": "-482.00%", "2016-12-31": "-282.86%", "2016-09-30": "-345.28%", "2016-06-30": "-326.53%", "2016-03-31": "-247.27%", "2015-12-31": "-203.45%", "2015-09-30": "-155.22%", "2015-06-30": "-63.54%", "2015-03-31": "-51.65%", "2014-12-31": "-83.08%", "2014-09-30": "-68.42%", "2014-06-30": "-182.76%", "2014-03-31": "-162.96%", "2013-12-31": "-156.00%", "2013-06-30": "-116.67%", "2013-03-31": "-100.00%"}, "net profit margin": {"2020-09-30": "-170.62%", "2020-06-30": "-182.70%", "2020-03-31": "-205.75%", "2019-12-31": "-351.28%", "2019-09-30": "-358.04%", "2019-06-30": "-386.14%", "2019-03-31": "-303.48%", "2018-12-31": "-369.15%", "2018-09-30": "-463.51%", "2018-06-30": "-464.29%", "2018-03-31": "-826.83%", "2017-12-31": "-730.23%", "2017-09-30": "-503.57%", "2017-06-30": "-496.30%", "2017-03-31": "-482.00%", "2016-12-31": "-282.86%", "2016-09-30": "-345.28%", "2016-06-30": "-326.53%", "2016-03-31": "-247.27%", "2015-12-31": "-203.45%", "2015-09-30": "-155.22%", "2015-06-30": "-62.50%", "2015-03-31": "-50.55%", "2014-12-31": "-81.54%", "2014-09-30": "-66.67%", "2014-06-30": "-186.21%", "2014-03-31": "-170.37%", "2013-12-31": "-172.00%", "2013-06-30": "-122.22%", "2013-03-31": "-105.56%"}, "pe ratio": {"current": "0.00", "2021-02-05": "0.00", "2020-09-30": "0.00", "2020-06-30": "0.00", "2020-03-31": "0.00", "2019-12-31": "0.00", "2019-09-30": "0.00", "2019-06-30": "0.00", "2019-03-31": "0.00", "2018-12-31": "0.00", "2018-09-30": "0.00", "2018-06-30": "0.00", "2018-03-31": "0.00", "2017-12-31": "0.00", "2017-09-30": "0.00", "2017-06-30": "0.00", "2017-03-31": "0.00", "2016-12-31": "0.00", "2016-09-30": "0.00", "2016-06-30": "0.00", "2016-03-31": "0.00", "2015-12-31": "0.00", "2015-09-30": "0.00", "2015-06-30": "0.00", "2015-03-31": "0.00", "2014-12-31": "0.00", "2014-09-30": "0.00", "2014-06-30": "0.00"}, "price sales": {"2021-02-05": "18.20", "2020-09-30": "12.05", "2020-06-30": "18.80", "2020-03-31": "12.91", "2019-12-31": "23.91", "2019-09-30": "16.80", "2019-06-30": "28.53", "2019-03-31": "33.69", "2018-12-31": "28.08", "2018-09-30": "58.00", "2018-06-30": "64.68", "2018-03-31": "96.81", "2017-12-31": "61.08", "2017-09-30": "51.17", "2017-06-30": "39.48", "2017-03-31": "46.93", "2016-12-31": "22.90", "2016-09-30": "37.48", "2016-06-30": "31.69", "2016-03-31": "27.20", "2015-12-31": "40.95", "2015-09-30": "37.99", "2015-06-30": "42.19", "2015-03-31": "37.27", "2014-12-31": "59.62", "2014-09-30": "32.60", "2014-06-30": "37.21"}, "price book": {"current": "7.62", "2021-02-05": "7.61", "2020-09-30": "5.04", "2020-06-30": "6.61", "2020-03-31": "3.90", "2019-12-31": "5.10", "2019-09-30": "4.26", "2019-06-30": "5.50", "2019-03-31": "6.38", "2018-12-31": "3.90", "2018-09-30": "5.90", "2018-06-30": "5.93", "2018-03-31": "5.44", "2017-12-31": "7.43", "2017-09-30": "7.21", "2017-06-30": "4.89", "2017-03-31": "8.05", "2016-12-31": "4.91", "2016-09-30": "5.53", "2016-06-30": "5.51", "2016-03-31": "4.63", "2015-12-31": "7.09", "2015-09-30": "7.05", "2015-06-30": "10.29", "2015-03-31": "8.24", "2014-12-31": "9.80", "2014-09-30": "10.23", "2014-06-30": "7.87", "2014-03-31": "10.27", "2013-12-31": "5.68", "2013-09-30": "6.09"}, "price fcf": {"2021-02-05": "", "2020-09-30": "$-5.27", "2020-06-30": "$-5.70", "2020-03-31": "$-6.18", "2019-12-31": "$-6.38", "2019-09-30": "$-6.16", "2019-06-30": "$-5.81", "2019-03-31": "$-5.42", "2018-12-31": "$-5.42", "2018-09-30": "$-5.87", "2018-06-30": "$-6.28", "2018-03-31": "$-6.27", "2017-12-31": "$-6.22", "2017-09-30": "$-5.79", "2017-06-30": "$-5.66", "2017-03-31": "$-0.46", "2016-12-31": "$0.73", "2016-09-30": "$1.23", "2016-06-30": "$1.90", "2016-03-31": "$-2.37", "2015-12-31": "$-2.59", "2015-09-30": "$-2.12", "2015-06-30": "$-1.96", "2015-03-31": "$-1.76", "2014-12-31": "$-1.83", "2014-09-30": "$-3.24", "2014-06-30": "$-4.58"}, "net worth": {"value": "$3.66B"}, "current ratio": {"2020-09-30": "9.59", "2020-06-30": "13.15", "2020-03-31": "8.41", "2019-12-31": "6.59", "2019-09-30": "5.30", "2019-06-30": "5.96", "2019-03-31": "6.89", "2018-12-31": "6.56", "2018-09-30": "8.21", "2018-06-30": "8.88", "2018-03-31": "10.75", "2017-12-31": "4.69", "2017-09-30": "6.00", "2017-06-30": "6.46", "2017-03-31": "6.15", "2016-12-31": "6.33", "2016-09-30": "7.70", "2016-06-30": "7.20", "2016-03-31": "7.31", "2015-12-31": "6.38", "2015-09-30": "7.47", "2015-06-30": "8.63", "2015-03-31": "10.01", "2014-12-31": "5.89", "2014-09-30": "7.06", "2014-06-30": "5.49", "2014-03-31": "5.06", "2013-12-31": "4.60", "2013-09-30": "5.32", "2013-06-30": "2.77", "2013-03-31": "0.00", "2012-12-31": "0.00", "2012-09-30": "0.00", "2012-06-30": "0.00", "2011-12-31": "0.00"}, "quick ratio": {"2020-09-30": "9.43", "2020-06-30": "12.98", "2020-03-31": "8.27", "2019-12-31": "6.51", "2019-09-30": "5.24", "2019-06-30": "5.91", "2019-03-31": "6.86", "2018-12-31": "6.56", "2018-09-30": "8.20", "2018-06-30": "0.00", "2018-03-31": "0.00", "2017-12-31": "0.00", "2017-09-30": "0.00", "2017-06-30": "0.00", "2017-03-31": "0.00", "2016-12-31": "0.00", "2016-09-30": "0.00", "2016-06-30": "0.00", "2016-03-31": "0.00", "2015-12-31": "0.00", "2015-09-30": "0.00", "2015-06-30": "0.00", "2015-03-31": "0.00", "2014-12-31": "0.00", "2014-09-30": "0.00", "2014-06-30": "0.00", "2014-03-31": "0.00", "2013-12-31": "0.00", "2013-09-30": "0.00", "2013-06-30": "0.00", "2013-03-31": "0.00", "2012-12-31": "0.00", "2012-09-30": "0.00", "2012-06-30": "0.00", "2011-12-31": "0.00"}, "debt equity ratio": {"current": "0.00", "2020-09-30": "0.89", "2020-06-30": "0.75", "2020-03-31": "0.28", "2019-12-31": "0.39", "2019-09-30": "0.56", "2019-06-30": "0.47", "2019-03-31": "0.33", "2018-12-31": "0.25", "2018-09-30": "0.22", "2018-06-30": "0.21", "2018-03-31": "0.20", "2017-12-31": "0.64", "2017-09-30": "0.53", "2017-06-30": "0.49", "2017-03-31": "0.81", "2016-12-31": "0.73", "2016-09-30": "0.67", "2016-06-30": "0.93", "2016-03-31": "0.19", "2015-12-31": "0.22", "2015-09-30": "0.20", "2015-06-30": "0.17", "2015-03-31": "0.11", "2014-12-31": "0.16", "2014-09-30": "0.30", "2014-06-30": "0.36", "2014-03-31": "0.50", "2013-12-31": "0.53", "2013-09-30": "0.54", "2013-06-30": "2.85", "2013-03-31": "0.00", "2012-12-31": "0.00", "2012-09-30": "0.00", "2012-06-30": "0.00", "2011-12-31": "0.00"}, "return on equity": {"2020-09-30": "-57.47%", "2020-06-30": "-59.51%", "2020-03-31": "-63.73%", "2019-12-31": "-73.33%", "2019-09-30": "-70.07%", "2019-06-30": "-59.98%", "2019-03-31": "-48.29%", "2018-12-31": "-44.25%", "2018-09-30": "-48.57%", "2018-06-30": "-51.69%", "2018-03-31": "-61.61%", "2017-12-31": "-76.49%", "2017-09-30": "-69.42%", "2017-06-30": "-68.02%", "2017-03-31": "-71.09%", "2016-12-31": "-57.35%", "2016-09-30": "-53.55%", "2016-06-30": "-47.69%", "2016-03-31": "-37.34%", "2015-12-31": "-30.41%", "2015-09-30": "-25.51%", "2015-06-30": "-16.40%", "2015-03-31": "-14.60%", "2014-12-31": "-22.22%", "2014-09-30": "-23.00%", "2014-06-30": "-36.24%", "2014-03-31": "-43.40%", "2013-12-31": "-56.77%", "2013-06-30": "-303.45%", "2013-03-31": "inf%"}, "return on assets": {"2020-09-30": "-37.03%", "2020-06-30": "-40.17%", "2020-03-31": "-45.12%", "2019-12-31": "-51.44%", "2019-09-30": "-50.71%", "2019-06-30": "-45.98%", "2019-03-31": "-38.70%", "2018-12-31": "-36.29%", "2018-09-30": "-38.31%", "2018-06-30": "-38.93%", "2018-03-31": "-43.71%", "2017-12-31": "-47.96%", "2017-09-30": "-42.99%", "2017-06-30": "-41.09%", "2017-03-31": "-40.07%", "2016-12-31": "-35.28%", "2016-09-30": "-35.78%", "2016-06-30": "-35.11%", "2016-03-31": "-31.28%", "2015-12-31": "-25.98%", "2015-09-30": "-22.02%", "2015-06-30": "-14.04%", "2015-03-31": "-12.20%", "2014-12-31": "-17.43%", "2014-09-30": "-16.43%", "2014-06-30": "-24.71%", "2014-03-31": "-25.81%", "2013-12-31": "-32.39%", "2013-06-30": "-79.28%", "2013-03-31": "inf%"}, "return on investments": {"2020-09-30": "-57.04%", "2020-06-30": "-76.23%", "2020-03-31": "-117.44%", "2019-12-31": "-265.83%", "2019-09-30": "inf%", "2019-06-30": "inf%", "2019-03-31": "inf%", "2018-12-31": "inf%", "2018-09-30": "inf%", "2018-06-30": "inf%", "2018-03-31": "inf%", "2017-12-31": "inf%", "2017-09-30": "inf%", "2017-06-30": "inf%", "2017-03-31": "inf%", "2016-12-31": "inf%", "2016-09-30": "inf%", "2016-06-30": "inf%", "2016-03-31": "inf%", "2015-12-31": "inf%", "2015-09-30": "inf%", "2015-06-30": "inf%", "2015-03-31": "inf%", "2014-12-31": "inf%", "2014-09-30": "inf%", "2014-06-30": "inf%", "2014-03-31": "inf%", "2013-12-31": "inf%", "2013-06-30": "inf%", "2013-03-31": "inf%"}, "return on tangible equity": {"2020-09-30": "-57.47%", "2020-06-30": "-59.51%", "2020-03-31": "-63.73%", "2019-12-31": "-73.33%", "2019-09-30": "-70.07%", "2019-06-30": "-59.98%", "2019-03-31": "-48.29%", "2018-12-31": "-44.25%", "2018-09-30": "-48.57%", "2018-06-30": "-51.69%", "2018-03-31": "-61.61%", "2017-12-31": "-76.49%", "2017-09-30": "-69.42%", "2017-06-30": "-68.02%", "2017-03-31": "-71.09%", "2016-12-31": "-57.35%", "2016-09-30": "-53.55%", "2016-06-30": "-47.69%", "2016-03-31": "-37.34%", "2015-12-31": "-30.41%", "2015-09-30": "-25.51%", "2015-06-30": "-16.40%", "2015-03-31": "-14.60%", "2014-12-31": "-22.22%", "2014-09-30": "-23.00%", "2014-06-30": "-36.24%", "2014-03-31": "-43.40%", "2013-12-31": "-56.77%", "2013-06-30": "-303.45%", "2013-03-31": "inf%"}, "dividend yield history": {"last payout": "$0.00", "last yield": "0.00%"}}