{"ticker": "AGNC", "price": {"title": "AGNC Investment Historical Annual Stock Price Data", "value": 16.3, "historical": {"2020": {"Average Stock Price": "14.4264", "Year Open": "17.7800", "Year High": "19.6200", "Year Low": "9.3800", "Year Close": "15.6000", "Annual % Change": "-11.76%"}, "2019": {"Average Stock Price": "17.1596", "Year Open": "17.6300", "Year High": "18.2800", "Year Low": "14.7300", "Year Close": "17.6800", "Annual % Change": "0.80%"}, "2018": {"Average Stock Price": "18.6855", "Year Open": "19.9400", "Year High": "19.9400", "Year Low": "17.2400", "Year Close": "17.5400", "Annual % Change": "-13.13%"}, "2017": {"Average Stock Price": "20.5021", "Year Open": "18.5700", "Year High": "22.2800", "Year Low": "18.5600", "Year Close": "20.1900", "Annual % Change": "11.36%"}, "2016": {"Average Stock Price": "18.8063", "Year Open": "17.7100", "Year High": "20.2600", "Year Low": "16.0300", "Year Close": "18.1300", "Annual % Change": "4.56%"}, "2015": {"Average Stock Price": "19.8749", "Year Open": "22.3200", "Year High": "22.3200", "Year Low": "16.9600", "Year Close": "17.3400", "Annual % Change": "-20.57%"}, "2014": {"Average Stock Price": "22.5302", "Year Open": "19.4000", "Year High": "23.9200", "Year Low": "19.4000", "Year Close": "21.8300", "Annual % Change": "13.17%"}, "2013": {"Average Stock Price": "26.0537", "Year Open": "30.2200", "Year High": "33.3100", "Year Low": "19.1300", "Year Close": "19.2900", "Annual % Change": "-33.25%"}, "2012": {"Average Stock Price": "31.9135", "Year Open": "28.1650", "Year High": "36.6800", "Year Low": "28.1600", "Year Close": "28.9000", "Annual % Change": "2.92%"}, "2011": {"Average Stock Price": "28.8314", "Year Open": "28.6900", "Year High": "30.7000", "Year Low": "25.8900", "Year Close": "28.0800", "Annual % Change": "-2.30%"}, "2010": {"Average Stock Price": "27.4513", "Year Open": "26.7100", "Year High": "30.0000", "Year Low": "24.7600", "Year Close": "28.7400", "Annual % Change": "8.29%"}, "2009": {"Average Stock Price": "22.2732", "Year Open": "20.9400", "Year High": "31.2000", "Year Low": "14.7300", "Year Close": "26.5400", "Annual % Change": "24.25%"}, "2008": {"Average Stock Price": "17.7123", "Year Open": "19.3500", "Year High": "21.9500", "Year Low": "13.9700", "Year Close": "21.3600", "Annual % Change": "0.00%"}}}, "market cap": {"value": "$8.89B"}, "income statement": {"Revenue": {"2019-12-31": "2842.00000", "2018-12-31": "1949.00000", "2017-12-31": "1293.00000", "2016-12-31": "1321.00000", "2015-12-31": "1466.00000", "2014-12-31": "1472.00000", "2013-12-31": "2193.00000", "2012-12-31": "2109.00000", "2011-12-31": "1109.00000", "2010-12-31": "253.00000", "2009-12-31": "127.92000", "2008-12-31": "55.12700"}, "Cost Of Goods Sold": {"2019-12-31": "2149.00000", "2018-12-31": "1173.00000", "2017-12-31": "524.00000", "2016-12-31": "394.00000", "2015-12-31": "330.00000", "2014-12-31": "372.00000", "2013-12-31": "536.00000", "2012-12-31": "512.00000", "2011-12-31": "285.00000", "2010-12-31": "76.00000", "2009-12-31": "43.53900", "2008-12-31": "24.93700"}, "Gross Profit": {"2019-12-31": "693.00000", "2018-12-31": "776.00000", "2017-12-31": "769.00000", "2016-12-31": "927.00000", "2015-12-31": "1136.00000", "2014-12-31": "1100.00000", "2013-12-31": "1657.00000", "2012-12-31": "1597.00000", "2011-12-31": "824.00000", "2010-12-31": "177.00000", "2009-12-31": "84.38100", "2008-12-31": "30.19000"}, "Research And Development Expenses": {"2019-12-31": "", "2018-12-31": "", "2017-12-31": "", "2016-12-31": "", "2015-12-31": "", "2014-12-31": "", "2013-12-31": "", "2012-12-31": "", "2011-12-31": "", "2010-12-31": "", "2009-12-31": "", "2008-12-31": ""}, "SG&A Expenses": {"2019-12-31": "47.00000", "2018-12-31": "45.00000", "2017-12-31": "42.00000", "2016-12-31": "71.00000", "2015-12-31": "116.00000", "2014-12-31": "119.00000", "2013-12-31": "168.00000", "2012-12-31": "144.00000", "2011-12-31": "74.00000", "2010-12-31": "19.00000", "2009-12-31": "11.14500", "2008-12-31": "5.75500"}, "Other Operating Income Or Expenses": {"2019-12-31": "42.00000", "2018-12-31": "-602.00000", "2017-12-31": "44.00000", "2016-12-31": "-233.00000", "2015-12-31": "-805.00000", "2014-12-31": "-1214.00000", "2013-12-31": "", "2012-12-31": "", "2011-12-31": "", "2010-12-31": "", "2009-12-31": "", "2008-12-31": ""}, "Operating Expenses": {"2019-12-31": "2154.00000", "2018-12-31": "1820.00000", "2017-12-31": "522.00000", "2016-12-31": "698.00000", "2015-12-31": "1251.00000", "2014-12-31": "1705.00000", "2013-12-31": "704.00000", "2012-12-31": "656.00000", "2011-12-31": "359.00000", "2010-12-31": "95.00000", "2009-12-31": "54.68400", "2008-12-31": "30.69200"}, "Operating Income": {"2019-12-31": "688.00000", "2018-12-31": "129.00000", "2017-12-31": "771.00000", "2016-12-31": "623.00000", "2015-12-31": "215.00000", "2014-12-31": "-233.00000", "2013-12-31": "1489.00000", "2012-12-31": "1453.00000", "2011-12-31": "750.00000", "2010-12-31": "158.00000", "2009-12-31": "73.23600", "2008-12-31": "24.43500"}, "Total Non-Operating Income/Expense": {"2019-12-31": "", "2018-12-31": "", "2017-12-31": "", "2016-12-31": "", "2015-12-31": "", "2014-12-31": "", "2013-12-31": "-217.00000", "2012-12-31": "-157.00000", "2011-12-31": "26.00000", "2010-12-31": "130.00000", "2009-12-31": "45.71000", "2008-12-31": "10.91700"}, "Pre-Tax Income": {"2019-12-31": "688.00000", "2018-12-31": "129.00000", "2017-12-31": "771.00000", "2016-12-31": "623.00000", "2015-12-31": "215.00000", "2014-12-31": "-233.00000", "2013-12-31": "1272.00000", "2012-12-31": "1296.00000", "2011-12-31": "776.00000", "2010-12-31": "288.00000", "2009-12-31": "118.94600", "2008-12-31": "35.35200"}, "Income Taxes": {"2019-12-31": "", "2018-12-31": "", "2017-12-31": "", "2016-12-31": "", "2015-12-31": "", "2014-12-31": "", "2013-12-31": "13.00000", "2012-12-31": "19.00000", "2011-12-31": "6.00000", "2010-12-31": "", "2009-12-31": "0.33500", "2008-12-31": ""}, "Income After Taxes": {"2019-12-31": "688.00000", "2018-12-31": "129.00000", "2017-12-31": "771.00000", "2016-12-31": "623.00000", "2015-12-31": "215.00000", "2014-12-31": "-233.00000", "2013-12-31": "1259.00000", "2012-12-31": "1277.00000", "2011-12-31": "770.00000", "2010-12-31": "288.00000", "2009-12-31": "118.61100", "2008-12-31": "35.35200"}, "Other Income": {"2019-12-31": "", "2018-12-31": "", "2017-12-31": "", "2016-12-31": "", "2015-12-31": "", "2014-12-31": "", "2013-12-31": "", "2012-12-31": "", "2011-12-31": "", "2010-12-31": "", "2009-12-31": "", "2008-12-31": ""}, "Income From Continuous Operations": {"2019-12-31": "688.00000", "2018-12-31": "129.00000", "2017-12-31": "771.00000", "2016-12-31": "623.00000", "2015-12-31": "215.00000", "2014-12-31": "-233.00000", "2013-12-31": "1259.00000", "2012-12-31": "1277.00000", "2011-12-31": "770.00000", "2010-12-31": "288.00000", "2009-12-31": "118.61100", "2008-12-31": "35.35200"}, "Income From Discontinued Operations": {"2019-12-31": "", "2018-12-31": "", "2017-12-31": "", "2016-12-31": "", "2015-12-31": "", "2014-12-31": "", "2013-12-31": "", "2012-12-31": "", "2011-12-31": "", "2010-12-31": "", "2009-12-31": "", "2008-12-31": ""}, "Net Income": {"2019-12-31": "628.00000", "2018-12-31": "93.00000", "2017-12-31": "733.00000", "2016-12-31": "595.00000", "2015-12-31": "187.00000", "2014-12-31": "-256.00000", "2013-12-31": "1245.00000", "2012-12-31": "1267.00000", "2011-12-31": "770.00000", "2010-12-31": "288.00000", "2009-12-31": "118.61100", "2008-12-31": "35.35200"}, "EBITDA": {"2019-12-31": "1289.00000", "2018-12-31": "485.00000", "2017-12-31": "1152.00000", "2016-12-31": "1064.00000", "2015-12-31": "724.00000", "2014-12-31": "395.00000", "2013-12-31": "2213.00000", "2012-12-31": "2330.00000", "2011-12-31": "1165.00000", "2010-12-31": "257.00000", "2009-12-31": "109.66700", "2008-12-31": "35.19800"}, "EBIT": {"2019-12-31": "688.00000", "2018-12-31": "129.00000", "2017-12-31": "771.00000", "2016-12-31": "623.00000", "2015-12-31": "215.00000", "2014-12-31": "-233.00000", "2013-12-31": "1489.00000", "2012-12-31": "1453.00000", "2011-12-31": "750.00000", "2010-12-31": "158.00000", "2009-12-31": "73.23600", "2008-12-31": "24.43500"}, "Basic Shares Outstanding": {"2019-12-31": "540.60000", "2018-12-31": "441.10000", "2017-12-31": "358.60000", "2016-12-31": "331.90000", "2015-12-31": "348.60000", "2014-12-31": "353.30000", "2013-12-31": "379.10000", "2012-12-31": "303.90000", "2011-12-31": "153.30000", "2010-12-31": "36.50000", "2009-12-31": "17.50700", "2008-12-31": "15.00500"}, "Shares Outstanding": {"2019-12-31": "541.40000", "2018-12-31": "441.40000", "2017-12-31": "358.70000", "2016-12-31": "331.90000", "2015-12-31": "348.60000", "2014-12-31": "353.30000", "2013-12-31": "379.10000", "2012-12-31": "303.90000", "2011-12-31": "153.30000", "2010-12-31": "36.50000", "2009-12-31": "17.50700", "2008-12-31": "15.00500"}, "Basic EPS": {"2019-12-31": "1.16000", "2018-12-31": "0.21000", "2017-12-31": "2.04000", "2016-12-31": "1.79000", "2015-12-31": "0.54000", "2014-12-31": "-0.72000", "2013-12-31": "3.28000", "2012-12-31": "4.17000", "2011-12-31": "5.02000", "2010-12-31": "7.89000", "2009-12-31": "6.78000", "2008-12-31": "2.36000"}, "EPS - Earnings Per Share": {"2019-12-31": "1.16000", "2018-12-31": "0.21000", "2017-12-31": "2.04000", "2016-12-31": "1.79000", "2015-12-31": "0.54000", "2014-12-31": "-0.72000", "2013-12-31": "3.28000", "2012-12-31": "4.17000", "2011-12-31": "5.02000", "2010-12-31": "7.89000", "2009-12-31": "6.78000", "2008-12-31": "2.36000"}}, "income statement, quarterly": {"Revenue": {"2020-09-30": "364.00000", "2020-06-30": "429.00000", "2020-03-31": "491.00000", "2019-12-31": "768.00000", "2019-09-30": "676.00000", "2019-06-30": "693.00000", "2019-03-31": "705.00000", "2018-12-31": "604.00000", "2018-09-30": "500.00000", "2018-06-30": "414.00000", "2018-03-31": "431.00000", "2017-12-31": "386.00000", "2017-09-30": "318.00000", "2017-06-30": "293.00000", "2017-03-31": "296.00000", "2016-12-31": "393.00000", "2016-09-30": "315.00000", "2016-06-30": "318.00000", "2016-03-31": "295.00000", "2015-12-31": "374.00000", "2015-09-30": "295.00000", "2015-06-30": "414.00000", "2015-03-31": "383.00000", "2014-12-31": "331.00000", "2014-09-30": "357.00000", "2014-06-30": "385.00000", "2014-03-31": "399.00000", "2013-12-31": "543.00000", "2013-09-30": "558.00000", "2013-06-30": "545.00000", "2013-03-31": "547.00000", "2012-12-31": "571.00000", "2012-09-30": "520.00000", "2012-06-30": "504.00000", "2012-03-31": "514.00000", "2011-12-31": "352.00000", "2011-09-30": "327.00000", "2011-06-30": "265.00000", "2011-03-31": "165.00000", "2010-12-31": "101.01400", "2010-09-30": "62.60000", "2010-06-30": "50.58900", "2010-03-31": "38.79700", "2009-12-31": "41.08600", "2009-09-30": "32.79300", "2009-06-30": "31.69000", "2009-03-31": "22.35100", "2008-12-31": "", "2008-09-30": "28.07100", "2008-06-30": "9.92400", "2007-12-31": ""}, "Cost Of Goods Sold": {"2020-09-30": "62.00000", "2020-06-30": "134.00000", "2020-03-31": "426.00000", "2019-12-31": "481.00000", "2019-09-30": "557.00000", "2019-06-30": "570.00000", "2019-03-31": "541.00000", "2018-12-31": "418.00000", "2018-09-30": "312.00000", "2018-06-30": "237.00000", "2018-03-31": "206.00000", "2017-12-31": "174.00000", "2017-09-30": "140.00000", "2017-06-30": "112.00000", "2017-03-31": "98.00000", "2016-12-31": "98.00000", "2016-09-30": "96.00000", "2016-06-30": "101.00000", "2016-03-31": "99.00000", "2015-12-31": "86.00000", "2015-09-30": "77.00000", "2015-06-30": "81.00000", "2015-03-31": "86.00000", "2014-12-31": "81.00000", "2014-09-30": "88.00000", "2014-06-30": "95.00000", "2014-03-31": "108.00000", "2013-12-31": "120.00000", "2013-09-30": "145.00000", "2013-06-30": "131.00000", "2013-03-31": "140.00000", "2012-12-31": "147.00000", "2012-09-30": "139.00000", "2012-06-30": "120.00000", "2012-03-31": "106.00000", "2011-12-31": "90.00000", "2011-09-30": "95.00000", "2011-06-30": "64.00000", "2011-03-31": "36.00000", "2010-12-31": "24.61100", "2010-09-30": "18.53100", "2010-06-30": "17.34800", "2010-03-31": "15.51000", "2009-12-31": "14.27400", "2009-09-30": "11.55100", "2009-06-30": "9.58500", "2009-03-31": "8.12900", "2008-12-31": "", "2008-09-30": "11.00900", "2008-06-30": "3.59700", "2007-12-31": ""}, "Gross Profit": {"2020-09-30": "302.00000", "2020-06-30": "295.00000", "2020-03-31": "65.00000", "2019-12-31": "287.00000", "2019-09-30": "119.00000", "2019-06-30": "123.00000", "2019-03-31": "164.00000", "2018-12-31": "186.00000", "2018-09-30": "188.00000", "2018-06-30": "177.00000", "2018-03-31": "225.00000", "2017-12-31": "212.00000", "2017-09-30": "178.00000", "2017-06-30": "181.00000", "2017-03-31": "198.00000", "2016-12-31": "295.00000", "2016-09-30": "219.00000", "2016-06-30": "217.00000", "2016-03-31": "196.00000", "2015-12-31": "288.00000", "2015-09-30": "218.00000", "2015-06-30": "333.00000", "2015-03-31": "297.00000", "2014-12-31": "250.00000", "2014-09-30": "269.00000", "2014-06-30": "290.00000", "2014-03-31": "291.00000", "2013-12-31": "423.00000", "2013-09-30": "413.00000", "2013-06-30": "414.00000", "2013-03-31": "407.00000", "2012-12-31": "424.00000", "2012-09-30": "381.00000", "2012-06-30": "384.00000", "2012-03-31": "408.00000", "2011-12-31": "262.00000", "2011-09-30": "232.00000", "2011-06-30": "201.00000", "2011-03-31": "129.00000", "2010-12-31": "76.40300", "2010-09-30": "44.06900", "2010-06-30": "33.24100", "2010-03-31": "23.28700", "2009-12-31": "26.81200", "2009-09-30": "21.24200", "2009-06-30": "22.10500", "2009-03-31": "14.22200", "2008-12-31": "", "2008-09-30": "17.06200", "2008-06-30": "6.32700", "2007-12-31": ""}, "Research And Development Expenses": {"2020-09-30": "", "2020-06-30": "", "2020-03-31": "", "2019-12-31": "", "2019-09-30": "", "2019-06-30": "", "2019-03-31": "", "2018-12-31": "", "2018-09-30": "", "2018-06-30": "", "2018-03-31": "", "2017-12-31": "", "2017-09-30": "", "2017-06-30": "", "2017-03-31": "", "2016-12-31": "", "2016-09-30": "", "2016-06-30": "", "2016-03-31": "", "2015-12-31": "", "2015-09-30": "", "2015-06-30": "", "2015-03-31": "", "2014-12-31": "", "2014-09-30": "", "2014-06-30": "", "2014-03-31": "", "2013-12-31": "", "2013-09-30": "", "2013-06-30": "", "2013-03-31": "", "2012-12-31": "", "2012-09-30": "", "2012-06-30": "", "2012-03-31": "", "2011-12-31": "", "2011-09-30": "", "2011-06-30": "", "2011-03-31": "", "2010-12-31": "", "2010-09-30": "", "2010-06-30": "", "2010-03-31": "", "2009-12-31": "", "2009-09-30": "", "2009-06-30": "", "2009-03-31": "", "2008-12-31": "", "2008-09-30": "", "2008-06-30": "", "2007-12-31": ""}, "SG&A Expenses": {"2020-09-30": "13.00000", "2020-06-30": "13.00000", "2020-03-31": "13.00000", "2019-12-31": "16.00000", "2019-09-30": "10.00000", "2019-06-30": "11.00000", "2019-03-31": "10.00000", "2018-12-31": "11.00000", "2018-09-30": "14.00000", "2018-06-30": "10.00000", "2018-03-31": "10.00000", "2017-12-31": "12.00000", "2017-09-30": "10.00000", "2017-06-30": "10.00000", "2017-03-31": "10.00000", "2016-12-31": "10.00000", "2016-09-30": "9.00000", "2016-06-30": "25.00000", "2016-03-31": "27.00000", "2015-12-31": "15.00000", "2015-09-30": "29.00000", "2015-06-30": "36.00000", "2015-03-31": "36.00000", "2014-12-31": "13.00000", "2014-09-30": "35.00000", "2014-06-30": "36.00000", "2014-03-31": "35.00000", "2013-12-31": "38.00000", "2013-09-30": "42.00000", "2013-06-30": "46.00000", "2013-03-31": "42.00000", "2012-12-31": "40.00000", "2012-09-30": "40.00000", "2012-06-30": "36.00000", "2012-03-31": "28.00000", "2011-12-31": "24.00000", "2011-09-30": "22.00000", "2011-06-30": "17.00000", "2011-03-31": "11.00000", "2010-12-31": "6.81100", "2010-09-30": "4.62300", "2010-06-30": "4.10100", "2010-03-31": "3.46500", "2009-12-31": "3.63900", "2009-09-30": "2.64000", "2009-06-30": "2.49500", "2009-03-31": "2.37100", "2008-12-31": "", "2008-09-30": "2.33900", "2008-06-30": "1.27600", "2007-12-31": ""}, "Other Operating Income Or Expenses": {"2020-09-30": "373.00000", "2020-06-30": "436.00000", "2020-03-31": "-2473.00000", "2019-12-31": "600.00000", "2019-09-30": "-113.00000", "2019-06-30": "-556.00000", "2019-03-31": "111.00000", "2018-12-31": "-979.00000", "2018-09-30": "42.00000", "2018-06-30": "126.00000", "2018-03-31": "209.00000", "2017-12-31": "185.00000", "2017-09-30": "118.00000", "2017-06-30": "-147.00000", "2017-03-31": "-112.00000", "2016-12-31": "734.00000", "2016-09-30": "301.00000", "2016-06-30": "-327.00000", "2016-03-31": "-941.00000", "2015-12-31": "-800.00000", "2015-09-30": "-5.00000", "2015-06-30": "", "2015-03-31": "", "2014-12-31": "", "2014-09-30": "", "2014-06-30": "", "2014-03-31": "", "2013-12-31": "", "2013-09-30": "", "2013-06-30": "", "2013-03-31": "", "2012-12-31": "", "2012-09-30": "", "2012-06-30": "", "2012-03-31": "", "2011-12-31": "", "2011-09-30": "", "2011-06-30": "", "2011-03-31": "", "2010-12-31": "", "2010-09-30": "-0.73600", "2010-06-30": "", "2010-03-31": "", "2009-12-31": "", "2009-09-30": "", "2009-06-30": "", "2009-03-31": "", "2008-12-31": "", "2008-09-30": "", "2008-06-30": "", "2007-12-31": ""}, "Operating Expenses": {"2020-09-30": "-298.00000", "2020-06-30": "-289.00000", "2020-03-31": "2912.00000", "2019-12-31": "-103.00000", "2019-09-30": "680.00000", "2019-06-30": "1137.00000", "2019-03-31": "440.00000", "2018-12-31": "1408.00000", "2018-09-30": "284.00000", "2018-06-30": "121.00000", "2018-03-31": "7.00000", "2017-12-31": "1.00000", "2017-09-30": "32.00000", "2017-06-30": "269.00000", "2017-03-31": "220.00000", "2016-12-31": "-626.00000", "2016-09-30": "-196.00000", "2016-06-30": "453.00000", "2016-03-31": "1067.00000", "2015-12-31": "901.00000", "2015-09-30": "111.00000", "2015-06-30": "117.00000", "2015-03-31": "122.00000", "2014-12-31": "1308.00000", "2014-09-30": "123.00000", "2014-06-30": "131.00000", "2014-03-31": "143.00000", "2013-12-31": "158.00000", "2013-09-30": "187.00000", "2013-06-30": "177.00000", "2013-03-31": "182.00000", "2012-12-31": "187.00000", "2012-09-30": "179.00000", "2012-06-30": "156.00000", "2012-03-31": "134.00000", "2011-12-31": "114.00000", "2011-09-30": "117.00000", "2011-06-30": "81.00000", "2011-03-31": "47.00000", "2010-12-31": "30.68600", "2010-09-30": "23.89000", "2010-06-30": "21.44900", "2010-03-31": "18.97500", "2009-12-31": "17.91300", "2009-09-30": "14.19100", "2009-06-30": "12.08000", "2009-03-31": "10.50000", "2008-12-31": "", "2008-09-30": "13.34800", "2008-06-30": "4.87300", "2007-12-31": ""}, "Operating Income": {"2020-09-30": "662.00000", "2020-06-30": "718.00000", "2020-03-31": "-2421.00000", "2019-12-31": "871.00000", "2019-09-30": "-4.00000", "2019-06-30": "-444.00000", "2019-03-31": "265.00000", "2018-12-31": "-804.00000", "2018-09-30": "216.00000", "2018-06-30": "293.00000", "2018-03-31": "424.00000", "2017-12-31": "385.00000", "2017-09-30": "286.00000", "2017-06-30": "24.00000", "2017-03-31": "76.00000", "2016-12-31": "1019.00000", "2016-09-30": "511.00000", "2016-06-30": "-135.00000", "2016-03-31": "-772.00000", "2015-12-31": "-527.00000", "2015-09-30": "184.00000", "2015-06-30": "297.00000", "2015-03-31": "261.00000", "2014-12-31": "-977.00000", "2014-09-30": "234.00000", "2014-06-30": "254.00000", "2014-03-31": "256.00000", "2013-12-31": "385.00000", "2013-09-30": "371.00000", "2013-06-30": "368.00000", "2013-03-31": "365.00000", "2012-12-31": "384.00000", "2012-09-30": "341.00000", "2012-06-30": "348.00000", "2012-03-31": "380.00000", "2011-12-31": "238.00000", "2011-09-30": "210.00000", "2011-06-30": "184.00000", "2011-03-31": "118.00000", "2010-12-31": "70.32800", "2010-09-30": "38.71000", "2010-06-30": "29.14000", "2010-03-31": "19.82200", "2009-12-31": "23.17300", "2009-09-30": "18.60200", "2009-06-30": "19.61000", "2009-03-31": "11.85100", "2008-12-31": "", "2008-09-30": "14.72300", "2008-06-30": "5.05100", "2007-12-31": ""}, "Total Non-Operating Income/Expense": {"2020-09-30": "", "2020-06-30": "", "2020-03-31": "", "2019-12-31": "", "2019-09-30": "", "2019-06-30": "", "2019-03-31": "", "2018-12-31": "", "2018-09-30": "", "2018-06-30": "", "2018-03-31": "", "2017-12-31": "", "2017-09-30": "", "2017-06-30": "", "2017-03-31": "", "2016-12-31": "", "2016-09-30": "", "2016-06-30": "", "2016-03-31": "", "2015-12-31": "", "2015-09-30": "-817.00000", "2015-06-30": "215.00000", "2015-03-31": "-513.00000", "2014-12-31": "", "2014-09-30": "-37.00000", "2014-06-30": "-222.00000", "2014-03-31": "-397.00000", "2013-12-31": "-482.00000", "2013-09-30": "-1072.00000", "2013-06-30": "1461.00000", "2013-03-31": "-124.00000", "2012-12-31": "442.00000", "2012-09-30": "-250.00000", "2012-06-30": "-612.00000", "2012-03-31": "263.00000", "2011-12-31": "-25.00000", "2011-09-30": "41.00000", "2011-06-30": "-6.00000", "2011-03-31": "16.00000", "2010-12-31": "67.38600", "2010-09-30": "21.56800", "2010-06-30": "7.71800", "2010-03-31": "33.32800", "2009-12-31": "17.85900", "2009-09-30": "12.63500", "2009-06-30": "10.75600", "2009-03-31": "4.46000", "2008-12-31": "", "2008-09-30": "4.17800", "2008-06-30": "0.44800", "2007-12-31": ""}, "Pre-Tax Income": {"2020-09-30": "662.00000", "2020-06-30": "718.00000", "2020-03-31": "-2421.00000", "2019-12-31": "871.00000", "2019-09-30": "-4.00000", "2019-06-30": "-444.00000", "2019-03-31": "265.00000", "2018-12-31": "-804.00000", "2018-09-30": "216.00000", "2018-06-30": "293.00000", "2018-03-31": "424.00000", "2017-12-31": "385.00000", "2017-09-30": "286.00000", "2017-06-30": "24.00000", "2017-03-31": "76.00000", "2016-12-31": "1019.00000", "2016-09-30": "511.00000", "2016-06-30": "-135.00000", "2016-03-31": "-772.00000", "2015-12-31": "588.00000", "2015-09-30": "-633.00000", "2015-06-30": "512.00000", "2015-03-31": "-252.00000", "2014-12-31": "-321.00000", "2014-09-30": "197.00000", "2014-06-30": "32.00000", "2014-03-31": "-141.00000", "2013-12-31": "-97.00000", "2013-09-30": "-701.00000", "2013-06-30": "1829.00000", "2013-03-31": "241.00000", "2012-12-31": "826.00000", "2012-09-30": "91.00000", "2012-06-30": "-264.00000", "2012-03-31": "643.00000", "2011-12-31": "213.00000", "2011-09-30": "251.00000", "2011-06-30": "178.00000", "2011-03-31": "134.00000", "2010-12-31": "137.71400", "2010-09-30": "60.27800", "2010-06-30": "36.85800", "2010-03-31": "53.15000", "2009-12-31": "41.03200", "2009-09-30": "31.23700", "2009-06-30": "30.36600", "2009-03-31": "16.31100", "2008-12-31": "", "2008-09-30": "18.90100", "2008-06-30": "5.49900", "2007-12-31": ""}, "Income Taxes": {"2020-09-30": "", "2020-06-30": "", "2020-03-31": "", "2019-12-31": "", "2019-09-30": "", "2019-06-30": "", "2019-03-31": "", "2018-12-31": "", "2018-09-30": "", "2018-06-30": "", "2018-03-31": "", "2017-12-31": "", "2017-09-30": "0.00000", "2017-06-30": "", "2017-03-31": "0.00000", "2016-12-31": "", "2016-09-30": "0.00000", "2016-06-30": "", "2016-03-31": "", "2015-12-31": "", "2015-09-30": "0.00000", "2015-06-30": "", "2015-03-31": "", "2014-12-31": "", "2014-09-30": "0.00000", "2014-06-30": "0.00000", "2014-03-31": "0.00000", "2013-12-31": "3.00000", "2013-09-30": "0.00000", "2013-06-30": "0.00000", "2013-03-31": "10.00000", "2012-12-31": "15.00000", "2012-09-30": "5.00000", "2012-06-30": "-3.00000", "2012-03-31": "2.00000", "2011-12-31": "5.00000", "2011-09-30": "1.00000", "2011-06-30": "", "2011-03-31": "", "2010-12-31": "", "2010-09-30": "0.25000", "2010-06-30": "", "2010-03-31": "", "2009-12-31": "", "2009-09-30": "", "2009-06-30": "", "2009-03-31": "", "2008-12-31": "", "2008-09-30": "", "2008-06-30": "", "2007-12-31": ""}, "Income After Taxes": {"2020-09-30": "662.00000", "2020-06-30": "718.00000", "2020-03-31": "-2421.00000", "2019-12-31": "871.00000", "2019-09-30": "-4.00000", "2019-06-30": "-444.00000", "2019-03-31": "265.00000", "2018-12-31": "-804.00000", "2018-09-30": "216.00000", "2018-06-30": "293.00000", "2018-03-31": "424.00000", "2017-12-31": "385.00000", "2017-09-30": "286.00000", "2017-06-30": "24.00000", "2017-03-31": "76.00000", "2016-12-31": "1019.00000", "2016-09-30": "511.00000", "2016-06-30": "-135.00000", "2016-03-31": "-772.00000", "2015-12-31": "588.00000", "2015-09-30": "-633.00000", "2015-06-30": "512.00000", "2015-03-31": "-252.00000", "2014-12-31": "-321.00000", "2014-09-30": "197.00000", "2014-06-30": "32.00000", "2014-03-31": "-141.00000", "2013-12-31": "-100.00000", "2013-09-30": "-701.00000", "2013-06-30": "1829.00000", "2013-03-31": "231.00000", "2012-12-31": "811.00000", "2012-09-30": "86.00000", "2012-06-30": "-261.00000", "2012-03-31": "641.00000", "2011-12-31": "208.00000", "2011-09-30": "250.00000", "2011-06-30": "178.00000", "2011-03-31": "134.00000", "2010-12-31": "137.96400", "2010-09-30": "60.02800", "2010-06-30": "36.85800", "2010-03-31": "53.15000", "2009-12-31": "40.69700", "2009-09-30": "31.23700", "2009-06-30": "30.36600", "2009-03-31": "16.31100", "2008-12-31": "", "2008-09-30": "18.90100", "2008-06-30": "5.49900", "2007-12-31": ""}, "Other Income": {"2020-09-30": "", "2020-06-30": "", "2020-03-31": "", "2019-12-31": "", "2019-09-30": "", "2019-06-30": "", "2019-03-31": "", "2018-12-31": "", "2018-09-30": "", "2018-06-30": "", "2018-03-31": "", "2017-12-31": "", "2017-09-30": "", "2017-06-30": "", "2017-03-31": "", "2016-12-31": "", "2016-09-30": "", "2016-06-30": "", "2016-03-31": "", "2015-12-31": "", "2015-09-30": "", "2015-06-30": "", "2015-03-31": "", "2014-12-31": "", "2014-09-30": "", "2014-06-30": "", "2014-03-31": "", "2013-12-31": "", "2013-09-30": "", "2013-06-30": "", "2013-03-31": "", "2012-12-31": "", "2012-09-30": "", "2012-06-30": "", "2012-03-31": "", "2011-12-31": "", "2011-09-30": "", "2011-06-30": "", "2011-03-31": "", "2010-12-31": "", "2010-09-30": "", "2010-06-30": "", "2010-03-31": "", "2009-12-31": "", "2009-09-30": "", "2009-06-30": "", "2009-03-31": "", "2008-12-31": "", "2008-09-30": "", "2008-06-30": "", "2007-12-31": ""}, "Income From Continuous Operations": {"2020-09-30": "662.00000", "2020-06-30": "718.00000", "2020-03-31": "-2421.00000", "2019-12-31": "871.00000", "2019-09-30": "-4.00000", "2019-06-30": "-444.00000", "2019-03-31": "265.00000", "2018-12-31": "-804.00000", "2018-09-30": "216.00000", "2018-06-30": "293.00000", "2018-03-31": "424.00000", "2017-12-31": "385.00000", "2017-09-30": "286.00000", "2017-06-30": "24.00000", "2017-03-31": "76.00000", "2016-12-31": "1019.00000", "2016-09-30": "511.00000", "2016-06-30": "-135.00000", "2016-03-31": "-772.00000", "2015-12-31": "588.00000", "2015-09-30": "-633.00000", "2015-06-30": "512.00000", "2015-03-31": "-252.00000", "2014-12-31": "-321.00000", "2014-09-30": "197.00000", "2014-06-30": "32.00000", "2014-03-31": "-141.00000", "2013-12-31": "-100.00000", "2013-09-30": "-701.00000", "2013-06-30": "1829.00000", "2013-03-31": "231.00000", "2012-12-31": "811.00000", "2012-09-30": "86.00000", "2012-06-30": "-261.00000", "2012-03-31": "641.00000", "2011-12-31": "208.00000", "2011-09-30": "250.00000", "2011-06-30": "178.00000", "2011-03-31": "134.00000", "2010-12-31": "137.96400", "2010-09-30": "60.02800", "2010-06-30": "36.85800", "2010-03-31": "53.15000", "2009-12-31": "40.69700", "2009-09-30": "31.23700", "2009-06-30": "30.36600", "2009-03-31": "16.31100", "2008-12-31": "", "2008-09-30": "18.90100", "2008-06-30": "5.49900", "2007-12-31": ""}, "Income From Discontinued Operations": {"2020-09-30": "", "2020-06-30": "", "2020-03-31": "", "2019-12-31": "", "2019-09-30": "", "2019-06-30": "", "2019-03-31": "", "2018-12-31": "", "2018-09-30": "", "2018-06-30": "", "2018-03-31": "", "2017-12-31": "", "2017-09-30": "", "2017-06-30": "", "2017-03-31": "", "2016-12-31": "", "2016-09-30": "", "2016-06-30": "", "2016-03-31": "", "2015-12-31": "", "2015-09-30": "", "2015-06-30": "", "2015-03-31": "", "2014-12-31": "", "2014-09-30": "", "2014-06-30": "", "2014-03-31": "", "2013-12-31": "", "2013-09-30": "", "2013-06-30": "", "2013-03-31": "", "2012-12-31": "", "2012-09-30": "", "2012-06-30": "", "2012-03-31": "", "2011-12-31": "", "2011-09-30": "", "2011-06-30": "", "2011-03-31": "", "2010-12-31": "", "2010-09-30": "", "2010-06-30": "", "2010-03-31": "", "2009-12-31": "", "2009-09-30": "", "2009-06-30": "", "2009-03-31": "", "2008-12-31": "", "2008-09-30": "", "2008-06-30": "", "2007-12-31": ""}, "Net Income": {"2020-09-30": "637.00000", "2020-06-30": "693.00000", "2020-03-31": "-2442.00000", "2019-12-31": "847.00000", "2019-09-30": "-17.00000", "2019-06-30": "-457.00000", "2019-03-31": "255.00000", "2018-12-31": "-813.00000", "2018-09-30": "207.00000", "2018-06-30": "284.00000", "2018-03-31": "415.00000", "2017-12-31": "376.00000", "2017-09-30": "271.00000", "2017-06-30": "17.00000", "2017-03-31": "69.00000", "2016-12-31": "1012.00000", "2016-09-30": "504.00000", "2016-06-30": "-142.00000", "2016-03-31": "-779.00000", "2015-12-31": "581.00000", "2015-09-30": "-640.00000", "2015-06-30": "505.00000", "2015-03-31": "-259.00000", "2014-12-31": "-329.00000", "2014-09-30": "190.00000", "2014-06-30": "27.00000", "2014-03-31": "-144.00000", "2013-12-31": "-105.00000", "2013-09-30": "-704.00000", "2013-06-30": "1826.00000", "2013-03-31": "228.00000", "2012-12-31": "807.00000", "2012-09-30": "83.00000", "2012-06-30": "-264.00000", "2012-03-31": "641.00000", "2011-12-31": "208.00000", "2011-09-30": "250.00000", "2011-06-30": "178.00000", "2011-03-31": "134.00000", "2010-12-31": "137.96400", "2010-09-30": "60.02800", "2010-06-30": "36.85800", "2010-03-31": "53.15000", "2009-12-31": "40.69700", "2009-09-30": "31.23700", "2009-06-30": "30.36600", "2009-03-31": "16.31100", "2008-12-31": "", "2008-09-30": "18.90100", "2008-06-30": "5.49900", "2007-12-31": ""}, "EBITDA": {"2020-09-30": "871.00000", "2020-06-30": "941.00000", "2020-03-31": "-2037.00000", "2019-12-31": "955.00000", "2019-09-30": "188.00000", "2019-06-30": "-261.00000", "2019-03-31": "407.00000", "2018-12-31": "-697.00000", "2018-09-30": "321.00000", "2018-06-30": "367.00000", "2018-03-31": "494.00000", "2017-12-31": "481.00000", "2017-09-30": "384.00000", "2017-06-30": "121.00000", "2017-03-31": "166.00000", "2016-12-31": "1027.00000", "2016-09-30": "629.00000", "2016-06-30": "11.00000", "2016-03-31": "-603.00000", "2015-12-31": "-427.00000", "2015-09-30": "336.00000", "2015-06-30": "392.00000", "2015-03-31": "423.00000", "2014-12-31": "-821.00000", "2014-09-30": "372.00000", "2014-06-30": "403.00000", "2014-03-31": "441.00000", "2013-12-31": "565.00000", "2013-09-30": "586.00000", "2013-06-30": "514.00000", "2013-03-31": "548.00000", "2012-12-31": "589.00000", "2012-09-30": "613.00000", "2012-06-30": "596.00000", "2012-03-31": "532.00000", "2011-12-31": "413.00000", "2011-09-30": "323.00000", "2011-06-30": "263.00000", "2011-03-31": "166.00000", "2010-12-31": "97.09700", "2010-09-30": "69.47100", "2010-06-30": "54.67500", "2010-03-31": "35.75700", "2009-12-31": "37.53100", "2009-09-30": "31.88100", "2009-06-30": "25.21200", "2009-03-31": "15.04300", "2008-12-31": "", "2008-09-30": "17.25400", "2008-06-30": "5.05100", "2007-12-31": ""}, "EBIT": {"2020-09-30": "662.00000", "2020-06-30": "718.00000", "2020-03-31": "-2421.00000", "2019-12-31": "871.00000", "2019-09-30": "-4.00000", "2019-06-30": "-444.00000", "2019-03-31": "265.00000", "2018-12-31": "-804.00000", "2018-09-30": "216.00000", "2018-06-30": "293.00000", "2018-03-31": "424.00000", "2017-12-31": "385.00000", "2017-09-30": "286.00000", "2017-06-30": "24.00000", "2017-03-31": "76.00000", "2016-12-31": "1019.00000", "2016-09-30": "511.00000", "2016-06-30": "-135.00000", "2016-03-31": "-772.00000", "2015-12-31": "-527.00000", "2015-09-30": "184.00000", "2015-06-30": "297.00000", "2015-03-31": "261.00000", "2014-12-31": "-977.00000", "2014-09-30": "234.00000", "2014-06-30": "254.00000", "2014-03-31": "256.00000", "2013-12-31": "385.00000", "2013-09-30": "371.00000", "2013-06-30": "368.00000", "2013-03-31": "365.00000", "2012-12-31": "384.00000", "2012-09-30": "341.00000", "2012-06-30": "348.00000", "2012-03-31": "380.00000", "2011-12-31": "238.00000", "2011-09-30": "210.00000", "2011-06-30": "184.00000", "2011-03-31": "118.00000", "2010-12-31": "70.32800", "2010-09-30": "38.71000", "2010-06-30": "29.14000", "2010-03-31": "19.82200", "2009-12-31": "23.17300", "2009-09-30": "18.60200", "2009-06-30": "19.61000", "2009-03-31": "11.85100", "2008-12-31": "", "2008-09-30": "14.72300", "2008-06-30": "5.05100", "2007-12-31": ""}, "Basic Shares Outstanding": {"2020-09-30": "553.20000", "2020-06-30": "560.30000", "2020-03-31": "548.00000", "2019-12-31": "540.60000", "2019-09-30": "546.40000", "2019-06-30": "537.80000", "2019-03-31": "536.70000", "2018-12-31": "441.10000", "2018-09-30": "462.30000", "2018-06-30": "404.90000", "2018-03-31": "391.30000", "2017-12-31": "358.60000", "2017-09-30": "364.70000", "2017-06-30": "346.40000", "2017-03-31": "331.00000", "2016-12-31": "331.90000", "2016-09-30": "331.00000", "2016-06-30": "331.00000", "2016-03-31": "334.40000", "2015-12-31": "348.60000", "2015-09-30": "347.80000", "2015-06-30": "352.10000", "2015-03-31": "352.80000", "2014-12-31": "353.30000", "2014-09-30": "352.80000", "2014-06-30": "352.80000", "2014-03-31": "354.80000", "2013-12-31": "379.10000", "2013-09-30": "390.60000", "2013-06-30": "396.40000", "2013-03-31": "356.20000", "2012-12-31": "303.90000", "2012-09-30": "332.80000", "2012-06-30": "301.00000", "2012-03-31": "240.60000", "2011-12-31": "153.30000", "2011-09-30": "180.70000", "2011-06-30": "130.50000", "2011-03-31": "90.00000", "2010-12-31": "36.50000", "2010-09-30": "35.49500", "2010-06-30": "29.87200", "2010-03-31": "25.00200", "2009-12-31": "17.50700", "2009-09-30": "17.19100", "2009-06-30": "15.00500", "2009-03-31": "15.00500", "2008-12-31": "", "2008-09-30": "15.00500", "2008-06-30": "15.00000", "2007-12-31": ""}, "Shares Outstanding": {"2020-09-30": "554.30000", "2020-06-30": "560.80000", "2020-03-31": "548.00000", "2019-12-31": "541.40000", "2019-09-30": "546.40000", "2019-06-30": "537.80000", "2019-03-31": "537.20000", "2018-12-31": "441.40000", "2018-09-30": "462.70000", "2018-06-30": "405.20000", "2018-03-31": "391.50000", "2017-12-31": "358.70000", "2017-09-30": "364.90000", "2017-06-30": "346.50000", "2017-03-31": "331.10000", "2016-12-31": "331.90000", "2016-09-30": "331.00000", "2016-06-30": "331.00000", "2016-03-31": "334.40000", "2015-12-31": "348.60000", "2015-09-30": "347.80000", "2015-06-30": "352.10000", "2015-03-31": "352.80000", "2014-12-31": "353.30000", "2014-09-30": "352.80000", "2014-06-30": "352.80000", "2014-03-31": "354.80000", "2013-12-31": "379.10000", "2013-09-30": "390.60000", "2013-06-30": "396.40000", "2013-03-31": "356.20000", "2012-12-31": "303.90000", "2012-09-30": "332.80000", "2012-06-30": "301.00000", "2012-03-31": "240.60000", "2011-12-31": "153.30000", "2011-09-30": "180.70000", "2011-06-30": "130.50000", "2011-03-31": "90.00000", "2010-12-31": "36.50000", "2010-09-30": "35.49500", "2010-06-30": "29.87200", "2010-03-31": "25.00200", "2009-12-31": "17.50700", "2009-09-30": "17.19100", "2009-06-30": "15.00500", "2009-03-31": "15.00500", "2008-12-31": "", "2008-09-30": "15.00500", "2008-06-30": "15.00000", "2007-12-31": ""}, "Basic EPS": {"2020-09-30": "1.15000", "2020-06-30": "1.24000", "2020-03-31": "-4.46000", "2019-12-31": "1.56000", "2019-09-30": "-0.03000", "2019-06-30": "-0.85000", "2019-03-31": "0.48000", "2018-12-31": "-2.00000", "2018-09-30": "0.45000", "2018-06-30": "0.70000", "2018-03-31": "1.06000", "2017-12-31": "1.04000", "2017-09-30": "0.74000", "2017-06-30": "0.05000", "2017-03-31": "0.21000", "2016-12-31": "3.03000", "2016-09-30": "1.52000", "2016-06-30": "-0.43000", "2016-03-31": "-2.33000", "2015-12-31": "1.68000", "2015-09-30": "-1.84000", "2015-06-30": "1.43000", "2015-03-31": "-0.73000", "2014-12-31": "-0.93000", "2014-09-30": "0.54000", "2014-06-30": "0.08000", "2014-03-31": "-0.41000", "2013-12-31": "-0.17000", "2013-09-30": "-1.80000", "2013-06-30": "4.61000", "2013-03-31": "0.64000", "2012-12-31": "2.14000", "2012-09-30": "0.25000", "2012-06-30": "-0.88000", "2012-03-31": "2.66000", "2011-12-31": "0.79000", "2011-09-30": "1.39000", "2011-06-30": "1.36000", "2011-03-31": "1.48000", "2010-12-31": "2.84000", "2010-09-30": "1.69000", "2010-06-30": "1.23000", "2010-03-31": "2.13000", "2009-12-31": "1.85000", "2009-09-30": "1.82000", "2009-06-30": "2.02000", "2009-03-31": "1.09000", "2008-12-31": "", "2008-09-30": "1.26000", "2008-06-30": "0.37000", "2007-12-31": ""}, "EPS - Earnings Per Share": {"2020-09-30": "1.15000", "2020-06-30": "1.24000", "2020-03-31": "-4.46000", "2019-12-31": "1.57000", "2019-09-30": "-0.03000", "2019-06-30": "-0.85000", "2019-03-31": "0.47000", "2018-12-31": "-2.00000", "2018-09-30": "0.45000", "2018-06-30": "0.70000", "2018-03-31": "1.06000", "2017-12-31": "1.04000", "2017-09-30": "0.74000", "2017-06-30": "0.05000", "2017-03-31": "0.21000", "2016-12-31": "3.03000", "2016-09-30": "1.52000", "2016-06-30": "-0.43000", "2016-03-31": "-2.33000", "2015-12-31": "1.68000", "2015-09-30": "-1.84000", "2015-06-30": "1.43000", "2015-03-31": "-0.73000", "2014-12-31": "-0.93000", "2014-09-30": "0.54000", "2014-06-30": "0.08000", "2014-03-31": "-0.41000", "2013-12-31": "-0.17000", "2013-09-30": "-1.80000", "2013-06-30": "4.61000", "2013-03-31": "0.64000", "2012-12-31": "2.14000", "2012-09-30": "0.25000", "2012-06-30": "-0.88000", "2012-03-31": "2.66000", "2011-12-31": "0.79000", "2011-09-30": "1.39000", "2011-06-30": "1.36000", "2011-03-31": "1.48000", "2010-12-31": "2.84000", "2010-09-30": "1.69000", "2010-06-30": "1.23000", "2010-03-31": "2.13000", "2009-12-31": "1.85000", "2009-09-30": "1.82000", "2009-06-30": "2.02000", "2009-03-31": "1.09000", "2008-12-31": "0.00000", "2008-09-30": "1.26000", "2008-06-30": "0.37000", "2007-12-31": "0.00000"}}, "balance sheet": {"Cash On Hand": {"2019-12-31": "1282.00000", "2018-12-31": "1520.00000", "2017-12-31": "1363.00000", "2016-12-31": "1282.00000", "2015-12-31": "2391.00000", "2014-12-31": "2433.00000", "2013-12-31": "2244.00000", "2012-12-31": "2829.00000", "2011-12-31": "1703.00000", "2010-12-31": "249.35200", "2009-12-31": "222.43100", "2008-12-31": "74.70400"}, "Receivables": {"2019-12-31": "10181.00000", "2018-12-31": "22302.00000", "2017-12-31": "10961.00000", "2016-12-31": "7737.00000", "2015-12-31": "1713.00000", "2014-12-31": "5457.00000", "2013-12-31": "2533.00000", "2012-12-31": "11818.00000", "2011-12-31": "1206.00000", "2010-12-31": "581.94600", "2009-12-31": "90.42100", "2008-12-31": "7.85100"}, "Inventory": {"2019-12-31": "", "2018-12-31": "", "2017-12-31": "", "2016-12-31": "", "2015-12-31": "", "2014-12-31": "", "2013-12-31": "", "2012-12-31": "", "2011-12-31": "", "2010-12-31": "", "2009-12-31": "", "2008-12-31": ""}, "Pre-Paid Expenses": {"2019-12-31": "", "2018-12-31": "", "2017-12-31": "", "2016-12-31": "", "2015-12-31": "", "2014-12-31": "", "2013-12-31": "", "2012-12-31": "", "2011-12-31": "", "2010-12-31": "", "2009-12-31": "", "2008-12-31": ""}, "Other Current Assets": {"2019-12-31": "", "2018-12-31": "", "2017-12-31": "", "2016-12-31": "", "2015-12-31": "", "2014-12-31": "", "2013-12-31": "", "2012-12-31": "", "2011-12-31": "", "2010-12-31": "", "2009-12-31": "", "2008-12-31": ""}, "Total Current Assets": {"2019-12-31": "11463.00000", "2018-12-31": "23822.00000", "2017-12-31": "12324.00000", "2016-12-31": "9019.00000", "2015-12-31": "4104.00000", "2014-12-31": "7890.00000", "2013-12-31": "4777.00000", "2012-12-31": "14647.00000", "2011-12-31": "2909.00000", "2010-12-31": "831.29800", "2009-12-31": "312.85200", "2008-12-31": "82.55500"}, "Property, Plant, And Equipment": {"2019-12-31": "", "2018-12-31": "", "2017-12-31": "", "2016-12-31": "", "2015-12-31": "", "2014-12-31": "", "2013-12-31": "", "2012-12-31": "", "2011-12-31": "", "2010-12-31": "", "2009-12-31": "", "2008-12-31": ""}, "Long-Term Investments": {"2019-12-31": "", "2018-12-31": "", "2017-12-31": "", "2016-12-31": "", "2015-12-31": "", "2014-12-31": "", "2013-12-31": "", "2012-12-31": "", "2011-12-31": "", "2010-12-31": "", "2009-12-31": "", "2008-12-31": ""}, "Goodwill And Intangible Assets": {"2019-12-31": "526.00000", "2018-12-31": "526.00000", "2017-12-31": "551.00000", "2016-12-31": "554.00000", "2015-12-31": "", "2014-12-31": "", "2013-12-31": "", "2012-12-31": "", "2011-12-31": "", "2010-12-31": "", "2009-12-31": "", "2008-12-31": ""}, "Other Long-Term Assets": {"2019-12-31": "101093.00000", "2018-12-31": "84893.00000", "2017-12-31": "57501.00000", "2016-12-31": "47307.00000", "2015-12-31": "52917.00000", "2014-12-31": "59876.00000", "2013-12-31": "71478.00000", "2012-12-31": "85806.00000", "2011-12-31": "55063.00000", "2010-12-31": "13644.53000", "2009-12-31": "4312.83200", "2008-12-31": "1573.77000"}, "Total Long-Term Assets": {"2019-12-31": "101619.00000", "2018-12-31": "85419.00000", "2017-12-31": "58052.00000", "2016-12-31": "47861.00000", "2015-12-31": "52917.00000", "2014-12-31": "59876.00000", "2013-12-31": "71478.00000", "2012-12-31": "85806.00000", "2011-12-31": "55063.00000", "2010-12-31": "13644.53000", "2009-12-31": "4312.83200", "2008-12-31": "1573.77000"}, "Total Assets": {"2019-12-31": "113082.00000", "2018-12-31": "109241.00000", "2017-12-31": "70376.00000", "2016-12-31": "56880.00000", "2015-12-31": "57021.00000", "2014-12-31": "67766.00000", "2013-12-31": "76255.00000", "2012-12-31": "100453.00000", "2011-12-31": "57972.00000", "2010-12-31": "14475.83000", "2009-12-31": "4625.68400", "2008-12-31": "1656.32500"}, "Total Current Liabilities": {"2019-12-31": "92166.00000", "2018-12-31": "77523.00000", "2017-12-31": "50718.00000", "2016-12-31": "38325.00000", "2015-12-31": "42932.00000", "2014-12-31": "52129.00000", "2013-12-31": "64565.00000", "2012-12-31": "76430.00000", "2011-12-31": "50493.00000", "2010-12-31": "12494.51000", "2009-12-31": "4044.81200", "2008-12-31": "1379.45400"}, "Long Term Debt": {"2019-12-31": "228.00000", "2018-12-31": "275.00000", "2017-12-31": "357.00000", "2016-12-31": "3497.00000", "2015-12-31": "4348.00000", "2014-12-31": "761.00000", "2013-12-31": "910.00000", "2012-12-31": "937.00000", "2011-12-31": "54.00000", "2010-12-31": "72.92700", "2009-12-31": "", "2008-12-31": ""}, "Other Non-Current Liabilities": {"2019-12-31": "9647.00000", "2018-12-31": "21537.00000", "2017-12-31": "10547.00000", "2016-12-31": "7702.00000", "2015-12-31": "1770.00000", "2014-12-31": "5448.00000", "2013-12-31": "2083.00000", "2012-12-31": "12190.00000", "2011-12-31": "1213.00000", "2010-12-31": "336.33000", "2009-12-31": "34.05000", "2008-12-31": "18.72000"}, "Total Long Term Liabilities": {"2019-12-31": "9875.00000", "2018-12-31": "21812.00000", "2017-12-31": "10904.00000", "2016-12-31": "11199.00000", "2015-12-31": "6118.00000", "2014-12-31": "6209.00000", "2013-12-31": "2993.00000", "2012-12-31": "13127.00000", "2011-12-31": "1267.00000", "2010-12-31": "409.25700", "2009-12-31": "34.05000", "2008-12-31": "18.72000"}, "Total Liabilities": {"2019-12-31": "102041.00000", "2018-12-31": "99335.00000", "2017-12-31": "61622.00000", "2016-12-31": "49524.00000", "2015-12-31": "49050.00000", "2014-12-31": "58338.00000", "2013-12-31": "67558.00000", "2012-12-31": "89557.00000", "2011-12-31": "51760.00000", "2010-12-31": "12903.76000", "2009-12-31": "4078.86200", "2008-12-31": "1398.17400"}, "Common Stock Net": {"2019-12-31": "5.00000", "2018-12-31": "5.00000", "2017-12-31": "4.00000", "2016-12-31": "3.00000", "2015-12-31": "3.00000", "2014-12-31": "4.00000", "2013-12-31": "4.00000", "2012-12-31": "3.00000", "2011-12-31": "2.00000", "2010-12-31": "0.64900", "2009-12-31": "0.24300", "2008-12-31": "0.15000"}, "Retained Earnings (Accumulated Deficit)": {"2019-12-31": "-3886.00000", "2018-12-31": "-3433.00000", "2017-12-31": "-2562.00000", "2016-12-31": "-2518.00000", "2015-12-31": "-2350.00000", "2014-12-31": "-1674.00000", "2013-12-31": "-497.00000", "2012-12-31": "-289.00000", "2011-12-31": "-38.00000", "2010-12-31": "78.11600", "2009-12-31": "19.94000", "2008-12-31": "-2.31000"}, "Comprehensive Income": {"2019-12-31": "97.00000", "2018-12-31": "-943.00000", "2017-12-31": "-345.00000", "2016-12-31": "-397.00000", "2015-12-31": "-66.00000", "2014-12-31": "430.00000", "2013-12-31": "-1383.00000", "2012-12-31": "1555.00000", "2011-12-31": "311.00000", "2010-12-31": "-68.60900", "2009-12-31": "19.17400", "2008-12-31": "-25.60600"}, "Other Share Holders Equity": {"2019-12-31": "", "2018-12-31": "", "2017-12-31": "", "2016-12-31": "", "2015-12-31": "", "2014-12-31": "", "2013-12-31": "", "2012-12-31": "", "2011-12-31": "", "2010-12-31": "", "2009-12-31": "", "2008-12-31": ""}, "Share Holder Equity": {"2019-12-31": "11041.00000", "2018-12-31": "9906.00000", "2017-12-31": "8754.00000", "2016-12-31": "7356.00000", "2015-12-31": "7971.00000", "2014-12-31": "9428.00000", "2013-12-31": "8697.00000", "2012-12-31": "10896.00000", "2011-12-31": "6212.00000", "2010-12-31": "1572.06400", "2009-12-31": "546.82200", "2008-12-31": "258.15100"}, "Total Liabilities And Share Holders Equity": {"2019-12-31": "113082.00000", "2018-12-31": "109241.00000", "2017-12-31": "70376.00000", "2016-12-31": "56880.00000", "2015-12-31": "57021.00000", "2014-12-31": "67766.00000", "2013-12-31": "76255.00000", "2012-12-31": "100453.00000", "2011-12-31": "57972.00000", "2010-12-31": "14475.83000", "2009-12-31": "4625.68400", "2008-12-31": "1656.32500"}}, "balance sheet, quarterly": {"Cash On Hand": {"2020-09-30": "2414.00000", "2020-06-30": "2165.00000", "2020-03-31": "3267.00000", "2019-12-31": "1282.00000", "2019-09-30": "1640.00000", "2019-06-30": "1659.00000", "2019-03-31": "1446.00000", "2018-12-31": "1520.00000", "2018-09-30": "1527.00000", "2018-06-30": "1310.00000", "2018-03-31": "1358.00000", "2017-12-31": "1363.00000", "2017-09-30": "1392.00000", "2017-06-30": "1383.00000", "2017-03-31": "1292.00000", "2016-12-31": "1282.00000", "2016-09-30": "1935.00000", "2016-06-30": "2530.00000", "2016-03-31": "2795.00000", "2015-12-31": "2391.00000", "2015-09-30": "2918.00000", "2015-06-30": "2288.00000", "2015-03-31": "2816.00000", "2014-12-31": "2433.00000", "2014-09-30": "2502.00000", "2014-06-30": "2530.00000", "2014-03-31": "1995.00000", "2013-12-31": "2244.00000", "2013-09-30": "2206.00000", "2013-06-30": "4139.00000", "2013-03-31": "3325.00000", "2012-12-31": "2829.00000", "2012-09-30": "2938.00000", "2012-06-30": "2401.00000", "2012-03-31": "2077.00000", "2011-12-31": "1703.00000", "2011-09-30": "1359.60000", "2011-06-30": "814.62190", "2011-03-31": "375.79500", "2010-12-31": "249.35200", "2010-09-30": "177.72800", "2010-06-30": "187.95800", "2010-03-31": "131.89400", "2009-12-31": "222.43100", "2009-09-30": "113.28200", "2009-06-30": "74.42900", "2009-03-31": "78.94200", "2008-12-31": "", "2008-09-30": "35.94500", "2008-06-30": "23.70100", "2007-12-31": "23.70100"}, "Receivables": {"2020-09-30": "8625.00000", "2020-06-30": "7944.00000", "2020-03-31": "4938.00000", "2019-12-31": "10181.00000", "2019-09-30": "6198.00000", "2019-06-30": "9527.00000", "2019-03-31": "20869.00000", "2018-12-31": "22302.00000", "2018-09-30": "16833.00000", "2018-06-30": "13337.00000", "2018-03-31": "10770.00000", "2017-12-31": "10961.00000", "2017-09-30": "9747.00000", "2017-06-30": "7842.00000", "2017-03-31": "9596.00000", "2016-12-31": "7737.00000", "2016-09-30": "5669.00000", "2016-06-30": "2982.00000", "2016-03-31": "3163.00000", "2015-12-31": "1713.00000", "2015-09-30": "1610.00000", "2015-06-30": "2962.00000", "2015-03-31": "4083.00000", "2014-12-31": "5457.00000", "2014-09-30": "6163.00000", "2014-06-30": "8493.00000", "2014-03-31": "7484.00000", "2013-12-31": "2533.00000", "2013-09-30": "3615.00000", "2013-06-30": "11500.00000", "2013-03-31": "13025.00000", "2012-12-31": "11818.00000", "2012-09-30": "9038.00000", "2012-06-30": "4151.00000", "2012-03-31": "5319.00000", "2011-12-31": "1206.00000", "2011-09-30": "3205.75200", "2011-06-30": "2808.33100", "2011-03-31": "443.42500", "2010-12-31": "581.94600", "2010-09-30": "432.21900", "2010-06-30": "392.60900", "2010-03-31": "388.47400", "2009-12-31": "90.42100", "2009-09-30": "127.89200", "2009-06-30": "93.80100", "2009-03-31": "48.62200", "2008-12-31": "", "2008-09-30": "61.90600", "2008-06-30": "12.05900", "2007-12-31": "12.05900"}, "Inventory": {"2020-09-30": "", "2020-06-30": "", "2020-03-31": "", "2019-12-31": "", "2019-09-30": "", "2019-06-30": "", "2019-03-31": "", "2018-12-31": "", "2018-09-30": "", "2018-06-30": "", "2018-03-31": "", "2017-12-31": "", "2017-09-30": "", "2017-06-30": "", "2017-03-31": "", "2016-12-31": "", "2016-09-30": "", "2016-06-30": "", "2016-03-31": "", "2015-12-31": "", "2015-09-30": "", "2015-06-30": "", "2015-03-31": "", "2014-12-31": "", "2014-09-30": "", "2014-06-30": "", "2014-03-31": "", "2013-12-31": "", "2013-09-30": "", "2013-06-30": "", "2013-03-31": "", "2012-12-31": "", "2012-09-30": "", "2012-06-30": "", "2012-03-31": "", "2011-12-31": "", "2011-09-30": "", "2011-06-30": "", "2011-03-31": "", "2010-12-31": "", "2010-09-30": "", "2010-06-30": "", "2010-03-31": "", "2009-12-31": "", "2009-09-30": "", "2009-06-30": "", "2009-03-31": "", "2008-12-31": "", "2008-09-30": "", "2008-06-30": "", "2007-12-31": ""}, "Pre-Paid Expenses": {"2020-09-30": "", "2020-06-30": "", "2020-03-31": "", "2019-12-31": "", "2019-09-30": "", "2019-06-30": "", "2019-03-31": "", "2018-12-31": "", "2018-09-30": "", "2018-06-30": "", "2018-03-31": "", "2017-12-31": "", "2017-09-30": "", "2017-06-30": "", "2017-03-31": "", "2016-12-31": "", "2016-09-30": "", "2016-06-30": "", "2016-03-31": "", "2015-12-31": "", "2015-09-30": "", "2015-06-30": "", "2015-03-31": "", "2014-12-31": "", "2014-09-30": "", "2014-06-30": "", "2014-03-31": "", "2013-12-31": "", "2013-09-30": "", "2013-06-30": "", "2013-03-31": "", "2012-12-31": "", "2012-09-30": "", "2012-06-30": "", "2012-03-31": "", "2011-12-31": "", "2011-09-30": "", "2011-06-30": "", "2011-03-31": "", "2010-12-31": "", "2010-09-30": "", "2010-06-30": "", "2010-03-31": "", "2009-12-31": "", "2009-09-30": "", "2009-06-30": "", "2009-03-31": "", "2008-12-31": "", "2008-09-30": "", "2008-06-30": "", "2007-12-31": ""}, "Other Current Assets": {"2020-09-30": "", "2020-06-30": "", "2020-03-31": "", "2019-12-31": "", "2019-09-30": "", "2019-06-30": "", "2019-03-31": "", "2018-12-31": "", "2018-09-30": "", "2018-06-30": "", "2018-03-31": "", "2017-12-31": "", "2017-09-30": "", "2017-06-30": "", "2017-03-31": "", "2016-12-31": "", "2016-09-30": "", "2016-06-30": "", "2016-03-31": "", "2015-12-31": "", "2015-09-30": "", "2015-06-30": "", "2015-03-31": "", "2014-12-31": "", "2014-09-30": "", "2014-06-30": "", "2014-03-31": "", "2013-12-31": "", "2013-09-30": "", "2013-06-30": "", "2013-03-31": "", "2012-12-31": "", "2012-09-30": "", "2012-06-30": "", "2012-03-31": "", "2011-12-31": "", "2011-09-30": "", "2011-06-30": "", "2011-03-31": "", "2010-12-31": "", "2010-09-30": "", "2010-06-30": "", "2010-03-31": "", "2009-12-31": "", "2009-09-30": "", "2009-06-30": "", "2009-03-31": "", "2008-12-31": "", "2008-09-30": "", "2008-06-30": "", "2007-12-31": ""}, "Total Current Assets": {"2020-09-30": "11039.00000", "2020-06-30": "10109.00000", "2020-03-31": "8205.00000", "2019-12-31": "11463.00000", "2019-09-30": "7838.00000", "2019-06-30": "11186.00000", "2019-03-31": "22315.00000", "2018-12-31": "23822.00000", "2018-09-30": "18360.00000", "2018-06-30": "14647.00000", "2018-03-31": "12128.00000", "2017-12-31": "12324.00000", "2017-09-30": "11139.00000", "2017-06-30": "9225.00000", "2017-03-31": "10888.00000", "2016-12-31": "9019.00000", "2016-09-30": "7604.00000", "2016-06-30": "5512.00000", "2016-03-31": "5958.00000", "2015-12-31": "4104.00000", "2015-09-30": "4528.00000", "2015-06-30": "5250.00000", "2015-03-31": "6899.00000", "2014-12-31": "7890.00000", "2014-09-30": "8665.00000", "2014-06-30": "11023.00000", "2014-03-31": "9479.00000", "2013-12-31": "4777.00000", "2013-09-30": "5821.00000", "2013-06-30": "15639.00000", "2013-03-31": "16350.00000", "2012-12-31": "14647.00000", "2012-09-30": "11976.00000", "2012-06-30": "6552.00000", "2012-03-31": "7396.00000", "2011-12-31": "2909.00000", "2011-09-30": "4565.35200", "2011-06-30": "3622.95300", "2011-03-31": "819.22000", "2010-12-31": "831.29800", "2010-09-30": "609.94700", "2010-06-30": "580.56700", "2010-03-31": "520.36800", "2009-12-31": "312.85200", "2009-09-30": "241.17400", "2009-06-30": "168.23000", "2009-03-31": "127.56400", "2008-12-31": "", "2008-09-30": "97.85100", "2008-06-30": "35.76000", "2007-12-31": "35.76000"}, "Property, Plant, And Equipment": {"2020-09-30": "", "2020-06-30": "", "2020-03-31": "", "2019-12-31": "", "2019-09-30": "", "2019-06-30": "", "2019-03-31": "", "2018-12-31": "", "2018-09-30": "", "2018-06-30": "", "2018-03-31": "", "2017-12-31": "", "2017-09-30": "", "2017-06-30": "", "2017-03-31": "", "2016-12-31": "", "2016-09-30": "", "2016-06-30": "", "2016-03-31": "", "2015-12-31": "", "2015-09-30": "", "2015-06-30": "", "2015-03-31": "", "2014-12-31": "", "2014-09-30": "", "2014-06-30": "", "2014-03-31": "", "2013-12-31": "", "2013-09-30": "", "2013-06-30": "", "2013-03-31": "", "2012-12-31": "", "2012-09-30": "", "2012-06-30": "", "2012-03-31": "", "2011-12-31": "", "2011-09-30": "", "2011-06-30": "", "2011-03-31": "", "2010-12-31": "", "2010-09-30": "", "2010-06-30": "", "2010-03-31": "", "2009-12-31": "", "2009-09-30": "", "2009-06-30": "", "2009-03-31": "", "2008-12-31": "", "2008-09-30": "", "2008-06-30": "", "2007-12-31": ""}, "Long-Term Investments": {"2020-09-30": "", "2020-06-30": "", "2020-03-31": "", "2019-12-31": "", "2019-09-30": "", "2019-06-30": "", "2019-03-31": "", "2018-12-31": "", "2018-09-30": "", "2018-06-30": "", "2018-03-31": "", "2017-12-31": "", "2017-09-30": "", "2017-06-30": "", "2017-03-31": "", "2016-12-31": "", "2016-09-30": "", "2016-06-30": "", "2016-03-31": "", "2015-12-31": "", "2015-09-30": "", "2015-06-30": "", "2015-03-31": "", "2014-12-31": "", "2014-09-30": "", "2014-06-30": "", "2014-03-31": "", "2013-12-31": "", "2013-09-30": "", "2013-06-30": "", "2013-03-31": "", "2012-12-31": "", "2012-09-30": "", "2012-06-30": "", "2012-03-31": "", "2011-12-31": "", "2011-09-30": "", "2011-06-30": "", "2011-03-31": "", "2010-12-31": "", "2010-09-30": "", "2010-06-30": "", "2010-03-31": "", "2009-12-31": "", "2009-09-30": "", "2009-06-30": "", "2009-03-31": "", "2008-12-31": "", "2008-09-30": "", "2008-06-30": "", "2007-12-31": ""}, "Goodwill And Intangible Assets": {"2020-09-30": "526.00000", "2020-06-30": "526.00000", "2020-03-31": "526.00000", "2019-12-31": "526.00000", "2019-09-30": "526.00000", "2019-06-30": "526.00000", "2019-03-31": "526.00000", "2018-12-31": "526.00000", "2018-09-30": "526.00000", "2018-06-30": "550.00000", "2018-03-31": "550.00000", "2017-12-31": "551.00000", "2017-09-30": "552.00000", "2017-06-30": "553.00000", "2017-03-31": "554.00000", "2016-12-31": "554.00000", "2016-09-30": "555.00000", "2016-06-30": "", "2016-03-31": "", "2015-12-31": "", "2015-09-30": "", "2015-06-30": "", "2015-03-31": "", "2014-12-31": "", "2014-09-30": "", "2014-06-30": "", "2014-03-31": "", "2013-12-31": "", "2013-09-30": "", "2013-06-30": "", "2013-03-31": "", "2012-12-31": "", "2012-09-30": "", "2012-06-30": "", "2012-03-31": "", "2011-12-31": "", "2011-09-30": "", "2011-06-30": "", "2011-03-31": "", "2010-12-31": "", "2010-09-30": "", "2010-06-30": "", "2010-03-31": "", "2009-12-31": "", "2009-09-30": "", "2009-06-30": "", "2009-03-31": "", "2008-12-31": "", "2008-09-30": "", "2008-06-30": "", "2007-12-31": ""}, "Other Long-Term Assets": {"2020-09-30": "68403.00000", "2020-06-30": "79218.00000", "2020-03-31": "76406.00000", "2019-12-31": "101093.00000", "2019-09-30": "101397.00000", "2019-06-30": "94864.00000", "2019-03-31": "95966.00000", "2018-12-31": "84893.00000", "2018-09-30": "73145.00000", "2018-06-30": "57941.00000", "2018-03-31": "56543.00000", "2017-12-31": "57501.00000", "2017-09-30": "53799.00000", "2017-06-30": "46933.00000", "2017-03-31": "45396.00000", "2016-12-31": "47307.00000", "2016-09-30": "47730.00000", "2016-06-30": "54963.00000", "2016-03-31": "56438.00000", "2015-12-31": "52917.00000", "2015-09-30": "56081.00000", "2015-06-30": "57635.00000", "2015-03-31": "66206.00000", "2014-12-31": "59876.00000", "2014-09-30": "53683.00000", "2014-06-30": "55831.00000", "2014-03-31": "57839.00000", "2013-12-31": "71478.00000", "2013-09-30": "91450.00000", "2013-06-30": "83024.00000", "2013-03-31": "77019.00000", "2012-12-31": "85806.00000", "2012-09-30": "90201.00000", "2012-06-30": "78230.00000", "2012-03-31": "81021.00000", "2011-12-31": "55063.00000", "2011-09-30": "42474.07000", "2011-06-30": "40013.62000", "2011-03-31": "28335.74000", "2010-12-31": "13644.53000", "2010-09-30": "9748.85800", "2010-06-30": "7174.92000", "2010-03-31": "5249.62100", "2009-12-31": "4312.83200", "2009-09-30": "3438.93200", "2009-06-30": "2635.54200", "2009-03-31": "2257.73100", "2008-12-31": "", "2008-09-30": "1627.60800", "2008-06-30": "2404.00700", "2007-12-31": "2404.00700"}, "Total Long-Term Assets": {"2020-09-30": "68929.00000", "2020-06-30": "79744.00000", "2020-03-31": "76932.00000", "2019-12-31": "101619.00000", "2019-09-30": "101923.00000", "2019-06-30": "95390.00000", "2019-03-31": "96492.00000", "2018-12-31": "85419.00000", "2018-09-30": "73671.00000", "2018-06-30": "58491.00000", "2018-03-31": "57093.00000", "2017-12-31": "58052.00000", "2017-09-30": "54351.00000", "2017-06-30": "47486.00000", "2017-03-31": "45950.00000", "2016-12-31": "47861.00000", "2016-09-30": "48285.00000", "2016-06-30": "54963.00000", "2016-03-31": "56438.00000", "2015-12-31": "52917.00000", "2015-09-30": "56081.00000", "2015-06-30": "57635.00000", "2015-03-31": "66206.00000", "2014-12-31": "59876.00000", "2014-09-30": "53683.00000", "2014-06-30": "55831.00000", "2014-03-31": "57839.00000", "2013-12-31": "71478.00000", "2013-09-30": "91450.00000", "2013-06-30": "83024.00000", "2013-03-31": "77019.00000", "2012-12-31": "85806.00000", "2012-09-30": "90201.00000", "2012-06-30": "78230.00000", "2012-03-31": "81021.00000", "2011-12-31": "55063.00000", "2011-09-30": "42474.07000", "2011-06-30": "40013.62000", "2011-03-31": "28335.74000", "2010-12-31": "13644.53000", "2010-09-30": "9748.85800", "2010-06-30": "7174.92000", "2010-03-31": "5249.62100", "2009-12-31": "4312.83200", "2009-09-30": "3438.93200", "2009-06-30": "2635.54200", "2009-03-31": "2257.73100", "2008-12-31": "", "2008-09-30": "1627.60800", "2008-06-30": "2404.00700", "2007-12-31": "2404.00700"}, "Total Assets": {"2020-09-30": "79968.00000", "2020-06-30": "89853.00000", "2020-03-31": "85137.00000", "2019-12-31": "113082.00000", "2019-09-30": "109761.00000", "2019-06-30": "106576.00000", "2019-03-31": "118807.00000", "2018-12-31": "109241.00000", "2018-09-30": "92031.00000", "2018-06-30": "73138.00000", "2018-03-31": "69221.00000", "2017-12-31": "70376.00000", "2017-09-30": "65490.00000", "2017-06-30": "56711.00000", "2017-03-31": "56838.00000", "2016-12-31": "56880.00000", "2016-09-30": "55889.00000", "2016-06-30": "60475.00000", "2016-03-31": "62396.00000", "2015-12-31": "57021.00000", "2015-09-30": "60609.00000", "2015-06-30": "62885.00000", "2015-03-31": "73105.00000", "2014-12-31": "67766.00000", "2014-09-30": "62348.00000", "2014-06-30": "66854.00000", "2014-03-31": "67318.00000", "2013-12-31": "76255.00000", "2013-09-30": "97271.00000", "2013-06-30": "98663.00000", "2013-03-31": "93369.00000", "2012-12-31": "100453.00000", "2012-09-30": "102177.00000", "2012-06-30": "84782.00000", "2012-03-31": "88417.00000", "2011-12-31": "57972.00000", "2011-09-30": "47039.43000", "2011-06-30": "43636.57000", "2011-03-31": "29154.96000", "2010-12-31": "14475.83000", "2010-09-30": "10358.81000", "2010-06-30": "7755.48700", "2010-03-31": "5769.98900", "2009-12-31": "4625.68400", "2009-09-30": "3680.10600", "2009-06-30": "2803.77200", "2009-03-31": "2385.29500", "2008-12-31": "0.00000", "2008-09-30": "1725.45900", "2008-06-30": "2439.76700", "2007-12-31": "2439.76700"}, "Total Current Liabilities": {"2020-09-30": "60594.00000", "2020-06-30": "71278.00000", "2020-03-31": "70126.00000", "2019-12-31": "92166.00000", "2019-09-30": "94096.00000", "2019-06-30": "88124.00000", "2019-03-31": "88658.00000", "2018-12-31": "77523.00000", "2018-09-30": "66469.00000", "2018-06-30": "50798.00000", "2018-03-31": "50115.00000", "2017-12-31": "50718.00000", "2017-09-30": "47123.00000", "2017-06-30": "41269.00000", "2017-03-31": "40254.00000", "2016-12-31": "38325.00000", "2016-09-30": "38937.00000", "2016-06-30": "46118.00000", "2016-03-31": "47889.00000", "2015-12-31": "42932.00000", "2015-09-30": "46780.00000", "2015-06-30": "51186.00000", "2015-03-31": "59576.00000", "2014-12-31": "52129.00000", "2014-09-30": "47217.00000", "2014-06-30": "50070.00000", "2014-03-31": "50740.00000", "2013-12-31": "64565.00000", "2013-09-30": "84538.00000", "2013-06-30": "77249.00000", "2013-03-31": "67818.00000", "2012-12-31": "76430.00000", "2012-09-30": "82201.00000", "2012-06-30": "73039.00000", "2012-03-31": "75547.00000", "2011-12-31": "50493.00000", "2011-09-30": "41311.99000", "2011-06-30": "37158.51000", "2011-03-31": "25607.34000", "2010-12-31": "12494.51000", "2010-09-30": "9310.38500", "2010-06-30": "6915.93300", "2010-03-31": "5118.56200", "2009-12-31": "4044.81200", "2009-09-30": "3222.91000", "2009-06-30": "2469.21500", "2009-03-31": "2082.91500", "2008-12-31": "", "2008-09-30": "1442.11000", "2008-06-30": "2172.30900", "2007-12-31": "2172.30900"}, "Long Term Debt": {"2020-09-30": "192.00000", "2020-06-30": "204.00000", "2020-03-31": "214.00000", "2019-12-31": "228.00000", "2019-09-30": "238.00000", "2019-06-30": "251.00000", "2019-03-31": "266.00000", "2018-12-31": "275.00000", "2018-09-30": "291.00000", "2018-06-30": "313.00000", "2018-03-31": "336.00000", "2017-12-31": "357.00000", "2017-09-30": "380.00000", "2017-06-30": "405.00000", "2017-03-31": "434.00000", "2016-12-31": "3497.00000", "2016-09-30": "3531.00000", "2016-06-30": "3565.00000", "2016-03-31": "3599.00000", "2015-12-31": "4348.00000", "2015-09-30": "4128.00000", "2015-06-30": "674.00000", "2015-03-31": "725.00000", "2014-12-31": "761.00000", "2014-09-30": "796.00000", "2014-06-30": "844.00000", "2014-03-31": "874.00000", "2013-12-31": "910.00000", "2013-09-30": "736.00000", "2013-06-30": "783.00000", "2013-03-31": "862.00000", "2012-12-31": "937.00000", "2012-09-30": "1008.00000", "2012-06-30": "954.00000", "2012-03-31": "50.00000", "2011-12-31": "54.00000", "2011-09-30": "56.86400", "2011-06-30": "61.75700", "2011-03-31": "67.84500", "2010-12-31": "72.92700", "2010-09-30": "80.82200", "2010-06-30": "", "2010-03-31": "", "2009-12-31": "", "2009-09-30": "", "2009-06-30": "", "2009-03-31": "", "2008-12-31": "", "2008-09-30": "", "2008-06-30": "", "2007-12-31": ""}, "Other Non-Current Liabilities": {"2020-09-30": "8462.00000", "2020-06-30": "8021.00000", "2020-03-31": "4999.00000", "2019-12-31": "9647.00000", "2019-09-30": "5214.00000", "2019-06-30": "7855.00000", "2019-03-31": "19382.00000", "2018-12-31": "21537.00000", "2018-09-30": "15644.00000", "2018-06-30": "12985.00000", "2018-03-31": "10432.00000", "2017-12-31": "10547.00000", "2017-09-30": "9196.00000", "2017-06-30": "7292.00000", "2017-03-31": "8858.00000", "2016-12-31": "7702.00000", "2016-09-30": "5490.00000", "2016-06-30": "3090.00000", "2016-03-31": "3248.00000", "2015-12-31": "1770.00000", "2015-09-30": "1385.00000", "2015-06-30": "2307.00000", "2015-03-31": "3448.00000", "2014-12-31": "5448.00000", "2014-09-30": "4978.00000", "2014-06-30": "6329.00000", "2014-03-31": "6890.00000", "2013-12-31": "2083.00000", "2013-09-30": "2112.00000", "2013-06-30": "10351.00000", "2013-03-31": "13047.00000", "2012-12-31": "12190.00000", "2012-09-30": "7695.00000", "2012-06-30": "1653.00000", "2012-03-31": "4102.00000", "2011-12-31": "1213.00000", "2011-09-30": "730.31500", "2011-06-30": "1639.65800", "2011-03-31": "135.28000", "2010-12-31": "336.33000", "2010-09-30": "54.55400", "2010-06-30": "47.12400", "2010-03-31": "38.30800", "2009-12-31": "34.05000", "2009-09-30": "27.66900", "2009-06-30": "23.11400", "2009-03-31": "13.41900", "2008-12-31": "", "2008-09-30": "15.48700", "2008-06-30": "5.57600", "2007-12-31": "5.57600"}, "Total Long Term Liabilities": {"2020-09-30": "8654.00000", "2020-06-30": "8225.00000", "2020-03-31": "5213.00000", "2019-12-31": "9875.00000", "2019-09-30": "5452.00000", "2019-06-30": "8106.00000", "2019-03-31": "19648.00000", "2018-12-31": "21812.00000", "2018-09-30": "15935.00000", "2018-06-30": "13298.00000", "2018-03-31": "10768.00000", "2017-12-31": "10904.00000", "2017-09-30": "9576.00000", "2017-06-30": "7697.00000", "2017-03-31": "9292.00000", "2016-12-31": "11199.00000", "2016-09-30": "9021.00000", "2016-06-30": "6655.00000", "2016-03-31": "6847.00000", "2015-12-31": "6118.00000", "2015-09-30": "5513.00000", "2015-06-30": "2981.00000", "2015-03-31": "4173.00000", "2014-12-31": "6209.00000", "2014-09-30": "5774.00000", "2014-06-30": "7173.00000", "2014-03-31": "7764.00000", "2013-12-31": "2993.00000", "2013-09-30": "2848.00000", "2013-06-30": "11134.00000", "2013-03-31": "13909.00000", "2012-12-31": "13127.00000", "2012-09-30": "8703.00000", "2012-06-30": "2607.00000", "2012-03-31": "4152.00000", "2011-12-31": "1267.00000", "2011-09-30": "787.17900", "2011-06-30": "1701.41500", "2011-03-31": "203.12500", "2010-12-31": "409.25700", "2010-09-30": "135.37600", "2010-06-30": "47.12400", "2010-03-31": "38.30800", "2009-12-31": "34.05000", "2009-09-30": "27.66900", "2009-06-30": "23.11400", "2009-03-31": "13.41900", "2008-12-31": "", "2008-09-30": "15.48700", "2008-06-30": "5.57600", "2007-12-31": "5.57600"}, "Total Liabilities": {"2020-09-30": "69248.00000", "2020-06-30": "79503.00000", "2020-03-31": "75339.00000", "2019-12-31": "102041.00000", "2019-09-30": "99548.00000", "2019-06-30": "96230.00000", "2019-03-31": "108306.00000", "2018-12-31": "99335.00000", "2018-09-30": "82404.00000", "2018-06-30": "64096.00000", "2018-03-31": "60883.00000", "2017-12-31": "61622.00000", "2017-09-30": "56699.00000", "2017-06-30": "48966.00000", "2017-03-31": "49546.00000", "2016-12-31": "49524.00000", "2016-09-30": "47958.00000", "2016-06-30": "52773.00000", "2016-03-31": "54736.00000", "2015-12-31": "49050.00000", "2015-09-30": "52293.00000", "2015-06-30": "54167.00000", "2015-03-31": "63749.00000", "2014-12-31": "58338.00000", "2014-09-30": "52991.00000", "2014-06-30": "57243.00000", "2014-03-31": "58504.00000", "2013-12-31": "67558.00000", "2013-09-30": "87386.00000", "2013-06-30": "88383.00000", "2013-03-31": "81727.00000", "2012-12-31": "89557.00000", "2012-09-30": "90904.00000", "2012-06-30": "75646.00000", "2012-03-31": "79699.00000", "2011-12-31": "51760.00000", "2011-09-30": "42099.17000", "2011-06-30": "38859.93000", "2011-03-31": "25810.46000", "2010-12-31": "12903.76000", "2010-09-30": "9445.76100", "2010-06-30": "6963.05700", "2010-03-31": "5156.87000", "2009-12-31": "4078.86200", "2009-09-30": "3250.57900", "2009-06-30": "2492.32900", "2009-03-31": "2096.33400", "2008-12-31": "", "2008-09-30": "1457.59700", "2008-06-30": "2177.88500", "2007-12-31": "2177.88500"}, "Common Stock Net": {"2020-09-30": "5.00000", "2020-06-30": "6.00000", "2020-03-31": "6.00000", "2019-12-31": "5.00000", "2019-09-30": "5.00000", "2019-06-30": "5.00000", "2019-03-31": "5.00000", "2018-12-31": "5.00000", "2018-09-30": "5.00000", "2018-06-30": "4.00000", "2018-03-31": "4.00000", "2017-12-31": "4.00000", "2017-09-30": "4.00000", "2017-06-30": "4.00000", "2017-03-31": "3.00000", "2016-12-31": "3.00000", "2016-09-30": "3.00000", "2016-06-30": "3.00000", "2016-03-31": "3.00000", "2015-12-31": "3.00000", "2015-09-30": "3.00000", "2015-06-30": "4.00000", "2015-03-31": "4.00000", "2014-12-31": "4.00000", "2014-09-30": "4.00000", "2014-06-30": "4.00000", "2014-03-31": "4.00000", "2013-12-31": "4.00000", "2013-09-30": "4.00000", "2013-06-30": "4.00000", "2013-03-31": "4.00000", "2012-12-31": "3.00000", "2012-09-30": "3.00000", "2012-06-30": "3.00000", "2012-03-31": "3.00000", "2011-12-31": "2.00000", "2011-09-30": "1.83600", "2011-06-30": "1.78500", "2011-03-31": "1.28800", "2010-12-31": "0.64900", "2010-09-30": "0.39000", "2010-06-30": "0.33700", "2010-03-31": "0.26800", "2009-12-31": "0.24300", "2009-09-30": "0.19300", "2009-06-30": "0.15000", "2009-03-31": "0.15000", "2008-12-31": "", "2008-09-30": "0.15000", "2008-06-30": "0.15000", "2007-12-31": "0.15000"}, "Retained Earnings (Accumulated Deficit)": {"2020-09-30": "-5661.00000", "2020-06-30": "-6100.00000", "2020-03-31": "-6592.00000", "2019-12-31": "-3886.00000", "2019-09-30": "-4473.00000", "2019-06-30": "-4194.00000", "2019-03-31": "-3467.00000", "2018-12-31": "-3433.00000", "2018-09-30": "-2343.00000", "2018-06-30": "-2299.00000", "2018-03-31": "-2358.00000", "2017-12-31": "-2562.00000", "2017-09-30": "-2729.00000", "2017-06-30": "-2800.00000", "2017-03-31": "-2628.00000", "2016-12-31": "-2518.00000", "2016-09-30": "-3350.00000", "2016-06-30": "-3669.00000", "2016-03-31": "-3329.00000", "2015-12-31": "-2350.00000", "2015-09-30": "-2727.00000", "2015-06-30": "-1879.00000", "2015-03-31": "-2166.00000", "2014-12-31": "-1674.00000", "2014-09-30": "-1112.00000", "2014-06-30": "-1073.00000", "2014-03-31": "-870.00000", "2013-12-31": "-497.00000", "2013-09-30": "-160.00000", "2013-06-30": "852.00000", "2013-03-31": "-557.00000", "2012-12-31": "-289.00000", "2012-09-30": "-672.00000", "2012-06-30": "-328.00000", "2012-03-31": "317.00000", "2011-12-31": "-38.00000", "2011-09-30": "67.17400", "2011-06-30": "73.84100", "2011-03-31": "76.37900", "2010-12-31": "78.11600", "2010-09-30": "30.83500", "2010-06-30": "25.35900", "2010-03-31": "35.62500", "2009-12-31": "19.94000", "2009-09-30": "13.29300", "2009-06-30": "9.10600", "2009-03-31": "1.24700", "2008-12-31": "", "2008-09-30": "4.74400", "2008-06-30": "0.84800", "2007-12-31": "0.84800"}, "Comprehensive Income": {"2020-09-30": "834.00000", "2020-06-30": "764.00000", "2020-03-31": "561.00000", "2019-12-31": "97.00000", "2019-09-30": "82.00000", "2019-06-30": "-164.00000", "2019-03-31": "-543.00000", "2018-12-31": "-943.00000", "2018-09-30": "-1304.00000", "2018-06-30": "-1111.00000", "2018-03-31": "-966.00000", "2017-12-31": "-345.00000", "2017-09-30": "-140.00000", "2017-06-30": "-230.00000", "2017-03-31": "-351.00000", "2016-12-31": "-397.00000", "2016-09-30": "1010.00000", "2016-06-30": "1100.00000", "2016-03-31": "718.00000", "2015-12-31": "-66.00000", "2015-09-30": "495.00000", "2015-06-30": "4.00000", "2015-03-31": "850.00000", "2014-12-31": "430.00000", "2014-09-30": "-203.00000", "2014-06-30": "12.00000", "2014-03-31": "-819.00000", "2013-12-31": "-1383.00000", "2013-09-30": "-1118.00000", "2013-06-30": "-1998.00000", "2013-03-31": "767.00000", "2012-12-31": "1555.00000", "2012-09-30": "2239.00000", "2012-06-30": "998.00000", "2012-03-31": "257.00000", "2011-12-31": "311.00000", "2011-09-30": "42.18100", "2011-06-30": "18.95000", "2011-03-31": "-47.28500", "2010-12-31": "-68.60900", "2010-09-30": "1.24900", "2010-06-30": "28.20900", "2010-03-31": "7.63100", "2009-12-31": "19.17400", "2009-09-30": "35.09700", "2009-06-30": "16.25500", "2009-03-31": "1.64000", "2008-12-31": "", "2008-09-30": "-22.94200", "2008-06-30": "-25.01900", "2007-12-31": "-25.01900"}, "Other Share Holders Equity": {"2020-09-30": "", "2020-06-30": "", "2020-03-31": "", "2019-12-31": "", "2019-09-30": "", "2019-06-30": "", "2019-03-31": "", "2018-12-31": "", "2018-09-30": "", "2018-06-30": "", "2018-03-31": "", "2017-12-31": "", "2017-09-30": "", "2017-06-30": "", "2017-03-31": "", "2016-12-31": "", "2016-09-30": "", "2016-06-30": "", "2016-03-31": "", "2015-12-31": "", "2015-09-30": "", "2015-06-30": "", "2015-03-31": "", "2014-12-31": "", "2014-09-30": "", "2014-06-30": "", "2014-03-31": "", "2013-12-31": "", "2013-09-30": "", "2013-06-30": "", "2013-03-31": "", "2012-12-31": "", "2012-09-30": "", "2012-06-30": "", "2012-03-31": "", "2011-12-31": "", "2011-09-30": "", "2011-06-30": "", "2011-03-31": "", "2010-12-31": "", "2010-09-30": "", "2010-06-30": "", "2010-03-31": "", "2009-12-31": "", "2009-09-30": "", "2009-06-30": "", "2009-03-31": "", "2008-12-31": "", "2008-09-30": "", "2008-06-30": "", "2007-12-31": ""}, "Share Holder Equity": {"2020-09-30": "10720.00000", "2020-06-30": "10350.00000", "2020-03-31": "9798.00000", "2019-12-31": "11041.00000", "2019-09-30": "10213.00000", "2019-06-30": "10346.00000", "2019-03-31": "10501.00000", "2018-12-31": "9906.00000", "2018-09-30": "9627.00000", "2018-06-30": "9042.00000", "2018-03-31": "8338.00000", "2017-12-31": "8754.00000", "2017-09-30": "8791.00000", "2017-06-30": "7745.00000", "2017-03-31": "7292.00000", "2016-12-31": "7356.00000", "2016-09-30": "7931.00000", "2016-06-30": "7702.00000", "2016-03-31": "7660.00000", "2015-12-31": "7971.00000", "2015-09-30": "8316.00000", "2015-06-30": "8718.00000", "2015-03-31": "9356.00000", "2014-12-31": "9428.00000", "2014-09-30": "9357.00000", "2014-06-30": "9611.00000", "2014-03-31": "8814.00000", "2013-12-31": "8697.00000", "2013-09-30": "9885.00000", "2013-06-30": "10280.00000", "2013-03-31": "11642.00000", "2012-12-31": "10896.00000", "2012-09-30": "11273.00000", "2012-06-30": "9136.00000", "2012-03-31": "8718.00000", "2011-12-31": "6212.00000", "2011-09-30": "4940.25600", "2011-06-30": "4776.64600", "2011-03-31": "3344.50100", "2010-12-31": "1572.06400", "2010-09-30": "913.04500", "2010-06-30": "792.43000", "2010-03-31": "613.11900", "2009-12-31": "546.82200", "2009-09-30": "429.52700", "2009-06-30": "311.44300", "2009-03-31": "288.96100", "2008-12-31": "", "2008-09-30": "267.86200", "2008-06-30": "261.88200", "2007-12-31": "261.88200"}, "Total Liabilities And Share Holders Equity": {"2020-09-30": "79968.00000", "2020-06-30": "89853.00000", "2020-03-31": "85137.00000", "2019-12-31": "113082.00000", "2019-09-30": "109761.00000", "2019-06-30": "106576.00000", "2019-03-31": "118807.00000", "2018-12-31": "109241.00000", "2018-09-30": "92031.00000", "2018-06-30": "73138.00000", "2018-03-31": "69221.00000", "2017-12-31": "70376.00000", "2017-09-30": "65490.00000", "2017-06-30": "56711.00000", "2017-03-31": "56838.00000", "2016-12-31": "56880.00000", "2016-09-30": "55889.00000", "2016-06-30": "60475.00000", "2016-03-31": "62396.00000", "2015-12-31": "57021.00000", "2015-09-30": "60609.00000", "2015-06-30": "62885.00000", "2015-03-31": "73105.00000", "2014-12-31": "67766.00000", "2014-09-30": "62348.00000", "2014-06-30": "66854.00000", "2014-03-31": "67318.00000", "2013-12-31": "76255.00000", "2013-09-30": "97271.00000", "2013-06-30": "98663.00000", "2013-03-31": "93369.00000", "2012-12-31": "100453.00000", "2012-09-30": "102177.00000", "2012-06-30": "84782.00000", "2012-03-31": "88417.00000", "2011-12-31": "57972.00000", "2011-09-30": "47039.43000", "2011-06-30": "43636.57000", "2011-03-31": "29154.96000", "2010-12-31": "14475.83000", "2010-09-30": "10358.81000", "2010-06-30": "7755.48700", "2010-03-31": "5769.98900", "2009-12-31": "4625.68400", "2009-09-30": "3680.10600", "2009-06-30": "2803.77200", "2009-03-31": "2385.29500", "2008-12-31": "", "2008-09-30": "1725.45900", "2008-06-30": "2439.76700", "2007-12-31": "2439.76700"}}, "cash flow statement": {"Net Income/Loss": {"2019-12-31": "688.00000", "2018-12-31": "129.00000", "2017-12-31": "771.00000", "2016-12-31": "623.00000", "2015-12-31": "215.00000", "2014-12-31": "-233.00000", "2013-12-31": "1259.00000", "2012-12-31": "1277.00000", "2011-12-31": "770.00000", "2010-12-31": "288.00000", "2009-12-31": "118.61100", "2008-12-31": "35.35200"}, "Total Depreciation And Amortization - Cash Flow": {"2019-12-31": "601.00000", "2018-12-31": "356.00000", "2017-12-31": "381.00000", "2016-12-31": "441.00000", "2015-12-31": "509.00000", "2014-12-31": "628.00000", "2013-12-31": "724.00000", "2012-12-31": "877.00000", "2011-12-31": "415.00000", "2010-12-31": "99.00000", "2009-12-31": "36.43100", "2008-12-31": "10.76300"}, "Other Non-Cash Items": {"2019-12-31": "-65.00000", "2018-12-31": "607.00000", "2017-12-31": "-55.00000", "2016-12-31": "208.00000", "2015-12-31": "782.00000", "2014-12-31": "1192.00000", "2013-12-31": "217.00000", "2012-12-31": "157.00000", "2011-12-31": "-26.00000", "2010-12-31": "-130.00000", "2009-12-31": "-45.66500", "2008-12-31": "-11.82100"}, "Total Non-Cash Items": {"2019-12-31": "536.00000", "2018-12-31": "963.00000", "2017-12-31": "326.00000", "2016-12-31": "649.00000", "2015-12-31": "1291.00000", "2014-12-31": "1820.00000", "2013-12-31": "941.00000", "2012-12-31": "1034.00000", "2011-12-31": "389.00000", "2010-12-31": "-31.00000", "2009-12-31": "-9.23400", "2008-12-31": "-1.05800"}, "Change In Accounts Receivable": {"2019-12-31": "", "2018-12-31": "", "2017-12-31": "", "2016-12-31": "", "2015-12-31": "", "2014-12-31": "", "2013-12-31": "", "2012-12-31": "", "2011-12-31": "", "2010-12-31": "", "2009-12-31": "", "2008-12-31": "-7.85100"}, "Change In Inventories": {"2019-12-31": "", "2018-12-31": "", "2017-12-31": "", "2016-12-31": "", "2015-12-31": "", "2014-12-31": "", "2013-12-31": "", "2012-12-31": "", "2011-12-31": "", "2010-12-31": "", "2009-12-31": "", "2008-12-31": ""}, "Change In Accounts Payable": {"2019-12-31": "", "2018-12-31": "", "2017-12-31": "", "2016-12-31": "", "2015-12-31": "", "2014-12-31": "", "2013-12-31": "", "2012-12-31": "", "2011-12-31": "", "2010-12-31": "", "2009-12-31": "", "2008-12-31": ""}, "Change In Assets/Liabilities": {"2019-12-31": "-35.00000", "2018-12-31": "-100.00000", "2017-12-31": "82.00000", "2016-12-31": "34.00000", "2015-12-31": "-83.00000", "2014-12-31": "55.00000", "2013-12-31": "-24.00000", "2012-12-31": "-76.00000", "2011-12-31": "-121.00000", "2010-12-31": "-28.00000", "2009-12-31": "-16.35600", "2008-12-31": "-0.38700"}, "Total Change In Assets/Liabilities": {"2019-12-31": "-44.00000", "2018-12-31": "21.00000", "2017-12-31": "163.00000", "2016-12-31": "80.00000", "2015-12-31": "-78.00000", "2014-12-31": "35.00000", "2013-12-31": "301.00000", "2012-12-31": "10.00000", "2011-12-31": "-89.00000", "2010-12-31": "-24.00000", "2009-12-31": "-16.14700", "2008-12-31": "-3.61200"}, "Cash Flow From Operating Activities": {"2019-12-31": "1180.00000", "2018-12-31": "1113.00000", "2017-12-31": "1260.00000", "2016-12-31": "1352.00000", "2015-12-31": "1428.00000", "2014-12-31": "1622.00000", "2013-12-31": "2501.00000", "2012-12-31": "2321.00000", "2011-12-31": "1070.00000", "2010-12-31": "233.00000", "2009-12-31": "93.23000", "2008-12-31": "30.68200"}, "Net Change In Property, Plant, And Equipment": {"2019-12-31": "", "2018-12-31": "", "2017-12-31": "", "2016-12-31": "", "2015-12-31": "", "2014-12-31": "", "2013-12-31": "", "2012-12-31": "", "2011-12-31": "", "2010-12-31": "", "2009-12-31": "", "2008-12-31": ""}, "Net Change In Intangible Assets": {"2019-12-31": "", "2018-12-31": "", "2017-12-31": "", "2016-12-31": "", "2015-12-31": "", "2014-12-31": "", "2013-12-31": "", "2012-12-31": "", "2011-12-31": "", "2010-12-31": "", "2009-12-31": "", "2008-12-31": ""}, "Net Acquisitions/Divestitures": {"2019-12-31": "", "2018-12-31": "", "2017-12-31": "", "2016-12-31": "-555.00000", "2015-12-31": "", "2014-12-31": "", "2013-12-31": "", "2012-12-31": "", "2011-12-31": "", "2010-12-31": "", "2009-12-31": "", "2008-12-31": ""}, "Net Change In Short-term Investments": {"2019-12-31": "", "2018-12-31": "", "2017-12-31": "", "2016-12-31": "", "2015-12-31": "", "2014-12-31": "", "2013-12-31": "", "2012-12-31": "", "2011-12-31": "", "2010-12-31": "", "2009-12-31": "", "2008-12-31": ""}, "Net Change In Long-Term Investments": {"2019-12-31": "-24743.00000", "2018-12-31": "-17471.00000", "2017-12-31": "-8124.00000", "2016-12-31": "11012.00000", "2015-12-31": "1484.00000", "2014-12-31": "16335.00000", "2013-12-31": "-353.00000", "2012-12-31": "-19062.00000", "2011-12-31": "-38530.00000", "2010-12-31": "-9007.00000", "2009-12-31": "-2556.39500", "2008-12-31": "-1580.12600"}, "Net Change In Investments - Total": {"2019-12-31": "-24743.00000", "2018-12-31": "-17471.00000", "2017-12-31": "-8124.00000", "2016-12-31": "11012.00000", "2015-12-31": "1484.00000", "2014-12-31": "16335.00000", "2013-12-31": "-353.00000", "2012-12-31": "-19062.00000", "2011-12-31": "-38530.00000", "2010-12-31": "-9007.00000", "2009-12-31": "-2556.39500", "2008-12-31": "-1580.12600"}, "Investing Activities - Other": {"2019-12-31": "10525.00000", "2018-12-31": "-10465.00000", "2017-12-31": "-2937.00000", "2016-12-31": "-7256.00000", "2015-12-31": "2609.00000", "2014-12-31": "-3986.00000", "2013-12-31": "9228.00000", "2012-12-31": "-12119.00000", "2011-12-31": "-1042.00000", "2010-12-31": "-49.00000", "2009-12-31": "-9.54600", "2008-12-31": "11.76400"}, "Cash Flow From Investing Activities": {"2019-12-31": "-14218.00000", "2018-12-31": "-27936.00000", "2017-12-31": "-11061.00000", "2016-12-31": "3201.00000", "2015-12-31": "4093.00000", "2014-12-31": "12349.00000", "2013-12-31": "8875.00000", "2012-12-31": "-31181.00000", "2011-12-31": "-39572.00000", "2010-12-31": "-9056.00000", "2009-12-31": "-2565.94100", "2008-12-31": "-1568.36200"}, "Net Long-Term Debt": {"2019-12-31": "-55.00000", "2018-12-31": "-78.00000", "2017-12-31": "-3141.00000", "2016-12-31": "-851.00000", "2015-12-31": "3598.00000", "2014-12-31": "-158.00000", "2013-12-31": "-6.00000", "2012-12-31": "850.00000", "2011-12-31": "-19.00000", "2010-12-31": "73.00000", "2009-12-31": "", "2008-12-31": ""}, "Net Current Debt": {"2019-12-31": "13465.00000", "2018-12-31": "25421.00000", "2017-12-31": "12438.00000", "2016-12-31": "-3896.00000", "2015-12-31": "-8542.00000", "2014-12-31": "-13237.00000", "2013-12-31": "-10945.00000", "2012-12-31": "26797.00000", "2011-12-31": "36002.00000", "2010-12-31": "7838.00000", "2009-12-31": "2495.56900", "2008-12-31": "1346.26500"}, "Debt Issuance/Retirement Net - Total": {"2019-12-31": "13410.00000", "2018-12-31": "25343.00000", "2017-12-31": "9297.00000", "2016-12-31": "-4747.00000", "2015-12-31": "-4944.00000", "2014-12-31": "-13395.00000", "2013-12-31": "-10951.00000", "2012-12-31": "27647.00000", "2011-12-31": "35983.00000", "2010-12-31": "7911.00000", "2009-12-31": "2495.56900", "2008-12-31": "1346.26500"}, "Net Common Equity Issued/Repurchased": {"2019-12-31": "87.00000", "2018-12-31": "2611.00000", "2017-12-31": "1238.00000", "2016-12-31": "-116.00000", "2015-12-31": "-285.00000", "2014-12-31": "-74.00000", "2013-12-31": "947.00000", "2012-12-31": "3524.00000", "2011-12-31": "4377.00000", "2010-12-31": "1055.00000", "2009-12-31": "221.59600", "2008-12-31": "286.05000"}, "Net Total Equity Issued/Repurchased": {"2019-12-31": "529.00000", "2018-12-31": "2611.00000", "2017-12-31": "1380.00000", "2016-12-31": "-116.00000", "2015-12-31": "-285.00000", "2014-12-31": "95.00000", "2013-12-31": "947.00000", "2012-12-31": "3691.00000", "2011-12-31": "4377.00000", "2010-12-31": "1055.00000", "2009-12-31": "221.59600", "2008-12-31": "286.05000"}, "Total Common And Preferred Stock Dividends Paid": {"2019-12-31": "-1139.00000", "2018-12-31": "-974.00000", "2017-12-31": "-795.00000", "2016-12-31": "-799.00000", "2015-12-31": "-902.00000", "2014-12-31": "-1094.00000", "2013-12-31": "-1659.00000", "2012-12-31": "-1415.00000", "2011-12-31": "-664.00000", "2010-12-31": "-173.00000", "2009-12-31": "-80.31700", "2008-12-31": "-19.65600"}, "Financial Activities - Other": {"2019-12-31": "", "2018-12-31": "", "2017-12-31": "", "2016-12-31": "", "2015-12-31": "", "2014-12-31": "", "2013-12-31": "", "2012-12-31": "", "2011-12-31": "", "2010-12-31": "", "2009-12-31": "-17.34600", "2008-12-31": "-18.96700"}, "Cash Flow From Financial Activities": {"2019-12-31": "12800.00000", "2018-12-31": "26980.00000", "2017-12-31": "9882.00000", "2016-12-31": "-5662.00000", "2015-12-31": "-6131.00000", "2014-12-31": "-14394.00000", "2013-12-31": "-11663.00000", "2012-12-31": "29923.00000", "2011-12-31": "39696.00000", "2010-12-31": "8793.00000", "2009-12-31": "2619.50200", "2008-12-31": "1593.69200"}, "Net Cash Flow": {"2019-12-31": "-238.00000", "2018-12-31": "157.00000", "2017-12-31": "81.00000", "2016-12-31": "-1109.00000", "2015-12-31": "-610.00000", "2014-12-31": "-423.00000", "2013-12-31": "-287.00000", "2012-12-31": "1063.00000", "2011-12-31": "1194.00000", "2010-12-31": "-30.00000", "2009-12-31": "146.79100", "2008-12-31": "56.01200"}, "Stock-Based Compensation": {"2019-12-31": "13.00000", "2018-12-31": "6.00000", "2017-12-31": "4.00000", "2016-12-31": "1.00000", "2015-12-31": "0.00000", "2014-12-31": "", "2013-12-31": "", "2012-12-31": "", "2011-12-31": "", "2010-12-31": "", "2009-12-31": "0.04500", "2008-12-31": "0.01700"}, "Common Stock Dividends Paid": {"2019-12-31": "-1139.00000", "2018-12-31": "-974.00000", "2017-12-31": "-795.00000", "2016-12-31": "-799.00000", "2015-12-31": "-902.00000", "2014-12-31": "-1094.00000", "2013-12-31": "-1659.00000", "2012-12-31": "-1415.00000", "2011-12-31": "-664.00000", "2010-12-31": "-173.00000", "2009-12-31": "-80.31700", "2008-12-31": "-19.65600"}}, "cash flow statement, quarterly": {"Net Income/Loss": {"2020-09-30": 662, "2020-06-30": 718, "2020-03-31": "-2421.00000", "2019-12-31": 871, "2019-09-30": -4, "2019-06-30": -444, "2019-03-31": "265.00000", "2018-12-31": -804, "2018-09-30": 216, "2018-06-30": 293, "2018-03-31": "424.00000", "2017-12-31": 385, "2017-09-30": 286, "2017-06-30": 24, "2017-03-31": "76.00000", "2016-12-31": 1019, "2016-09-30": 511, "2016-06-30": -135, "2016-03-31": "-772.00000", "2015-12-31": 588, "2015-09-30": -633, "2015-06-30": 512, "2015-03-31": "-252.00000", "2014-12-31": -322, "2014-09-30": 197, "2014-06-30": 33, "2014-03-31": "-141.00000", "2013-12-31": -100, "2013-09-30": -701, "2013-06-30": 1829, "2013-03-31": "231.00000", "2012-12-31": 811, "2012-09-30": 86, "2012-06-30": -261, "2012-03-31": "641.00000", "2011-12-31": 208, "2011-09-30": 251, "2011-06-30": 177, "2011-03-31": "134.00000", "2010-12-31": 137.964, "2010-09-30": 60.028, "2010-06-30": 36.858, "2010-03-31": "53.15000", "2009-12-31": 40.697, "2009-09-30": 31.237, "2009-06-30": 30.366, "2009-03-31": "16.31100", "2008-12-31": -24.4, "2008-09-30": 18.901, "2008-06-30": 5.499, "2007-12-31": 0}, "Total Depreciation And Amortization - Cash Flow": {"2020-09-30": 209, "2020-06-30": 223, "2020-03-31": "384.00000", "2019-12-31": 84, "2019-09-30": 192, "2019-06-30": 183, "2019-03-31": "142.00000", "2018-12-31": 107, "2018-09-30": 105, "2018-06-30": 74, "2018-03-31": "70.00000", "2017-12-31": 96, "2017-09-30": 98, "2017-06-30": 97, "2017-03-31": "90.00000", "2016-12-31": 8, "2016-09-30": 118, "2016-06-30": 146, "2016-03-31": "169.00000", "2015-12-31": 100, "2015-09-30": 152, "2015-06-30": 95, "2015-03-31": "162.00000", "2014-12-31": 156, "2014-09-30": 138, "2014-06-30": 149, "2014-03-31": "185.00000", "2013-12-31": 180, "2013-09-30": 215, "2013-06-30": 146, "2013-03-31": "183.00000", "2012-12-31": 205, "2012-09-30": 272, "2012-06-30": 248, "2012-03-31": "152.00000", "2011-12-31": 175, "2011-09-30": 113, "2011-06-30": 79, "2011-03-31": "48.00000", "2010-12-31": 26.769, "2010-09-30": 30.761, "2010-06-30": 25.535, "2010-03-31": "15.93500", "2009-12-31": 14.358, "2009-09-30": 13.279, "2009-06-30": 5.602, "2009-03-31": "3.19200", "2008-12-31": -3.35, "2008-09-30": 2.531, "2008-06-30": 0.819, "2007-12-31": 0}, "Other Non-Cash Items": {"2020-09-30": -376, "2020-06-30": -443, "2020-03-31": "2466.00000", "2019-12-31": -604, "2019-09-30": 107, "2019-06-30": 550, "2019-03-31": "-118.00000", "2018-12-31": 972, "2018-09-30": -25, "2018-06-30": -128, "2018-03-31": "-212.00000", "2017-12-31": -189, "2017-09-30": -120, "2017-06-30": 146, "2017-03-31": "108.00000", "2016-12-31": -737, "2016-09-30": -302, "2016-06-30": 312, "2016-03-31": "935.00000", "2015-12-31": -333, "2015-09-30": 817, "2015-06-30": -215, "2015-03-31": "513.00000", "2014-12-31": 537, "2014-09-30": 37, "2014-06-30": 221, "2014-03-31": "397.00000", "2013-12-31": 482, "2013-09-30": 1072, "2013-06-30": -1461, "2013-03-31": "124.00000", "2012-12-31": -442, "2012-09-30": 250, "2012-06-30": 612, "2012-03-31": "-263.00000", "2011-12-31": 25, "2011-09-30": -42, "2011-06-30": 7, "2011-03-31": "-16.00000", "2010-12-31": -68.19, "2010-09-30": -20.806, "2010-06-30": -7.693, "2010-03-31": "-33.31100", "2009-12-31": -17.566, "2009-09-30": -12.841, "2009-06-30": -10.447, "2009-03-31": "-4.81100", "2008-12-31": 4.823, "2008-09-30": -4.378, "2008-06-30": -0.445, "2007-12-31": 0}, "Total Non-Cash Items": {"2020-09-30": -167, "2020-06-30": -220, "2020-03-31": "2850.00000", "2019-12-31": -520, "2019-09-30": 299, "2019-06-30": 733, "2019-03-31": "24.00000", "2018-12-31": 1079, "2018-09-30": 80, "2018-06-30": -54, "2018-03-31": "-142.00000", "2017-12-31": -93, "2017-09-30": -22, "2017-06-30": 243, "2017-03-31": "198.00000", "2016-12-31": -729, "2016-09-30": -184, "2016-06-30": 458, "2016-03-31": "1104.00000", "2015-12-31": -233, "2015-09-30": 969, "2015-06-30": -120, "2015-03-31": "675.00000", "2014-12-31": 693, "2014-09-30": 175, "2014-06-30": 370, "2014-03-31": "582.00000", "2013-12-31": 662, "2013-09-30": 1287, "2013-06-30": -1315, "2013-03-31": "307.00000", "2012-12-31": -237, "2012-09-30": 522, "2012-06-30": 860, "2012-03-31": "-111.00000", "2011-12-31": 200, "2011-09-30": 71, "2011-06-30": 86, "2011-03-31": "32.00000", "2010-12-31": -41.421, "2010-09-30": 9.955, "2010-06-30": 17.842, "2010-03-31": "-17.37600", "2009-12-31": -3.208, "2009-09-30": 0.438, "2009-06-30": -4.845, "2009-03-31": "-1.61900", "2008-12-31": 1.473, "2008-09-30": -1.847, "2008-06-30": 0.374, "2007-12-31": 0}, "Change In Accounts Receivable": {"2020-09-30": 0, "2020-06-30": 0, "2020-03-31": "", "2019-12-31": 0, "2019-09-30": 0, "2019-06-30": 0, "2019-03-31": "", "2018-12-31": 0, "2018-09-30": 0, "2018-06-30": 0, "2018-03-31": "", "2017-12-31": 0, "2017-09-30": 0, "2017-06-30": 0, "2017-03-31": "", "2016-12-31": 0, "2016-09-30": 0, "2016-06-30": 0, "2016-03-31": "", "2015-12-31": 0, "2015-09-30": 0, "2015-06-30": 0, "2015-03-31": "", "2014-12-31": 0, "2014-09-30": 0, "2014-06-30": 0, "2014-03-31": "", "2013-12-31": 0, "2013-09-30": 0, "2013-06-30": 0, "2013-03-31": "", "2012-12-31": 0, "2012-09-30": 0, "2012-06-30": 0, "2012-03-31": "", "2011-12-31": 0, "2011-09-30": 0, "2011-06-30": 0, "2011-03-31": "", "2010-12-31": 0, "2010-09-30": 13.06, "2010-06-30": -14.792, "2010-03-31": "1.73200", "2009-12-31": 10.142, "2009-09-30": -3.988, "2009-06-30": -4.092, "2009-03-31": "-2.06200", "2008-12-31": 7.947, "2008-09-30": 1.551, "2008-06-30": -9.498, "2007-12-31": 0}, "Change In Inventories": {"2020-09-30": 0, "2020-06-30": 0, "2020-03-31": "", "2019-12-31": 0, "2019-09-30": 0, "2019-06-30": 0, "2019-03-31": "", "2018-12-31": 0, "2018-09-30": 0, "2018-06-30": 0, "2018-03-31": "", "2017-12-31": 0, "2017-09-30": 0, "2017-06-30": 0, "2017-03-31": "", "2016-12-31": 0, "2016-09-30": 0, "2016-06-30": 0, "2016-03-31": "", "2015-12-31": 0, "2015-09-30": 0, "2015-06-30": 0, "2015-03-31": "", "2014-12-31": 0, "2014-09-30": 0, "2014-06-30": 0, "2014-03-31": "", "2013-12-31": 0, "2013-09-30": 0, "2013-06-30": 0, "2013-03-31": "", "2012-12-31": 0, "2012-09-30": 0, "2012-06-30": 0, "2012-03-31": "", "2011-12-31": 0, "2011-09-30": 0, "2011-06-30": 0, "2011-03-31": "", "2010-12-31": 0, "2010-09-30": 0, "2010-06-30": 0, "2010-03-31": "", "2009-12-31": 0, "2009-09-30": 0, "2009-06-30": 0, "2009-03-31": "", "2008-12-31": 0, "2008-09-30": 0, "2008-06-30": 0, "2007-12-31": 0}, "Change In Accounts Payable": {"2020-09-30": 0, "2020-06-30": 0, "2020-03-31": "", "2019-12-31": 0, "2019-09-30": 0, "2019-06-30": 0, "2019-03-31": "", "2018-12-31": 0, "2018-09-30": 0, "2018-06-30": 0, "2018-03-31": "", "2017-12-31": 0, "2017-09-30": 0, "2017-06-30": 0, "2017-03-31": "", "2016-12-31": 0, "2016-09-30": 0, "2016-06-30": 0, "2016-03-31": "", "2015-12-31": 0, "2015-09-30": 0, "2015-06-30": 0, "2015-03-31": "", "2014-12-31": 0, "2014-09-30": 0, "2014-06-30": 0, "2014-03-31": "", "2013-12-31": 0, "2013-09-30": 0, "2013-06-30": 0, "2013-03-31": "", "2012-12-31": 0, "2012-09-30": 0, "2012-06-30": 0, "2012-03-31": "", "2011-12-31": 0, "2011-09-30": 0, "2011-06-30": 0, "2011-03-31": "", "2010-12-31": 0, "2010-09-30": 0, "2010-06-30": 0, "2010-03-31": "", "2009-12-31": 0, "2009-09-30": 0, "2009-06-30": 0, "2009-03-31": "", "2008-12-31": 0, "2008-09-30": 0, "2008-06-30": 0, "2007-12-31": 0}, "Change In Assets/Liabilities": {"2020-09-30": 45, "2020-06-30": -19, "2020-03-31": "78.00000", "2019-12-31": 0, "2019-09-30": 1, "2019-06-30": -1, "2019-03-31": "-35.00000", "2018-12-31": -29, "2018-09-30": 68, "2018-06-30": -142, "2018-03-31": "3.00000", "2017-12-31": -17, "2017-09-30": -22, "2017-06-30": -4, "2017-03-31": "125.00000", "2016-12-31": -3, "2016-09-30": 13, "2016-06-30": 6, "2016-03-31": "18.00000", "2015-12-31": -10, "2015-09-30": -129, "2015-06-30": 60, "2015-03-31": "-4.00000", "2014-12-31": -16, "2014-09-30": 7, "2014-06-30": 4, "2014-03-31": "60.00000", "2013-12-31": 30, "2013-09-30": -44, "2013-06-30": -29, "2013-03-31": "19.00000", "2012-12-31": 3, "2012-09-30": -25, "2012-06-30": 16, "2012-03-31": "-70.00000", "2011-12-31": -30, "2011-09-30": -7, "2011-06-30": -38, "2011-03-31": "-46.00000", "2010-12-31": -8.543, "2010-09-30": -19.075, "2010-06-30": -0.508, "2010-03-31": "0.12600", "2009-12-31": -15.938, "2009-09-30": -0.413, "2009-06-30": -0.086, "2009-03-31": "0.08100", "2008-12-31": 0.131, "2008-09-30": -0.225, "2008-06-30": 0.094, "2007-12-31": 0}, "Total Change In Assets/Liabilities": {"2020-09-30": 66, "2020-06-30": -69, "2020-03-31": "-82.00000", "2019-12-31": 22, "2019-09-30": -52, "2019-06-30": -54, "2019-03-31": "40.00000", "2018-12-31": -2, "2018-09-30": 134, "2018-06-30": -117, "2018-03-31": "6.00000", "2017-12-31": 33, "2017-09-30": -8, "2017-06-30": 22, "2017-03-31": "116.00000", "2016-12-31": 33, "2016-09-30": 14, "2016-06-30": 3, "2016-03-31": "30.00000", "2015-12-31": 3, "2015-09-30": -137, "2015-06-30": 59, "2015-03-31": "-3.00000", "2014-12-31": -43, "2014-09-30": -10, "2014-06-30": 41, "2014-03-31": "47.00000", "2013-12-31": 455, "2013-09-30": -114, "2013-06-30": -20, "2013-03-31": "-20.00000", "2012-12-31": 64, "2012-09-30": -11, "2012-06-30": 15, "2012-03-31": "-58.00000", "2011-12-31": -7, "2011-09-30": -16, "2011-06-30": -28, "2011-03-31": "-38.00000", "2010-12-31": -3.731, "2010-09-30": -5.564, "2010-06-30": -15.229, "2010-03-31": "0.52400", "2009-12-31": -3.682, "2009-09-30": -3.916, "2009-06-30": -4.437, "2009-03-31": "-4.11200", "2008-12-31": 5.445, "2008-09-30": -0.15, "2008-06-30": -5.295, "2007-12-31": 0}, "Cash Flow From Operating Activities": {"2020-09-30": 561, "2020-06-30": 429, "2020-03-31": "347.00000", "2019-12-31": 373, "2019-09-30": 243, "2019-06-30": 235, "2019-03-31": "329.00000", "2018-12-31": 273, "2018-09-30": 430, "2018-06-30": 122, "2018-03-31": "288.00000", "2017-12-31": 325, "2017-09-30": 256, "2017-06-30": 289, "2017-03-31": "390.00000", "2016-12-31": 323, "2016-09-30": 341, "2016-06-30": 326, "2016-03-31": "362.00000", "2015-12-31": 358, "2015-09-30": 199, "2015-06-30": 451, "2015-03-31": "420.00000", "2014-12-31": 328, "2014-09-30": 362, "2014-06-30": 444, "2014-03-31": "488.00000", "2013-12-31": 1017, "2013-09-30": 472, "2013-06-30": 494, "2013-03-31": "518.00000", "2012-12-31": 638, "2012-09-30": 597, "2012-06-30": 614, "2012-03-31": "472.00000", "2011-12-31": 401, "2011-09-30": 306, "2011-06-30": 235, "2011-03-31": "128.00000", "2010-12-31": 92.812, "2010-09-30": 64.419, "2010-06-30": 39.471, "2010-03-31": "36.29800", "2009-12-31": 33.807, "2009-09-30": 27.759, "2009-06-30": 21.084, "2009-03-31": "10.58000", "2008-12-31": -17.482, "2008-09-30": 16.904, "2008-06-30": 0.578, "2007-12-31": 0}, "Net Change In Property, Plant, And Equipment": {"2020-09-30": 0, "2020-06-30": 0, "2020-03-31": "", "2019-12-31": 0, "2019-09-30": 0, "2019-06-30": 0, "2019-03-31": "", "2018-12-31": 0, "2018-09-30": 0, "2018-06-30": 0, "2018-03-31": "", "2017-12-31": 0, "2017-09-30": 0, "2017-06-30": 0, "2017-03-31": "", "2016-12-31": 0, "2016-09-30": 0, "2016-06-30": 0, "2016-03-31": "", "2015-12-31": 0, "2015-09-30": 0, "2015-06-30": 0, "2015-03-31": "", "2014-12-31": 0, "2014-09-30": 0, "2014-06-30": 0, "2014-03-31": "", "2013-12-31": 0, "2013-09-30": 0, "2013-06-30": 0, "2013-03-31": "", "2012-12-31": 0, "2012-09-30": 0, "2012-06-30": 0, "2012-03-31": "", "2011-12-31": 0, "2011-09-30": 0, "2011-06-30": 0, "2011-03-31": "", "2010-12-31": 0, "2010-09-30": 0, "2010-06-30": 0, "2010-03-31": "", "2009-12-31": 0, "2009-09-30": 0, "2009-06-30": 0, "2009-03-31": "", "2008-12-31": 0, "2008-09-30": 0, "2008-06-30": 0, "2007-12-31": 0}, "Net Change In Intangible Assets": {"2020-09-30": 0, "2020-06-30": 0, "2020-03-31": "", "2019-12-31": 0, "2019-09-30": 0, "2019-06-30": 0, "2019-03-31": "", "2018-12-31": 0, "2018-09-30": 0, "2018-06-30": 0, "2018-03-31": "", "2017-12-31": 0, "2017-09-30": 0, "2017-06-30": 0, "2017-03-31": "", "2016-12-31": 0, "2016-09-30": 0, "2016-06-30": 0, "2016-03-31": "", "2015-12-31": 0, "2015-09-30": 0, "2015-06-30": 0, "2015-03-31": "", "2014-12-31": 0, "2014-09-30": 0, "2014-06-30": 0, "2014-03-31": "", "2013-12-31": 0, "2013-09-30": 0, "2013-06-30": 0, "2013-03-31": "", "2012-12-31": 0, "2012-09-30": 0, "2012-06-30": 0, "2012-03-31": "", "2011-12-31": 0, "2011-09-30": 0, "2011-06-30": 0, "2011-03-31": "", "2010-12-31": 0, "2010-09-30": 0, "2010-06-30": 0, "2010-03-31": "", "2009-12-31": 0, "2009-09-30": 0, "2009-06-30": 0, "2009-03-31": "", "2008-12-31": 0, "2008-09-30": 0, "2008-06-30": 0, "2007-12-31": 0}, "Net Acquisitions/Divestitures": {"2020-09-30": 0, "2020-06-30": 0, "2020-03-31": "", "2019-12-31": 0, "2019-09-30": 0, "2019-06-30": 0, "2019-03-31": "", "2018-12-31": 0, "2018-09-30": 0, "2018-06-30": 0, "2018-03-31": "", "2017-12-31": 0, "2017-09-30": 0, "2017-06-30": 0, "2017-03-31": "", "2016-12-31": 0, "2016-09-30": -555, "2016-06-30": 0, "2016-03-31": "", "2015-12-31": 0, "2015-09-30": 0, "2015-06-30": 0, "2015-03-31": "", "2014-12-31": 0, "2014-09-30": 0, "2014-06-30": 0, "2014-03-31": "", "2013-12-31": 0, "2013-09-30": 0, "2013-06-30": 0, "2013-03-31": "", "2012-12-31": 0, "2012-09-30": 0, "2012-06-30": 0, "2012-03-31": "", "2011-12-31": 0, "2011-09-30": 0, "2011-06-30": 0, "2011-03-31": "", "2010-12-31": 0, "2010-09-30": 0, "2010-06-30": 0, "2010-03-31": "", "2009-12-31": 0, "2009-09-30": 0, "2009-06-30": 0, "2009-03-31": "", "2008-12-31": 0, "2008-09-30": 0, "2008-06-30": 0, "2007-12-31": 0}, "Net Change In Short-term Investments": {"2020-09-30": 0, "2020-06-30": 0, "2020-03-31": "", "2019-12-31": 0, "2019-09-30": 0, "2019-06-30": 0, "2019-03-31": "", "2018-12-31": 0, "2018-09-30": 0, "2018-06-30": 0, "2018-03-31": "", "2017-12-31": 0, "2017-09-30": 0, "2017-06-30": 0, "2017-03-31": "", "2016-12-31": 0, "2016-09-30": 0, "2016-06-30": 0, "2016-03-31": "", "2015-12-31": 0, "2015-09-30": 0, "2015-06-30": 0, "2015-03-31": "", "2014-12-31": 0, "2014-09-30": 0, "2014-06-30": 0, "2014-03-31": "", "2013-12-31": 0, "2013-09-30": 0, "2013-06-30": 0, "2013-03-31": "", "2012-12-31": 0, "2012-09-30": 0, "2012-06-30": 0, "2012-03-31": "", "2011-12-31": 0, "2011-09-30": 0, "2011-06-30": 0, "2011-03-31": "", "2010-12-31": 0, "2010-09-30": 0, "2010-06-30": 0, "2010-03-31": "", "2009-12-31": 0, "2009-09-30": 0, "2009-06-30": 0, "2009-03-31": "", "2008-12-31": 0, "2008-09-30": 0, "2008-06-30": 0, "2007-12-31": 0}, "Net Change In Long-Term Investments": {"2020-09-30": 15447, "2020-06-30": -1323, "2020-03-31": "21044.00000", "2019-12-31": 4272, "2019-09-30": -6559, "2019-06-30": -10357, "2019-03-31": "-12099.00000", "2018-12-31": -4572, "2018-09-30": -15231, "2018-06-30": 1726, "2018-03-31": "606.00000", "2017-12-31": -3391, "2017-09-30": -5826, "2017-06-30": -1525, "2017-03-31": "2618.00000", "2016-12-31": 1692, "2016-09-30": 6875, "2016-06-30": 3273, "2016-03-31": "-828.00000", "2015-12-31": -1003, "2015-09-30": 5214, "2015-06-30": 6965, "2015-03-31": "-9692.00000", "2014-12-31": -4901, "2014-09-30": 1822, "2014-06-30": 1073, "2014-03-31": "18341.00000", "2013-12-31": 19070, "2013-09-30": -18924, "2013-06-30": -8186, "2013-03-31": "7687.00000", "2012-12-31": 9900, "2012-09-30": -4863, "2012-06-30": -2963, "2012-03-31": "-21136.00000", "2011-12-31": -9383, "2011-09-30": -5889, "2011-06-30": -11018, "2011-03-31": "-12240.00000", "2010-12-31": -4373.267, "2010-09-30": -1577.509, "2010-06-30": -2091.2262, "2010-03-31": "-964.99780", "2009-12-31": -909.209, "2009-09-30": -660.417, "2009-06-30": -501.842, "2009-03-31": "-484.92700", "2008-12-31": 1699.128, "2008-09-30": 730.524, "2008-06-30": -2429.652, "2007-12-31": 0}, "Net Change In Investments - Total": {"2020-09-30": 15447, "2020-06-30": -1323, "2020-03-31": "21044.00000", "2019-12-31": 4272, "2019-09-30": -6559, "2019-06-30": -10357, "2019-03-31": "-12099.00000", "2018-12-31": -4572, "2018-09-30": -15231, "2018-06-30": 1726, "2018-03-31": "606.00000", "2017-12-31": -3391, "2017-09-30": -5826, "2017-06-30": -1525, "2017-03-31": "2618.00000", "2016-12-31": 1692, "2016-09-30": 6875, "2016-06-30": 3273, "2016-03-31": "-828.00000", "2015-12-31": -1003, "2015-09-30": 5214, "2015-06-30": 6965, "2015-03-31": "-9692.00000", "2014-12-31": -4901, "2014-09-30": 1822, "2014-06-30": 1073, "2014-03-31": "18341.00000", "2013-12-31": 19070, "2013-09-30": -18924, "2013-06-30": -8186, "2013-03-31": "7687.00000", "2012-12-31": 9900, "2012-09-30": -4863, "2012-06-30": -2963, "2012-03-31": "-21136.00000", "2011-12-31": -9383, "2011-09-30": -5889, "2011-06-30": -11018, "2011-03-31": "-12240.00000", "2010-12-31": -4373.267, "2010-09-30": -1577.509, "2010-06-30": -2091.2262, "2010-03-31": "-964.99780", "2009-12-31": -909.209, "2009-09-30": -660.417, "2009-06-30": -501.842, "2009-03-31": "-484.92700", "2008-12-31": 1699.128, "2008-09-30": 730.524, "2008-06-30": -2429.652, "2007-12-31": 0}, "Investing Activities - Other": {"2020-09-30": -258, "2020-06-30": -2945, "2020-03-31": "2533.00000", "2019-12-31": -3499, "2019-09-30": 2344, "2019-06-30": 10868, "2019-03-31": "812.00000", "2018-12-31": -6407, "2018-09-30": -2421, "2018-06-30": -2318, "2018-03-31": "681.00000", "2017-12-31": -1515, "2017-09-30": -1517, "2017-06-30": 1359, "2017-03-31": "-1264.00000", "2016-12-31": -3213, "2016-09-30": -2024, "2016-06-30": -14, "2016-03-31": "-2005.00000", "2015-12-31": -333, "2015-09-30": 546, "2015-06-30": 677, "2015-03-31": "1719.00000", "2014-12-31": 46, "2014-09-30": 1442, "2014-06-30": -377, "2014-03-31": "-5097.00000", "2013-12-31": -408, "2013-09-30": 8371, "2013-06-30": 2167, "2013-03-31": "-902.00000", "2012-12-31": -5324, "2012-09-30": -5862, "2012-06-30": 2030, "2012-03-31": "-2963.00000", "2011-12-31": -323, "2011-09-30": 643, "2011-06-30": -1631, "2011-03-31": "269.00000", "2010-12-31": -34.908, "2010-09-30": -7.97, "2010-06-30": -6.916, "2010-03-31": "0.79400", "2009-12-31": -7.954, "2009-09-30": -3.158, "2009-06-30": 1.566, "2009-03-31": "", "2008-12-31": -1.829, "2008-09-30": 1.72, "2008-06-30": 0.109, "2007-12-31": 0}, "Cash Flow From Investing Activities": {"2020-09-30": 15189, "2020-06-30": -4268, "2020-03-31": "23577.00000", "2019-12-31": 773, "2019-09-30": -4215, "2019-06-30": 511, "2019-03-31": "-11287.00000", "2018-12-31": -10979, "2018-09-30": -17652, "2018-06-30": -592, "2018-03-31": "1287.00000", "2017-12-31": -4906, "2017-09-30": -7343, "2017-06-30": -166, "2017-03-31": "1354.00000", "2016-12-31": -1521, "2016-09-30": 4296, "2016-06-30": 3259, "2016-03-31": "-2833.00000", "2015-12-31": -1336, "2015-09-30": 5760, "2015-06-30": 7642, "2015-03-31": "-7973.00000", "2014-12-31": -4855, "2014-09-30": 3264, "2014-06-30": 696, "2014-03-31": "13244.00000", "2013-12-31": 18662, "2013-09-30": -10553, "2013-06-30": -6019, "2013-03-31": "6785.00000", "2012-12-31": 4576, "2012-09-30": -10725, "2012-06-30": -933, "2012-03-31": "-24099.00000", "2011-12-31": -9706, "2011-09-30": -5246, "2011-06-30": -12649, "2011-03-31": "-11971.00000", "2010-12-31": -4408.176, "2010-09-30": -1585.478, "2010-06-30": -2098.142, "2010-03-31": "-964.20400", "2009-12-31": -917.163, "2009-09-30": -663.575, "2009-06-30": -500.276, "2009-03-31": "-484.92700", "2008-12-31": 1697.299, "2008-09-30": 732.244, "2008-06-30": -2429.543, "2007-12-31": 0}, "Net Long-Term Debt": {"2020-09-30": -15, "2020-06-30": -13, "2020-03-31": "-16.00000", "2019-12-31": -13, "2019-09-30": -14, "2019-06-30": -15, "2019-03-31": "-13.00000", "2018-12-31": -15, "2018-09-30": -21, "2018-06-30": -21, "2018-03-31": "-21.00000", "2017-12-31": -24, "2017-09-30": -25, "2017-06-30": -27, "2017-03-31": "-3065.00000", "2016-12-31": -35, "2016-09-30": -36, "2016-06-30": -33, "2016-03-31": "-747.00000", "2015-12-31": 217, "2015-09-30": 3461, "2015-06-30": -45, "2015-03-31": "-35.00000", "2014-12-31": -39, "2014-09-30": -43, "2014-06-30": -40, "2014-03-31": "-36.00000", "2013-12-31": 174, "2013-09-30": -52, "2013-06-30": -64, "2013-03-31": "-64.00000", "2012-12-31": -70, "2012-09-30": 28, "2012-06-30": 896, "2012-03-31": "-4.00000", "2011-12-31": -3, "2011-09-30": -5, "2011-06-30": -6, "2011-03-31": "-5.00000", "2010-12-31": -7.822, "2010-09-30": 80.822, "2010-06-30": 0, "2010-03-31": "", "2009-12-31": 0, "2009-09-30": 0, "2009-06-30": 0, "2009-03-31": "", "2008-12-31": 0, "2008-09-30": 0, "2008-06-30": 0, "2007-12-31": 0}, "Net Current Debt": {"2020-09-30": -15119, "2020-06-30": 3145, "2020-03-31": "-22642.00000", "2019-12-31": -1430, "2019-09-30": 4346, "2019-06-30": -419, "2019-03-31": "10968.00000", "2018-12-31": 9983, "2018-09-30": 16895, "2018-06-30": -118, "2018-03-31": "-1339.00000", "2017-12-31": 4791, "2017-09-30": 6447, "2017-06-30": -317, "2017-03-31": "1517.00000", "2016-12-31": 190, "2016-09-30": -4302, "2016-06-30": -3325, "2016-03-31": "3541.00000", "2015-12-31": 740, "2015-09-30": -9164, "2015-06-30": -7934, "2015-03-31": "7816.00000", "2014-12-31": 4969, "2014-09-30": -3387, "2014-06-30": -1015, "2014-03-31": "-13804.00000", "2013-12-31": -18940, "2013-09-30": 10022, "2013-06-30": 6191, "2013-03-31": "-8218.00000", "2012-12-31": -4776, "2012-09-30": 9714, "2012-06-30": -276, "2012-03-31": "22135.00000", "2011-12-31": 8840, "2011-09-30": 5337, "2011-06-30": 11511, "2011-03-31": "10314.00000", "2010-12-31": 3710.435, "2010-09-30": 1335.057, "2010-06-30": 1983.227, "2010-03-31": "809.28100", "2009-12-31": 892.824, "2009-09-30": 602.135, "2009-06-30": 497.402, "2009-03-31": "503.20800", "2008-12-31": -1434.363, "2008-09-30": -732.253, "2008-06-30": 2166.616, "2007-12-31": 0}, "Debt Issuance/Retirement Net - Total": {"2020-09-30": -15134, "2020-06-30": 3132, "2020-03-31": "-22658.00000", "2019-12-31": -1443, "2019-09-30": 4332, "2019-06-30": -434, "2019-03-31": "10955.00000", "2018-12-31": 9968, "2018-09-30": 16874, "2018-06-30": -139, "2018-03-31": "-1360.00000", "2017-12-31": 4767, "2017-09-30": 6422, "2017-06-30": -344, "2017-03-31": "-1548.00000", "2016-12-31": 155, "2016-09-30": -4338, "2016-06-30": -3358, "2016-03-31": "2794.00000", "2015-12-31": 957, "2015-09-30": -5703, "2015-06-30": -7979, "2015-03-31": "7781.00000", "2014-12-31": 4930, "2014-09-30": -3430, "2014-06-30": -1055, "2014-03-31": "-13840.00000", "2013-12-31": -18766, "2013-09-30": 9970, "2013-06-30": 6127, "2013-03-31": "-8282.00000", "2012-12-31": -4846, "2012-09-30": 9742, "2012-06-30": 620, "2012-03-31": "22131.00000", "2011-12-31": 8837, "2011-09-30": 5332, "2011-06-30": 11505, "2011-03-31": "10309.00000", "2010-12-31": 3702.613, "2010-09-30": 1415.879, "2010-06-30": 1983.227, "2010-03-31": "809.28100", "2009-12-31": 892.824, "2009-09-30": 602.135, "2009-06-30": 497.402, "2009-03-31": "503.20800", "2008-12-31": -1434.363, "2008-09-30": -732.253, "2008-06-30": 2166.616, "2007-12-31": 0}, "Net Common Equity Issued/Repurchased": {"2020-09-30": -144, "2020-06-30": -147, "2020-03-31": "439.00000", "2019-12-31": 0, "2019-09-30": -103, "2019-06-30": 190, "2019-03-31": "", "2018-12-31": 1006, "2018-09-30": 817, "2018-06-30": 788, "2018-03-31": "", "2017-12-31": 0, "2017-09-30": 1238, "2017-06-30": 0, "2017-03-31": "", "2016-12-31": 0, "2016-09-30": 0, "2016-06-30": 0, "2016-03-31": "-116.00000", "2015-12-31": -161, "2015-09-30": -45, "2015-06-30": -79, "2015-03-31": "", "2014-12-31": 0, "2014-09-30": 0, "2014-06-30": 0, "2014-03-31": "-74.00000", "2013-12-31": -586, "2013-09-30": -263, "2013-06-30": 1796, "2013-03-31": "", "2012-12-31": -76, "2012-09-30": 1240, "2012-06-30": 155, "2012-03-31": "2205.00000", "2011-12-31": 1109, "2011-09-30": 146, "2011-06-30": 1369, "2011-03-31": "1753.00000", "2010-12-31": 681.816, "2010-09-30": 142.073, "2010-06-30": 168.973, "2010-03-31": "62.13800", "2009-12-31": 126.555, "2009-09-30": 95.041, "2009-06-30": 0, "2009-03-31": "", "2008-12-31": -286.05, "2008-09-30": 0, "2008-06-30": 286.05, "2007-12-31": 0}, "Net Total Equity Issued/Repurchased": {"2020-09-30": -144, "2020-06-30": -147, "2020-03-31": "996.00000", "2019-12-31": 215, "2019-09-30": -103, "2019-06-30": 190, "2019-03-31": "227.00000", "2018-12-31": 1006, "2018-09-30": 817, "2018-06-30": 788, "2018-03-31": "", "2017-12-31": 0, "2017-09-30": 1380, "2017-06-30": 0, "2017-03-31": "", "2016-12-31": 0, "2016-09-30": 0, "2016-06-30": 0, "2016-03-31": "-116.00000", "2015-12-31": -161, "2015-09-30": -45, "2015-06-30": -79, "2015-03-31": "", "2014-12-31": 0, "2014-09-30": 0, "2014-06-30": 169, "2014-03-31": "-74.00000", "2013-12-31": -586, "2013-09-30": -263, "2013-06-30": -6, "2013-03-31": "1802.00000", "2012-12-31": -76, "2012-09-30": 1240, "2012-06-30": 322, "2012-03-31": "2205.00000", "2011-12-31": 1109, "2011-09-30": 146, "2011-06-30": 1369, "2011-03-31": "1753.00000", "2010-12-31": 681.816, "2010-09-30": 142.073, "2010-06-30": 168.973, "2010-03-31": "62.13800", "2009-12-31": 126.555, "2009-09-30": 95.041, "2009-06-30": 0, "2009-03-31": "", "2008-12-31": -286.05, "2008-09-30": 0, "2008-06-30": 286.05, "2007-12-31": 0}, "Total Common And Preferred Stock Dividends Paid": {"2020-09-30": -223, "2020-06-30": -248, "2020-03-31": "-277.00000", "2019-12-31": -276, "2019-09-30": -276, "2019-06-30": -289, "2019-03-31": "-298.00000", "2018-12-31": -275, "2018-09-30": -252, "2018-06-30": -227, "2018-03-31": "-220.00000", "2017-12-31": -215, "2017-09-30": -203, "2017-06-30": -191, "2017-03-31": "-186.00000", "2016-12-31": -187, "2016-09-30": -199, "2016-06-30": -205, "2016-03-31": "-208.00000", "2015-12-31": -213, "2015-09-30": -216, "2015-06-30": -233, "2015-03-31": "-240.00000", "2014-12-31": -391, "2014-09-30": -235, "2014-06-30": -233, "2014-03-31": "-235.00000", "2013-12-31": -313, "2013-09-30": -420, "2013-06-30": -499, "2013-03-31": "-427.00000", "2012-12-31": -431, "2012-09-30": -384, "2012-06-30": -286, "2012-03-31": "-314.00000", "2011-12-31": -258, "2011-09-30": -180, "2011-06-30": -135, "2011-03-31": "-91.00000", "2010-12-31": -54.362, "2010-09-30": -47.123, "2010-06-30": -37.465, "2010-03-31": "-34.05000", "2009-12-31": -27.05, "2009-09-30": -22.507, "2009-06-30": -12.754, "2009-03-31": "-18.00600", "2008-12-31": 4.651, "2008-09-30": -4.651, "2008-06-30": 0, "2007-12-31": 0}, "Financial Activities - Other": {"2020-09-30": 0, "2020-06-30": 0, "2020-03-31": "", "2019-12-31": 0, "2019-09-30": 0, "2019-06-30": 0, "2019-03-31": "", "2018-12-31": 0, "2018-09-30": 0, "2018-06-30": 0, "2018-03-31": "", "2017-12-31": 0, "2017-09-30": 0, "2017-06-30": 0, "2017-03-31": "", "2016-12-31": -23, "2016-09-30": 23, "2016-06-30": 0, "2016-03-31": "", "2015-12-31": 0, "2015-09-30": 0, "2015-06-30": 0, "2015-03-31": "", "2014-12-31": 0, "2014-09-30": 0, "2014-06-30": 0, "2014-03-31": "", "2013-12-31": 0, "2013-09-30": 0, "2013-06-30": 0, "2013-03-31": "", "2012-12-31": 0, "2012-09-30": 0, "2012-06-30": 0, "2012-03-31": "", "2011-12-31": 0, "2011-09-30": 0, "2011-06-30": 0, "2011-03-31": "", "2010-12-31": 42.834, "2010-09-30": -24.585, "2010-06-30": -11.247, "2010-03-31": "-7.00200", "2009-12-31": -9.796, "2009-09-30": -4.453, "2009-06-30": 9.996, "2009-03-31": "-13.09300", "2008-12-31": 18.914, "2008-09-30": -3.055, "2008-06-30": -15.859, "2007-12-31": 0}, "Cash Flow From Financial Activities": {"2020-09-30": -15501, "2020-06-30": 2737, "2020-03-31": "-21939.00000", "2019-12-31": -1504, "2019-09-30": 3953, "2019-06-30": -533, "2019-03-31": "10884.00000", "2018-12-31": 10699, "2018-09-30": 17439, "2018-06-30": 422, "2018-03-31": "-1580.00000", "2017-12-31": 4552, "2017-09-30": 7599, "2017-06-30": -535, "2017-03-31": "-1734.00000", "2016-12-31": -55, "2016-09-30": -4514, "2016-06-30": -3563, "2016-03-31": "2470.00000", "2015-12-31": 583, "2015-09-30": -5964, "2015-06-30": -8291, "2015-03-31": "7541.00000", "2014-12-31": 4539, "2014-09-30": -3665, "2014-06-30": -1119, "2014-03-31": "-14149.00000", "2013-12-31": -19665, "2013-09-30": 9287, "2013-06-30": 5622, "2013-03-31": "-6907.00000", "2012-12-31": -5353, "2012-09-30": 10598, "2012-06-30": 656, "2012-03-31": "24022.00000", "2011-12-31": 9688, "2011-09-30": 5298, "2011-06-30": 12739, "2011-03-31": "11971.00000", "2010-12-31": 4372.901, "2010-09-30": 1486.244, "2010-06-30": 2103.488, "2010-03-31": "830.36700", "2009-12-31": 982.533, "2009-09-30": 670.216, "2009-06-30": 494.644, "2009-03-31": "472.10900", "2008-12-31": -1696.848, "2008-09-30": -739.959, "2008-06-30": 2436.807, "2007-12-31": 0}, "Net Cash Flow": {"2020-09-30": 249, "2020-06-30": -1102, "2020-03-31": "1985.00000", "2019-12-31": -358, "2019-09-30": -19, "2019-06-30": 213, "2019-03-31": "-74.00000", "2018-12-31": -7, "2018-09-30": 217, "2018-06-30": -48, "2018-03-31": "-5.00000", "2017-12-31": -29, "2017-09-30": 512, "2017-06-30": -412, "2017-03-31": "10.00000", "2016-12-31": -1253, "2016-09-30": 123, "2016-06-30": 22, "2016-03-31": "-1.00000", "2015-12-31": -395, "2015-09-30": -5, "2015-06-30": -198, "2015-03-31": "-12.00000", "2014-12-31": 12, "2014-09-30": -39, "2014-06-30": 21, "2014-03-31": "-417.00000", "2013-12-31": 14, "2013-09-30": -794, "2013-06-30": 97, "2013-03-31": "396.00000", "2012-12-31": -139, "2012-09-30": 470, "2012-06-30": 337, "2012-03-31": "395.00000", "2011-12-31": 383, "2011-09-30": 358, "2011-06-30": 325, "2011-03-31": "128.00000", "2010-12-31": 57.537, "2010-09-30": -34.815, "2010-06-30": 44.817, "2010-03-31": "-97.53900", "2009-12-31": 99.177, "2009-09-30": 34.4, "2009-06-30": 15.452, "2009-03-31": "-2.23800", "2008-12-31": -17.031, "2008-09-30": 9.189, "2008-06-30": 7.842, "2007-12-31": 0}, "Stock-Based Compensation": {"2020-09-30": 5, "2020-06-30": 4, "2020-03-31": "3.00000", "2019-12-31": 5, "2019-09-30": 3, "2019-06-30": 3, "2019-03-31": "2.00000", "2018-12-31": 1, "2018-09-30": 2, "2018-06-30": 2, "2018-03-31": "1.00000", "2017-12-31": 1, "2017-09-30": 2, "2017-06-30": 1, "2017-03-31": "0.00000", "2016-12-31": 0, "2016-09-30": 1, "2016-06-30": 0, "2016-03-31": "", "2015-12-31": 0, "2015-09-30": 0, "2015-06-30": 0, "2015-03-31": "", "2014-12-31": 0, "2014-09-30": 0, "2014-06-30": 0, "2014-03-31": "", "2013-12-31": 0, "2013-09-30": 0, "2013-06-30": 0, "2013-03-31": "", "2012-12-31": 0, "2012-09-30": 0, "2012-06-30": 0, "2012-03-31": "", "2011-12-31": 0, "2011-09-30": 0, "2011-06-30": 0, "2011-03-31": "", "2010-12-31": -0.068, "2010-09-30": 0.026, "2010-06-30": 0.025, "2010-03-31": "0.01700", "2009-12-31": 0.016, "2009-09-30": 0.014, "2009-06-30": 0.008, "2009-03-31": "0.00700", "2008-12-31": -0.01, "2008-09-30": 0.007, "2008-06-30": 0.003, "2007-12-31": 0}, "Common Stock Dividends Paid": {"2020-09-30": -223, "2020-06-30": -248, "2020-03-31": "-277.00000", "2019-12-31": -276, "2019-09-30": -276, "2019-06-30": -289, "2019-03-31": "-298.00000", "2018-12-31": -275, "2018-09-30": -252, "2018-06-30": -227, "2018-03-31": "-220.00000", "2017-12-31": -215, "2017-09-30": -203, "2017-06-30": -191, "2017-03-31": "-186.00000", "2016-12-31": -187, "2016-09-30": -199, "2016-06-30": -205, "2016-03-31": "-208.00000", "2015-12-31": -213, "2015-09-30": -216, "2015-06-30": -233, "2015-03-31": "-240.00000", "2014-12-31": -391, "2014-09-30": -235, "2014-06-30": -233, "2014-03-31": "-235.00000", "2013-12-31": -313, "2013-09-30": -420, "2013-06-30": -499, "2013-03-31": "-427.00000", "2012-12-31": -431, "2012-09-30": -384, "2012-06-30": -286, "2012-03-31": "-314.00000", "2011-12-31": -258, "2011-09-30": -180, "2011-06-30": -135, "2011-03-31": "-91.00000", "2010-12-31": -54.362, "2010-09-30": -47.123, "2010-06-30": -37.465, "2010-03-31": "-34.05000", "2009-12-31": -27.05, "2009-09-30": -22.507, "2009-06-30": -12.754, "2009-03-31": "-18.00600", "2008-12-31": 4.651, "2008-09-30": -4.651, "2008-06-30": 0, "2007-12-31": 0}}, "financial ratios": {"Current Ratio": {"2019-12-31": "", "2018-12-31": "", "2017-12-31": "", "2016-12-31": "", "2015-12-31": "", "2014-12-31": "", "2013-12-31": "", "2012-12-31": "", "2011-12-31": "", "2010-12-31": "", "2009-12-31": "", "2008-12-31": ""}, "Long-term Debt / Capital": {"2019-12-31": "0.02020", "2018-12-31": "0.02700", "2017-12-31": "0.03920", "2016-12-31": "0.32220", "2015-12-31": "0.35300", "2014-12-31": "0.07470", "2013-12-31": "0.09470", "2012-12-31": "0.07920", "2011-12-31": "0.00860", "2010-12-31": "0.04430", "2009-12-31": "", "2008-12-31": ""}, "Debt/Equity Ratio": {"2019-12-31": "8.09850", "2018-12-31": "7.67980", "2017-12-31": "5.78950", "2016-12-31": "5.65670", "2015-12-31": "5.90100", "2014-12-31": "5.50990", "2013-12-31": "7.45830", "2012-12-31": "7.03740", "2011-12-31": "7.82160", "2010-12-31": "7.52620", "2009-12-31": "7.05830", "2008-12-31": "5.32840"}, "Gross Margin": {"2019-12-31": "", "2018-12-31": "", "2017-12-31": "", "2016-12-31": "", "2015-12-31": "", "2014-12-31": "", "2013-12-31": "", "2012-12-31": "", "2011-12-31": "", "2010-12-31": "", "2009-12-31": "", "2008-12-31": ""}, "Operating Margin": {"2019-12-31": "24.20830", "2018-12-31": "6.61880", "2017-12-31": "59.62880", "2016-12-31": "47.16120", "2015-12-31": "14.66580", "2014-12-31": "-15.82880", "2013-12-31": "67.89790", "2012-12-31": "68.89520", "2011-12-31": "67.62850", "2010-12-31": "62.45060", "2009-12-31": "57.25140", "2008-12-31": "44.32490"}, "EBIT Margin": {"2019-12-31": "24.20830", "2018-12-31": "6.61880", "2017-12-31": "59.62880", "2016-12-31": "47.16120", "2015-12-31": "14.66580", "2014-12-31": "-15.82880", "2013-12-31": "67.89790", "2012-12-31": "68.89520", "2011-12-31": "67.62850", "2010-12-31": "62.45060", "2009-12-31": "57.25140", "2008-12-31": "44.32490"}, "EBITDA Margin": {"2019-12-31": "45.35540", "2018-12-31": "24.88460", "2017-12-31": "89.09510", "2016-12-31": "80.54500", "2015-12-31": "49.38610", "2014-12-31": "26.83420", "2013-12-31": "100.91200", "2012-12-31": "110.47890", "2011-12-31": "105.04960", "2010-12-31": "101.58100", "2009-12-31": "85.73090", "2008-12-31": "63.84890"}, "Pre-Tax Profit Margin": {"2019-12-31": "24.20830", "2018-12-31": "6.61880", "2017-12-31": "59.62880", "2016-12-31": "47.16120", "2015-12-31": "14.66580", "2014-12-31": "-15.82880", "2013-12-31": "58.00270", "2012-12-31": "61.45090", "2011-12-31": "69.97300", "2010-12-31": "113.83400", "2009-12-31": "92.98470", "2008-12-31": "64.12830"}, "Net Profit Margin": {"2019-12-31": "22.09710", "2018-12-31": "4.77170", "2017-12-31": "56.68990", "2016-12-31": "45.04160", "2015-12-31": "12.75580", "2014-12-31": "-17.39130", "2013-12-31": "56.77160", "2012-12-31": "60.07590", "2011-12-31": "69.43190", "2010-12-31": "113.83400", "2009-12-31": "92.72280", "2008-12-31": "64.12830"}, "Asset Turnover": {"2019-12-31": "0.02510", "2018-12-31": "0.01780", "2017-12-31": "0.01840", "2016-12-31": "0.02320", "2015-12-31": "0.02570", "2014-12-31": "0.02170", "2013-12-31": "0.02880", "2012-12-31": "0.02100", "2011-12-31": "0.01910", "2010-12-31": "0.01750", "2009-12-31": "0.02770", "2008-12-31": "0.03330"}, "Inventory Turnover Ratio": {"2019-12-31": "", "2018-12-31": "", "2017-12-31": "", "2016-12-31": "", "2015-12-31": "", "2014-12-31": "", "2013-12-31": "", "2012-12-31": "", "2011-12-31": "", "2010-12-31": "", "2009-12-31": "", "2008-12-31": ""}, "Receiveable Turnover": {"2019-12-31": "", "2018-12-31": "", "2017-12-31": "", "2016-12-31": "", "2015-12-31": "", "2014-12-31": "", "2013-12-31": "", "2012-12-31": "", "2011-12-31": "", "2010-12-31": "", "2009-12-31": "", "2008-12-31": ""}, "Days Sales In Receivables": {"2019-12-31": "", "2018-12-31": "", "2017-12-31": "", "2016-12-31": "", "2015-12-31": "", "2014-12-31": "", "2013-12-31": "", "2012-12-31": "", "2011-12-31": "", "2010-12-31": "", "2009-12-31": "", "2008-12-31": ""}, "ROE - Return On Equity": {"2019-12-31": "6.80580", "2018-12-31": "1.36910", "2017-12-31": "9.32290", "2016-12-31": "8.87460", "2015-12-31": "2.81600", "2014-12-31": "-2.56270", "2013-12-31": "14.75970", "2012-12-31": "11.90230", "2011-12-31": "12.39540", "2010-12-31": "18.31990", "2009-12-31": "21.69100", "2008-12-31": "13.69430"}, "Return On Tangible Equity": {"2019-12-31": "6.54300", "2018-12-31": "1.37530", "2017-12-31": "9.39900", "2016-12-31": "9.15910", "2015-12-31": "2.69730", "2014-12-31": "-2.47140", "2013-12-31": "14.47630", "2012-12-31": "11.71990", "2011-12-31": "12.39540", "2010-12-31": "18.31990", "2009-12-31": "21.69100", "2008-12-31": "13.69430"}, "ROA - Return On Assets": {"2019-12-31": "0.60840", "2018-12-31": "0.11810", "2017-12-31": "1.09550", "2016-12-31": "1.09530", "2015-12-31": "0.37710", "2014-12-31": "-0.34380", "2013-12-31": "1.65100", "2012-12-31": "1.27120", "2011-12-31": "1.32820", "2010-12-31": "1.98950", "2009-12-31": "2.56420", "2008-12-31": "2.13440"}, "ROI - Return On Investment": {"2019-12-31": "6.10520", "2018-12-31": "1.26710", "2017-12-31": "8.46230", "2016-12-31": "5.74030", "2015-12-31": "1.74530", "2014-12-31": "-2.28680", "2013-12-31": "13.10500", "2012-12-31": "10.79190", "2011-12-31": "12.28850", "2010-12-31": "17.50770", "2009-12-31": "21.69100", "2008-12-31": "13.69430"}, "Book Value Per Share": {"2019-12-31": "20.41230", "2018-12-31": "18.47100", "2017-12-31": "22.37160", "2016-12-31": "22.22360", "2015-12-31": "23.61780", "2014-12-31": "26.72340", "2013-12-31": "24.41610", "2012-12-31": "32.15110", "2011-12-31": "27.70740", "2010-12-31": "24.23930", "2009-12-31": "22.48260", "2008-12-31": "17.20430"}, "Operating Cash Flow Per Share": {"2019-12-31": -0.342, "2018-12-31": -0.9912, "2017-12-31": -0.5608, "2016-12-31": -0.0229, "2015-12-31": -0.4946, "2014-12-31": -2.0062, "2013-12-31": -1.0402, "2012-12-31": 0.6576, "2011-12-31": 0.5962, "2010-12-31": 1.0583, "2009-12-31": 3.2805, "2008-12-31": 2.0448}, "Free Cash Flow Per Share": {"2019-12-31": -0.342, "2018-12-31": -0.9912, "2017-12-31": -0.5608, "2016-12-31": -0.0229, "2015-12-31": -0.4946, "2014-12-31": -2.0062, "2013-12-31": -1.0402, "2012-12-31": 0.6576, "2011-12-31": 0.5962, "2010-12-31": 1.0583, "2009-12-31": 3.2805, "2008-12-31": 2.0448}}, "financial ratios, quarterly": {"Current Ratio": {"2020-09-30": "", "2020-06-30": "", "2020-03-31": "", "2019-12-31": "", "2019-09-30": "", "2019-06-30": "", "2019-03-31": "", "2018-12-31": "", "2018-09-30": "", "2018-06-30": "", "2018-03-31": "", "2017-12-31": "", "2017-09-30": "", "2017-06-30": "", "2017-03-31": "", "2016-12-31": "", "2016-09-30": "", "2016-06-30": "", "2016-03-31": "", "2015-12-31": "", "2015-09-30": "", "2015-06-30": "", "2015-03-31": "", "2014-12-31": "", "2014-09-30": "", "2014-06-30": "", "2014-03-31": "", "2013-12-31": "", "2013-09-30": "", "2013-06-30": "", "2013-03-31": "", "2012-12-31": "", "2012-09-30": "", "2012-06-30": "", "2012-03-31": "", "2011-12-31": "", "2011-09-30": "", "2011-06-30": "", "2011-03-31": "", "2010-12-31": "", "2010-09-30": "", "2010-06-30": "", "2010-03-31": "", "2009-12-31": "", "2009-09-30": "", "2009-06-30": "", "2009-03-31": "", "2008-12-31": "", "2008-09-30": "", "2008-06-30": "", "2007-12-31": ""}, "Long-term Debt / Capital": {"2020-09-30": "0.01760", "2020-06-30": "0.01930", "2020-03-31": "0.02140", "2019-12-31": "0.02020", "2019-09-30": "0.02280", "2019-06-30": "0.02370", "2019-03-31": "0.02470", "2018-12-31": "0.02700", "2018-09-30": "0.02930", "2018-06-30": "0.03350", "2018-03-31": "0.03870", "2017-12-31": "0.03920", "2017-09-30": "0.04140", "2017-06-30": "0.04970", "2017-03-31": "0.05620", "2016-12-31": "0.32220", "2016-09-30": "0.30810", "2016-06-30": "0.31640", "2016-03-31": "0.31970", "2015-12-31": "0.35300", "2015-09-30": "0.33170", "2015-06-30": "0.07180", "2015-03-31": "0.07190", "2014-12-31": "0.07470", "2014-09-30": "0.07840", "2014-06-30": "0.08070", "2014-03-31": "0.09020", "2013-12-31": "0.09470", "2013-09-30": "0.06930", "2013-06-30": "0.07080", "2013-03-31": "0.06890", "2012-12-31": "0.07920", "2012-09-30": "0.08210", "2012-06-30": "0.09450", "2012-03-31": "0.00570", "2011-12-31": "0.00860", "2011-09-30": "0.01140", "2011-06-30": "0.01280", "2011-03-31": "0.01990", "2010-12-31": "0.04430", "2010-09-30": "0.08130", "2010-06-30": "", "2010-03-31": "", "2009-12-31": "", "2009-09-30": "", "2009-06-30": "", "2009-03-31": "", "2008-12-31": "", "2008-09-30": "", "2008-06-30": "", "2007-12-31": ""}, "Debt/Equity Ratio": {"2020-09-30": "5.10920", "2020-06-30": "6.75290", "2020-03-31": "6.82710", "2019-12-31": "8.09850", "2019-09-30": "8.89770", "2019-06-30": "8.36850", "2019-03-31": "8.28530", "2018-12-31": "7.67980", "2018-09-30": "6.86480", "2018-06-30": "5.43660", "2018-03-31": "5.91560", "2017-12-31": "5.78950", "2017-09-30": "5.22660", "2017-06-30": "5.10470", "2017-03-31": "5.46870", "2016-12-31": "5.65670", "2016-09-30": "5.31410", "2016-06-30": "6.10630", "2016-03-31": "6.59620", "2015-12-31": "5.90100", "2015-09-30": "5.61300", "2015-06-30": "5.92980", "2015-03-31": "6.43320", "2014-12-31": "5.50990", "2014-09-30": "4.98380", "2014-06-30": "5.21700", "2014-03-31": "5.78850", "2013-12-31": "7.45830", "2013-09-30": "8.52040", "2013-06-30": "7.27410", "2013-03-31": "5.87000", "2012-12-31": "7.03740", "2012-09-30": "7.25840", "2012-06-30": "7.85290", "2012-03-31": "8.10890", "2011-12-31": "7.82160", "2011-09-30": "8.03420", "2011-06-30": "7.08810", "2011-03-31": "6.62420", "2010-12-31": "7.52620", "2010-09-30": "8.94160", "2010-06-30": "8.46830", "2010-03-31": "7.63280", "2009-12-31": "7.05830", "2009-09-30": "6.90640", "2009-06-30": "7.56710", "2009-03-31": "6.48500", "2008-12-31": "", "2008-09-30": "5.37400", "2008-06-30": "8.27930", "2007-12-31": ""}, "Gross Margin": {"2020-09-30": "", "2020-06-30": "", "2020-03-31": "", "2019-12-31": "", "2019-09-30": "", "2019-06-30": "", "2019-03-31": "", "2018-12-31": "", "2018-09-30": "", "2018-06-30": "", "2018-03-31": "", "2017-12-31": "", "2017-09-30": "", "2017-06-30": "", "2017-03-31": "", "2016-12-31": "", "2016-09-30": "", "2016-06-30": "", "2016-03-31": "", "2015-12-31": "", "2015-09-30": "", "2015-06-30": "", "2015-03-31": "", "2014-12-31": "", "2014-09-30": "", "2014-06-30": "", "2014-03-31": "", "2013-12-31": "", "2013-09-30": "", "2013-06-30": "", "2013-03-31": "", "2012-12-31": "", "2012-09-30": "", "2012-06-30": "", "2012-03-31": "", "2011-12-31": "", "2011-09-30": "", "2011-06-30": "", "2011-03-31": "", "2010-12-31": "", "2010-09-30": "", "2010-06-30": "", "2010-03-31": "", "2009-12-31": "", "2009-09-30": "", "2009-06-30": "", "2009-03-31": "", "2008-12-31": "", "2008-09-30": "", "2008-06-30": "", "2007-12-31": ""}, "Operating Margin": {"2020-09-30": "181.86810", "2020-06-30": "167.36600", "2020-03-31": "-493.07540", "2019-12-31": "113.41150", "2019-09-30": "-0.59170", "2019-06-30": "-64.06930", "2019-03-31": "37.58870", "2018-12-31": "-133.11260", "2018-09-30": "43.20000", "2018-06-30": "70.77300", "2018-03-31": "98.37590", "2017-12-31": "99.74090", "2017-09-30": "89.93710", "2017-06-30": "8.19110", "2017-03-31": "25.67570", "2016-12-31": "259.28750", "2016-09-30": "162.22220", "2016-06-30": "-42.45280", "2016-03-31": "-261.69490", "2015-12-31": "-140.90910", "2015-09-30": "62.37290", "2015-06-30": "71.73910", "2015-03-31": "68.14620", "2014-12-31": "-295.16620", "2014-09-30": "65.54620", "2014-06-30": "65.97400", "2014-03-31": "64.16040", "2013-12-31": "70.90240", "2013-09-30": "66.48750", "2013-06-30": "67.52290", "2013-03-31": "66.72760", "2012-12-31": "67.25040", "2012-09-30": "65.57690", "2012-06-30": "69.04760", "2012-03-31": "73.93000", "2011-12-31": "67.61360", "2011-09-30": "64.22020", "2011-06-30": "69.43400", "2011-03-31": "71.51520", "2010-12-31": "69.62200", "2010-09-30": "61.83710", "2010-06-30": "57.60150", "2010-03-31": "51.09160", "2009-12-31": "56.40120", "2009-09-30": "56.72550", "2009-06-30": "61.88070", "2009-03-31": "53.02220", "2008-12-31": "", "2008-09-30": "52.44920", "2008-06-30": "50.89680", "2007-12-31": ""}, "EBIT Margin": {"2020-09-30": "181.86810", "2020-06-30": "167.36600", "2020-03-31": "-493.07540", "2019-12-31": "113.41150", "2019-09-30": "-0.59170", "2019-06-30": "-64.06930", "2019-03-31": "37.58870", "2018-12-31": "-133.11260", "2018-09-30": "43.20000", "2018-06-30": "70.77300", "2018-03-31": "98.37590", "2017-12-31": "99.74090", "2017-09-30": "89.93710", "2017-06-30": "8.19110", "2017-03-31": "25.67570", "2016-12-31": "259.28750", "2016-09-30": "162.22220", "2016-06-30": "-42.45280", "2016-03-31": "-261.69490", "2015-12-31": "-140.90910", "2015-09-30": "62.37290", "2015-06-30": "71.73910", "2015-03-31": "68.14620", "2014-12-31": "-295.16620", "2014-09-30": "65.54620", "2014-06-30": "65.97400", "2014-03-31": "64.16040", "2013-12-31": "70.90240", "2013-09-30": "66.48750", "2013-06-30": "67.52290", "2013-03-31": "66.72760", "2012-12-31": "67.25040", "2012-09-30": "65.57690", "2012-06-30": "69.04760", "2012-03-31": "73.93000", "2011-12-31": "67.61360", "2011-09-30": "64.22020", "2011-06-30": "69.43400", "2011-03-31": "71.51520", "2010-12-31": "69.62200", "2010-09-30": "61.83710", "2010-06-30": "57.60150", "2010-03-31": "51.09160", "2009-12-31": "56.40120", "2009-09-30": "56.72550", "2009-06-30": "61.88070", "2009-03-31": "53.02220", "2008-12-31": "", "2008-09-30": "52.44920", "2008-06-30": "50.89680", "2007-12-31": ""}, "EBITDA Margin": {"2020-09-30": "", "2020-06-30": "", "2020-03-31": "", "2019-12-31": "", "2019-09-30": "", "2019-06-30": "", "2019-03-31": "", "2018-12-31": "", "2018-09-30": "", "2018-06-30": "", "2018-03-31": "", "2017-12-31": "", "2017-09-30": "", "2017-06-30": "", "2017-03-31": "", "2016-12-31": "", "2016-09-30": "", "2016-06-30": "", "2016-03-31": "", "2015-12-31": "", "2015-09-30": "", "2015-06-30": "", "2015-03-31": "", "2014-12-31": "", "2014-09-30": "", "2014-06-30": "", "2014-03-31": "", "2013-12-31": "", "2013-09-30": "", "2013-06-30": "", "2013-03-31": "", "2012-12-31": "", "2012-09-30": "", "2012-06-30": "", "2012-03-31": "", "2011-12-31": "", "2011-09-30": "", "2011-06-30": "", "2011-03-31": "", "2010-12-31": "", "2010-09-30": "", "2010-06-30": "", "2010-03-31": "", "2009-12-31": "", "2009-09-30": "", "2009-06-30": "", "2009-03-31": "", "2008-12-31": "", "2008-09-30": "", "2008-06-30": "", "2007-12-31": ""}, "Pre-Tax Profit Margin": {"2020-09-30": "181.86810", "2020-06-30": "167.36600", "2020-03-31": "-493.07540", "2019-12-31": "113.41150", "2019-09-30": "-0.59170", "2019-06-30": "-64.06930", "2019-03-31": "37.58870", "2018-12-31": "-133.11260", "2018-09-30": "43.20000", "2018-06-30": "70.77300", "2018-03-31": "98.37590", "2017-12-31": "99.74090", "2017-09-30": "89.93710", "2017-06-30": "8.19110", "2017-03-31": "25.67570", "2016-12-31": "259.28750", "2016-09-30": "162.22220", "2016-06-30": "-42.45280", "2016-03-31": "-261.69490", "2015-12-31": "157.21930", "2015-09-30": "-214.57630", "2015-06-30": "123.67150", "2015-03-31": "-65.79640", "2014-12-31": "-96.97890", "2014-09-30": "55.18210", "2014-06-30": "8.31170", "2014-03-31": "-35.33830", "2013-12-31": "-17.86370", "2013-09-30": "-125.62720", "2013-06-30": "335.59630", "2013-03-31": "44.05850", "2012-12-31": "144.65850", "2012-09-30": "17.50000", "2012-06-30": "-52.38100", "2012-03-31": "125.09730", "2011-12-31": "60.51140", "2011-09-30": "76.75840", "2011-06-30": "67.16980", "2011-03-31": "81.21210", "2010-12-31": "136.33160", "2010-09-30": "96.29070", "2010-06-30": "72.85770", "2010-03-31": "136.99510", "2009-12-31": "99.86860", "2009-09-30": "95.25510", "2009-06-30": "95.82200", "2009-03-31": "72.97660", "2008-12-31": "", "2008-09-30": "67.33280", "2008-06-30": "55.41110", "2007-12-31": ""}, "Net Profit Margin": {"2020-09-30": "175.00000", "2020-06-30": "161.53850", "2020-03-31": "-497.35240", "2019-12-31": "110.28650", "2019-09-30": "-2.51480", "2019-06-30": "-65.94520", "2019-03-31": "36.17020", "2018-12-31": "-134.60270", "2018-09-30": "41.40000", "2018-06-30": "68.59900", "2018-03-31": "96.28770", "2017-12-31": "97.40930", "2017-09-30": "85.22010", "2017-06-30": "5.80200", "2017-03-31": "23.31080", "2016-12-31": "257.50640", "2016-09-30": "160.00000", "2016-06-30": "-44.65410", "2016-03-31": "-264.06780", "2015-12-31": "155.34760", "2015-09-30": "-216.94920", "2015-06-30": "121.98070", "2015-03-31": "-67.62400", "2014-12-31": "-99.39580", "2014-09-30": "53.22130", "2014-06-30": "7.01300", "2014-03-31": "-36.09020", "2013-12-31": "-19.33700", "2013-09-30": "-126.16490", "2013-06-30": "335.04590", "2013-03-31": "41.68190", "2012-12-31": "141.33100", "2012-09-30": "15.96150", "2012-06-30": "-52.38100", "2012-03-31": "124.70820", "2011-12-31": "59.09090", "2011-09-30": "76.45260", "2011-06-30": "67.16980", "2011-03-31": "81.21210", "2010-12-31": "136.57910", "2010-09-30": "95.89140", "2010-06-30": "72.85770", "2010-03-31": "136.99510", "2009-12-31": "99.05320", "2009-09-30": "95.25510", "2009-06-30": "95.82200", "2009-03-31": "72.97660", "2008-12-31": "", "2008-09-30": "67.33280", "2008-06-30": "55.41110", "2007-12-31": ""}, "Asset Turnover": {"2020-09-30": "0.00460", "2020-06-30": "0.00480", "2020-03-31": "0.00580", "2019-12-31": "0.00680", "2019-09-30": "0.00620", "2019-06-30": "0.00650", "2019-03-31": "0.00590", "2018-12-31": "0.00550", "2018-09-30": "0.00540", "2018-06-30": "0.00570", "2018-03-31": "0.00620", "2017-12-31": "0.00550", "2017-09-30": "0.00490", "2017-06-30": "0.00520", "2017-03-31": "0.00520", "2016-12-31": "0.00690", "2016-09-30": "0.00560", "2016-06-30": "0.00530", "2016-03-31": "0.00470", "2015-12-31": "0.00660", "2015-09-30": "0.00490", "2015-06-30": "0.00660", "2015-03-31": "0.00520", "2014-12-31": "0.00490", "2014-09-30": "0.00570", "2014-06-30": "0.00580", "2014-03-31": "0.00590", "2013-12-31": "0.00710", "2013-09-30": "0.00570", "2013-06-30": "0.00550", "2013-03-31": "0.00590", "2012-12-31": "0.00570", "2012-09-30": "0.00510", "2012-06-30": "0.00590", "2012-03-31": "0.00580", "2011-12-31": "0.00610", "2011-09-30": "0.00700", "2011-06-30": "0.00610", "2011-03-31": "0.00570", "2010-12-31": "0.00700", "2010-09-30": "0.00600", "2010-06-30": "0.00650", "2010-03-31": "0.00670", "2009-12-31": "0.00890", "2009-09-30": "0.00890", "2009-06-30": "0.01130", "2009-03-31": "0.00940", "2008-12-31": "", "2008-09-30": "0.01630", "2008-06-30": "0.00410", "2007-12-31": ""}, "Inventory Turnover Ratio": {"2020-09-30": "", "2020-06-30": "", "2020-03-31": "", "2019-12-31": "", "2019-09-30": "", "2019-06-30": "", "2019-03-31": "", "2018-12-31": "", "2018-09-30": "", "2018-06-30": "", "2018-03-31": "", "2017-12-31": "", "2017-09-30": "", "2017-06-30": "", "2017-03-31": "", "2016-12-31": "", "2016-09-30": "", "2016-06-30": "", "2016-03-31": "", "2015-12-31": "", "2015-09-30": "", "2015-06-30": "", "2015-03-31": "", "2014-12-31": "", "2014-09-30": "", "2014-06-30": "", "2014-03-31": "", "2013-12-31": "", "2013-09-30": "", "2013-06-30": "", "2013-03-31": "", "2012-12-31": "", "2012-09-30": "", "2012-06-30": "", "2012-03-31": "", "2011-12-31": "", "2011-09-30": "", "2011-06-30": "", "2011-03-31": "", "2010-12-31": "", "2010-09-30": "", "2010-06-30": "", "2010-03-31": "", "2009-12-31": "", "2009-09-30": "", "2009-06-30": "", "2009-03-31": "", "2008-12-31": "", "2008-09-30": "", "2008-06-30": "", "2007-12-31": ""}, "Receiveable Turnover": {"2020-09-30": "", "2020-06-30": "", "2020-03-31": "", "2019-12-31": "", "2019-09-30": "", "2019-06-30": "", "2019-03-31": "", "2018-12-31": "", "2018-09-30": "", "2018-06-30": "", "2018-03-31": "", "2017-12-31": "", "2017-09-30": "", "2017-06-30": "", "2017-03-31": "", "2016-12-31": "", "2016-09-30": "", "2016-06-30": "", "2016-03-31": "", "2015-12-31": "", "2015-09-30": "", "2015-06-30": "", "2015-03-31": "", "2014-12-31": "", "2014-09-30": "", "2014-06-30": "", "2014-03-31": "", "2013-12-31": "", "2013-09-30": "", "2013-06-30": "", "2013-03-31": "", "2012-12-31": "", "2012-09-30": "", "2012-06-30": "", "2012-03-31": "", "2011-12-31": "", "2011-09-30": "", "2011-06-30": "", "2011-03-31": "", "2010-12-31": "", "2010-09-30": "", "2010-06-30": "", "2010-03-31": "", "2009-12-31": "", "2009-09-30": "", "2009-06-30": "", "2009-03-31": "", "2008-12-31": "", "2008-09-30": "", "2008-06-30": "", "2007-12-31": ""}, "Days Sales In Receivables": {"2020-09-30": "", "2020-06-30": "", "2020-03-31": "", "2019-12-31": "", "2019-09-30": "", "2019-06-30": "", "2019-03-31": "", "2018-12-31": "", "2018-09-30": "", "2018-06-30": "", "2018-03-31": "", "2017-12-31": "", "2017-09-30": "", "2017-06-30": "", "2017-03-31": "", "2016-12-31": "", "2016-09-30": "", "2016-06-30": "", "2016-03-31": "", "2015-12-31": "", "2015-09-30": "", "2015-06-30": "", "2015-03-31": "", "2014-12-31": "", "2014-09-30": "", "2014-06-30": "", "2014-03-31": "", "2013-12-31": "", "2013-09-30": "", "2013-06-30": "", "2013-03-31": "", "2012-12-31": "", "2012-09-30": "", "2012-06-30": "", "2012-03-31": "", "2011-12-31": "", "2011-09-30": "", "2011-06-30": "", "2011-03-31": "", "2010-12-31": "", "2010-09-30": "", "2010-06-30": "", "2010-03-31": "", "2009-12-31": "", "2009-09-30": "", "2009-06-30": "", "2009-03-31": "", "2008-12-31": "", "2008-09-30": "", "2008-06-30": "", "2007-12-31": ""}, "ROE - Return On Equity": {"2020-09-30": "7.17150", "2020-06-30": "8.10290", "2020-03-31": "-29.13710", "2019-12-31": "8.61610", "2019-09-30": "-0.04210", "2019-06-30": "-4.60820", "2019-03-31": "2.70680", "2018-12-31": "-8.53320", "2018-09-30": "2.36250", "2018-06-30": "3.42370", "2018-03-31": "5.39850", "2017-12-31": "4.65540", "2017-09-30": "3.44290", "2017-06-30": "0.32390", "2017-03-31": "1.09260", "2016-12-31": "14.51570", "2016-09-30": "6.72810", "2016-06-30": "-1.83270", "2016-03-31": "-10.54070", "2015-12-31": "7.70140", "2015-09-30": "-7.93230", "2015-06-30": "6.10830", "2015-03-31": "-2.79380", "2014-12-31": "-3.53060", "2014-09-30": "2.18380", "2014-06-30": "0.34500", "2014-03-31": "-1.63060", "2013-12-31": "-1.17230", "2013-09-30": "-7.21340", "2013-06-30": "18.08560", "2013-03-31": "2.01310", "2012-12-31": "7.55900", "2012-09-30": "0.77440", "2012-06-30": "-2.91000", "2012-03-31": "7.35260", "2011-12-31": "3.34840", "2011-09-30": "5.06050", "2011-06-30": "3.72650", "2011-03-31": "4.00660", "2010-12-31": "8.77600", "2010-09-30": "6.57450", "2010-06-30": "4.65130", "2010-03-31": "8.66880", "2009-12-31": "7.44250", "2009-09-30": "7.27240", "2009-06-30": "9.75010", "2009-03-31": "5.64470", "2008-12-31": "", "2008-09-30": "7.05620", "2008-06-30": "2.09980", "2007-12-31": ""}, "Return On Tangible Equity": {"2020-09-30": "6.49400", "2020-06-30": "7.30860", "2020-03-31": "-26.11090", "2019-12-31": "8.28340", "2019-09-30": "-0.04130", "2019-06-30": "-4.52140", "2019-03-31": "2.65660", "2018-12-31": "-8.57140", "2018-09-30": "2.37340", "2018-06-30": "3.45030", "2018-03-31": "5.44430", "2017-12-31": "4.69340", "2017-09-30": "3.47130", "2017-06-30": "0.33370", "2017-03-31": "1.12790", "2016-12-31": "14.98090", "2016-09-30": "6.92790", "2016-06-30": "-1.75280", "2016-03-31": "-10.07830", "2015-12-31": "7.37670", "2015-09-30": "-7.61180", "2015-06-30": "5.87290", "2015-03-31": "-2.69350", "2014-12-31": "-3.40480", "2014-09-30": "2.10540", "2014-06-30": "0.33300", "2014-03-31": "-1.59970", "2013-12-31": "-1.14980", "2013-09-30": "-7.09160", "2013-06-30": "17.79180", "2013-03-31": "1.98420", "2012-12-31": "7.44310", "2012-09-30": "0.76290", "2012-06-30": "-2.85680", "2012-03-31": "7.35260", "2011-12-31": "3.34840", "2011-09-30": "5.06050", "2011-06-30": "3.72650", "2011-03-31": "4.00660", "2010-12-31": "8.77600", "2010-09-30": "6.57450", "2010-06-30": "4.65130", "2010-03-31": "8.66880", "2009-12-31": "7.44250", "2009-09-30": "7.27240", "2009-06-30": "9.75010", "2009-03-31": "5.64470", "2008-12-31": "", "2008-09-30": "7.05620", "2008-06-30": "2.09980", "2007-12-31": ""}, "ROA - Return On Assets": {"2020-09-30": "0.82780", "2020-06-30": "0.79910", "2020-03-31": "-2.84370", "2019-12-31": "0.77020", "2019-09-30": "-0.00360", "2019-06-30": "-0.41660", "2019-03-31": "0.22310", "2018-12-31": "-0.73600", "2018-09-30": "0.23470", "2018-06-30": "0.40060", "2018-03-31": "0.61250", "2017-12-31": "0.54710", "2017-09-30": "0.43670", "2017-06-30": "0.04230", "2017-03-31": "0.13370", "2016-12-31": "1.79150", "2016-09-30": "0.91430", "2016-06-30": "-0.22320", "2016-03-31": "-1.23730", "2015-12-31": "1.03120", "2015-09-30": "-1.04440", "2015-06-30": "0.81420", "2015-03-31": "-0.34470", "2014-12-31": "-0.47370", "2014-09-30": "0.31600", "2014-06-30": "0.04790", "2014-03-31": "-0.20950", "2013-12-31": "-0.13110", "2013-09-30": "-0.72070", "2013-06-30": "1.85380", "2013-03-31": "0.24740", "2012-12-31": "0.80730", "2012-09-30": "0.08420", "2012-06-30": "-0.30780", "2012-03-31": "0.72500", "2011-12-31": "0.35880", "2011-09-30": "0.53150", "2011-06-30": "0.40790", "2011-03-31": "0.45960", "2010-12-31": "0.95310", "2010-09-30": "0.57950", "2010-06-30": "0.47530", "2010-03-31": "0.92110", "2009-12-31": "0.87980", "2009-09-30": "0.84880", "2009-06-30": "1.08300", "2009-03-31": "0.68380", "2008-12-31": "", "2008-09-30": "1.09540", "2008-06-30": "0.22540", "2007-12-31": ""}, "ROI - Return On Investment": {"2020-09-30": "6.06670", "2020-06-30": "6.80310", "2020-03-31": "-24.18100", "2019-12-31": "7.72920", "2019-09-30": "-0.03830", "2019-06-30": "-4.18990", "2019-03-31": "2.46120", "2018-12-31": "-7.89710", "2018-09-30": "2.17790", "2018-06-30": "3.13200", "2018-03-31": "4.88820", "2017-12-31": "4.22570", "2017-09-30": "3.11850", "2017-06-30": "0.29450", "2017-03-31": "0.98370", "2016-12-31": "9.38910", "2016-09-30": "4.45820", "2016-06-30": "-1.19820", "2016-03-31": "-6.85670", "2015-12-31": "4.77310", "2015-09-30": "-5.08680", "2015-06-30": "5.45140", "2015-03-31": "-2.49980", "2014-12-31": "-3.15050", "2014-09-30": "1.94030", "2014-06-30": "0.30610", "2014-03-31": "-1.45540", "2013-12-31": "-1.04090", "2013-09-30": "-6.60010", "2013-06-30": "16.53260", "2013-03-31": "1.84740", "2012-12-31": "6.85370", "2012-09-30": "0.70030", "2012-06-30": "-2.58670", "2012-03-31": "7.31070", "2011-12-31": "3.31950", "2011-09-30": "5.00290", "2011-06-30": "3.67890", "2011-03-31": "3.92690", "2010-12-31": "8.38690", "2010-09-30": "6.03980", "2010-06-30": "4.65130", "2010-03-31": "8.66880", "2009-12-31": "7.44250", "2009-09-30": "7.27240", "2009-06-30": "9.75010", "2009-03-31": "5.64470", "2008-12-31": "", "2008-09-30": "7.05620", "2008-06-30": "2.09980", "2007-12-31": ""}, "Book Value Per Share": {"2020-09-30": "19.66250", "2020-06-30": "18.63190", "2020-03-31": "17.25910", "2019-12-31": "20.41230", "2019-09-30": "18.88150", "2019-06-30": "18.88650", "2019-03-31": "19.58050", "2018-12-31": "18.47100", "2018-09-30": "20.14860", "2018-06-30": "20.82930", "2018-03-31": "21.30850", "2017-12-31": "22.37160", "2017-09-30": "22.46610", "2017-06-30": "21.78010", "2017-03-31": "22.03020", "2016-12-31": "22.22360", "2016-09-30": "23.96070", "2016-06-30": "23.26890", "2016-03-31": "23.14200", "2015-12-31": "23.61780", "2015-09-30": "24.00000", "2015-06-30": "24.99430", "2015-03-31": "26.51930", "2014-12-31": "26.72340", "2014-09-30": "26.52210", "2014-06-30": "27.24210", "2014-03-31": "24.98300", "2013-12-31": "24.41610", "2013-09-30": "25.72210", "2013-06-30": "25.94650", "2013-03-31": "29.36190", "2012-12-31": "32.15110", "2012-09-30": "33.00060", "2012-06-30": "29.97380", "2012-03-31": "29.06000", "2011-12-31": "27.70740", "2011-09-30": "26.90480", "2011-06-30": "26.75860", "2011-03-31": "25.96080", "2010-12-31": "24.23930", "2010-09-30": "23.43120", "2010-06-30": "23.54220", "2010-03-31": "22.91180", "2009-12-31": "22.48260", "2009-09-30": "22.22990", "2009-06-30": "20.75600", "2009-03-31": "19.25770", "2008-12-31": "", "2008-09-30": "17.85150", "2008-06-30": "17.45300", "2007-12-31": ""}, "Operating Cash Flow Per Share": {"2020-09-30": 1.0284, "2020-06-30": 0.7505, "2020-03-31": "0.63320", "2019-12-31": 0.7026, "2019-09-30": 0.4282, "2019-06-30": 0.4363, "2019-03-31": "0.61240", "2018-12-31": 0.7061, "2018-09-30": 0.8036, "2018-06-30": 0.2762, "2018-03-31": "0.73560", "2017-12-31": 0.9504, "2017-09-30": 0.6027, "2017-06-30": 0.7817, "2017-03-31": "1.17790", "2016-12-31": 0.9647, "2016-09-30": 1.0302, "2016-06-30": 0.9961, "2016-03-31": "1.08250", "2015-12-31": 1.0199, "2015-09-30": 0.6028, "2015-06-30": 1.2832, "2015-03-31": "1.19050", "2014-12-31": 0.9232, "2014-09-30": 1.0261, "2014-06-30": 1.2663, "2014-03-31": "1.37540", "2013-12-31": 2.7979, "2013-09-30": 1.2463, "2013-06-30": 1.0988, "2013-03-31": "1.45420", "2012-12-31": 2.5803, "2012-09-30": 1.4491, "2012-06-30": 1.6462, "2012-03-31": "1.96180", "2011-12-31": 3.2775, "2011-09-30": 0.9207, "2011-06-30": 1.3594, "2011-03-31": "1.42220", "2010-12-31": 2.4341, "2010-09-30": 1.413, "2010-06-30": 1.0847, "2010-03-31": "1.45180", "2009-12-31": 1.8687, "2009-09-30": 1.3464, "2009-06-30": 1.4051, "2009-03-31": "0.70510", "2008-12-31": -1.1651, "2008-09-30": 1.1266, "2008-06-30": 0.0385, "2007-12-31": 0}, "Free Cash Flow Per Share": {"2020-09-30": 1.0284, "2020-06-30": 0.7505, "2020-03-31": "0.63320", "2019-12-31": 0.7026, "2019-09-30": 0.4282, "2019-06-30": 0.4363, "2019-03-31": "0.61240", "2018-12-31": 0.7061, "2018-09-30": 0.8036, "2018-06-30": 0.2762, "2018-03-31": "0.73560", "2017-12-31": 0.9504, "2017-09-30": 0.6027, "2017-06-30": 0.7817, "2017-03-31": "1.17790", "2016-12-31": 0.9647, "2016-09-30": 1.0302, "2016-06-30": 0.9961, "2016-03-31": "1.08250", "2015-12-31": 1.0199, "2015-09-30": 0.6028, "2015-06-30": 1.2832, "2015-03-31": "1.19050", "2014-12-31": 0.9232, "2014-09-30": 1.0261, "2014-06-30": 1.2663, "2014-03-31": "1.37540", "2013-12-31": 2.7979, "2013-09-30": 1.2463, "2013-06-30": 1.0988, "2013-03-31": "1.45420", "2012-12-31": 2.5803, "2012-09-30": 1.4491, "2012-06-30": 1.6462, "2012-03-31": "1.96180", "2011-12-31": 3.2775, "2011-09-30": 0.9207, "2011-06-30": 1.3594, "2011-03-31": "1.42220", "2010-12-31": 2.4341, "2010-09-30": 1.413, "2010-06-30": 1.0847, "2010-03-31": "1.45180", "2009-12-31": 1.8687, "2009-09-30": 1.3464, "2009-06-30": 1.4051, "2009-03-31": "0.70510", "2008-12-31": -1.1651, "2008-09-30": 1.1266, "2008-06-30": 0.0385, "2007-12-31": 0}}, "revenue": {"AGNC Investment Annual Revenue (Millions of US $)": {"2019": "$2,842", "2018": "$1,949", "2017": "$1,293", "2016": "$1,321", "2015": "$1,466", "2014": "$1,472", "2013": "$2,193", "2012": "$2,109", "2011": "$1,109", "2010": "$253", "2009": "$128", "2008": "$55"}, "AGNC Investment Quarterly Revenue (Millions of US $)": {"2020-09-30": "$364", "2020-06-30": "$429", "2020-03-31": "$491", "2019-12-31": "$768", "2019-09-30": "$676", "2019-06-30": "$693", "2019-03-31": "$705", "2018-12-31": "$604", "2018-09-30": "$500", "2018-06-30": "$414", "2018-03-31": "$431", "2017-12-31": "$386", "2017-09-30": "$318", "2017-06-30": "$293", "2017-03-31": "$296", "2016-12-31": "$393", "2016-09-30": "$315", "2016-06-30": "$318", "2016-03-31": "$295", "2015-12-31": "$374", "2015-09-30": "$295", "2015-06-30": "$414", "2015-03-31": "$383", "2014-12-31": "$331", "2014-09-30": "$357", "2014-06-30": "$385", "2014-03-31": "$399", "2013-12-31": "$543", "2013-09-30": "$558", "2013-06-30": "$545", "2013-03-31": "$547", "2012-12-31": "$571", "2012-09-30": "$520", "2012-06-30": "$504", "2012-03-31": "$514", "2011-12-31": "$352", "2011-09-30": "$327", "2011-06-30": "$265", "2011-03-31": "$165", "2010-12-31": "$101", "2010-09-30": "$63", "2010-06-30": "$51", "2010-03-31": "$39", "2009-12-31": "$41", "2009-09-30": "$33", "2009-06-30": "$32", "2009-03-31": "$22", "2008-12-31": "", "2008-09-30": "$28", "2008-06-30": "$10", "2007-12-31": ""}}, "gross-profit": {"AGNC Investment Annual Gross Profit (Millions of US $)": {"2019": "$693", "2018": "$776", "2017": "$769", "2016": "$927", "2015": "$1,136", "2014": "$1,100", "2013": "$1,657", "2012": "$1,597", "2011": "$824", "2010": "$177", "2009": "$84", "2008": "$30"}, "AGNC Investment Quarterly Gross Profit (Millions of US $)": {"2020-09-30": "$302", "2020-06-30": "$295", "2020-03-31": "$65", "2019-12-31": "$287", "2019-09-30": "$119", "2019-06-30": "$123", "2019-03-31": "$164", "2018-12-31": "$186", "2018-09-30": "$188", "2018-06-30": "$177", "2018-03-31": "$225", "2017-12-31": "$212", "2017-09-30": "$178", "2017-06-30": "$181", "2017-03-31": "$198", "2016-12-31": "$295", "2016-09-30": "$219", "2016-06-30": "$217", "2016-03-31": "$196", "2015-12-31": "$288", "2015-09-30": "$218", "2015-06-30": "$333", "2015-03-31": "$297", "2014-12-31": "$250", "2014-09-30": "$269", "2014-06-30": "$290", "2014-03-31": "$291", "2013-12-31": "$423", "2013-09-30": "$413", "2013-06-30": "$414", "2013-03-31": "$407", "2012-12-31": "$424", "2012-09-30": "$381", "2012-06-30": "$384", "2012-03-31": "$408", "2011-12-31": "$262", "2011-09-30": "$232", "2011-06-30": "$201", "2011-03-31": "$129", "2010-12-31": "$76", "2010-09-30": "$44", "2010-06-30": "$33", "2010-03-31": "$23", "2009-12-31": "$27", "2009-09-30": "$21", "2009-06-30": "$22", "2009-03-31": "$14", "2008-12-31": "", "2008-09-30": "$17", "2008-06-30": "$6", "2007-12-31": ""}}, "operating-income": {"AGNC Investment Annual Operating Income (Millions of US $)": {"2019": "$688", "2018": "$129", "2017": "$771", "2016": "$623", "2015": "$215", "2014": "$-233", "2013": "$1,489", "2012": "$1,453", "2011": "$750", "2010": "$158", "2009": "$73", "2008": "$24"}, "AGNC Investment Quarterly Operating Income (Millions of US $)": {"2020-09-30": "$662", "2020-06-30": "$718", "2020-03-31": "$-2,421", "2019-12-31": "$871", "2019-09-30": "$-4", "2019-06-30": "$-444", "2019-03-31": "$265", "2018-12-31": "$-804", "2018-09-30": "$216", "2018-06-30": "$293", "2018-03-31": "$424", "2017-12-31": "$385", "2017-09-30": "$286", "2017-06-30": "$24", "2017-03-31": "$76", "2016-12-31": "$1,019", "2016-09-30": "$511", "2016-06-30": "$-135", "2016-03-31": "$-772", "2015-12-31": "$-527", "2015-09-30": "$184", "2015-06-30": "$297", "2015-03-31": "$261", "2014-12-31": "$-977", "2014-09-30": "$234", "2014-06-30": "$254", "2014-03-31": "$256", "2013-12-31": "$385", "2013-09-30": "$371", "2013-06-30": "$368", "2013-03-31": "$365", "2012-12-31": "$384", "2012-09-30": "$341", "2012-06-30": "$348", "2012-03-31": "$380", "2011-12-31": "$238", "2011-09-30": "$210", "2011-06-30": "$184", "2011-03-31": "$118", "2010-12-31": "$70", "2010-09-30": "$39", "2010-06-30": "$29", "2010-03-31": "$20", "2009-12-31": "$23", "2009-09-30": "$19", "2009-06-30": "$20", "2009-03-31": "$12", "2008-12-31": "", "2008-09-30": "$15", "2008-06-30": "$5", "2007-12-31": ""}}, "ebitda": {"AGNC Investment Annual EBITDA (Millions of US $)": {"2019": "$1,289", "2018": "$485", "2017": "$1,152", "2016": "$1,064", "2015": "$724", "2014": "$395", "2013": "$2,213", "2012": "$2,330", "2011": "$1,165", "2010": "$257", "2009": "$110", "2008": "$35"}, "AGNC Investment Quarterly EBITDA (Millions of US $)": {"2020-09-30": "$871", "2020-06-30": "$941", "2020-03-31": "$-2,037", "2019-12-31": "$955", "2019-09-30": "$188", "2019-06-30": "$-261", "2019-03-31": "$407", "2018-12-31": "$-697", "2018-09-30": "$321", "2018-06-30": "$367", "2018-03-31": "$494", "2017-12-31": "$481", "2017-09-30": "$384", "2017-06-30": "$121", "2017-03-31": "$166", "2016-12-31": "$1,027", "2016-09-30": "$629", "2016-06-30": "$11", "2016-03-31": "$-603", "2015-12-31": "$-427", "2015-09-30": "$336", "2015-06-30": "$392", "2015-03-31": "$423", "2014-12-31": "$-821", "2014-09-30": "$372", "2014-06-30": "$403", "2014-03-31": "$441", "2013-12-31": "$565", "2013-09-30": "$586", "2013-06-30": "$514", "2013-03-31": "$548", "2012-12-31": "$589", "2012-09-30": "$613", "2012-06-30": "$596", "2012-03-31": "$532", "2011-12-31": "$413", "2011-09-30": "$323", "2011-06-30": "$263", "2011-03-31": "$166", "2010-12-31": "$97", "2010-09-30": "$69", "2010-06-30": "$55", "2010-03-31": "$36", "2009-12-31": "$38", "2009-09-30": "$32", "2009-06-30": "$25", "2009-03-31": "$15", "2008-12-31": "", "2008-09-30": "$17", "2008-06-30": "$5", "2007-12-31": ""}}, "net-income": {"AGNC Investment Annual Net Income (Millions of US $)": {"2019": "$628", "2018": "$93", "2017": "$733", "2016": "$595", "2015": "$187", "2014": "$-256", "2013": "$1,245", "2012": "$1,267", "2011": "$770", "2010": "$288", "2009": "$119", "2008": "$35"}, "AGNC Investment Quarterly Net Income (Millions of US $)": {"2020-09-30": "$637", "2020-06-30": "$693", "2020-03-31": "$-2,442", "2019-12-31": "$847", "2019-09-30": "$-17", "2019-06-30": "$-457", "2019-03-31": "$255", "2018-12-31": "$-813", "2018-09-30": "$207", "2018-06-30": "$284", "2018-03-31": "$415", "2017-12-31": "$376", "2017-09-30": "$271", "2017-06-30": "$17", "2017-03-31": "$69", "2016-12-31": "$1,012", "2016-09-30": "$504", "2016-06-30": "$-142", "2016-03-31": "$-779", "2015-12-31": "$581", "2015-09-30": "$-640", "2015-06-30": "$505", "2015-03-31": "$-259", "2014-12-31": "$-329", "2014-09-30": "$190", "2014-06-30": "$27", "2014-03-31": "$-144", "2013-12-31": "$-105", "2013-09-30": "$-704", "2013-06-30": "$1,826", "2013-03-31": "$228", "2012-12-31": "$807", "2012-09-30": "$83", "2012-06-30": "$-264", "2012-03-31": "$641", "2011-12-31": "$208", "2011-09-30": "$250", "2011-06-30": "$178", "2011-03-31": "$134", "2010-12-31": "$138", "2010-09-30": "$60", "2010-06-30": "$37", "2010-03-31": "$53", "2009-12-31": "$41", "2009-09-30": "$31", "2009-06-30": "$30", "2009-03-31": "$16", "2008-12-31": "", "2008-09-30": "$19", "2008-06-30": "$5", "2007-12-31": ""}}, "eps-earnings-per-share-diluted": {"AGNC Investment Annual EPS": {"2019": "$1.16", "2018": "$0.21", "2017": "$2.04", "2016": "$1.79", "2015": "$0.54", "2014": "$-0.72", "2013": "$3.28", "2012": "$4.17", "2011": "$5.02", "2010": "$7.89", "2009": "$6.78", "2008": "$2.36"}, "AGNC Investment Quarterly EPS": {"2020-09-30": "$1.15", "2020-06-30": "$1.24", "2020-03-31": "$-4.46", "2019-12-31": "$1.57", "2019-09-30": "$-0.03", "2019-06-30": "$-0.85", "2019-03-31": "$0.47", "2018-12-31": "$-2.00", "2018-09-30": "$0.45", "2018-06-30": "$0.70", "2018-03-31": "$1.06", "2017-12-31": "$1.04", "2017-09-30": "$0.74", "2017-06-30": "$0.05", "2017-03-31": "$0.21", "2016-12-31": "$3.03", "2016-09-30": "$1.52", "2016-06-30": "$-0.43", "2016-03-31": "$-2.33", "2015-12-31": "$1.68", "2015-09-30": "$-1.84", "2015-06-30": "$1.43", "2015-03-31": "$-0.73", "2014-12-31": "$-0.93", "2014-09-30": "$0.54", "2014-06-30": "$0.08", "2014-03-31": "$-0.41", "2013-12-31": "$-0.17", "2013-09-30": "$-1.80", "2013-06-30": "$4.61", "2013-03-31": "$0.64", "2012-12-31": "$2.14", "2012-09-30": "$0.25", "2012-06-30": "$-0.88", "2012-03-31": "$2.66", "2011-12-31": "$0.79", "2011-09-30": "$1.39", "2011-06-30": "$1.36", "2011-03-31": "$1.48", "2010-12-31": "$2.84", "2010-09-30": "$1.69", "2010-06-30": "$1.23", "2010-03-31": "$2.13", "2009-12-31": "$1.85", "2009-09-30": "$1.82", "2009-06-30": "$2.02", "2009-03-31": "$1.09", "2008-12-31": "$0.00", "2008-09-30": "$1.26", "2008-06-30": "$0.37", "2007-12-31": "$0.00"}}, "shares-outstanding": {"AGNC Investment Annual Shares Outstanding (Millions of Shares)": {"2019": "541", "2018": "441", "2017": "359", "2016": "332", "2015": "349", "2014": "353", "2013": "379", "2012": "304", "2011": "153", "2010": "37", "2009": "18", "2008": "15"}, "AGNC Investment Quarterly Shares Outstanding (Millions of Shares)": {"2020-09-30": "554", "2020-06-30": "561", "2020-03-31": "548", "2019-12-31": "541", "2019-09-30": "546", "2019-06-30": "538", "2019-03-31": "537", "2018-12-31": "441", "2018-09-30": "463", "2018-06-30": "405", "2018-03-31": "392", "2017-12-31": "359", "2017-09-30": "365", "2017-06-30": "347", "2017-03-31": "331", "2016-12-31": "332", "2016-09-30": "331", "2016-06-30": "331", "2016-03-31": "334", "2015-12-31": "349", "2015-09-30": "348", "2015-06-30": "352", "2015-03-31": "353", "2014-12-31": "353", "2014-09-30": "353", "2014-06-30": "353", "2014-03-31": "355", "2013-12-31": "379", "2013-09-30": "391", "2013-06-30": "396", "2013-03-31": "356", "2012-12-31": "304", "2012-09-30": "333", "2012-06-30": "301", "2012-03-31": "241", "2011-12-31": "153", "2011-09-30": "181", "2011-06-30": "131", "2011-03-31": "90", "2010-12-31": "37", "2010-09-30": "35", "2010-06-30": "30", "2010-03-31": "25", "2009-12-31": "18", "2009-09-30": "17", "2009-06-30": "15", "2009-03-31": "15", "2008-12-31": "", "2008-09-30": "15", "2008-06-30": "15", "2007-12-31": ""}}, "total-assets": {"AGNC Investment Annual Total Assets (Millions of US $)": {"2019": "$113,082", "2018": "$109,241", "2017": "$70,376", "2016": "$56,880", "2015": "$57,021", "2014": "$67,766", "2013": "$76,255", "2012": "$100,453", "2011": "$57,972", "2010": "$14,476", "2009": "$4,626", "2008": "$1,656"}, "AGNC Investment Quarterly Total Assets (Millions of US $)": {"2020-09-30": "$79,968", "2020-06-30": "$89,853", "2020-03-31": "$85,137", "2019-12-31": "$113,082", "2019-09-30": "$109,761", "2019-06-30": "$106,576", "2019-03-31": "$118,807", "2018-12-31": "$109,241", "2018-09-30": "$92,031", "2018-06-30": "$73,138", "2018-03-31": "$69,221", "2017-12-31": "$70,376", "2017-09-30": "$65,490", "2017-06-30": "$56,711", "2017-03-31": "$56,838", "2016-12-31": "$56,880", "2016-09-30": "$55,889", "2016-06-30": "$60,475", "2016-03-31": "$62,396", "2015-12-31": "$57,021", "2015-09-30": "$60,609", "2015-06-30": "$62,885", "2015-03-31": "$73,105", "2014-12-31": "$67,766", "2014-09-30": "$62,348", "2014-06-30": "$66,854", "2014-03-31": "$67,318", "2013-12-31": "$76,255", "2013-09-30": "$97,271", "2013-06-30": "$98,663", "2013-03-31": "$93,369", "2012-12-31": "$100,453", "2012-09-30": "$102,177", "2012-06-30": "$84,782", "2012-03-31": "$88,417", "2011-12-31": "$57,972", "2011-09-30": "$47,039", "2011-06-30": "$43,637", "2011-03-31": "$29,155", "2010-12-31": "$14,476", "2010-09-30": "$10,359", "2010-06-30": "$7,755", "2010-03-31": "$5,770", "2009-12-31": "$4,626", "2009-09-30": "$3,680", "2009-06-30": "$2,804", "2009-03-31": "$2,385", "2008-12-31": "$0", "2008-09-30": "$1,725", "2008-06-30": "$2,440", "2007-12-31": "$2,440"}}, "cash-on-hand": {"AGNC Investment Annual Cash on Hand (Millions of US $)": {"2019": "$1,282", "2018": "$1,520", "2017": "$1,363", "2016": "$1,282", "2015": "$2,391", "2014": "$2,433", "2013": "$2,244", "2012": "$2,829", "2011": "$1,703", "2010": "$249", "2009": "$222", "2008": "$75"}, "AGNC Investment Quarterly Cash on Hand (Millions of US $)": {"2020-09-30": "$2,414", "2020-06-30": "$2,165", "2020-03-31": "$3,267", "2019-12-31": "$1,282", "2019-09-30": "$1,640", "2019-06-30": "$1,659", "2019-03-31": "$1,446", "2018-12-31": "$1,520", "2018-09-30": "$1,527", "2018-06-30": "$1,310", "2018-03-31": "$1,358", "2017-12-31": "$1,363", "2017-09-30": "$1,392", "2017-06-30": "$1,383", "2017-03-31": "$1,292", "2016-12-31": "$1,282", "2016-09-30": "$1,935", "2016-06-30": "$2,530", "2016-03-31": "$2,795", "2015-12-31": "$2,391", "2015-09-30": "$2,918", "2015-06-30": "$2,288", "2015-03-31": "$2,816", "2014-12-31": "$2,433", "2014-09-30": "$2,502", "2014-06-30": "$2,530", "2014-03-31": "$1,995", "2013-12-31": "$2,244", "2013-09-30": "$2,206", "2013-06-30": "$4,139", "2013-03-31": "$3,325", "2012-12-31": "$2,829", "2012-09-30": "$2,938", "2012-06-30": "$2,401", "2012-03-31": "$2,077", "2011-12-31": "$1,703", "2011-09-30": "$1,360", "2011-06-30": "$815", "2011-03-31": "$376", "2010-12-31": "$249", "2010-09-30": "$178", "2010-06-30": "$188", "2010-03-31": "$132", "2009-12-31": "$222", "2009-09-30": "$113", "2009-06-30": "$74", "2009-03-31": "$79", "2008-12-31": "", "2008-09-30": "$36", "2008-06-30": "$24", "2007-12-31": "$24"}}, "long-term-debt": {"AGNC Investment Annual Long Term Debt (Millions of US $)": {"2019": "$228", "2018": "$275", "2017": "$357", "2016": "$3,497", "2015": "$4,348", "2014": "$761", "2013": "$910", "2012": "$937", "2011": "$54", "2010": "$73", "2009": "$", "2008": "$"}, "AGNC Investment Quarterly Long Term Debt (Millions of US $)": {"2020-09-30": "$192", "2020-06-30": "$204", "2020-03-31": "$214", "2019-12-31": "$228", "2019-09-30": "$238", "2019-06-30": "$251", "2019-03-31": "$266", "2018-12-31": "$275", "2018-09-30": "$291", "2018-06-30": "$313", "2018-03-31": "$336", "2017-12-31": "$357", "2017-09-30": "$380", "2017-06-30": "$405", "2017-03-31": "$434", "2016-12-31": "$3,497", "2016-09-30": "$3,531", "2016-06-30": "$3,565", "2016-03-31": "$3,599", "2015-12-31": "$4,348", "2015-09-30": "$4,128", "2015-06-30": "$674", "2015-03-31": "$725", "2014-12-31": "$761", "2014-09-30": "$796", "2014-06-30": "$844", "2014-03-31": "$874", "2013-12-31": "$910", "2013-09-30": "$736", "2013-06-30": "$783", "2013-03-31": "$862", "2012-12-31": "$937", "2012-09-30": "$1,008", "2012-06-30": "$954", "2012-03-31": "$50", "2011-12-31": "$54", "2011-09-30": "$57", "2011-06-30": "$62", "2011-03-31": "$68", "2010-12-31": "$73", "2010-09-30": "$81", "2010-06-30": "", "2010-03-31": "", "2009-12-31": "", "2009-09-30": "", "2009-06-30": "", "2009-03-31": "", "2008-12-31": "", "2008-09-30": "", "2008-06-30": "", "2007-12-31": ""}}, "total-liabilities": {"AGNC Investment Annual Total Liabilities (Millions of US $)": {"2019": "$102,041", "2018": "$99,335", "2017": "$61,622", "2016": "$49,524", "2015": "$49,050", "2014": "$58,338", "2013": "$67,558", "2012": "$89,557", "2011": "$51,760", "2010": "$12,904", "2009": "$4,079", "2008": "$1,398"}, "AGNC Investment Quarterly Total Liabilities (Millions of US $)": {"2020-09-30": "$69,248", "2020-06-30": "$79,503", "2020-03-31": "$75,339", "2019-12-31": "$102,041", "2019-09-30": "$99,548", "2019-06-30": "$96,230", "2019-03-31": "$108,306", "2018-12-31": "$99,335", "2018-09-30": "$82,404", "2018-06-30": "$64,096", "2018-03-31": "$60,883", "2017-12-31": "$61,622", "2017-09-30": "$56,699", "2017-06-30": "$48,966", "2017-03-31": "$49,546", "2016-12-31": "$49,524", "2016-09-30": "$47,958", "2016-06-30": "$52,773", "2016-03-31": "$54,736", "2015-12-31": "$49,050", "2015-09-30": "$52,293", "2015-06-30": "$54,167", "2015-03-31": "$63,749", "2014-12-31": "$58,338", "2014-09-30": "$52,991", "2014-06-30": "$57,243", "2014-03-31": "$58,504", "2013-12-31": "$67,558", "2013-09-30": "$87,386", "2013-06-30": "$88,383", "2013-03-31": "$81,727", "2012-12-31": "$89,557", "2012-09-30": "$90,904", "2012-06-30": "$75,646", "2012-03-31": "$79,699", "2011-12-31": "$51,760", "2011-09-30": "$42,099", "2011-06-30": "$38,860", "2011-03-31": "$25,810", "2010-12-31": "$12,904", "2010-09-30": "$9,446", "2010-06-30": "$6,963", "2010-03-31": "$5,157", "2009-12-31": "$4,079", "2009-09-30": "$3,251", "2009-06-30": "$2,492", "2009-03-31": "$2,096", "2008-12-31": "", "2008-09-30": "$1,458", "2008-06-30": "$2,178", "2007-12-31": "$2,178"}}, "total-share-holder-equity": {"AGNC Investment Annual Share Holder Equity (Millions of US $)": {"2019": "$11,041", "2018": "$9,906", "2017": "$8,754", "2016": "$7,356", "2015": "$7,971", "2014": "$9,428", "2013": "$8,697", "2012": "$10,896", "2011": "$6,212", "2010": "$1,572", "2009": "$547", "2008": "$258"}, "AGNC Investment Quarterly Share Holder Equity (Millions of US $)": {"2020-09-30": "$10,720", "2020-06-30": "$10,350", "2020-03-31": "$9,798", "2019-12-31": "$11,041", "2019-09-30": "$10,213", "2019-06-30": "$10,346", "2019-03-31": "$10,501", "2018-12-31": "$9,906", "2018-09-30": "$9,627", "2018-06-30": "$9,042", "2018-03-31": "$8,338", "2017-12-31": "$8,754", "2017-09-30": "$8,791", "2017-06-30": "$7,745", "2017-03-31": "$7,292", "2016-12-31": "$7,356", "2016-09-30": "$7,931", "2016-06-30": "$7,702", "2016-03-31": "$7,660", "2015-12-31": "$7,971", "2015-09-30": "$8,316", "2015-06-30": "$8,718", "2015-03-31": "$9,356", "2014-12-31": "$9,428", "2014-09-30": "$9,357", "2014-06-30": "$9,611", "2014-03-31": "$8,814", "2013-12-31": "$8,697", "2013-09-30": "$9,885", "2013-06-30": "$10,280", "2013-03-31": "$11,642", "2012-12-31": "$10,896", "2012-09-30": "$11,273", "2012-06-30": "$9,136", "2012-03-31": "$8,718", "2011-12-31": "$6,212", "2011-09-30": "$4,940", "2011-06-30": "$4,777", "2011-03-31": "$3,345", "2010-12-31": "$1,572", "2010-09-30": "$913", "2010-06-30": "$792", "2010-03-31": "$613", "2009-12-31": "$547", "2009-09-30": "$430", "2009-06-30": "$311", "2009-03-31": "$289", "2008-12-31": "", "2008-09-30": "$268", "2008-06-30": "$262", "2007-12-31": "$262"}}, "profit-margins": {"current": "-31.48%"}, "gross margin": {"2020-09-30": "46.25%", "2020-06-30": "32.40%", "2020-03-31": "22.60%", "2019-12-31": "24.38%", "2019-09-30": "22.11%", "2019-06-30": "26.42%", "2019-03-31": "32.16%", "2018-12-31": "39.82%", "2018-09-30": "46.33%", "2018-06-30": "51.13%", "2018-03-31": "55.74%", "2017-12-31": "59.47%", "2017-09-30": "65.54%", "2017-06-30": "68.85%", "2017-03-31": "70.27%", "2016-12-31": "70.17%", "2016-09-30": "70.66%", "2016-06-30": "71.68%", "2016-03-31": "75.11%", "2015-12-31": "77.49%", "2015-09-30": "77.16%", "2015-06-30": "77.37%", "2015-03-31": "75.96%", "2014-12-31": "74.73%", "2014-09-30": "75.59%", "2014-06-30": "75.17%", "2014-03-31": "75.35%", "2013-12-31": "75.56%", "2013-09-30": "74.65%", "2013-06-30": "74.48%", "2013-03-31": "74.51%", "2012-12-31": "75.72%", "2012-09-30": "75.93%", "2012-06-30": "75.78%", "2012-03-31": "75.65%", "2011-12-31": "74.30%", "2011-09-30": "74.36%", "2011-06-30": "75.76%", "2011-03-31": "74.21%", "2010-12-31": "69.29%", "2010-09-30": "65.46%", "2010-06-30": "63.41%", "2010-03-31": "64.14%", "2009-12-31": "65.63%", "2009-06-30": "64.63%", "2009-03-31": "61.67%"}, "operating margin": {"2020-09-30": "-8.28%", "2020-06-30": "-35.36%", "2020-03-31": "-76.03%", "2019-12-31": "24.21%", "2019-09-30": "-36.86%", "2019-06-30": "-30.66%", "2019-03-31": "-1.35%", "2018-12-31": "6.62%", "2018-09-30": "76.14%", "2018-06-30": "89.61%", "2018-03-31": "78.36%", "2017-12-31": "59.63%", "2017-09-30": "108.08%", "2017-06-30": "125.67%", "2017-03-31": "111.27%", "2016-12-31": "47.16%", "2016-09-30": "-70.89%", "2016-06-30": "-97.50%", "2016-03-31": "-59.36%", "2015-12-31": "14.67%", "2015-09-30": "-16.51%", "2015-06-30": "-12.46%", "2015-03-31": "-15.66%", "2014-12-31": "-15.83%", "2014-09-30": "67.04%", "2014-06-30": "67.16%", "2014-03-31": "67.48%", "2013-12-31": "67.90%", "2013-09-30": "67.00%", "2013-06-30": "66.79%", "2013-03-31": "67.13%", "2012-12-31": "68.90%", "2012-09-30": "69.15%", "2012-06-30": "69.30%", "2012-03-31": "69.41%", "2011-12-31": "67.63%", "2011-09-30": "67.83%", "2011-06-30": "69.19%", "2011-03-31": "67.37%", "2010-12-31": "62.20%", "2010-09-30": "57.22%", "2010-06-30": "55.49%", "2010-03-31": "56.55%", "2009-12-31": "57.81%", "2009-06-30": "57.32%", "2009-03-31": "53.33%"}, "ebitda margin": {"2020-09-30": "35.58%", "2020-06-30": "1.99%", "2020-03-31": "-43.95%", "2019-12-31": "45.36%", "2019-09-30": "-13.55%", "2019-06-30": "-9.19%", "2019-03-31": "17.90%", "2018-12-31": "24.88%", "2018-09-30": "96.07%", "2018-06-30": "111.43%", "2018-03-31": "103.64%", "2017-12-31": "89.10%", "2017-09-30": "130.62%", "2017-06-30": "149.81%", "2017-03-31": "138.65%", "2016-12-31": "80.55%", "2016-09-30": "-29.95%", "2016-06-30": "-53.28%", "2016-03-31": "-21.92%", "2015-12-31": "49.39%", "2015-09-30": "23.19%", "2015-06-30": "24.65%", "2015-03-31": "25.89%", "2014-12-31": "26.83%", "2014-09-30": "105.76%", "2014-06-30": "105.84%", "2014-03-31": "102.98%", "2013-12-31": "100.91%", "2013-09-30": "100.72%", "2013-06-30": "103.71%", "2013-03-31": "109.52%", "2012-12-31": "110.48%", "2012-09-30": "113.97%", "2012-06-30": "109.84%", "2012-03-31": "105.01%", "2011-12-31": "105.05%", "2011-09-30": "98.95%", "2011-06-30": "100.17%", "2011-03-31": "101.84%", "2010-12-31": "101.18%", "2010-09-30": "102.06%", "2010-06-30": "98.17%", "2010-03-31": "90.34%", "2009-12-31": "85.94%", "2009-06-30": "69.51%", "2009-03-31": "61.67%"}, "pre tax profit margin": {"2020-09-30": "-8.28%", "2020-06-30": "-35.36%", "2020-03-31": "-76.03%", "2019-12-31": "24.21%", "2019-09-30": "-36.86%", "2019-06-30": "-30.66%", "2019-03-31": "-1.35%", "2018-12-31": "6.62%", "2018-09-30": "76.14%", "2018-06-30": "89.61%", "2018-03-31": "78.36%", "2017-12-31": "59.63%", "2017-09-30": "108.08%", "2017-06-30": "125.67%", "2017-03-31": "111.27%", "2016-12-31": "47.16%", "2016-09-30": "14.75%", "2016-06-30": "-74.26%", "2016-03-31": "-22.13%", "2015-12-31": "14.67%", "2015-09-30": "-48.77%", "2015-06-30": "9.16%", "2015-03-31": "-23.63%", "2014-12-31": "-15.83%", "2014-09-30": "-0.53%", "2014-06-30": "-48.12%", "2014-03-31": "43.52%", "2013-12-31": "58.00%", "2013-09-30": "98.83%", "2013-06-30": "136.83%", "2013-03-31": "41.74%", "2012-12-31": "61.45%", "2012-09-30": "36.14%", "2012-06-30": "49.68%", "2012-03-31": "88.13%", "2011-12-31": "69.97%", "2011-09-30": "81.70%", "2011-06-30": "85.86%", "2011-03-31": "97.11%", "2010-12-31": "113.39%", "2010-09-30": "98.45%", "2010-06-30": "98.78%", "2010-03-31": "106.90%", "2009-12-31": "92.19%", "2009-06-30": "79.27%", "2009-03-31": "66.67%"}, "net profit margin": {"2020-09-30": "-12.91%", "2020-06-30": "-38.87%", "2020-03-31": "-78.73%", "2019-12-31": "22.10%", "2019-09-30": "-38.54%", "2019-06-30": "-32.29%", "2019-03-31": "-3.01%", "2018-12-31": "4.77%", "2018-09-30": "74.06%", "2018-06-30": "86.89%", "2018-03-31": "75.56%", "2017-12-31": "56.69%", "2017-09-30": "105.31%", "2017-06-30": "123.52%", "2017-03-31": "109.15%", "2016-12-31": "45.04%", "2016-09-30": "12.60%", "2016-06-30": "-76.44%", "2016-03-31": "-24.17%", "2015-12-31": "12.76%", "2015-09-30": "-50.81%", "2015-06-30": "7.21%", "2015-03-31": "-25.48%", "2014-12-31": "-17.39%", "2014-09-30": "-1.90%", "2014-06-30": "-49.12%", "2014-03-31": "42.69%", "2013-12-31": "56.77%", "2013-09-30": "97.12%", "2013-06-30": "134.86%", "2013-03-31": "39.87%", "2012-12-31": "60.08%", "2012-09-30": "35.34%", "2012-06-30": "49.20%", "2012-03-31": "87.59%", "2011-12-31": "69.43%", "2011-09-30": "81.59%", "2011-06-30": "85.86%", "2011-03-31": "97.11%", "2010-12-31": "113.39%", "2010-09-30": "98.45%", "2010-06-30": "98.78%", "2010-03-31": "106.90%", "2009-12-31": "92.19%", "2009-06-30": "79.27%", "2009-03-31": "66.67%"}, "pe ratio": {"current": "6.01", "2021-02-05": "0.00", "2020-09-30": "0.00", "2020-06-30": "0.00", "2020-03-31": "0.00", "2019-12-31": "13.69", "2019-09-30": "0.00", "2019-06-30": "0.00", "2019-03-31": "0.00", "2018-12-31": "23.15", "2018-09-30": "4.56", "2018-06-30": "4.05", "2018-03-31": "4.94", "2017-12-31": "7.34", "2017-09-30": "3.71", "2017-06-30": "2.98", "2017-03-31": "3.01", "2016-12-31": "6.39", "2016-09-30": "26.49", "2016-06-30": "0.00", "2016-03-31": "0.00", "2015-12-31": "17.58", "2015-09-30": "0.00", "2015-06-30": "32.58", "2015-03-31": "0.00", "2014-12-31": "0.00", "2014-09-30": "0.00", "2014-06-30": "0.00", "2014-03-31": "4.65", "2013-12-31": "2.71", "2013-09-30": "1.67", "2013-06-30": "1.22", "2013-03-31": "5.48", "2012-12-31": "2.51", "2012-09-30": "4.21", "2012-06-30": "2.86", "2012-03-31": "1.58", "2011-12-31": "1.76", "2011-09-30": "1.26", "2011-06-30": "1.23", "2011-03-31": "1.20", "2010-12-31": "1.03", "2010-09-30": "1.00", "2010-06-30": "0.93", "2010-03-31": "0.77", "2009-12-31": "0.88", "2009-09-30": "1.23", "2009-06-30": "1.07", "2009-03-31": "1.42"}, "price sales": {"2021-02-05": "4.36", "2020-09-30": "3.61", "2020-06-30": "2.82", "2020-03-31": "2.01", "2019-12-31": "2.99", "2019-09-30": "2.68", "2019-06-30": "2.80", "2019-03-31": "3.07", "2018-12-31": "3.04", "2018-09-30": "3.38", "2018-06-30": "3.45", "2018-03-31": "3.56", "2017-12-31": "3.90", "2017-09-30": "3.97", "2017-06-30": "3.72", "2017-03-31": "3.29", "2016-12-31": "2.92", "2016-09-30": "3.15", "2016-06-30": "3.19", "2016-03-31": "2.75", "2015-12-31": "2.35", "2015-09-30": "2.54", "2015-06-30": "2.32", "2015-03-31": "2.67", "2014-12-31": "2.62", "2014-09-30": "2.22", "2014-06-30": "2.18", "2014-03-31": "1.84", "2013-12-31": "1.49", "2013-09-30": "1.56", "2013-06-30": "1.51", "2013-03-31": "1.96", "2012-12-31": "1.52", "2012-09-30": "1.66", "2012-06-30": "1.51", "2012-03-31": "1.22", "2011-12-31": "1.16", "2011-09-30": "1.00", "2011-06-30": "1.03", "2011-03-31": "1.02", "2010-12-31": "1.00", "2010-09-30": "0.93", "2010-06-30": "0.86", "2010-03-31": "0.75", "2009-12-31": "0.75", "2009-09-30": "1.09", "2009-06-30": "0.84", "2009-03-31": "0.80"}, "price book": {"current": "0.98", "2021-02-05": "0.83", "2020-09-30": "0.69", "2020-06-30": "0.65", "2020-03-31": "0.56", "2019-12-31": "0.77", "2019-09-30": "0.74", "2019-06-30": "0.75", "2019-03-31": "0.75", "2018-12-31": "0.75", "2018-09-30": "0.72", "2018-06-30": "0.67", "2018-03-31": "0.65", "2017-12-31": "0.64", "2017-09-30": "0.67", "2017-06-30": "0.66", "2017-03-31": "0.60", "2016-12-31": "0.52", "2016-09-30": "0.51", "2016-06-30": "0.52", "2016-03-31": "0.47", "2015-12-31": "0.42", "2015-09-30": "0.43", "2015-06-30": "0.39", "2015-03-31": "0.41", "2014-12-31": "0.41", "2014-09-30": "0.39", "2014-06-30": "0.41", "2014-03-31": "0.39", "2013-12-31": "0.35", "2013-09-30": "0.38", "2013-06-30": "0.37", "2013-03-31": "0.44", "2012-12-31": "0.34", "2012-09-30": "0.39", "2012-06-30": "0.40", "2012-03-31": "0.35", "2011-12-31": "0.33", "2011-09-30": "0.31", "2011-06-30": "0.32", "2011-03-31": "0.32", "2010-12-31": "0.32", "2010-09-30": "0.29", "2010-06-30": "0.28", "2010-03-31": "0.26", "2009-12-31": "0.26", "2009-09-30": "0.27", "2009-06-30": "0.22", "2009-03-31": "0.17", "2008-12-31": "0.00", "2008-09-30": "0.16", "2008-06-30": "0.15"}, "price fcf": {"2021-02-05": "", "2020-09-30": "$3.11", "2020-06-30": "$2.51", "2020-03-31": "$2.20", "2019-12-31": "$2.18", "2019-09-30": "$2.18", "2019-06-30": "$2.56", "2019-03-31": "$2.40", "2018-12-31": "$2.52", "2018-09-30": "$2.77", "2018-06-30": "$2.56", "2018-03-31": "$3.07", "2017-12-31": "$3.51", "2017-09-30": "$3.53", "2017-06-30": "$3.95", "2017-03-31": "$4.17", "2016-12-31": "$4.07", "2016-09-30": "$4.13", "2016-06-30": "$3.70", "2016-03-31": "$3.99", "2015-12-31": "$4.10", "2015-09-30": "$4.00", "2015-06-30": "$4.42", "2015-03-31": "$4.41", "2014-12-31": "$4.59", "2014-09-30": "$6.47", "2014-06-30": "$6.69", "2014-03-31": "$6.52", "2013-12-31": "$6.60", "2013-09-30": "$6.38", "2013-06-30": "$6.58", "2013-03-31": "$7.13", "2012-12-31": "$7.64", "2012-09-30": "$8.33", "2012-06-30": "$7.81", "2012-03-31": "$7.52", "2011-12-31": "$6.98", "2011-09-30": "$6.14", "2011-06-30": "$6.63", "2011-03-31": "$6.35", "2010-12-31": "$6.38", "2010-09-30": "$5.82", "2010-06-30": "$5.75", "2010-03-31": "$6.07", "2009-12-31": "$5.33", "2009-09-30": "$2.29", "2009-06-30": "$2.07", "2009-03-31": "$0.71"}, "net worth": {"value": "$8.89B"}, "current ratio": {"2020-09-30": "0.18", "2020-06-30": "0.14", "2020-03-31": "0.12", "2019-12-31": "0.12", "2019-09-30": "0.08", "2019-06-30": "0.13", "2019-03-31": "0.25", "2018-12-31": "0.31", "2018-09-30": "0.28", "2018-06-30": "0.29", "2018-03-31": "0.24", "2017-12-31": "0.24", "2017-09-30": "0.24", "2017-06-30": "0.22", "2017-03-31": "0.27", "2016-12-31": "0.24", "2016-09-30": "0.20", "2016-06-30": "0.12", "2016-03-31": "0.12", "2015-12-31": "0.10", "2015-09-30": "0.10", "2015-06-30": "0.10", "2015-03-31": "0.12", "2014-12-31": "0.15", "2014-09-30": "0.18", "2014-06-30": "0.22", "2014-03-31": "0.19", "2013-12-31": "0.07", "2013-09-30": "0.07", "2013-06-30": "0.20", "2013-03-31": "0.24", "2012-12-31": "0.19", "2012-09-30": "0.15", "2012-06-30": "0.09", "2012-03-31": "0.10", "2011-12-31": "0.06", "2011-09-30": "0.11", "2011-06-30": "0.10", "2011-03-31": "0.03", "2010-12-31": "0.07", "2010-09-30": "0.07", "2010-06-30": "0.08", "2010-03-31": "0.10", "2009-12-31": "0.08", "2009-09-30": "0.08", "2009-06-30": "0.07", "2009-03-31": "0.06", "2008-12-31": "0.00", "2008-09-30": "0.07", "2008-06-30": "0.02", "2007-12-31": "0.02"}, "quick ratio": {"2020-09-30": "0.00", "2020-06-30": "0.00", "2020-03-31": "0.00", "2019-12-31": "0.00", "2019-09-30": "0.00", "2019-06-30": "0.00", "2019-03-31": "0.00", "2018-12-31": "0.00", "2018-09-30": "0.00", "2018-06-30": "0.00", "2018-03-31": "0.00", "2017-12-31": "0.00", "2017-09-30": "0.00", "2017-06-30": "0.00", "2017-03-31": "0.00", "2016-12-31": "0.00", "2016-09-30": "0.00", "2016-06-30": "0.00", "2016-03-31": "0.00", "2015-12-31": "0.00", "2015-09-30": "0.00", "2015-06-30": "0.00", "2015-03-31": "0.00", "2014-12-31": "0.00", "2014-09-30": "0.00", "2014-06-30": "0.00", "2014-03-31": "0.00", "2013-12-31": "0.00", "2013-09-30": "0.00", "2013-06-30": "0.00", "2013-03-31": "0.00", "2012-12-31": "0.00", "2012-09-30": "0.00", "2012-06-30": "0.00", "2012-03-31": "0.00", "2011-12-31": "0.00", "2011-09-30": "0.00", "2011-06-30": "0.00", "2011-03-31": "0.00", "2010-12-31": "0.00", "2010-09-30": "0.00", "2010-06-30": "0.00", "2010-03-31": "0.00", "2009-12-31": "0.00", "2009-09-30": "0.00", "2009-06-30": "0.00", "2009-03-31": "0.00", "2008-12-31": "0.00", "2008-09-30": "0.00", "2008-06-30": "0.00", "2007-12-31": "0.00"}, "debt equity ratio": {"current": "0.02", "2020-09-30": "6.46", "2020-06-30": "7.68", "2020-03-31": "7.69", "2019-12-31": "9.24", "2019-09-30": "9.75", "2019-06-30": "9.30", "2019-03-31": "10.31", "2018-12-31": "10.03", "2018-09-30": "8.56", "2018-06-30": "7.09", "2018-03-31": "7.30", "2017-12-31": "7.04", "2017-09-30": "6.45", "2017-06-30": "6.32", "2017-03-31": "6.80", "2016-12-31": "6.73", "2016-09-30": "6.05", "2016-06-30": "6.85", "2016-03-31": "7.15", "2015-12-31": "6.15", "2015-09-30": "6.29", "2015-06-30": "6.21", "2015-03-31": "6.81", "2014-12-31": "6.19", "2014-09-30": "5.66", "2014-06-30": "5.96", "2014-03-31": "6.64", "2013-12-31": "7.77", "2013-09-30": "8.84", "2013-06-30": "8.60", "2013-03-31": "7.02", "2012-12-31": "8.22", "2012-09-30": "8.06", "2012-06-30": "8.28", "2012-03-31": "9.14", "2011-12-31": "8.33", "2011-09-30": "8.52", "2011-06-30": "8.14", "2011-03-31": "7.72", "2010-12-31": "8.21", "2010-09-30": "10.35", "2010-06-30": "8.79", "2010-03-31": "8.41", "2009-12-31": "7.46", "2009-09-30": "7.57", "2009-06-30": "8.00", "2009-03-31": "7.26", "2008-12-31": "0.00", "2008-09-30": "5.44", "2008-06-30": "8.32", "2007-12-31": "8.32"}, "return on equity": {"2020-09-30": "-2.53%", "2020-06-30": "-8.88%", "2020-03-31": "-19.99%", "2019-12-31": "5.97%", "2019-09-30": "-10.08%", "2019-06-30": "-8.00%", "2019-03-31": "-0.69%", "2018-12-31": "1.01%", "2018-09-30": "14.34%", "2018-06-30": "15.42%", "2018-03-31": "12.83%", "2017-12-31": "9.00%", "2017-09-30": "17.56%", "2017-06-30": "21.13%", "2017-03-31": "19.06%", "2016-12-31": "7.77%", "2016-09-30": "2.10%", "2016-06-30": "-12.39%", "2016-03-31": "-4.08%", "2015-12-31": "2.18%", "2015-09-30": "-8.07%", "2015-06-30": "1.16%", "2015-03-31": "-3.93%", "2014-12-31": "-2.75%", "2014-09-30": "-0.35%", "2014-06-30": "-10.01%", "2014-03-31": "9.27%", "2013-12-31": "12.30%", "2013-09-30": "20.20%", "2013-06-30": "26.71%", "2013-03-31": "7.95%", "2012-12-31": "12.66%", "2012-09-30": "7.56%", "2012-06-30": "11.51%", "2012-03-31": "20.72%", "2011-12-31": "15.98%", "2011-09-30": "19.13%", "2011-06-30": "19.23%", "2011-03-31": "22.29%", "2010-12-31": "29.61%", "2010-09-30": "26.67%", "2010-06-30": "27.20%", "2010-03-31": "32.61%", "2009-12-31": "29.93%", "2009-06-30": "29.95%", "2009-03-31": "19.54%"}, "return on assets": {"2020-09-30": "-0.29%", "2020-06-30": "-0.92%", "2020-03-31": "-2.00%", "2019-12-31": "0.56%", "2019-09-30": "-0.93%", "2019-06-30": "-0.76%", "2019-03-31": "-0.07%", "2018-12-31": "0.11%", "2018-09-30": "1.68%", "2018-06-30": "1.94%", "2018-03-31": "1.65%", "2017-12-31": "1.18%", "2017-09-30": "2.32%", "2017-06-30": "2.83%", "2017-03-31": "2.51%", "2016-12-31": "1.01%", "2016-09-30": "0.28%", "2016-06-30": "-1.63%", "2016-03-31": "-0.55%", "2015-12-31": "0.29%", "2015-09-30": "-1.09%", "2015-06-30": "0.16%", "2015-03-31": "-0.55%", "2014-12-31": "-0.39%", "2014-09-30": "-0.05%", "2014-06-30": "-1.20%", "2014-03-31": "1.03%", "2013-12-31": "1.36%", "2013-09-30": "2.21%", "2013-06-30": "2.98%", "2013-03-31": "0.90%", "2012-12-31": "1.35%", "2012-09-30": "0.80%", "2012-06-30": "1.20%", "2012-03-31": "2.15%", "2011-12-31": "1.73%", "2011-09-30": "2.08%", "2011-06-30": "2.09%", "2011-03-31": "2.39%", "2010-12-31": "3.00%", "2010-09-30": "2.68%", "2010-06-30": "2.97%", "2010-03-31": "3.67%", "2009-12-31": "3.50%", "2009-06-30": "3.76%", "2009-03-31": "2.44%"}, "return on investments": {"2020-09-30": "-1.59%", "2020-06-30": "-7.91%", "2020-03-31": "-18.88%", "2019-12-31": "6.39%", "2019-09-30": "-9.40%", "2019-06-30": "-7.40%", "2019-03-31": "-0.30%", "2018-12-31": "1.35%", "2018-09-30": "14.23%", "2018-06-30": "15.29%", "2018-03-31": "12.75%", "2017-12-31": "9.03%", "2017-09-30": "15.65%", "2017-06-30": "17.07%", "2017-03-31": "14.24%", "2016-12-31": "5.56%", "2016-09-30": "-7.97%", "2016-06-30": "-10.57%", "2016-03-31": "-7.20%", "2015-12-31": "1.94%", "2015-09-30": "-2.23%", "2015-06-30": "-1.86%", "2015-03-31": "-2.23%", "2014-12-31": "-2.30%", "2014-09-30": "11.32%", "2014-06-30": "12.54%", "2014-03-31": "13.47%", "2013-12-31": "13.60%", "2013-09-30": "12.93%", "2013-06-30": "12.23%", "2013-03-31": "12.31%", "2012-12-31": "13.53%", "2012-09-30": "13.98%", "2012-06-30": "15.62%", "2012-03-31": "16.28%", "2011-12-31": "15.37%", "2011-09-30": "15.63%", "2011-06-30": "15.10%", "2011-03-31": "16.92%", "2010-12-31": "23.95%", "2010-09-30": "44.67%", "2010-06-30": "inf%", "2010-03-31": "inf%", "2009-12-31": "inf%", "2009-06-30": "inf%", "2009-03-31": "inf%"}, "return on tangible equity": {"2020-09-30": "-2.66%", "2020-06-30": "-9.35%", "2020-03-31": "-21.06%", "2019-12-31": "6.28%", "2019-09-30": "-10.62%", "2019-06-30": "-8.44%", "2019-03-31": "-0.73%", "2018-12-31": "1.07%", "2018-09-30": "15.27%", "2018-06-30": "16.45%", "2018-03-31": "13.74%", "2017-12-31": "9.65%", "2017-09-30": "18.90%", "2017-06-30": "22.80%", "2017-03-31": "20.17%", "2016-12-31": "8.06%", "2016-09-30": "2.14%", "2016-06-30": "-12.39%", "2016-03-31": "-4.08%", "2015-12-31": "2.18%", "2015-09-30": "-8.07%", "2015-06-30": "1.16%", "2015-03-31": "-3.93%", "2014-12-31": "-2.75%", "2014-09-30": "-0.35%", "2014-06-30": "-10.01%", "2014-03-31": "9.27%", "2013-12-31": "12.30%", "2013-09-30": "20.20%", "2013-06-30": "26.71%", "2013-03-31": "7.95%", "2012-12-31": "12.66%", "2012-09-30": "7.56%", "2012-06-30": "11.51%", "2012-03-31": "20.72%", "2011-12-31": "15.98%", "2011-09-30": "19.13%", "2011-06-30": "19.23%", "2011-03-31": "22.29%", "2010-12-31": "29.61%", "2010-09-30": "26.67%", "2010-06-30": "27.20%", "2010-03-31": "32.61%", "2009-12-31": "29.93%", "2009-06-30": "29.95%", "2009-03-31": "19.54%"}, "dividend yield history": {"last payout": "$1.44", "last yield": "8.83%"}}