{"ticker": "AIV", "price": {"title": "Apartment Investment And Management Historical Annual Stock Price Data", "value": 4.83, "historical": {"2021": {"Average Stock Price": "4.8317", "Year Open": "5.0600", "Year High": "5.0700", "Year Low": "4.5900", "Year Close": "4.8300", "Annual % Change": "-8.52%"}, "2020": {"Average Stock Price": "45.9565", "Year Open": "62.6300", "Year High": "68.7098", "Year Low": "4.5200", "Year Close": "5.2800", "Annual % Change": "-91.74%"}, "2019": {"Average Stock Price": "62.9616", "Year Open": "54.0723", "Year High": "68.3878", "Year Low": "54.0723", "Year Close": "63.9549", "Annual % Change": "14.15%"}, "2018": {"Average Stock Price": "53.9093", "Year Open": "55.4768", "Year High": "60.4563", "Year Low": "48.5182", "Year Close": "56.0258", "Annual % Change": "0.39%"}, "2017": {"Average Stock Price": "56.6664", "Year Open": "57.3792", "Year High": "59.4093", "Year Low": "54.1617", "Year Close": "55.8088", "Annual % Change": "-3.83%"}, "2016": {"Average Stock Price": "53.6739", "Year Open": "50.6250", "Year High": "60.7627", "Year Low": "45.2624", "Year Close": "58.0304", "Annual % Change": "13.54%"}, "2015": {"Average Stock Price": "49.0218", "Year Open": "48.3778", "Year High": "52.5912", "Year Low": "44.4963", "Year Close": "51.1101", "Annual % Change": "7.75%"}, "2014": {"Average Stock Price": "41.2465", "Year Open": "33.0818", "Year High": "48.9268", "Year Low": "32.8392", "Year Close": "47.4330", "Annual % Change": "43.38%"}, "2013": {"Average Stock Price": "36.9308", "Year Open": "34.9459", "Year High": "42.3896", "Year Low": "31.9199", "Year Close": "33.0818", "Annual % Change": "-4.25%"}, "2012": {"Average Stock Price": "33.2163", "Year Open": "29.6344", "Year High": "36.0950", "Year Low": "28.6002", "Year Close": "34.5501", "Annual % Change": "18.11%"}, "2011": {"Average Stock Price": "31.5437", "Year Open": "33.5542", "Year High": "35.7120", "Year Low": "25.9062", "Year Close": "29.2514", "Annual % Change": "-11.34%"}, "2010": {"Average Stock Price": "26.5380", "Year Open": "20.3777", "Year High": "33.1073", "Year Low": "19.4201", "Year Close": "32.9924", "Annual % Change": "62.31%"}, "2009": {"Average Stock Price": "13.2059", "Year Open": "14.8619", "Year High": "21.3608", "Year Low": "6.3074", "Year Close": "20.3266", "Annual % Change": "37.84%"}, "2008": {"Average Stock Price": "39.5249", "Year Open": "43.3983", "Year High": "51.9528", "Year Low": "10.1122", "Year Close": "14.7470", "Annual % Change": "-66.74%"}, "2007": {"Average Stock Price": "63.5619", "Year Open": "71.2452", "Year High": "82.1618", "Year Low": "44.2027", "Year Close": "44.3431", "Annual % Change": "-38.00%"}, "2006": {"Average Stock Price": "61.9351", "Year Open": "49.4375", "Year High": "75.1777", "Year Low": "49.4375", "Year Close": "71.5261", "Annual % Change": "47.93%"}, "2005": {"Average Stock Price": "49.0826", "Year Open": "49.0162", "Year High": "56.1918", "Year Low": "44.8794", "Year Close": "48.3523", "Annual % Change": "-1.74%"}, "2004": {"Average Stock Price": "42.4344", "Year Open": "43.9984", "Year High": "49.5780", "Year Low": "35.5971", "Year Close": "49.2077", "Annual % Change": "11.71%"}, "2003": {"Average Stock Price": "47.1571", "Year Open": "47.9820", "Year High": "53.5999", "Year Low": "42.1470", "Year Close": "44.0495", "Annual % Change": "-7.95%"}, "2002": {"Average Stock Price": "55.2740", "Year Open": "57.9155", "Year High": "65.6273", "Year Low": "44.2282", "Year Close": "47.8543", "Annual % Change": "-18.04%"}, "2001": {"Average Stock Price": "57.7503", "Year Open": "63.2780", "Year High": "63.5972", "Year Low": "52.3486", "Year Close": "58.3879", "Annual % Change": "-8.43%"}, "2000": {"Average Stock Price": "54.3155", "Year Open": "48.5182", "Year High": "63.7632", "Year Low": "46.7690", "Year Close": "63.7632", "Annual % Change": "25.45%"}, "1999": {"Average Stock Price": "49.8053", "Year Open": "48.1990", "Year High": "56.3450", "Year Low": "44.2921", "Year Close": "50.8292", "Annual % Change": "7.04%"}, "1998": {"Average Stock Price": "46.9292", "Year Open": "46.8456", "Year High": "51.9528", "Year Low": "38.9423", "Year Close": "47.4840", "Annual % Change": "1.20%"}, "1997": {"Average Stock Price": "39.3611", "Year Open": "34.1543", "Year High": "48.5182", "Year Low": "33.0435", "Year Close": "46.9223", "Annual % Change": "30.09%"}, "1996": {"Average Stock Price": "26.9704", "Year Open": "25.0507", "Year High": "36.0695", "Year Low": "23.6207", "Year Close": "36.0695", "Annual % Change": "45.77%"}, "1995": {"Average Stock Price": "24.4855", "Year Open": "22.1907", "Year High": "26.8127", "Year Low": "21.8715", "Year Close": "24.7443", "Annual % Change": "12.35%"}}}, "market cap": {"value": "$0.58B"}, "income statement": {"Revenue": {"2019-12-31": "914.29400", "2018-12-31": "972.41000", "2017-12-31": "1005.43700", "2016-12-31": "995.85400", "2015-12-31": "981.31000", "2014-12-31": "984.36300", "2013-12-31": "974.05300", "2012-12-31": "958.51100", "2011-12-31": "914.35500", "2010-12-31": "958.54000", "2009-12-31": "1047.70200", "2008-12-31": "1178.87800", "2007-12-31": "1174.45700", "2006-12-31": "1274.16300", "2005-12-31": "1345.69200"}, "Cost Of Goods Sold": {"2019-12-31": "311.22100", "2018-12-31": "328.82200", "2017-12-31": "354.58400", "2016-12-31": "354.91300", "2015-12-31": "362.11600", "2014-12-31": "380.96400", "2013-12-31": "380.05100", "2012-12-31": "386.35500", "2011-12-31": "386.62300", "2010-12-31": "429.99000", "2009-12-31": "480.43000", "2008-12-31": "544.02500", "2007-12-31": "531.07500", "2006-12-31": "570.74700", "2005-12-31": "626.02300"}, "Gross Profit": {"2019-12-31": "603.07300", "2018-12-31": "643.58800", "2017-12-31": "650.85300", "2016-12-31": "640.94100", "2015-12-31": "619.19400", "2014-12-31": "603.39900", "2013-12-31": "594.00200", "2012-12-31": "572.15600", "2011-12-31": "527.73200", "2010-12-31": "528.55000", "2009-12-31": "567.27200", "2008-12-31": "634.85300", "2007-12-31": "643.38200", "2006-12-31": "703.41600", "2005-12-31": "719.66900"}, "Research And Development Expenses": {"2019-12-31": "", "2018-12-31": "", "2017-12-31": "", "2016-12-31": "", "2015-12-31": "", "2014-12-31": "", "2013-12-31": "", "2012-12-31": "", "2011-12-31": "", "2010-12-31": "", "2009-12-31": "", "2008-12-31": "", "2007-12-31": "", "2006-12-31": "", "2005-12-31": ""}, "SG&A Expenses": {"2019-12-31": "47.03700", "2018-12-31": "46.26800", "2017-12-31": "43.65700", "2016-12-31": "46.78400", "2015-12-31": "46.31000", "2014-12-31": "44.09200", "2013-12-31": "45.67000", "2012-12-31": "49.60200", "2011-12-31": "50.90600", "2010-12-31": "53.37400", "2009-12-31": "56.64300", "2008-12-31": "80.37600", "2007-12-31": "90.67400", "2006-12-31": "91.57100", "2005-12-31": "83.01200"}, "Other Operating Income Or Expenses": {"2019-12-31": "-19.09200", "2018-12-31": "-3.77800", "2017-12-31": "-47.02900", "2016-12-31": "-14.29500", "2015-12-31": "-10.36800", "2014-12-31": "-14.34900", "2013-12-31": "-7.40300", "2012-12-31": "-18.36500", "2011-12-31": "-18.30200", "2010-12-31": "-9.33200", "2009-12-31": "-14.95100", "2008-12-31": "-112.88700", "2007-12-31": "-20.41800", "2006-12-31": "-12.95100", "2005-12-31": "3.01100"}, "Operating Expenses": {"2019-12-31": "757.52090", "2018-12-31": "756.65410", "2017-12-31": "811.45400", "2016-12-31": "749.05800", "2015-12-31": "725.09500", "2014-12-31": "722.01300", "2013-12-31": "725.03400", "2012-12-31": "779.49490", "2011-12-31": "779.06400", "2010-12-31": "855.95700", "2009-12-31": "965.30000", "2008-12-31": "1136.56300", "2007-12-31": "989.65810", "2006-12-31": "1044.05200", "2005-12-31": "1078.55000"}, "Operating Income": {"2019-12-31": "156.77310", "2018-12-31": "215.75590", "2017-12-31": "193.98300", "2016-12-31": "246.79600", "2015-12-31": "256.21500", "2014-12-31": "262.35000", "2013-12-31": "249.01900", "2012-12-31": "179.01610", "2011-12-31": "135.29100", "2010-12-31": "102.58300", "2009-12-31": "82.40200", "2008-12-31": "42.31510", "2007-12-31": "184.79900", "2006-12-31": "230.11080", "2005-12-31": "267.14200"}, "Total Non-Operating Income/Expense": {"2019-12-31": "348.11900", "2018-12-31": "487.82000", "2017-12-31": "122.26000", "2016-12-31": "217.63500", "2015-12-31": "-192.34900", "2014-12-31": "-214.92200", "2013-12-31": "-216.38200", "2012-12-31": "-198.63000", "2011-12-31": "-277.46900", "2010-12-31": "-280.19900", "2009-12-31": "-300.38000", "2008-12-31": "-216.81500", "2007-12-31": "-250.70300", "2006-12-31": "-285.71800", "2005-12-31": "-301.47500"}, "Pre-Tax Income": {"2019-12-31": "504.89200", "2018-12-31": "703.57600", "2017-12-31": "316.24300", "2016-12-31": "464.43100", "2015-12-31": "63.86600", "2014-12-31": "47.42800", "2013-12-31": "32.63700", "2012-12-31": "-19.61400", "2011-12-31": "-142.17800", "2010-12-31": "-177.61600", "2009-12-31": "-217.97800", "2008-12-31": "-174.50000", "2007-12-31": "-65.90400", "2006-12-31": "-55.60700", "2005-12-31": "-34.33300"}, "Income Taxes": {"2019-12-31": "-3.13500", "2018-12-31": "-13.02700", "2017-12-31": "-30.83600", "2016-12-31": "-18.84200", "2015-12-31": "-27.52400", "2014-12-31": "-20.04700", "2013-12-31": "-1.95900", "2012-12-31": "-0.85800", "2011-12-31": "-5.94100", "2010-12-31": "-16.83900", "2009-12-31": "-20.47300", "2008-12-31": "-56.57400", "2007-12-31": "-19.79500", "2006-12-31": "-11.09500", "2005-12-31": ""}, "Income After Taxes": {"2019-12-31": "508.02700", "2018-12-31": "716.60300", "2017-12-31": "347.07900", "2016-12-31": "483.27300", "2015-12-31": "91.39000", "2014-12-31": "67.47500", "2013-12-31": "34.59600", "2012-12-31": "-18.75600", "2011-12-31": "-136.23700", "2010-12-31": "-160.77700", "2009-12-31": "-197.50500", "2008-12-31": "-117.92600", "2007-12-31": "-46.10900", "2006-12-31": "-44.51200", "2005-12-31": "-34.33300"}, "Other Income": {"2019-12-31": "", "2018-12-31": "", "2017-12-31": "", "2016-12-31": "", "2015-12-31": "", "2014-12-31": "", "2013-12-31": "", "2012-12-31": "", "2011-12-31": "", "2010-12-31": "", "2009-12-31": "", "2008-12-31": "", "2007-12-31": "", "2006-12-31": "", "2005-12-31": ""}, "Income From Continuous Operations": {"2019-12-31": "508.02700", "2018-12-31": "716.60300", "2017-12-31": "347.07900", "2016-12-31": "483.27300", "2015-12-31": "91.39000", "2014-12-31": "67.47500", "2013-12-31": "34.59600", "2012-12-31": "-18.75600", "2011-12-31": "-136.23700", "2010-12-31": "-160.77700", "2009-12-31": "-197.50500", "2008-12-31": "-117.92600", "2007-12-31": "-46.10900", "2006-12-31": "-50.10400", "2005-12-31": "-24.09500"}, "Income From Discontinued Operations": {"2019-12-31": "", "2018-12-31": "", "2017-12-31": "", "2016-12-31": "", "2015-12-31": "", "2014-12-31": "", "2013-12-31": "203.22900", "2012-12-31": "214.11700", "2011-12-31": "78.07300", "2010-12-31": "71.15300", "2009-12-31": "152.70500", "2008-12-31": "744.92800", "2007-12-31": "171.61500", "2006-12-31": "226.89100", "2005-12-31": "95.07700"}, "Net Income": {"2019-12-31": "466.14400", "2018-12-31": "656.59700", "2017-12-31": "306.86100", "2016-12-31": "417.78100", "2015-12-31": "235.96600", "2014-12-31": "300.22000", "2013-12-31": "203.67300", "2012-12-31": "82.14600", "2011-12-31": "-103.16100", "2010-12-31": "-125.31800", "2009-12-31": "-114.84000", "2008-12-31": "351.31400", "2007-12-31": "-40.58600", "2006-12-31": "95.65500", "2005-12-31": "-16.96600"}, "EBITDA": {"2019-12-31": "544.57310", "2018-12-31": "602.56490", "2017-12-31": "565.83300", "2016-12-31": "584.92200", "2015-12-31": "567.70200", "2014-12-31": "548.77200", "2013-12-31": "545.84400", "2012-12-31": "509.23310", "2011-12-31": "464.22000", "2010-12-31": "474.24200", "2009-12-31": "493.02300", "2008-12-31": "428.22010", "2007-12-31": "540.20590", "2006-12-31": "613.78690", "2005-12-31": "641.36800"}, "EBIT": {"2019-12-31": "156.77310", "2018-12-31": "215.75590", "2017-12-31": "193.98300", "2016-12-31": "246.79600", "2015-12-31": "256.21500", "2014-12-31": "262.35000", "2013-12-31": "249.01900", "2012-12-31": "179.01610", "2011-12-31": "135.29100", "2010-12-31": "102.58300", "2009-12-31": "82.40200", "2008-12-31": "42.31510", "2007-12-31": "184.79900", "2006-12-31": "230.11080", "2005-12-31": "267.14200"}, "Basic Shares Outstanding": {"2019-12-31": "119.29710", "2018-12-31": "122.07040", "2017-12-31": "122.42810", "2016-12-31": "122.18160", "2015-12-31": "121.53630", "2014-12-31": "114.06600", "2013-12-31": "113.79340", "2012-12-31": "105.32540", "2011-12-31": "93.44640", "2010-12-31": "91.14140", "2009-12-31": "89.52170", "2008-12-31": "69.46290", "2007-12-31": "74.48880", "2006-12-31": "110.47420", "2005-12-31": "77.06560"}, "Shares Outstanding": {"2019-12-31": "119.47960", "2018-12-31": "122.21730", "2017-12-31": "122.80370", "2016-12-31": "122.48710", "2015-12-31": "121.84410", "2014-12-31": "114.35030", "2013-12-31": "113.98220", "2012-12-31": "105.32540", "2011-12-31": "93.44640", "2010-12-31": "91.14140", "2009-12-31": "89.52170", "2008-12-31": "69.46290", "2007-12-31": "74.48880", "2006-12-31": "110.47420", "2005-12-31": "77.06560"}, "Basic EPS": {"2019-12-31": "3.91280", "2018-12-31": "5.37390", "2017-12-31": "2.50120", "2016-12-31": "3.42180", "2015-12-31": "1.94070", "2014-12-31": "2.63020", "2013-12-31": "1.78750", "2012-12-31": "0.77880", "2011-12-31": "-1.09800", "2010-12-31": "-1.37890", "2009-12-31": "-1.27680", "2008-12-31": "5.05610", "2007-12-31": "-0.54900", "2006-12-31": "0.86820", "2005-12-31": "-0.21710"}, "EPS - Earnings Per Share": {"2019-12-31": "3.90040", "2018-12-31": "5.37390", "2017-12-31": "2.50120", "2016-12-31": "3.40900", "2015-12-31": "1.94070", "2014-12-31": "2.63020", "2013-12-31": "1.78750", "2012-12-31": "0.77880", "2011-12-31": "-1.09800", "2010-12-31": "-1.37890", "2009-12-31": "-1.27680", "2008-12-31": "5.05610", "2007-12-31": "-0.54900", "2006-12-31": "0.86820", "2005-12-31": "-0.21710"}}, "income statement, quarterly": {"Revenue": {"2020-09-30": "215.45500", "2020-06-30": "218.80800", "2020-03-31": "224.55200", "2019-12-31": "230.03200", "2019-09-30": "229.82700", "2019-06-30": "224.20000", "2019-03-31": "230.23500", "2018-12-31": "232.02190", "2018-09-30": "242.48100", "2018-06-30": "250.18700", "2018-03-31": "247.72000", "2017-12-31": "255.22900", "2017-09-30": "254.63500", "2017-06-30": "249.09200", "2017-03-31": "246.48100", "2016-12-31": "249.49300", "2016-09-30": "248.90400", "2016-06-30": "251.21800", "2016-03-31": "246.23900", "2015-12-31": "245.87500", "2015-09-30": "246.38700", "2015-06-30": "244.78300", "2015-03-31": "244.26500", "2014-12-31": "242.17800", "2014-09-30": "246.84300", "2014-06-30": "246.41800", "2014-03-31": "248.92400", "2013-12-31": "250.86100", "2013-09-30": "243.94300", "2013-06-30": "241.74500", "2013-03-31": "237.50400", "2012-12-31": "200.05800", "2012-09-30": "252.84500", "2012-06-30": "253.28800", "2012-03-31": "252.32000", "2011-12-31": "136.49100", "2011-09-30": "254.45900", "2011-06-30": "259.36600", "2011-03-31": "264.03900", "2010-12-31": "131.99900", "2010-09-30": "273.19200", "2010-06-30": "276.52400", "2010-03-31": "276.82500", "2009-12-31": "177.20710", "2009-09-30": "285.39700", "2009-06-30": "291.64700", "2009-03-31": "293.45100", "2008-12-31": "130.05610", "2008-09-30": "344.41400", "2008-06-30": "356.56000", "2008-03-31": "347.84800", "2007-12-31": "17.87700", "2007-09-30": "359.76800", "2007-06-30": "388.73800", "2007-03-31": "408.07400", "2006-12-31": "57.21500", "2006-09-30": "405.84400", "2006-06-30": "408.22400", "2006-03-31": "402.88000", "2005-12-31": "267.50800", "2005-09-30": "368.37400", "2005-06-30": "357.26500", "2005-03-31": "352.54500"}, "Cost Of Goods Sold": {"2020-09-30": "77.74800", "2020-06-30": "75.24400", "2020-03-31": "76.66400", "2019-12-31": "79.13100", "2019-09-30": "79.06500", "2019-06-30": "77.05300", "2019-03-31": "80.29100", "2018-12-31": "75.38500", "2018-09-30": "80.86200", "2018-06-30": "85.09300", "2018-03-31": "87.48200", "2017-12-31": "88.17100", "2017-09-30": "90.11600", "2017-06-30": "87.47300", "2017-03-31": "88.82400", "2016-12-31": "85.39000", "2016-09-30": "92.16600", "2016-06-30": "88.96000", "2016-03-31": "89.37200", "2015-12-31": "90.07300", "2015-09-30": "90.52600", "2015-06-30": "89.01600", "2015-03-31": "97.09500", "2014-12-31": "88.40400", "2014-09-30": "96.51900", "2014-06-30": "95.52100", "2014-03-31": "100.52000", "2013-12-31": "94.48400", "2013-09-30": "94.27100", "2013-06-30": "95.99500", "2013-03-31": "95.30100", "2012-12-31": "77.32300", "2012-09-30": "103.80500", "2012-06-30": "103.04700", "2012-03-31": "102.18000", "2011-12-31": "53.32200", "2011-09-30": "108.76900", "2011-06-30": "108.52000", "2011-03-31": "118.32300", "2010-12-31": "48.30000", "2010-09-30": "119.39500", "2010-06-30": "128.26700", "2010-03-31": "134.02800", "2009-12-31": "73.19300", "2009-09-30": "137.43700", "2009-06-30": "130.38100", "2009-03-31": "139.41900", "2008-12-31": "75.83900", "2008-09-30": "156.61800", "2008-06-30": "148.27400", "2008-03-31": "167.48600", "2007-12-31": "-6.79100", "2007-09-30": "169.97400", "2007-06-30": "176.96500", "2007-03-31": "190.92700", "2006-12-31": "19.24300", "2006-09-30": "182.11400", "2006-06-30": "180.60300", "2006-03-31": "188.78700", "2005-12-31": "119.02500", "2005-09-30": "173.88700", "2005-06-30": "164.84100", "2005-03-31": "168.27000"}, "Gross Profit": {"2020-09-30": "137.70700", "2020-06-30": "143.56400", "2020-03-31": "147.88800", "2019-12-31": "150.90100", "2019-09-30": "150.76200", "2019-06-30": "147.14700", "2019-03-31": "149.94400", "2018-12-31": "156.63700", "2018-09-30": "161.61900", "2018-06-30": "165.09400", "2018-03-31": "160.23800", "2017-12-31": "167.05800", "2017-09-30": "164.51900", "2017-06-30": "161.61900", "2017-03-31": "157.65700", "2016-12-31": "164.10300", "2016-09-30": "156.73800", "2016-06-30": "162.25800", "2016-03-31": "156.86700", "2015-12-31": "155.80190", "2015-09-30": "155.86100", "2015-06-30": "155.76700", "2015-03-31": "147.17000", "2014-12-31": "153.77400", "2014-09-30": "150.32400", "2014-06-30": "150.89700", "2014-03-31": "148.40400", "2013-12-31": "156.37700", "2013-09-30": "149.67200", "2013-06-30": "145.75000", "2013-03-31": "142.20300", "2012-12-31": "122.73500", "2012-09-30": "149.04000", "2012-06-30": "150.24100", "2012-03-31": "150.14000", "2011-12-31": "83.16900", "2011-09-30": "145.69000", "2011-06-30": "150.84600", "2011-03-31": "145.71600", "2010-12-31": "83.69900", "2010-09-30": "153.79700", "2010-06-30": "148.25700", "2010-03-31": "142.79700", "2009-12-31": "104.01410", "2009-09-30": "147.96000", "2009-06-30": "161.26600", "2009-03-31": "154.03200", "2008-12-31": "54.21700", "2008-09-30": "187.79600", "2008-06-30": "208.28600", "2008-03-31": "180.36200", "2007-12-31": "24.66800", "2007-09-30": "189.79400", "2007-06-30": "211.77300", "2007-03-31": "217.14700", "2006-12-31": "37.97200", "2006-09-30": "223.73000", "2006-06-30": "227.62100", "2006-03-31": "214.09300", "2005-12-31": "148.48300", "2005-09-30": "194.48700", "2005-06-30": "192.42400", "2005-03-31": "184.27500"}, "Research And Development Expenses": {"2020-09-30": "", "2020-06-30": "", "2020-03-31": "", "2019-12-31": "", "2019-09-30": "", "2019-06-30": "", "2019-03-31": "", "2018-12-31": "", "2018-09-30": "", "2018-06-30": "", "2018-03-31": "", "2017-12-31": "", "2017-09-30": "", "2017-06-30": "", "2017-03-31": "", "2016-12-31": "", "2016-09-30": "", "2016-06-30": "", "2016-03-31": "", "2015-12-31": "", "2015-09-30": "", "2015-06-30": "", "2015-03-31": "", "2014-12-31": "", "2014-09-30": "", "2014-06-30": "", "2014-03-31": "", "2013-12-31": "", "2013-09-30": "", "2013-06-30": "", "2013-03-31": "", "2012-12-31": "", "2012-09-30": "", "2012-06-30": "", "2012-03-31": "", "2011-12-31": "", "2011-09-30": "", "2011-06-30": "", "2011-03-31": "", "2010-12-31": "", "2010-09-30": "", "2010-06-30": "", "2010-03-31": "", "2009-12-31": "", "2009-09-30": "", "2009-06-30": "", "2009-03-31": "", "2008-12-31": "", "2008-09-30": "", "2008-06-30": "", "2008-03-31": "", "2007-12-31": "", "2007-09-30": "", "2007-06-30": "", "2007-03-31": "", "2006-12-31": "", "2006-09-30": "", "2006-06-30": "", "2006-03-31": "", "2005-12-31": "", "2005-09-30": "", "2005-06-30": "", "2005-03-31": ""}, "SG&A Expenses": {"2020-09-30": "8.11800", "2020-06-30": "9.69600", "2020-03-31": "10.10800", "2019-12-31": "15.11500", "2019-09-30": "10.59500", "2019-06-30": "11.49800", "2019-03-31": "9.82900", "2018-12-31": "8.55200", "2018-09-30": "12.47900", "2018-06-30": "13.88200", "2018-03-31": "11.35500", "2017-12-31": "12.05800", "2017-09-30": "10.52900", "2017-06-30": "10.10800", "2017-03-31": "10.96200", "2016-12-31": "11.61800", "2016-09-30": "11.61500", "2016-06-30": "11.61600", "2016-03-31": "11.93500", "2015-12-31": "12.58300", "2015-09-30": "11.01300", "2015-06-30": "12.06200", "2015-03-31": "10.65200", "2014-12-31": "12.78800", "2014-09-30": "10.65800", "2014-06-30": "10.11900", "2014-03-31": "10.52700", "2013-12-31": "11.77600", "2013-09-30": "10.96200", "2013-06-30": "11.15300", "2013-03-31": "11.77900", "2012-12-31": "12.11100", "2012-09-30": "12.31100", "2012-06-30": "13.55600", "2012-03-31": "11.62400", "2011-12-31": "14.53600", "2011-09-30": "12.74100", "2011-06-30": "12.44800", "2011-03-31": "11.18100", "2010-12-31": "14.35800", "2010-09-30": "12.09600", "2010-06-30": "15.18400", "2010-03-31": "11.73600", "2009-12-31": "13.03400", "2009-09-30": "12.77200", "2009-06-30": "14.57700", "2009-03-31": "16.26000", "2008-12-31": "4.62300", "2008-09-30": "27.38300", "2008-06-30": "27.00400", "2008-03-31": "21.36600", "2007-12-31": "23.91000", "2007-09-30": "20.66300", "2007-06-30": "24.02400", "2007-03-31": "22.07700", "2006-12-31": "24.83500", "2006-09-30": "23.29200", "2006-06-30": "23.20700", "2006-03-31": "20.23700", "2005-12-31": "17.34300", "2005-09-30": "23.09500", "2005-06-30": "21.72300", "2005-03-31": "20.85100"}, "Other Operating Income Or Expenses": {"2020-09-30": "-17.57100", "2020-06-30": "-4.23900", "2020-03-31": "-1.64200", "2019-12-31": "-6.33300", "2019-09-30": "-4.00200", "2019-06-30": "-3.62100", "2019-03-31": "-5.13600", "2018-12-31": "9.32600", "2018-09-30": "-5.78000", "2018-06-30": "-4.36600", "2018-03-31": "-2.95800", "2017-12-31": "-40.36900", "2017-09-30": "-2.27200", "2017-06-30": "-2.65000", "2017-03-31": "-1.73800", "2016-12-31": "-5.65600", "2016-09-30": "-1.54300", "2016-06-30": "-5.52600", "2016-03-31": "-1.57000", "2015-12-31": "-2.84700", "2015-09-30": "-3.59000", "2015-06-30": "-2.91200", "2015-03-31": "-1.01900", "2014-12-31": "-5.70900", "2014-09-30": "-2.76200", "2014-06-30": "-3.58200", "2014-03-31": "-2.29600", "2013-12-31": "-1.12400", "2013-09-30": "-2.15800", "2013-06-30": "-2.05200", "2013-03-31": "-2.06900", "2012-12-31": "-0.79200", "2012-09-30": "-4.44000", "2012-06-30": "-1.31800", "2012-03-31": "-11.81500", "2011-12-31": "-5.64500", "2011-09-30": "-3.83800", "2011-06-30": "-4.92200", "2011-03-31": "-3.89700", "2010-12-31": "-7.12800", "2010-09-30": "-4.41600", "2010-06-30": "4.48500", "2010-03-31": "-2.27300", "2009-12-31": "-1.98300", "2009-09-30": "-7.63700", "2009-06-30": "-3.74800", "2009-03-31": "-1.58300", "2008-12-31": "-94.86000", "2008-09-30": "-1.34300", "2008-06-30": "-10.93300", "2008-03-31": "-5.75100", "2007-12-31": "-25.52900", "2007-09-30": "4.95300", "2007-06-30": "3.12800", "2007-03-31": "-2.97000", "2006-12-31": "-7.05300", "2006-09-30": "-0.29400", "2006-06-30": "-1.61500", "2006-03-31": "-3.98900", "2005-12-31": "1.70900", "2005-09-30": "-0.33000", "2005-06-30": "0.99900", "2005-03-31": "0.63300"}, "Operating Expenses": {"2020-09-30": "201.68600", "2020-06-30": "186.86800", "2020-03-31": "188.89000", "2019-12-31": "193.40390", "2019-09-30": "191.20000", "2019-06-30": "184.09600", "2019-03-31": "188.82100", "2018-12-31": "165.95810", "2018-09-30": "195.52700", "2018-06-30": "200.82600", "2018-03-31": "194.34300", "2017-12-31": "237.94600", "2017-09-30": "195.43000", "2017-06-30": "189.38600", "2017-03-31": "188.69200", "2016-12-31": "189.39900", "2016-09-30": "190.17200", "2016-06-30": "186.78200", "2016-03-31": "182.70500", "2015-12-31": "180.39100", "2015-09-30": "182.36600", "2015-06-30": "179.14000", "2015-03-31": "183.19800", "2014-12-31": "178.36600", "2014-09-30": "179.37600", "2014-06-30": "180.62100", "2014-03-31": "183.65000", "2013-12-31": "177.70490", "2013-09-30": "179.43100", "2013-06-30": "183.03300", "2013-03-31": "184.86500", "2012-12-31": "158.09990", "2012-09-30": "203.99400", "2012-06-30": "205.15000", "2012-03-31": "212.25100", "2011-12-31": "125.80700", "2011-09-30": "213.03500", "2011-06-30": "212.85400", "2011-03-31": "227.36800", "2010-12-31": "123.49890", "2010-09-30": "237.61100", "2010-06-30": "241.77500", "2010-03-31": "253.07200", "2009-12-31": "177.89900", "2009-09-30": "268.13600", "2009-06-30": "257.14300", "2009-03-31": "262.12200", "2008-12-31": "253.88890", "2008-09-30": "292.71800", "2008-06-30": "291.85300", "2008-03-31": "298.10300", "2007-12-31": "49.92510", "2007-09-30": "296.63000", "2007-06-30": "308.60400", "2007-03-31": "334.49900", "2006-12-31": "84.00610", "2006-09-30": "323.62700", "2006-06-30": "317.69700", "2006-03-31": "318.72200", "2005-12-31": "214.26810", "2005-09-30": "301.02900", "2005-06-30": "281.48800", "2005-03-31": "281.76500"}, "Operating Income": {"2020-09-30": "13.76900", "2020-06-30": "31.94000", "2020-03-31": "35.66200", "2019-12-31": "36.62810", "2019-09-30": "38.62700", "2019-06-30": "40.10400", "2019-03-31": "41.41400", "2018-12-31": "66.06380", "2018-09-30": "46.95400", "2018-06-30": "49.36100", "2018-03-31": "53.37700", "2017-12-31": "17.28300", "2017-09-30": "59.20500", "2017-06-30": "59.70600", "2017-03-31": "57.78900", "2016-12-31": "60.09400", "2016-09-30": "58.73200", "2016-06-30": "64.43600", "2016-03-31": "63.53400", "2015-12-31": "65.48400", "2015-09-30": "64.02100", "2015-06-30": "65.64300", "2015-03-31": "61.06700", "2014-12-31": "63.81200", "2014-09-30": "67.46700", "2014-06-30": "65.79700", "2014-03-31": "65.27400", "2013-12-31": "73.15610", "2013-09-30": "64.51200", "2013-06-30": "58.71200", "2013-03-31": "52.63900", "2012-12-31": "41.95810", "2012-09-30": "48.85100", "2012-06-30": "48.13800", "2012-03-31": "40.06900", "2011-12-31": "10.68400", "2011-09-30": "41.42400", "2011-06-30": "46.51200", "2011-03-31": "36.67100", "2010-12-31": "8.50010", "2010-09-30": "35.58100", "2010-06-30": "34.74900", "2010-03-31": "23.75300", "2009-12-31": "-0.69200", "2009-09-30": "17.26100", "2009-06-30": "34.50400", "2009-03-31": "31.32900", "2008-12-31": "-123.83290", "2008-09-30": "51.69600", "2008-06-30": "64.70700", "2008-03-31": "49.74500", "2007-12-31": "-32.04810", "2007-09-30": "63.13800", "2007-06-30": "80.13400", "2007-03-31": "73.57500", "2006-12-31": "-26.79110", "2006-09-30": "82.21700", "2006-06-30": "90.52700", "2006-03-31": "84.15800", "2005-12-31": "53.23990", "2005-09-30": "67.34500", "2005-06-30": "75.77700", "2005-03-31": "70.78000"}, "Total Non-Operating Income/Expense": {"2020-09-30": "-40.33100", "2020-06-30": "8.38500", "2020-03-31": "-29.91800", "2019-12-31": "104.94500", "2019-09-30": "-37.75300", "2019-06-30": "28.06500", "2019-03-31": "252.86200", "2018-12-31": "-56.63290", "2018-09-30": "583.16890", "2018-06-30": "-46.51200", "2018-03-31": "7.79600", "2017-12-31": "253.82900", "2017-09-30": "-41.69800", "2017-06-30": "-44.64600", "2017-03-31": "-45.22500", "2016-12-31": "352.15800", "2016-09-30": "-46.65600", "2016-06-30": "-42.14500", "2016-03-31": "-45.72200", "2015-12-31": "-46.73700", "2015-09-30": "-48.53100", "2015-06-30": "-47.55000", "2015-03-31": "-49.53100", "2014-12-31": "-51.44300", "2014-09-30": "-54.28600", "2014-06-30": "-53.20100", "2014-03-31": "-55.99200", "2013-12-31": "-48.49500", "2013-09-30": "-57.62400", "2013-06-30": "-56.06600", "2013-03-31": "-54.19700", "2012-12-31": "-36.93200", "2012-09-30": "-42.96800", "2012-06-30": "-55.85300", "2012-03-31": "-62.87700", "2011-12-31": "-48.19300", "2011-09-30": "-66.58800", "2011-06-30": "-91.93400", "2011-03-31": "-70.75400", "2010-12-31": "-52.53100", "2010-09-30": "-86.95800", "2010-06-30": "-76.40000", "2010-03-31": "-64.31000", "2009-12-31": "-75.31000", "2009-09-30": "-74.94600", "2009-06-30": "-80.88200", "2009-03-31": "-69.24200", "2008-12-31": "-60.69500", "2008-09-30": "17.35900", "2008-06-30": "-88.67200", "2008-03-31": "-84.80700", "2007-12-31": "-0.68500", "2007-09-30": "-87.23200", "2007-06-30": "-86.22800", "2007-03-31": "-76.55800", "2006-12-31": "-6.87500", "2006-09-30": "-98.30100", "2006-06-30": "-96.68700", "2006-03-31": "-83.85500", "2005-12-31": "-67.53100", "2005-09-30": "-79.81900", "2005-06-30": "-78.21100", "2005-03-31": "-75.91400"}, "Pre-Tax Income": {"2020-09-30": "-26.56200", "2020-06-30": "40.32500", "2020-03-31": "5.74400", "2019-12-31": "141.57300", "2019-09-30": "0.87400", "2019-06-30": "68.16900", "2019-03-31": "294.27600", "2018-12-31": "9.43100", "2018-09-30": "630.12300", "2018-06-30": "2.84900", "2018-03-31": "61.17300", "2017-12-31": "271.11200", "2017-09-30": "17.50700", "2017-06-30": "15.06000", "2017-03-31": "12.56400", "2016-12-31": "412.25200", "2016-09-30": "12.07600", "2016-06-30": "22.29100", "2016-03-31": "17.81200", "2015-12-31": "18.74700", "2015-09-30": "15.49000", "2015-06-30": "18.09300", "2015-03-31": "11.53600", "2014-12-31": "12.36900", "2014-09-30": "13.18100", "2014-06-30": "12.59600", "2014-03-31": "9.28200", "2013-12-31": "24.66100", "2013-09-30": "6.88800", "2013-06-30": "2.64600", "2013-03-31": "-1.55800", "2012-12-31": "5.02600", "2012-09-30": "5.88300", "2012-06-30": "-7.71500", "2012-03-31": "-22.80800", "2011-12-31": "-37.50900", "2011-09-30": "-25.16400", "2011-06-30": "-45.42200", "2011-03-31": "-34.08300", "2010-12-31": "-44.03100", "2010-09-30": "-51.37700", "2010-06-30": "-41.65100", "2010-03-31": "-40.55700", "2009-12-31": "-76.00200", "2009-09-30": "-57.68500", "2009-06-30": "-46.37800", "2009-03-31": "-37.91300", "2008-12-31": "-184.52800", "2008-09-30": "69.05500", "2008-06-30": "-23.96500", "2008-03-31": "-35.06200", "2007-12-31": "-32.73310", "2007-09-30": "-24.09400", "2007-06-30": "-6.09400", "2007-03-31": "-2.98300", "2006-12-31": "-33.66600", "2006-09-30": "-16.08400", "2006-06-30": "-6.16000", "2006-03-31": "0.30300", "2005-12-31": "-14.29110", "2005-09-30": "-12.47400", "2005-06-30": "-2.43400", "2005-03-31": "-5.13400"}, "Income Taxes": {"2020-09-30": "-1.74700", "2020-06-30": "-2.87900", "2020-03-31": "-3.23300", "2019-12-31": "-1.19300", "2019-09-30": "-3.09600", "2019-06-30": "-1.82700", "2019-03-31": "2.98100", "2018-12-31": "-0.40900", "2018-09-30": "26.20600", "2018-06-30": "-4.30700", "2018-03-31": "-34.51700", "2017-12-31": "-15.95800", "2017-09-30": "-4.87000", "2017-06-30": "-5.02300", "2017-03-31": "-4.98500", "2016-12-31": "-2.37300", "2016-09-30": "-3.46200", "2016-06-30": "-7.12100", "2016-03-31": "-5.88600", "2015-12-31": "-6.51000", "2015-09-30": "-8.27900", "2015-06-30": "-5.81400", "2015-03-31": "-6.92100", "2014-12-31": "-6.93700", "2014-09-30": "-5.00500", "2014-06-30": "-5.34700", "2014-03-31": "-2.75800", "2013-12-31": "-2.14600", "2013-09-30": "-0.08700", "2013-06-30": "0.16900", "2013-03-31": "0.10500", "2012-12-31": "-0.35900", "2012-09-30": "-0.04000", "2012-06-30": "-0.23400", "2012-03-31": "-0.22500", "2011-12-31": "-0.77700", "2011-09-30": "-0.89300", "2011-06-30": "-1.85900", "2011-03-31": "-2.41200", "2010-12-31": "-5.44500", "2010-09-30": "-4.38500", "2010-06-30": "-3.38500", "2010-03-31": "-3.62400", "2009-12-31": "-12.80000", "2009-09-30": "-2.72500", "2009-06-30": "-2.47300", "2009-03-31": "-2.47500", "2008-12-31": "-45.45900", "2008-09-30": "-6.06200", "2008-06-30": "-3.28100", "2008-03-31": "-1.77200", "2007-12-31": "", "2007-09-30": "", "2007-06-30": "", "2007-03-31": "", "2006-12-31": "", "2006-09-30": "", "2006-06-30": "", "2006-03-31": "", "2005-12-31": "", "2005-09-30": "", "2005-06-30": "", "2005-03-31": ""}, "Income After Taxes": {"2020-09-30": "-24.81500", "2020-06-30": "43.20400", "2020-03-31": "8.97700", "2019-12-31": "142.76600", "2019-09-30": "3.97000", "2019-06-30": "69.99600", "2019-03-31": "291.29500", "2018-12-31": "9.84000", "2018-09-30": "603.91700", "2018-06-30": "7.15600", "2018-03-31": "95.69000", "2017-12-31": "287.07000", "2017-09-30": "22.37700", "2017-06-30": "20.08300", "2017-03-31": "17.54900", "2016-12-31": "414.62500", "2016-09-30": "15.53800", "2016-06-30": "29.41200", "2016-03-31": "23.69800", "2015-12-31": "25.25700", "2015-09-30": "23.76900", "2015-06-30": "23.90700", "2015-03-31": "18.45700", "2014-12-31": "19.30600", "2014-09-30": "18.18600", "2014-06-30": "17.94300", "2014-03-31": "12.04000", "2013-12-31": "26.80700", "2013-09-30": "6.97500", "2013-06-30": "2.47700", "2013-03-31": "-1.66300", "2012-12-31": "5.38500", "2012-09-30": "5.92300", "2012-06-30": "-7.48100", "2012-03-31": "-22.58300", "2011-12-31": "-36.73200", "2011-09-30": "-24.27100", "2011-06-30": "-43.56300", "2011-03-31": "-31.67100", "2010-12-31": "-38.58600", "2010-09-30": "-46.99200", "2010-06-30": "-38.26600", "2010-03-31": "-36.93300", "2009-12-31": "-63.20200", "2009-09-30": "-54.96000", "2009-06-30": "-43.90500", "2009-03-31": "-35.43800", "2008-12-31": "-139.06900", "2008-09-30": "75.11700", "2008-06-30": "-20.68400", "2008-03-31": "-33.29000", "2007-12-31": "-12.93810", "2007-09-30": "-24.09400", "2007-06-30": "-6.09400", "2007-03-31": "-2.98300", "2006-12-31": "-22.57100", "2006-09-30": "-16.08400", "2006-06-30": "-6.16000", "2006-03-31": "0.30300", "2005-12-31": "-14.29110", "2005-09-30": "-12.47400", "2005-06-30": "-2.43400", "2005-03-31": "-5.13400"}, "Other Income": {"2020-09-30": "", "2020-06-30": "", "2020-03-31": "", "2019-12-31": "", "2019-09-30": "", "2019-06-30": "", "2019-03-31": "", "2018-12-31": "", "2018-09-30": "", "2018-06-30": "", "2018-03-31": "", "2017-12-31": "", "2017-09-30": "", "2017-06-30": "", "2017-03-31": "", "2016-12-31": "", "2016-09-30": "", "2016-06-30": "", "2016-03-31": "", "2015-12-31": "", "2015-09-30": "", "2015-06-30": "", "2015-03-31": "", "2014-12-31": "", "2014-09-30": "", "2014-06-30": "", "2014-03-31": "", "2013-12-31": "", "2013-09-30": "", "2013-06-30": "", "2013-03-31": "", "2012-12-31": "", "2012-09-30": "", "2012-06-30": "", "2012-03-31": "", "2011-12-31": "", "2011-09-30": "", "2011-06-30": "", "2011-03-31": "", "2010-12-31": "", "2010-09-30": "", "2010-06-30": "", "2010-03-31": "", "2009-12-31": "", "2009-09-30": "", "2009-06-30": "", "2009-03-31": "", "2008-12-31": "", "2008-09-30": "", "2008-06-30": "", "2008-03-31": "", "2007-12-31": "", "2007-09-30": "", "2007-06-30": "", "2007-03-31": "", "2006-12-31": "", "2006-09-30": "", "2006-06-30": "", "2006-03-31": "", "2005-12-31": "", "2005-09-30": "", "2005-06-30": "", "2005-03-31": ""}, "Income From Continuous Operations": {"2020-09-30": "-24.81500", "2020-06-30": "43.20400", "2020-03-31": "8.97700", "2019-12-31": "142.76600", "2019-09-30": "3.97000", "2019-06-30": "69.99600", "2019-03-31": "291.29500", "2018-12-31": "9.84000", "2018-09-30": "603.91700", "2018-06-30": "7.15600", "2018-03-31": "95.69000", "2017-12-31": "287.07000", "2017-09-30": "22.37700", "2017-06-30": "20.08300", "2017-03-31": "17.54900", "2016-12-31": "414.62500", "2016-09-30": "15.53800", "2016-06-30": "29.41200", "2016-03-31": "23.69800", "2015-12-31": "25.25700", "2015-09-30": "23.76900", "2015-06-30": "23.90700", "2015-03-31": "18.45700", "2014-12-31": "19.30600", "2014-09-30": "18.18600", "2014-06-30": "17.94300", "2014-03-31": "12.04000", "2013-12-31": "26.80700", "2013-09-30": "6.97500", "2013-06-30": "2.47700", "2013-03-31": "-1.66300", "2012-12-31": "5.38500", "2012-09-30": "5.92300", "2012-06-30": "-7.48100", "2012-03-31": "-22.58300", "2011-12-31": "-36.73200", "2011-09-30": "-24.27100", "2011-06-30": "-43.56300", "2011-03-31": "-31.67100", "2010-12-31": "-38.58600", "2010-09-30": "-46.99200", "2010-06-30": "-38.26600", "2010-03-31": "-36.93300", "2009-12-31": "-63.20200", "2009-09-30": "-54.96000", "2009-06-30": "-43.90500", "2009-03-31": "-35.43800", "2008-12-31": "-139.06900", "2008-09-30": "75.11700", "2008-06-30": "-20.68400", "2008-03-31": "-33.29000", "2007-12-31": "-12.92800", "2007-09-30": "-21.41500", "2007-06-30": "-5.72100", "2007-03-31": "-6.04500", "2006-12-31": "-15.75500", "2006-09-30": "-35.95900", "2006-06-30": "-4.18500", "2006-03-31": "5.79500", "2005-12-31": "-15.14900", "2005-09-30": "-7.15700", "2005-06-30": "-0.75400", "2005-03-31": "-1.03500"}, "Income From Discontinued Operations": {"2020-09-30": "", "2020-06-30": "", "2020-03-31": "", "2019-12-31": "", "2019-09-30": "", "2019-06-30": "", "2019-03-31": "", "2018-12-31": "", "2018-09-30": "", "2018-06-30": "", "2018-03-31": "", "2017-12-31": "", "2017-09-30": "", "2017-06-30": "", "2017-03-31": "", "2016-12-31": "", "2016-09-30": "", "2016-06-30": "", "2016-03-31": "", "2015-12-31": "", "2015-09-30": "", "2015-06-30": "", "2015-03-31": "", "2014-12-31": "", "2014-09-30": "126.32900", "2014-06-30": "", "2014-03-31": "69.49200", "2013-12-31": "121.79600", "2013-09-30": "72.43500", "2013-06-30": "4.50200", "2013-03-31": "4.49600", "2012-12-31": "91.86300", "2012-09-30": "47.41200", "2012-06-30": "41.61200", "2012-03-31": "33.23000", "2011-12-31": "28.15900", "2011-09-30": "28.92800", "2011-06-30": "16.59200", "2011-03-31": "4.39400", "2010-12-31": "4.37400", "2010-09-30": "18.51000", "2010-06-30": "28.09600", "2010-03-31": "20.17300", "2009-12-31": "68.15500", "2009-09-30": "45.40400", "2009-06-30": "36.27900", "2009-03-31": "2.86700", "2008-12-31": "210.86100", "2008-09-30": "162.26900", "2008-06-30": "363.63900", "2008-03-31": "8.15900", "2007-12-31": "96.23800", "2007-09-30": "19.07400", "2007-06-30": "25.05000", "2007-03-31": "31.25300", "2006-12-31": "98.25400", "2006-09-30": "11.08400", "2006-06-30": "39.27700", "2006-03-31": "78.27600", "2005-12-31": "30.18100", "2005-09-30": "33.50900", "2005-06-30": "28.32000", "2005-03-31": "3.06700"}, "Net Income": {"2020-09-30": "-25.04600", "2020-06-30": "39.21200", "2020-03-31": "6.67900", "2019-12-31": "133.33900", "2019-09-30": "2.00300", "2019-06-30": "59.23400", "2019-03-31": "271.56800", "2018-12-31": "5.22600", "2018-09-30": "567.02900", "2018-06-30": "2.81700", "2018-03-31": "81.52500", "2017-12-31": "262.09700", "2017-09-30": "17.43000", "2017-06-30": "15.84300", "2017-03-31": "11.49100", "2016-12-31": "162.00000", "2016-09-30": "11.17600", "2016-06-30": "221.38200", "2016-03-31": "23.22300", "2015-12-31": "66.63900", "2015-09-30": "19.17900", "2015-06-30": "60.80400", "2015-03-31": "89.34400", "2014-12-31": "36.27000", "2014-09-30": "124.70600", "2014-06-30": "75.01000", "2014-03-31": "64.23400", "2013-12-31": "122.24800", "2013-09-30": "66.26800", "2013-06-30": "10.10700", "2013-03-31": "5.05000", "2012-12-31": "68.06900", "2012-09-30": "24.16300", "2012-06-30": "0.52300", "2012-03-31": "-10.60900", "2011-12-31": "-23.41000", "2011-09-30": "-14.80100", "2011-06-30": "-33.17700", "2011-03-31": "-31.77300", "2010-12-31": "-38.38300", "2010-09-30": "-28.50000", "2010-06-30": "-17.99500", "2010-03-31": "-40.44000", "2009-12-31": "-6.73100", "2009-09-30": "-40.49000", "2009-06-30": "-29.92100", "2009-03-31": "-37.69800", "2008-12-31": "-8.51400", "2008-09-30": "159.54400", "2008-06-30": "239.14000", "2008-03-31": "-38.85600", "2007-12-31": "-31.06800", "2007-09-30": "-21.36100", "2007-06-30": "2.98300", "2007-03-31": "8.86000", "2006-12-31": "66.11100", "2006-09-30": "-46.53100", "2006-06-30": "16.05800", "2006-03-31": "60.01700", "2005-12-31": "-6.66100", "2005-09-30": "4.65900", "2005-06-30": "5.87300", "2005-03-31": "-20.83700"}, "EBITDA": {"2020-09-30": "112.01800", "2020-06-30": "129.62900", "2020-03-31": "136.13800", "2019-12-31": "141.40110", "2019-09-30": "136.16500", "2019-06-30": "132.02800", "2019-03-31": "134.97900", "2018-12-31": "166.43390", "2018-09-30": "143.36000", "2018-06-30": "146.84600", "2018-03-31": "145.92500", "2017-12-31": "120.29700", "2017-09-30": "151.71800", "2017-06-30": "148.86100", "2017-03-31": "144.95700", "2016-12-31": "152.86400", "2016-09-30": "143.58000", "2016-06-30": "145.11600", "2016-03-31": "143.36200", "2015-12-31": "150.15190", "2015-09-30": "141.25800", "2015-06-30": "140.79300", "2015-03-31": "135.49900", "2014-12-31": "139.09090", "2014-09-30": "136.90400", "2014-06-30": "137.19600", "2014-03-31": "135.58100", "2013-12-31": "148.39310", "2013-09-30": "136.55200", "2013-06-30": "132.54400", "2013-03-31": "128.35500", "2012-12-31": "119.22710", "2012-09-30": "128.00400", "2012-06-30": "135.30100", "2012-03-31": "126.70100", "2011-12-31": "80.54400", "2011-09-30": "121.61200", "2011-06-30": "131.42600", "2011-03-31": "130.63800", "2010-12-31": "75.09310", "2010-09-30": "134.55500", "2010-06-30": "135.80600", "2010-03-31": "128.78800", "2009-12-31": "88.26800", "2009-09-30": "126.31600", "2009-06-30": "142.25000", "2009-03-31": "136.18900", "2008-12-31": "-42.59590", "2008-09-30": "151.70500", "2008-06-30": "165.86600", "2008-03-31": "153.24500", "2007-12-31": "4.66790", "2007-09-30": "159.90600", "2007-06-30": "183.53200", "2007-03-31": "192.10000", "2006-12-31": "21.98690", "2006-09-30": "197.65400", "2006-06-30": "204.27900", "2006-03-31": "189.86700", "2005-12-31": "139.81790", "2005-09-30": "167.38100", "2005-06-30": "170.11200", "2005-03-31": "164.05700"}, "EBIT": {"2020-09-30": "13.76900", "2020-06-30": "31.94000", "2020-03-31": "35.66200", "2019-12-31": "36.62810", "2019-09-30": "38.62700", "2019-06-30": "40.10400", "2019-03-31": "41.41400", "2018-12-31": "66.06390", "2018-09-30": "46.95400", "2018-06-30": "49.36100", "2018-03-31": "53.37700", "2017-12-31": "17.28310", "2017-09-30": "59.20500", "2017-06-30": "59.70600", "2017-03-31": "57.78900", "2016-12-31": "60.09400", "2016-09-30": "58.73200", "2016-06-30": "64.43600", "2016-03-31": "63.53400", "2015-12-31": "65.48400", "2015-09-30": "64.02100", "2015-06-30": "65.64300", "2015-03-31": "61.06700", "2014-12-31": "63.81200", "2014-09-30": "67.46700", "2014-06-30": "65.79700", "2014-03-31": "65.27400", "2013-12-31": "73.15600", "2013-09-30": "64.51200", "2013-06-30": "58.71200", "2013-03-31": "52.63900", "2012-12-31": "41.95810", "2012-09-30": "48.85100", "2012-06-30": "48.13800", "2012-03-31": "40.06900", "2011-12-31": "10.68400", "2011-09-30": "41.42400", "2011-06-30": "46.51200", "2011-03-31": "36.67100", "2010-12-31": "8.50000", "2010-09-30": "35.58100", "2010-06-30": "34.74900", "2010-03-31": "23.75300", "2009-12-31": "-0.69200", "2009-09-30": "17.26100", "2009-06-30": "34.50400", "2009-03-31": "31.32900", "2008-12-31": "-123.83290", "2008-09-30": "51.69600", "2008-06-30": "64.70700", "2008-03-31": "49.74500", "2007-12-31": "-32.04810", "2007-09-30": "63.13800", "2007-06-30": "80.13400", "2007-03-31": "73.57500", "2006-12-31": "-26.79110", "2006-09-30": "82.21700", "2006-06-30": "90.52700", "2006-03-31": "84.15800", "2005-12-31": "53.23990", "2005-09-30": "67.34500", "2005-06-30": "75.77700", "2005-03-31": "70.78000"}, "Basic Shares Outstanding": {"2020-09-30": "119.96410", "2020-06-30": "119.95690", "2020-03-31": "119.94310", "2019-12-31": "119.29710", "2019-09-30": "119.87530", "2019-06-30": "119.82120", "2019-03-31": "116.48180", "2018-12-31": "122.07040", "2018-09-30": "122.73180", "2018-06-30": "122.72530", "2018-03-31": "122.65180", "2017-12-31": "122.42810", "2017-09-30": "122.42050", "2017-06-30": "122.41970", "2017-03-31": "122.38370", "2016-12-31": "122.18160", "2016-09-30": "122.24270", "2016-06-30": "122.47450", "2016-03-31": "122.01720", "2015-12-31": "121.53630", "2015-09-30": "121.89810", "2015-06-30": "121.80800", "2015-03-31": "120.47420", "2014-12-31": "114.06600", "2014-09-30": "114.09180", "2014-06-30": "114.08010", "2014-03-31": "113.93600", "2013-12-31": "113.79340", "2013-09-30": "113.82710", "2013-06-30": "113.81690", "2013-03-31": "113.69790", "2012-12-31": "105.32540", "2012-09-30": "113.53340", "2012-06-30": "99.77710", "2012-03-31": "94.39720", "2011-12-31": "93.44640", "2011-09-30": "94.25080", "2011-06-30": "93.32420", "2011-03-31": "91.88630", "2010-12-31": "91.14140", "2010-09-30": "91.19230", "2010-06-30": "91.10540", "2010-03-31": "90.87980", "2009-12-31": "89.52170", "2009-09-30": "90.51020", "2009-06-30": "90.46870", "2009-03-31": "86.35840", "2008-12-31": "69.46290", "2008-09-30": "92.56140", "2008-06-30": "96.71400", "2008-03-31": "100.22040", "2007-12-31": "74.48880", "2007-09-30": "83.18320", "2007-06-30": "78.70800", "2007-03-31": "78.70800", "2006-12-31": "110.47420", "2006-09-30": "75.23600", "2006-06-30": "75.24380", "2006-03-31": "74.54830", "2005-12-31": "77.06560", "2005-09-30": "73.65390", "2005-06-30": "73.47060", "2005-03-31": "73.18950"}, "Shares Outstanding": {"2020-09-30": "119.96410", "2020-06-30": "119.97140", "2020-03-31": "120.15960", "2019-12-31": "119.47960", "2019-09-30": "120.03840", "2019-06-30": "120.00860", "2019-03-31": "116.65380", "2018-12-31": "122.21730", "2018-09-30": "122.91110", "2018-06-30": "122.83030", "2018-03-31": "122.75520", "2017-12-31": "122.80370", "2017-09-30": "122.83480", "2017-06-30": "122.74080", "2017-03-31": "122.77140", "2016-12-31": "122.48710", "2016-09-30": "122.59360", "2016-06-30": "122.80190", "2016-03-31": "122.27250", "2015-12-31": "121.84410", "2015-09-30": "122.18710", "2015-06-30": "122.14480", "2015-03-31": "120.83140", "2014-12-31": "114.35030", "2014-09-30": "114.43020", "2014-06-30": "114.33700", "2014-03-31": "114.09890", "2013-12-31": "113.98220", "2013-09-30": "114.00650", "2013-06-30": "114.09340", "2013-03-31": "113.69790", "2012-12-31": "105.32540", "2012-09-30": "113.53340", "2012-06-30": "99.77710", "2012-03-31": "94.39720", "2011-12-31": "93.44640", "2011-09-30": "94.25080", "2011-06-30": "93.32420", "2011-03-31": "91.88630", "2010-12-31": "91.14140", "2010-09-30": "91.19230", "2010-06-30": "91.10540", "2010-03-31": "90.87980", "2009-12-31": "89.52170", "2009-09-30": "90.51020", "2009-06-30": "90.46870", "2009-03-31": "86.35840", "2008-12-31": "69.46290", "2008-09-30": "92.85120", "2008-06-30": "96.71400", "2008-03-31": "100.22040", "2007-12-31": "74.48880", "2007-09-30": "83.18320", "2007-06-30": "78.70800", "2007-03-31": "78.70800", "2006-12-31": "110.47420", "2006-09-30": "75.23600", "2006-06-30": "75.24380", "2006-03-31": "74.54830", "2005-12-31": "77.06560", "2005-09-30": "73.65390", "2005-06-30": "73.47060", "2005-03-31": "73.18950"}, "Basic EPS": {"2020-09-30": "-0.21050", "2020-06-30": "0.32190", "2020-03-31": "0.04950", "2019-12-31": "1.07730", "2019-09-30": "0.01240", "2019-06-30": "0.49530", "2019-03-31": "2.32790", "2018-12-31": "0.06190", "2018-09-30": "4.61860", "2018-06-30": "0.02480", "2018-03-31": "0.66860", "2017-12-31": "2.14370", "2017-09-30": "0.14040", "2017-06-30": "0.12770", "2017-03-31": "0.08940", "2016-12-31": "1.32790", "2016-09-30": "0.08940", "2016-06-30": "1.81310", "2016-03-31": "0.19150", "2015-12-31": "0.54900", "2015-09-30": "0.15320", "2015-06-30": "0.49800", "2015-03-31": "0.74050", "2014-12-31": "0.31920", "2014-09-30": "1.09800", "2014-06-30": "0.65120", "2014-03-31": "0.56180", "2013-12-31": "1.07250", "2013-09-30": "0.58730", "2013-06-30": "0.08940", "2013-03-31": "0.03830", "2012-12-31": "0.67670", "2012-09-30": "0.21710", "2012-06-30": "0.00000", "2012-03-31": "-0.11490", "2011-12-31": "-0.24260", "2011-09-30": "-0.15320", "2011-06-30": "-0.35750", "2011-03-31": "-0.34470", "2010-12-31": "-0.42130", "2010-09-30": "-0.31920", "2010-06-30": "-0.19150", "2010-03-31": "-0.44690", "2009-12-31": "-0.06380", "2009-09-30": "-0.44690", "2009-06-30": "-0.33200", "2009-03-31": "-0.43410", "2008-12-31": "1.23850", "2008-09-30": "1.72370", "2008-06-30": "2.47700", "2008-03-31": "-0.38300", "2007-12-31": "-0.44690", "2007-09-30": "-0.25540", "2007-06-30": "0.03830", "2007-03-31": "0.11490", "2006-12-31": "0.45960", "2006-09-30": "-0.61290", "2006-06-30": "0.21710", "2006-03-31": "0.80440", "2005-12-31": "-0.07660", "2005-09-30": "0.06380", "2005-06-30": "0.07660", "2005-03-31": "-0.28090"}, "EPS - Earnings Per Share": {"2020-09-30": "-0.21050", "2020-06-30": "0.32190", "2020-03-31": "0.04950", "2019-12-31": "1.06490", "2019-09-30": "0.01240", "2019-06-30": "0.49530", "2019-03-31": "2.32790", "2018-12-31": "0.06190", "2018-09-30": "4.61860", "2018-06-30": "0.02480", "2018-03-31": "0.66860", "2017-12-31": "2.14370", "2017-09-30": "0.14040", "2017-06-30": "0.12770", "2017-03-31": "0.08940", "2016-12-31": "1.32790", "2016-09-30": "0.08940", "2016-06-30": "1.80030", "2016-03-31": "0.19150", "2015-12-31": "0.54900", "2015-09-30": "0.15320", "2015-06-30": "0.49800", "2015-03-31": "0.74050", "2014-12-31": "0.33200", "2014-09-30": "1.08530", "2014-06-30": "0.65120", "2014-03-31": "0.56180", "2013-12-31": "1.07250", "2013-09-30": "0.58730", "2013-06-30": "0.08940", "2013-03-31": "0.03830", "2012-12-31": "0.67670", "2012-09-30": "0.21710", "2012-06-30": "0.00000", "2012-03-31": "-0.11490", "2011-12-31": "-0.24260", "2011-09-30": "-0.15320", "2011-06-30": "-0.35750", "2011-03-31": "-0.34470", "2010-12-31": "-0.42130", "2010-09-30": "-0.31920", "2010-06-30": "-0.19150", "2010-03-31": "-0.44690", "2009-12-31": "-0.06380", "2009-09-30": "-0.44690", "2009-06-30": "-0.33200", "2009-03-31": "-0.43410", "2008-12-31": "1.23850", "2008-09-30": "1.72370", "2008-06-30": "2.47700", "2008-03-31": "-0.38300", "2007-12-31": "-0.44690", "2007-09-30": "-0.25540", "2007-06-30": "0.03830", "2007-03-31": "0.11490", "2006-12-31": "0.45960", "2006-09-30": "-0.61290", "2006-06-30": "0.21710", "2006-03-31": "0.80440", "2005-12-31": "-0.07660", "2005-09-30": "0.06380", "2005-06-30": "0.07660", "2005-03-31": "-0.28090"}}, "balance sheet": {"Cash On Hand": {"2019-12-31": "177.70200", "2018-12-31": "72.59500", "2017-12-31": "142.54100", "2016-12-31": "131.15000", "2015-12-31": "137.74500", "2014-12-31": "120.41600", "2013-12-31": "182.78800", "2012-12-31": "229.99800", "2011-12-31": "275.03600", "2010-12-31": "310.51500", "2009-12-31": "299.92000", "2008-12-31": "552.99100", "2007-12-31": "524.15500", "2006-12-31": "575.85300", "2005-12-31": "445.41400"}, "Receivables": {"2019-12-31": "", "2018-12-31": "", "2017-12-31": "", "2016-12-31": "", "2015-12-31": "", "2014-12-31": "", "2013-12-31": "", "2012-12-31": "", "2011-12-31": "41.79600", "2010-12-31": "49.85500", "2009-12-31": "83.56600", "2008-12-31": "129.29600", "2007-12-31": "106.42100", "2006-12-31": "106.53600", "2005-12-31": "102.95900"}, "Inventory": {"2019-12-31": "", "2018-12-31": "", "2017-12-31": "", "2016-12-31": "", "2015-12-31": "", "2014-12-31": "", "2013-12-31": "", "2012-12-31": "", "2011-12-31": "", "2010-12-31": "", "2009-12-31": "", "2008-12-31": "", "2007-12-31": "", "2006-12-31": "", "2005-12-31": ""}, "Pre-Paid Expenses": {"2019-12-31": "", "2018-12-31": "", "2017-12-31": "", "2016-12-31": "", "2015-12-31": "", "2014-12-31": "", "2013-12-31": "", "2012-12-31": "", "2011-12-31": "", "2010-12-31": "", "2009-12-31": "", "2008-12-31": "", "2007-12-31": "", "2006-12-31": "", "2005-12-31": ""}, "Other Current Assets": {"2019-12-31": "", "2018-12-31": "", "2017-12-31": "", "2016-12-31": "", "2015-12-31": "", "2014-12-31": "", "2013-12-31": "", "2012-12-31": "", "2011-12-31": "", "2010-12-31": "", "2009-12-31": "", "2008-12-31": "", "2007-12-31": "", "2006-12-31": "", "2005-12-31": ""}, "Total Current Assets": {"2019-12-31": "177.70200", "2018-12-31": "72.59500", "2017-12-31": "142.54100", "2016-12-31": "131.15000", "2015-12-31": "137.74500", "2014-12-31": "120.41600", "2013-12-31": "182.78800", "2012-12-31": "332.89500", "2011-12-31": "428.03700", "2010-12-31": "477.09600", "2009-12-31": "523.05000", "2008-12-31": "844.75100", "2007-12-31": "808.81600", "2006-12-31": "862.38200", "2005-12-31": "749.33300"}, "Property, Plant, And Equipment": {"2019-12-31": "6019.30700", "2018-12-31": "5723.47500", "2017-12-31": "5405.39500", "2016-12-31": "5509.76000", "2015-12-31": "5529.46100", "2014-12-31": "5472.77900", "2013-12-31": "5391.20900", "2012-12-31": "5234.96100", "2011-12-31": "5590.32900", "2010-12-31": "6153.67100", "2009-12-31": "6711.32700", "2008-12-31": "7125.63700", "2007-12-31": "7887.04200", "2006-12-31": "8758.68900", "2005-12-31": "8189.23800"}, "Long-Term Investments": {"2019-12-31": "", "2018-12-31": "", "2017-12-31": "", "2016-12-31": "", "2015-12-31": "", "2014-12-31": "", "2013-12-31": "", "2012-12-31": "", "2011-12-31": "", "2010-12-31": "", "2009-12-31": "", "2008-12-31": "", "2007-12-31": "", "2006-12-31": "", "2005-12-31": ""}, "Goodwill And Intangible Assets": {"2019-12-31": "", "2018-12-31": "", "2017-12-31": "", "2016-12-31": "", "2015-12-31": "", "2014-12-31": "", "2013-12-31": "", "2012-12-31": "", "2011-12-31": "", "2010-12-31": "", "2009-12-31": "", "2008-12-31": "", "2007-12-31": "", "2006-12-31": "", "2005-12-31": ""}, "Other Long-Term Assets": {"2019-12-31": "631.73000", "2018-12-31": "393.93400", "2017-12-31": "531.10400", "2016-12-31": "591.90800", "2015-12-31": "451.47500", "2014-12-31": "503.83300", "2013-12-31": "505.41600", "2012-12-31": "833.52400", "2011-12-31": "853.49600", "2010-12-31": "643.67600", "2009-12-31": "579.79400", "2008-12-31": "1391.58800", "2007-12-31": "1830.36000", "2006-12-31": "598.28600", "2005-12-31": "1007.01600"}, "Total Long-Term Assets": {"2019-12-31": "6651.03700", "2018-12-31": "6117.40900", "2017-12-31": "5936.49900", "2016-12-31": "6101.66800", "2015-12-31": "5980.93600", "2014-12-31": "5976.61200", "2013-12-31": "5896.62500", "2012-12-31": "6068.48500", "2011-12-31": "6443.82500", "2010-12-31": "6901.47000", "2009-12-31": "7383.41800", "2008-12-31": "8597.11900", "2007-12-31": "9797.71600", "2006-12-31": "9427.39400", "2005-12-31": "9269.82600"}, "Total Assets": {"2019-12-31": "6828.73900", "2018-12-31": "6190.00400", "2017-12-31": "6079.04000", "2016-12-31": "6232.81800", "2015-12-31": "6118.68100", "2014-12-31": "6097.02800", "2013-12-31": "6079.41300", "2012-12-31": "6401.38000", "2011-12-31": "6871.86200", "2010-12-31": "7378.56600", "2009-12-31": "7906.46800", "2008-12-31": "9441.87000", "2007-12-31": "10606.53000", "2006-12-31": "10289.78000", "2005-12-31": "10019.16000"}, "Total Current Liabilities": {"2019-12-31": "360.57400", "2018-12-31": "226.23000", "2017-12-31": "232.83900", "2016-12-31": "281.56700", "2015-12-31": "353.60400", "2014-12-31": "320.99600", "2013-12-31": "330.75600", "2012-12-31": "344.35800", "2011-12-31": "315.05800", "2010-12-31": "324.44400", "2009-12-31": "316.14700", "2008-12-31": "634.23690", "2007-12-31": "506.27700", "2006-12-31": "464.96200", "2005-12-31": "369.74400"}, "Long Term Debt": {"2019-12-31": "4505.59000", "2018-12-31": "4075.66500", "2017-12-31": "4088.91100", "2016-12-31": "3884.63200", "2015-12-31": "3849.14100", "2014-12-31": "4135.13900", "2013-12-31": "4388.18500", "2012-12-31": "4413.08300", "2011-12-31": "4772.77400", "2010-12-31": "5181.53800", "2009-12-31": "5479.47600", "2008-12-31": "6069.80400", "2007-12-31": "6402.97200", "2006-12-31": "6633.52800", "2005-12-31": "6021.85700"}, "Other Non-Current Liabilities": {"2019-12-31": "", "2018-12-31": "23.17700", "2017-12-31": "", "2016-12-31": "18.45200", "2015-12-31": "64.10500", "2014-12-31": "110.85100", "2013-12-31": "107.77500", "2012-12-31": "408.99900", "2011-12-31": "555.97200", "2010-12-31": "462.38400", "2009-12-31": "459.48600", "2008-12-31": "1002.93200", "2007-12-31": "1392.53800", "2006-12-31": "449.41800", "2005-12-31": "476.04800"}, "Total Long Term Liabilities": {"2019-12-31": "4607.37000", "2018-12-31": "4200.13300", "2017-12-31": "4190.44800", "2016-12-31": "4006.28500", "2015-12-31": "4001.17200", "2014-12-31": "4333.92700", "2013-12-31": "4575.91300", "2012-12-31": "4902.12800", "2011-12-31": "5412.13000", "2010-12-31": "5747.35000", "2009-12-31": "6055.61800", "2008-12-31": "7160.88400", "2007-12-31": "8350.55100", "2006-12-31": "7484.92100", "2005-12-31": "6933.31300"}, "Total Liabilities": {"2019-12-31": "4967.94400", "2018-12-31": "4426.36300", "2017-12-31": "4423.28700", "2016-12-31": "4287.85200", "2015-12-31": "4354.77600", "2014-12-31": "4654.92300", "2013-12-31": "4906.66900", "2012-12-31": "5246.48600", "2011-12-31": "5727.18800", "2010-12-31": "6071.79400", "2009-12-31": "6371.76500", "2008-12-31": "7795.12100", "2007-12-31": "8856.82800", "2006-12-31": "7949.88300", "2005-12-31": "7303.05700"}, "Common Stock Net": {"2019-12-31": "1.48900", "2018-12-31": "1.44600", "2017-12-31": "1.57200", "2016-12-31": "1.56900", "2015-12-31": "1.56300", "2014-12-31": "1.46400", "2013-12-31": "1.45900", "2012-12-31": "1.45600", "2011-12-31": "1.20900", "2010-12-31": "1.17600", "2009-12-31": "1.16500", "2008-12-31": "1.00600", "2007-12-31": "1.35200", "2006-12-31": "1.01600", "2005-12-31": "0.95700"}, "Retained Earnings (Accumulated Deficit)": {"2019-12-31": "-1722.40200", "2018-12-31": "-1947.50700", "2017-12-31": "-2367.07300", "2016-12-31": "-2385.39900", "2015-12-31": "-2596.91700", "2014-12-31": "-2649.54200", "2013-12-31": "-2798.85300", "2012-12-31": "-2863.28700", "2011-12-31": "-2841.46700", "2010-12-31": "-2680.95500", "2009-12-31": "-2492.08200", "2008-12-31": "-2335.62800", "2007-12-31": "-2478.04900", "2006-12-31": "-1752.40600", "2005-12-31": "-1350.89900"}, "Comprehensive Income": {"2019-12-31": "4.19500", "2018-12-31": "4.79400", "2017-12-31": "3.60300", "2016-12-31": "1.01100", "2015-12-31": "-6.04000", "2014-12-31": "-6.45600", "2013-12-31": "-4.60200", "2012-12-31": "-3.54200", "2011-12-31": "-6.86000", "2010-12-31": "-2.07600", "2009-12-31": "-1.13800", "2008-12-31": "-2.24900", "2007-12-31": "", "2006-12-31": "", "2005-12-31": ""}, "Other Share Holders Equity": {"2019-12-31": "", "2018-12-31": "", "2017-12-31": "", "2016-12-31": "", "2015-12-31": "", "2014-12-31": "", "2013-12-31": "", "2012-12-31": "", "2011-12-31": "", "2010-12-31": "", "2009-12-31": "", "2008-12-31": "", "2007-12-31": "", "2006-12-31": "", "2005-12-31": ""}, "Share Holder Equity": {"2019-12-31": "1860.79500", "2018-12-31": "1763.64100", "2017-12-31": "1655.75300", "2016-12-31": "1944.96600", "2015-12-31": "1763.90500", "2014-12-31": "1442.10500", "2013-12-31": "1172.74400", "2012-12-31": "1154.89400", "2011-12-31": "1144.67400", "2010-12-31": "1306.77200", "2009-12-31": "1534.70300", "2008-12-31": "1646.74900", "2007-12-31": "1749.70400", "2006-12-31": "2339.89200", "2005-12-31": "2716.10300"}, "Total Liabilities And Share Holders Equity": {"2019-12-31": "6828.73900", "2018-12-31": "6190.00400", "2017-12-31": "6079.04000", "2016-12-31": "6232.81800", "2015-12-31": "6118.68100", "2014-12-31": "6097.02800", "2013-12-31": "6079.41300", "2012-12-31": "6401.38000", "2011-12-31": "6871.86200", "2010-12-31": "7378.56600", "2009-12-31": "7906.46800", "2008-12-31": "9441.87000", "2007-12-31": "10606.53000", "2006-12-31": "10289.78000", "2005-12-31": "10019.16000"}}, "balance sheet, quarterly": {"Cash On Hand": {"2020-09-30": "268.49100", "2020-06-30": "442.50800", "2020-03-31": "374.81600", "2019-12-31": "177.70200", "2019-09-30": "93.22500", "2019-06-30": "65.90700", "2019-03-31": "198.38900", "2018-12-31": "72.59500", "2018-09-30": "104.29900", "2018-06-30": "138.57100", "2018-03-31": "139.03100", "2017-12-31": "142.54100", "2017-09-30": "133.59600", "2017-06-30": "133.38100", "2017-03-31": "138.62300", "2016-12-31": "131.15000", "2016-09-30": "157.41900", "2016-06-30": "430.31700", "2016-03-31": "154.61200", "2015-12-31": "137.74500", "2015-09-30": "138.47100", "2015-06-30": "135.91800", "2015-03-31": "259.91800", "2014-12-31": "120.41600", "2014-09-30": "195.21000", "2014-06-30": "257.40600", "2014-03-31": "199.21800", "2013-12-31": "182.78800", "2013-09-30": "198.13300", "2013-06-30": "170.03500", "2013-03-31": "205.70100", "2012-12-31": "229.99800", "2012-09-30": "261.16400", "2012-06-30": "481.82800", "2012-03-31": "257.19700", "2011-12-31": "275.03600", "2011-09-30": "285.31200", "2011-06-30": "281.75000", "2011-03-31": "280.60100", "2010-12-31": "310.51500", "2010-09-30": "361.43100", "2010-06-30": "290.11300", "2010-03-31": "298.93700", "2009-12-31": "299.92000", "2009-09-30": "353.79800", "2009-06-30": "369.54600", "2009-03-31": "358.87200", "2008-12-31": "552.99100", "2008-09-30": "526.04600", "2008-06-30": "647.05500", "2008-03-31": "465.09800", "2007-12-31": "524.15500", "2007-09-30": "643.94400", "2007-06-30": "590.98200", "2007-03-31": "571.89400", "2006-12-31": "575.85300", "2006-09-30": "530.60300", "2006-06-30": "664.73000", "2006-03-31": "579.50200", "2005-12-31": "445.41400", "2005-09-30": "454.22100", "2005-06-30": "426.08200", "2005-03-31": "389.64100"}, "Receivables": {"2020-09-30": "", "2020-06-30": "", "2020-03-31": "", "2019-12-31": "", "2019-09-30": "", "2019-06-30": "", "2019-03-31": "", "2018-12-31": "", "2018-09-30": "", "2018-06-30": "", "2018-03-31": "", "2017-12-31": "", "2017-09-30": "", "2017-06-30": "", "2017-03-31": "", "2016-12-31": "", "2016-09-30": "", "2016-06-30": "", "2016-03-31": "", "2015-12-31": "", "2015-09-30": "", "2015-06-30": "", "2015-03-31": "", "2014-12-31": "", "2014-09-30": "", "2014-06-30": "", "2014-03-31": "", "2013-12-31": "", "2013-09-30": "32.92500", "2013-06-30": "29.90600", "2013-03-31": "34.47700", "2012-12-31": "", "2012-09-30": "36.54000", "2012-06-30": "35.59200", "2012-03-31": "42.95700", "2011-12-31": "41.79600", "2011-09-30": "40.84800", "2011-06-30": "46.47200", "2011-03-31": "67.39800", "2010-12-31": "49.85500", "2010-09-30": "59.16900", "2010-06-30": "60.38300", "2010-03-31": "63.62000", "2009-12-31": "83.56600", "2009-09-30": "88.35300", "2009-06-30": "95.37300", "2009-03-31": "113.52200", "2008-12-31": "129.29600", "2008-09-30": "124.54500", "2008-06-30": "110.85900", "2008-03-31": "107.01000", "2007-12-31": "106.42100", "2007-09-30": "108.64300", "2007-06-30": "110.02700", "2007-03-31": "92.02900", "2006-12-31": "106.53600", "2006-09-30": "81.10300", "2006-06-30": "90.81400", "2006-03-31": "83.27200", "2005-12-31": "102.95900", "2005-09-30": "118.83800", "2005-06-30": "133.70000", "2005-03-31": "126.16700"}, "Inventory": {"2020-09-30": "", "2020-06-30": "", "2020-03-31": "", "2019-12-31": "", "2019-09-30": "", "2019-06-30": "", "2019-03-31": "", "2018-12-31": "", "2018-09-30": "", "2018-06-30": "", "2018-03-31": "", "2017-12-31": "", "2017-09-30": "", "2017-06-30": "", "2017-03-31": "", "2016-12-31": "", "2016-09-30": "", "2016-06-30": "", "2016-03-31": "", "2015-12-31": "", "2015-09-30": "", "2015-06-30": "", "2015-03-31": "", "2014-12-31": "", "2014-09-30": "", "2014-06-30": "", "2014-03-31": "", "2013-12-31": "", "2013-09-30": "", "2013-06-30": "", "2013-03-31": "", "2012-12-31": "", "2012-09-30": "", "2012-06-30": "", "2012-03-31": "", "2011-12-31": "", "2011-09-30": "", "2011-06-30": "", "2011-03-31": "", "2010-12-31": "", "2010-09-30": "", "2010-06-30": "", "2010-03-31": "", "2009-12-31": "", "2009-09-30": "", "2009-06-30": "", "2009-03-31": "", "2008-12-31": "", "2008-09-30": "", "2008-06-30": "", "2008-03-31": "", "2007-12-31": "", "2007-09-30": "", "2007-06-30": "", "2007-03-31": "", "2006-12-31": "", "2006-09-30": "", "2006-06-30": "", "2006-03-31": "", "2005-12-31": "", "2005-09-30": "", "2005-06-30": "", "2005-03-31": ""}, "Pre-Paid Expenses": {"2020-09-30": "", "2020-06-30": "", "2020-03-31": "", "2019-12-31": "", "2019-09-30": "", "2019-06-30": "", "2019-03-31": "", "2018-12-31": "", "2018-09-30": "", "2018-06-30": "", "2018-03-31": "", "2017-12-31": "", "2017-09-30": "", "2017-06-30": "", "2017-03-31": "", "2016-12-31": "", "2016-09-30": "", "2016-06-30": "", "2016-03-31": "", "2015-12-31": "", "2015-09-30": "", "2015-06-30": "", "2015-03-31": "", "2014-12-31": "", "2014-09-30": "", "2014-06-30": "", "2014-03-31": "", "2013-12-31": "", "2013-09-30": "", "2013-06-30": "", "2013-03-31": "", "2012-12-31": "", "2012-09-30": "", "2012-06-30": "", "2012-03-31": "", "2011-12-31": "", "2011-09-30": "", "2011-06-30": "", "2011-03-31": "", "2010-12-31": "", "2010-09-30": "", "2010-06-30": "", "2010-03-31": "", "2009-12-31": "", "2009-09-30": "", "2009-06-30": "", "2009-03-31": "", "2008-12-31": "", "2008-09-30": "", "2008-06-30": "", "2008-03-31": "", "2007-12-31": "", "2007-09-30": "", "2007-06-30": "", "2007-03-31": "", "2006-12-31": "", "2006-09-30": "", "2006-06-30": "", "2006-03-31": "", "2005-12-31": "", "2005-09-30": "", "2005-06-30": "", "2005-03-31": ""}, "Other Current Assets": {"2020-09-30": "", "2020-06-30": "", "2020-03-31": "", "2019-12-31": "", "2019-09-30": "", "2019-06-30": "", "2019-03-31": "", "2018-12-31": "", "2018-09-30": "", "2018-06-30": "", "2018-03-31": "", "2017-12-31": "", "2017-09-30": "", "2017-06-30": "", "2017-03-31": "", "2016-12-31": "", "2016-09-30": "", "2016-06-30": "", "2016-03-31": "", "2015-12-31": "", "2015-09-30": "", "2015-06-30": "", "2015-03-31": "", "2014-12-31": "", "2014-09-30": "", "2014-06-30": "", "2014-03-31": "", "2013-12-31": "", "2013-09-30": "", "2013-06-30": "", "2013-03-31": "", "2012-12-31": "", "2012-09-30": "", "2012-06-30": "", "2012-03-31": "", "2011-12-31": "", "2011-09-30": "", "2011-06-30": "", "2011-03-31": "", "2010-12-31": "", "2010-09-30": "", "2010-06-30": "", "2010-03-31": "", "2009-12-31": "", "2009-09-30": "", "2009-06-30": "", "2009-03-31": "", "2008-12-31": "", "2008-09-30": "", "2008-06-30": "", "2008-03-31": "", "2007-12-31": "", "2007-09-30": "", "2007-06-30": "", "2007-03-31": "", "2006-12-31": "", "2006-09-30": "", "2006-06-30": "", "2006-03-31": "", "2005-12-31": "", "2005-09-30": "", "2005-06-30": "", "2005-03-31": ""}, "Total Current Assets": {"2020-09-30": "268.49100", "2020-06-30": "442.50800", "2020-03-31": "374.81600", "2019-12-31": "177.70200", "2019-09-30": "93.22500", "2019-06-30": "65.90700", "2019-03-31": "198.38900", "2018-12-31": "72.59500", "2018-09-30": "104.29900", "2018-06-30": "138.57100", "2018-03-31": "139.03100", "2017-12-31": "142.54100", "2017-09-30": "133.59600", "2017-06-30": "133.38100", "2017-03-31": "138.62300", "2016-12-31": "131.15000", "2016-09-30": "157.41900", "2016-06-30": "430.31700", "2016-03-31": "154.61200", "2015-12-31": "137.74500", "2015-09-30": "138.47100", "2015-06-30": "135.91800", "2015-03-31": "259.91800", "2014-12-31": "120.41600", "2014-09-30": "195.21000", "2014-06-30": "257.40600", "2014-03-31": "199.21800", "2013-12-31": "182.78800", "2013-09-30": "446.87900", "2013-06-30": "416.95400", "2013-03-31": "342.92600", "2012-12-31": "332.89500", "2012-09-30": "400.99200", "2012-06-30": "620.21800", "2012-03-31": "410.41300", "2011-12-31": "428.03700", "2011-09-30": "440.79000", "2011-06-30": "455.50900", "2011-03-31": "480.39400", "2010-12-31": "477.09600", "2010-09-30": "561.40800", "2010-06-30": "492.20300", "2010-03-31": "503.96500", "2009-12-31": "523.05000", "2009-09-30": "600.10800", "2009-06-30": "620.86200", "2009-03-31": "636.61000", "2008-12-31": "844.75100", "2008-09-30": "831.37700", "2008-06-30": "937.41800", "2008-03-31": "752.52600", "2007-12-31": "808.81600", "2007-09-30": "940.13100", "2007-06-30": "882.79300", "2007-03-31": "839.68190", "2006-12-31": "862.38200", "2006-09-30": "710.76700", "2006-06-30": "852.74610", "2006-03-31": "755.45300", "2005-12-31": "749.33300", "2005-09-30": "778.83900", "2005-06-30": "755.78300", "2005-03-31": "716.14700"}, "Property, Plant, And Equipment": {"2020-09-30": "6039.98400", "2020-06-30": "6008.48900", "2020-03-31": "6025.65900", "2019-12-31": "6019.30700", "2019-09-30": "6050.89200", "2019-06-30": "5719.00000", "2019-03-31": "5643.85300", "2018-12-31": "5723.47500", "2018-09-30": "5730.65500", "2018-06-30": "5718.70400", "2018-03-31": "5514.33000", "2017-12-31": "5405.39500", "2017-09-30": "5542.69700", "2017-06-30": "5535.47100", "2017-03-31": "5509.62200", "2016-12-31": "5509.76000", "2016-09-30": "5755.67800", "2016-06-30": "5474.29000", "2016-03-31": "5527.52100", "2015-12-31": "5529.46100", "2015-09-30": "5580.27100", "2015-06-30": "5564.18500", "2015-03-31": "5484.02300", "2014-12-31": "5472.77900", "2014-09-30": "5224.87500", "2014-06-30": "5264.93900", "2014-03-31": "5369.42000", "2013-12-31": "5391.20900", "2013-09-30": "5510.04300", "2013-06-30": "5540.51300", "2013-03-31": "5497.88400", "2012-12-31": "5234.96100", "2012-09-30": "5751.20800", "2012-06-30": "5944.79400", "2012-03-31": "6004.80200", "2011-12-31": "5590.32900", "2011-09-30": "6179.41500", "2011-06-30": "6262.70100", "2011-03-31": "6417.19700", "2010-12-31": "6153.67100", "2010-09-30": "6685.38900", "2010-06-30": "6810.11300", "2010-03-31": "6913.37000", "2009-12-31": "6711.32700", "2009-09-30": "7439.82900", "2009-06-30": "7692.94700", "2009-03-31": "8022.38500", "2008-12-31": "7125.63700", "2008-09-30": "8370.99900", "2008-06-30": "8864.52400", "2008-03-31": "9285.46800", "2007-12-31": "7887.04200", "2007-09-30": "9227.61900", "2007-06-30": "9189.70800", "2007-03-31": "9116.35900", "2006-12-31": "8758.68900", "2006-09-30": "9136.33200", "2006-06-30": "9151.94900", "2006-03-31": "9255.70300", "2005-12-31": "8189.23800", "2005-09-30": "8786.70300", "2005-06-30": "9148.38000", "2005-03-31": "9060.99600"}, "Long-Term Investments": {"2020-09-30": "", "2020-06-30": "", "2020-03-31": "", "2019-12-31": "", "2019-09-30": "", "2019-06-30": "", "2019-03-31": "", "2018-12-31": "", "2018-09-30": "", "2018-06-30": "", "2018-03-31": "", "2017-12-31": "", "2017-09-30": "", "2017-06-30": "", "2017-03-31": "", "2016-12-31": "", "2016-09-30": "", "2016-06-30": "", "2016-03-31": "", "2015-12-31": "", "2015-09-30": "", "2015-06-30": "", "2015-03-31": "", "2014-12-31": "", "2014-09-30": "", "2014-06-30": "", "2014-03-31": "", "2013-12-31": "", "2013-09-30": "", "2013-06-30": "", "2013-03-31": "", "2012-12-31": "", "2012-09-30": "", "2012-06-30": "", "2012-03-31": "", "2011-12-31": "", "2011-09-30": "", "2011-06-30": "", "2011-03-31": "", "2010-12-31": "", "2010-09-30": "", "2010-06-30": "", "2010-03-31": "", "2009-12-31": "", "2009-09-30": "", "2009-06-30": "", "2009-03-31": "", "2008-12-31": "", "2008-09-30": "", "2008-06-30": "", "2008-03-31": "", "2007-12-31": "", "2007-09-30": "", "2007-06-30": "", "2007-03-31": "", "2006-12-31": "", "2006-09-30": "", "2006-06-30": "", "2006-03-31": "", "2005-12-31": "", "2005-09-30": "", "2005-06-30": "", "2005-03-31": ""}, "Goodwill And Intangible Assets": {"2020-09-30": "", "2020-06-30": "", "2020-03-31": "", "2019-12-31": "", "2019-09-30": "", "2019-06-30": "", "2019-03-31": "", "2018-12-31": "", "2018-09-30": "", "2018-06-30": "", "2018-03-31": "", "2017-12-31": "", "2017-09-30": "", "2017-06-30": "", "2017-03-31": "", "2016-12-31": "", "2016-09-30": "", "2016-06-30": "", "2016-03-31": "", "2015-12-31": "", "2015-09-30": "", "2015-06-30": "", "2015-03-31": "", "2014-12-31": "", "2014-09-30": "", "2014-06-30": "", "2014-03-31": "", "2013-12-31": "", "2013-09-30": "", "2013-06-30": "", "2013-03-31": "", "2012-12-31": "", "2012-09-30": "", "2012-06-30": "", "2012-03-31": "", "2011-12-31": "", "2011-09-30": "", "2011-06-30": "", "2011-03-31": "", "2010-12-31": "", "2010-09-30": "", "2010-06-30": "", "2010-03-31": "", "2009-12-31": "", "2009-09-30": "", "2009-06-30": "", "2009-03-31": "", "2008-12-31": "", "2008-09-30": "", "2008-06-30": "", "2008-03-31": "", "2007-12-31": "", "2007-09-30": "", "2007-06-30": "", "2007-03-31": "", "2006-12-31": "", "2006-09-30": "", "2006-06-30": "", "2006-03-31": "", "2005-12-31": "", "2005-09-30": "", "2005-06-30": "", "2005-03-31": ""}, "Other Long-Term Assets": {"2020-09-30": "733.65400", "2020-06-30": "670.15000", "2020-03-31": "647.77000", "2019-12-31": "631.73000", "2019-09-30": "395.06100", "2019-06-30": "455.89700", "2019-03-31": "441.52700", "2018-12-31": "393.93400", "2018-09-30": "350.06700", "2018-06-30": "687.08100", "2018-03-31": "601.92900", "2017-12-31": "531.10400", "2017-09-30": "493.04500", "2017-06-30": "530.35000", "2017-03-31": "539.19500", "2016-12-31": "591.90800", "2016-09-30": "380.75000", "2016-06-30": "369.62100", "2016-03-31": "460.08000", "2015-12-31": "451.47500", "2015-09-30": "498.92000", "2015-06-30": "457.59100", "2015-03-31": "471.51200", "2014-12-31": "503.83300", "2014-09-30": "517.37800", "2014-06-30": "556.32000", "2014-03-31": "514.51400", "2013-12-31": "505.41600", "2013-09-30": "532.58400", "2013-06-30": "513.24800", "2013-03-31": "529.58300", "2012-12-31": "833.52400", "2012-09-30": "413.18800", "2012-06-30": "382.09400", "2012-03-31": "408.41500", "2011-12-31": "853.49600", "2011-09-30": "314.23800", "2011-06-30": "337.85900", "2011-03-31": "256.63500", "2010-12-31": "643.67600", "2010-09-30": "265.02700", "2010-06-30": "305.27000", "2010-03-31": "369.67800", "2009-12-31": "579.79400", "2009-09-30": "346.77300", "2009-06-30": "440.24200", "2009-03-31": "337.78300", "2008-12-31": "1391.58800", "2008-09-30": "620.35100", "2008-06-30": "444.90900", "2008-03-31": "424.92400", "2007-12-31": "1830.36000", "2007-09-30": "260.86900", "2007-06-30": "248.86500", "2007-03-31": "271.72700", "2006-12-31": "598.28600", "2006-09-30": "299.09300", "2006-06-30": "313.17200", "2006-03-31": "278.38200", "2005-12-31": "1007.01600", "2005-09-30": "630.89500", "2005-06-30": "448.48700", "2005-03-31": "481.93500"}, "Total Long-Term Assets": {"2020-09-30": "6773.63800", "2020-06-30": "6678.63900", "2020-03-31": "6673.42900", "2019-12-31": "6651.03700", "2019-09-30": "6445.95300", "2019-06-30": "6174.89700", "2019-03-31": "6085.38000", "2018-12-31": "6117.40900", "2018-09-30": "6080.72200", "2018-06-30": "6405.78500", "2018-03-31": "6116.25900", "2017-12-31": "5936.49900", "2017-09-30": "6035.74200", "2017-06-30": "6065.82100", "2017-03-31": "6048.81700", "2016-12-31": "6101.66800", "2016-09-30": "6136.42800", "2016-06-30": "5843.91100", "2016-03-31": "5987.60100", "2015-12-31": "5980.93600", "2015-09-30": "6079.19100", "2015-06-30": "6021.77600", "2015-03-31": "5955.53500", "2014-12-31": "5976.61200", "2014-09-30": "5742.25300", "2014-06-30": "5821.25900", "2014-03-31": "5883.93400", "2013-12-31": "5896.62500", "2013-09-30": "6042.62700", "2013-06-30": "6053.76100", "2013-03-31": "6027.46700", "2012-12-31": "6068.48500", "2012-09-30": "6164.39600", "2012-06-30": "6326.88800", "2012-03-31": "6413.21700", "2011-12-31": "6443.82500", "2011-09-30": "6601.91200", "2011-06-30": "6709.46300", "2011-03-31": "6781.43800", "2010-12-31": "6901.47000", "2010-09-30": "7055.66400", "2010-06-30": "7215.59800", "2010-03-31": "7381.11600", "2009-12-31": "7383.41800", "2009-09-30": "7874.43000", "2009-06-30": "8220.55900", "2009-03-31": "8445.60700", "2008-12-31": "8597.11900", "2008-09-30": "9065.83800", "2008-06-30": "9389.26000", "2008-03-31": "9799.23600", "2007-12-31": "9797.71600", "2007-09-30": "9578.87900", "2007-06-30": "9516.84800", "2007-03-31": "9466.38400", "2006-12-31": "9427.39400", "2006-09-30": "9510.59800", "2006-06-30": "9539.65000", "2006-03-31": "9610.32700", "2005-12-31": "9269.82600", "2005-09-30": "9484.21700", "2005-06-30": "9665.58300", "2005-03-31": "9614.34700"}, "Total Assets": {"2020-09-30": "7042.12900", "2020-06-30": "7121.14700", "2020-03-31": "7048.24500", "2019-12-31": "6828.73900", "2019-09-30": "6539.17800", "2019-06-30": "6240.80400", "2019-03-31": "6283.76900", "2018-12-31": "6190.00400", "2018-09-30": "6185.02100", "2018-06-30": "6544.35600", "2018-03-31": "6255.29000", "2017-12-31": "6079.04000", "2017-09-30": "6169.33800", "2017-06-30": "6199.20200", "2017-03-31": "6187.44000", "2016-12-31": "6232.81800", "2016-09-30": "6293.84700", "2016-06-30": "6274.22800", "2016-03-31": "6142.21300", "2015-12-31": "6118.68100", "2015-09-30": "6217.66200", "2015-06-30": "6157.69400", "2015-03-31": "6215.45300", "2014-12-31": "6097.02800", "2014-09-30": "5937.46300", "2014-06-30": "6078.66500", "2014-03-31": "6083.15200", "2013-12-31": "6079.41300", "2013-09-30": "6489.50600", "2013-06-30": "6470.71500", "2013-03-31": "6370.39300", "2012-12-31": "6401.38000", "2012-09-30": "6565.38800", "2012-06-30": "6947.10600", "2012-03-31": "6823.63000", "2011-12-31": "6871.86200", "2011-09-30": "7042.70200", "2011-06-30": "7164.97200", "2011-03-31": "7261.83200", "2010-12-31": "7378.56600", "2010-09-30": "7617.07200", "2010-06-30": "7707.80100", "2010-03-31": "7885.08000", "2009-12-31": "7906.46800", "2009-09-30": "8474.53800", "2009-06-30": "8841.42100", "2009-03-31": "9082.21800", "2008-12-31": "9441.87000", "2008-09-30": "9897.21500", "2008-06-30": "10326.68000", "2008-03-31": "10551.76000", "2007-12-31": "10606.53000", "2007-09-30": "10519.01000", "2007-06-30": "10399.64000", "2007-03-31": "10306.07000", "2006-12-31": "10289.78000", "2006-09-30": "10221.37000", "2006-06-30": "10392.40000", "2006-03-31": "10365.78000", "2005-12-31": "10019.16000", "2005-09-30": "10263.06000", "2005-06-30": "10421.37000", "2005-03-31": "10330.49000"}, "Total Current Liabilities": {"2020-09-30": "356.53800", "2020-06-30": "353.78700", "2020-03-31": "349.09900", "2019-12-31": "360.57400", "2019-09-30": "397.21600", "2019-06-30": "299.31300", "2019-03-31": "293.27900", "2018-12-31": "226.23000", "2018-09-30": "242.78200", "2018-06-30": "234.30800", "2018-03-31": "224.60600", "2017-12-31": "232.83900", "2017-09-30": "227.66800", "2017-06-30": "262.63800", "2017-03-31": "261.55300", "2016-12-31": "281.56700", "2016-09-30": "259.99000", "2016-06-30": "249.51800", "2016-03-31": "343.39600", "2015-12-31": "353.60400", "2015-09-30": "362.05700", "2015-06-30": "315.35700", "2015-03-31": "321.06400", "2014-12-31": "320.99600", "2014-09-30": "328.85400", "2014-06-30": "319.68900", "2014-03-31": "325.41000", "2013-12-31": "330.75600", "2013-09-30": "356.34800", "2013-06-30": "367.88800", "2013-03-31": "344.65200", "2012-12-31": "344.35800", "2012-09-30": "264.36900", "2012-06-30": "265.32500", "2012-03-31": "308.23100", "2011-12-31": "315.05800", "2011-09-30": "303.60500", "2011-06-30": "254.38400", "2011-03-31": "248.11600", "2010-12-31": "324.44400", "2010-09-30": "313.30800", "2010-06-30": "306.71000", "2010-03-31": "313.91700", "2009-12-31": "316.14700", "2009-09-30": "332.27200", "2009-06-30": "325.44500", "2009-03-31": "323.98300", "2008-12-31": "634.23690", "2008-09-30": "431.58700", "2008-06-30": "397.12800", "2008-03-31": "365.70400", "2007-12-31": "506.27700", "2007-09-30": "492.19000", "2007-06-30": "342.46900", "2007-03-31": "313.00100", "2006-12-31": "464.96200", "2006-09-30": "445.58600", "2006-06-30": "426.93400", "2006-03-31": "412.71700", "2005-12-31": "369.74400", "2005-09-30": "446.54800", "2005-06-30": "446.99900", "2005-03-31": "443.98700"}, "Long Term Debt": {"2020-09-30": "4406.79700", "2020-06-30": "4892.18300", "2020-03-31": "4802.53200", "2019-12-31": "4505.59000", "2019-09-30": "4254.71000", "2019-06-30": "3997.44700", "2019-03-31": "3929.02300", "2018-12-31": "4075.66500", "2018-09-30": "3646.78900", "2018-06-30": "4485.32100", "2018-03-31": "4254.84500", "2017-12-31": "4088.91100", "2017-09-30": "4390.52200", "2017-06-30": "4341.57300", "2017-03-31": "3971.03600", "2016-12-31": "3884.63200", "2016-09-30": "4055.54100", "2016-06-30": "3955.63800", "2016-03-31": "3917.59000", "2015-12-31": "3849.14100", "2015-09-30": "3935.89900", "2015-06-30": "3866.00700", "2015-03-31": "3888.28400", "2014-12-31": "4135.13900", "2014-09-30": "3962.23600", "2014-06-30": "4206.20200", "2014-03-31": "4394.82300", "2013-12-31": "4388.18500", "2013-09-30": "4829.52100", "2013-06-30": "4843.54700", "2013-03-31": "4713.46000", "2012-12-31": "4413.08300", "2012-09-30": "4938.18100", "2012-06-30": "5090.44300", "2012-03-31": "5201.19500", "2011-12-31": "4772.77400", "2011-09-30": "5259.72500", "2011-06-30": "5369.62400", "2011-03-31": "5440.57900", "2010-12-31": "5181.53800", "2010-09-30": "5542.56200", "2010-06-30": "5643.91100", "2010-03-31": "5718.95700", "2009-12-31": "5479.47600", "2009-09-30": "6172.59600", "2009-06-30": "6486.80500", "2009-03-31": "6735.16900", "2008-12-31": "6069.80400", "2008-09-30": "6865.73100", "2008-06-30": "7428.09000", "2008-03-31": "7780.96400", "2007-12-31": "6402.97200", "2007-09-30": "7371.30800", "2007-06-30": "7158.63100", "2007-03-31": "7066.73300", "2006-12-31": "6633.52800", "2006-09-30": "6788.97500", "2006-06-30": "6606.81900", "2006-03-31": "6654.28400", "2005-12-31": "6021.85700", "2005-09-30": "6291.28200", "2005-06-30": "6499.84400", "2005-03-31": "6359.20600"}, "Other Non-Current Liabilities": {"2020-09-30": "58.17700", "2020-06-30": "", "2020-03-31": "", "2019-12-31": "", "2019-09-30": "", "2019-06-30": "", "2019-03-31": "", "2018-12-31": "23.17700", "2018-09-30": "", "2018-06-30": "68.61000", "2018-03-31": "11.81400", "2017-12-31": "", "2017-09-30": "13.92200", "2017-06-30": "15.35500", "2017-03-31": "16.86800", "2016-12-31": "18.45200", "2016-09-30": "47.50800", "2016-06-30": "64.03300", "2016-03-31": "59.96100", "2015-12-31": "64.10500", "2015-09-30": "83.00500", "2015-06-30": "70.30300", "2015-03-31": "83.53700", "2014-12-31": "110.85100", "2014-09-30": "123.90900", "2014-06-30": "124.04700", "2014-03-31": "102.34700", "2013-12-31": "107.77500", "2013-09-30": "128.50800", "2013-06-30": "116.23800", "2013-03-31": "123.65200", "2012-12-31": "408.99900", "2012-09-30": "179.78300", "2012-06-30": "141.71500", "2012-03-31": "149.93100", "2011-12-31": "555.97200", "2011-09-30": "184.87300", "2011-06-30": "206.24100", "2011-03-31": "192.73400", "2010-12-31": "462.38400", "2010-09-30": "194.85700", "2010-06-30": "197.47200", "2010-03-31": "236.48700", "2009-12-31": "459.48600", "2009-09-30": "264.77200", "2009-06-30": "297.59100", "2009-03-31": "232.74600", "2008-12-31": "1002.93200", "2008-09-30": "504.34700", "2008-06-30": "367.66700", "2008-03-31": "325.11000", "2007-12-31": "1392.53800", "2007-09-30": "215.52600", "2007-06-30": "206.91000", "2007-03-31": "208.41500", "2006-12-31": "449.41800", "2006-09-30": "203.73700", "2006-06-30": "160.80000", "2006-03-31": "147.90600", "2005-12-31": "476.04800", "2005-09-30": "241.91400", "2005-06-30": "126.66000", "2005-03-31": "131.16200"}, "Total Long Term Liabilities": {"2020-09-30": "4548.79300", "2020-06-30": "4993.12400", "2020-03-31": "4903.59800", "2019-12-31": "4607.37000", "2019-09-30": "4355.88800", "2019-06-30": "4098.62500", "2019-03-31": "4030.21800", "2018-12-31": "4200.13300", "2018-09-30": "3748.10900", "2018-06-30": "4655.26300", "2018-03-31": "4368.03700", "2017-12-31": "4190.44800", "2017-09-30": "4505.98100", "2017-06-30": "4458.46500", "2017-03-31": "4089.51000", "2016-12-31": "4006.28500", "2016-09-30": "4206.25000", "2016-06-30": "4105.86900", "2016-03-31": "4063.75200", "2015-12-31": "4001.17200", "2015-09-30": "4106.84100", "2015-06-30": "4024.25200", "2015-03-31": "4059.76300", "2014-12-31": "4333.92700", "2014-09-30": "4165.05400", "2014-06-30": "4409.16600", "2014-03-31": "4576.29100", "2013-12-31": "4575.91300", "2013-09-30": "5037.99800", "2013-06-30": "5039.76900", "2013-03-31": "4917.14200", "2012-12-31": "4902.12800", "2012-09-30": "5198.04200", "2012-06-30": "5312.55900", "2012-03-31": "5434.49100", "2011-12-31": "5412.13000", "2011-09-30": "5537.98300", "2011-06-30": "5669.25200", "2011-03-31": "5736.71600", "2010-12-31": "5747.35000", "2010-09-30": "5840.95600", "2010-06-30": "5947.77200", "2010-03-31": "6071.92600", "2009-12-31": "6055.61800", "2009-09-30": "6553.99300", "2009-06-30": "6901.68200", "2009-03-31": "7055.16200", "2008-12-31": "7160.88400", "2008-09-30": "7880.96200", "2008-06-30": "8335.93000", "2008-03-31": "8635.20500", "2007-12-31": "8350.55100", "2007-09-30": "7989.82900", "2007-06-30": "7783.71300", "2007-03-31": "7645.62500", "2006-12-31": "7484.92100", "2006-09-30": "7402.37900", "2006-06-30": "7248.72200", "2006-03-31": "7299.38900", "2005-12-31": "6933.31300", "2005-09-30": "6982.46200", "2005-06-30": "7105.08100", "2005-03-31": "6977.89800"}, "Total Liabilities": {"2020-09-30": "4905.33200", "2020-06-30": "5346.91100", "2020-03-31": "5252.69700", "2019-12-31": "4967.94400", "2019-09-30": "4753.10400", "2019-06-30": "4397.93800", "2019-03-31": "4323.49700", "2018-12-31": "4426.36300", "2018-09-30": "3990.89100", "2018-06-30": "4889.57100", "2018-03-31": "4592.64300", "2017-12-31": "4423.28700", "2017-09-30": "4733.64900", "2017-06-30": "4721.10300", "2017-03-31": "4351.06300", "2016-12-31": "4287.85200", "2016-09-30": "4466.24000", "2016-06-30": "4355.38700", "2016-03-31": "4407.14800", "2015-12-31": "4354.77600", "2015-09-30": "4468.89800", "2015-06-30": "4339.60900", "2015-03-31": "4380.82700", "2014-12-31": "4654.92300", "2014-09-30": "4493.90800", "2014-06-30": "4728.85500", "2014-03-31": "4901.70100", "2013-12-31": "4906.66900", "2013-09-30": "5394.34600", "2013-06-30": "5407.65700", "2013-03-31": "5261.79400", "2012-12-31": "5246.48600", "2012-09-30": "5462.41000", "2012-06-30": "5577.88400", "2012-03-31": "5742.72200", "2011-12-31": "5727.18800", "2011-09-30": "5841.58800", "2011-06-30": "5923.63600", "2011-03-31": "5984.83300", "2010-12-31": "6071.79400", "2010-09-30": "6154.26400", "2010-06-30": "6254.48200", "2010-03-31": "6385.84400", "2009-12-31": "6371.76500", "2009-09-30": "6886.26500", "2009-06-30": "7227.12700", "2009-03-31": "7379.14500", "2008-12-31": "7795.12100", "2008-09-30": "8312.54900", "2008-06-30": "8733.05700", "2008-03-31": "9000.90900", "2007-12-31": "8856.82800", "2007-09-30": "8482.01900", "2007-06-30": "8126.18200", "2007-03-31": "7958.62600", "2006-12-31": "7949.88300", "2006-09-30": "7847.96500", "2006-06-30": "7675.65600", "2006-03-31": "7712.10600", "2005-12-31": "7303.05700", "2005-09-30": "7429.01000", "2005-06-30": "7552.08000", "2005-03-31": "7421.88500"}, "Common Stock Net": {"2020-09-30": "1.48900", "2020-06-30": "1.48900", "2020-03-31": "1.48700", "2019-12-31": "1.48900", "2019-09-30": "1.48900", "2019-06-30": "1.48800", "2019-03-31": "1.48800", "2018-12-31": "1.44600", "2018-09-30": "1.57400", "2018-06-30": "1.57400", "2018-03-31": "1.57300", "2017-12-31": "1.57200", "2017-09-30": "1.57000", "2017-06-30": "1.57000", "2017-03-31": "1.57000", "2016-12-31": "1.56900", "2016-09-30": "1.56900", "2016-06-30": "1.56600", "2016-03-31": "1.56600", "2015-12-31": "1.56300", "2015-09-30": "1.56400", "2015-06-30": "1.56300", "2015-03-31": "1.56300", "2014-12-31": "1.46400", "2014-09-30": "1.46200", "2014-06-30": "1.46200", "2014-03-31": "1.46100", "2013-12-31": "1.45900", "2013-09-30": "1.45900", "2013-06-30": "1.45900", "2013-03-31": "1.45900", "2012-12-31": "1.45600", "2012-09-30": "1.45600", "2012-06-30": "1.44200", "2012-03-31": "1.21400", "2011-12-31": "1.20900", "2011-09-30": "1.20900", "2011-06-30": "1.20500", "2011-03-31": "1.19100", "2010-12-31": "1.17600", "2010-09-30": "1.17000", "2010-06-30": "1.17000", "2010-03-31": "1.16800", "2009-12-31": "1.16500", "2009-09-30": "1.16400", "2009-06-30": "1.16400", "2009-03-31": "1.16500", "2008-12-31": "1.00600", "2008-09-30": "0.90200", "2008-06-30": "0.87400", "2008-03-31": "0.91400", "2007-12-31": "1.35200", "2007-09-30": "0.95600", "2007-06-30": "0.96700", "2007-03-31": "0.97100", "2006-12-31": "1.01600", "2006-09-30": "0.95900", "2006-06-30": "0.97200", "2006-03-31": "0.97200", "2005-12-31": "0.95700", "2005-09-30": "0.95700", "2005-06-30": "0.95400", "2005-03-31": "0.95300"}, "Retained Earnings (Accumulated Deficit)": {"2020-09-30": "-1884.60200", "2020-06-30": "-1798.56100", "2020-03-31": "-1776.78200", "2019-12-31": "-1722.40200", "2019-09-30": "-1797.85100", "2019-06-30": "-1741.76500", "2019-03-31": "-1742.99800", "2018-12-31": "-1947.50700", "2018-09-30": "-1894.05400", "2018-06-30": "-2402.10100", "2018-03-31": "-2345.20600", "2017-12-31": "-2367.07300", "2017-09-30": "-2572.72300", "2017-06-30": "-2530.58500", "2017-03-31": "-2489.96100", "2016-12-31": "-2385.39900", "2016-09-30": "-2495.87700", "2016-06-30": "-2455.30200", "2016-03-31": "-2625.29500", "2015-12-31": "-2596.91700", "2015-09-30": "-2616.91900", "2015-06-30": "-2589.33600", "2015-03-31": "-2603.56400", "2014-12-31": "-2649.54200", "2014-09-30": "-2647.92100", "2014-06-30": "-2735.09700", "2014-03-31": "-2772.34500", "2013-12-31": "-2798.85300", "2013-09-30": "-2886.35200", "2013-06-30": "-2917.86300", "2013-03-31": "-2893.09300", "2012-12-31": "-2863.28700", "2012-09-30": "-2902.17500", "2012-06-30": "-2897.49000", "2012-03-31": "-2873.67900", "2011-12-31": "-2841.46700", "2011-09-30": "-2803.67900", "2011-06-30": "-2774.35300", "2011-03-31": "-2726.88200", "2010-12-31": "-2680.95500", "2010-09-30": "-2637.51300", "2010-06-30": "-2597.37900", "2010-03-31": "-2567.77200", "2009-12-31": "-2492.08200", "2009-09-30": "-2465.31200", "2009-06-30": "-2413.47200", "2009-03-31": "-2372.03800", "2008-12-31": "-2335.62800", "2008-09-30": "-1959.36900", "2008-06-30": "-1867.51800", "2008-03-31": "-2057.48700", "2007-12-31": "-2478.04900", "2007-09-30": "-1700.71400", "2007-06-30": "-1607.93100", "2007-03-31": "-1552.70600", "2006-12-31": "-1752.40600", "2006-09-30": "-1509.39100", "2006-06-30": "-1405.27700", "2006-03-31": "-1363.54600", "2005-12-31": "-1350.89900", "2005-09-30": "-1227.92500", "2005-06-30": "-1175.57900", "2005-03-31": "-1124.55600"}, "Comprehensive Income": {"2020-09-30": "3.57900", "2020-06-30": "3.80700", "2020-03-31": "4.13900", "2019-12-31": "4.19500", "2019-09-30": "4.48800", "2019-06-30": "4.86600", "2019-03-31": "4.85100", "2018-12-31": "4.79400", "2018-09-30": "4.85000", "2018-06-30": "3.20800", "2018-03-31": "3.54400", "2017-12-31": "3.60300", "2017-09-30": "1.89800", "2017-06-30": "0.89600", "2017-03-31": "-0.11800", "2016-12-31": "1.01100", "2016-09-30": "-0.43400", "2016-06-30": "-0.71000", "2016-03-31": "-0.43100", "2015-12-31": "-6.04000", "2015-09-30": "-6.81000", "2015-06-30": "-7.40200", "2015-03-31": "-7.00900", "2014-12-31": "-6.45600", "2014-09-30": "-5.51700", "2014-06-30": "-5.24300", "2014-03-31": "-4.50300", "2013-12-31": "-4.60200", "2013-09-30": "-5.46700", "2013-06-30": "-4.36500", "2013-03-31": "-4.66400", "2012-12-31": "-3.54200", "2012-09-30": "-6.39700", "2012-06-30": "-6.29200", "2012-03-31": "-4.19100", "2011-12-31": "-6.86000", "2011-09-30": "-8.31200", "2011-06-30": "-1.14700", "2011-03-31": "-2.04200", "2010-12-31": "-2.07600", "2010-09-30": "-4.45500", "2010-06-30": "-2.87200", "2010-03-31": "-1.25100", "2009-12-31": "-1.13800", "2009-09-30": "-1.84600", "2009-06-30": "-0.47300", "2009-03-31": "", "2008-12-31": "-2.24900", "2008-09-30": "", "2008-06-30": "", "2008-03-31": "", "2007-12-31": "", "2007-09-30": "", "2007-06-30": "", "2007-03-31": "", "2006-12-31": "", "2006-09-30": "", "2006-06-30": "", "2006-03-31": "", "2005-12-31": "", "2005-09-30": "", "2005-06-30": "", "2005-03-31": ""}, "Other Share Holders Equity": {"2020-09-30": "", "2020-06-30": "", "2020-03-31": "", "2019-12-31": "", "2019-09-30": "", "2019-06-30": "", "2019-03-31": "", "2018-12-31": "", "2018-09-30": "", "2018-06-30": "", "2018-03-31": "", "2017-12-31": "", "2017-09-30": "", "2017-06-30": "", "2017-03-31": "", "2016-12-31": "", "2016-09-30": "", "2016-06-30": "", "2016-03-31": "", "2015-12-31": "", "2015-09-30": "", "2015-06-30": "", "2015-03-31": "", "2014-12-31": "", "2014-09-30": "", "2014-06-30": "", "2014-03-31": "", "2013-12-31": "", "2013-09-30": "", "2013-06-30": "", "2013-03-31": "", "2012-12-31": "", "2012-09-30": "", "2012-06-30": "", "2012-03-31": "", "2011-12-31": "", "2011-09-30": "", "2011-06-30": "", "2011-03-31": "", "2010-12-31": "", "2010-09-30": "", "2010-06-30": "", "2010-03-31": "", "2009-12-31": "", "2009-09-30": "", "2009-06-30": "", "2009-03-31": "", "2008-12-31": "", "2008-09-30": "", "2008-06-30": "", "2008-03-31": "", "2007-12-31": "", "2007-09-30": "", "2007-06-30": "", "2007-03-31": "", "2006-12-31": "", "2006-09-30": "", "2006-06-30": "", "2006-03-31": "", "2005-12-31": "", "2005-09-30": "-27.02400", "2005-06-30": "-28.27600", "2005-03-31": "-30.50300"}, "Share Holder Equity": {"2020-09-30": "2136.79700", "2020-06-30": "1774.23600", "2020-03-31": "1795.54800", "2019-12-31": "1860.79500", "2019-09-30": "1786.07400", "2019-06-30": "1842.86600", "2019-03-31": "1960.27200", "2018-12-31": "1763.64100", "2018-09-30": "2194.13000", "2018-06-30": "1654.78500", "2018-03-31": "1662.64700", "2017-12-31": "1655.75300", "2017-09-30": "1435.68900", "2017-06-30": "1478.09900", "2017-03-31": "1836.37700", "2016-12-31": "1944.96600", "2016-09-30": "1827.60700", "2016-06-30": "1918.84100", "2016-03-31": "1735.06500", "2015-12-31": "1763.90500", "2015-09-30": "1748.76400", "2015-06-30": "1818.08500", "2015-03-31": "1834.62600", "2014-12-31": "1442.10500", "2014-09-30": "1443.55500", "2014-06-30": "1349.81000", "2014-03-31": "1181.45100", "2013-12-31": "1172.74400", "2013-09-30": "1095.16000", "2013-06-30": "1063.05800", "2013-03-31": "1108.59900", "2012-12-31": "1154.89400", "2012-09-30": "1102.97800", "2012-06-30": "1369.22200", "2012-03-31": "1080.90800", "2011-12-31": "1144.67400", "2011-09-30": "1201.11400", "2011-06-30": "1241.33600", "2011-03-31": "1276.99900", "2010-12-31": "1306.77200", "2010-09-30": "1462.80800", "2010-06-30": "1453.31900", "2010-03-31": "1499.23600", "2009-12-31": "1534.70300", "2009-09-30": "1588.27300", "2009-06-30": "1614.29400", "2009-03-31": "1703.07300", "2008-12-31": "1646.74900", "2008-09-30": "1584.66600", "2008-06-30": "1593.62100", "2008-03-31": "1550.85400", "2007-12-31": "1749.70400", "2007-09-30": "2036.99100", "2007-06-30": "2273.45900", "2007-03-31": "2347.44000", "2006-12-31": "2339.89200", "2006-09-30": "2373.40000", "2006-06-30": "2716.74000", "2006-03-31": "2653.67400", "2005-12-31": "2716.10300", "2005-09-30": "2834.04600", "2005-06-30": "2869.28600", "2005-03-31": "2908.60900"}, "Total Liabilities And Share Holders Equity": {"2020-09-30": "7042.12900", "2020-06-30": "7121.14700", "2020-03-31": "7048.24500", "2019-12-31": "6828.73900", "2019-09-30": "6539.17800", "2019-06-30": "6240.80400", "2019-03-31": "6283.76900", "2018-12-31": "6190.00400", "2018-09-30": "6185.02100", "2018-06-30": "6544.35600", "2018-03-31": "6255.29000", "2017-12-31": "6079.04000", "2017-09-30": "6169.33800", "2017-06-30": "6199.20200", "2017-03-31": "6187.44000", "2016-12-31": "6232.81800", "2016-09-30": "6293.84700", "2016-06-30": "6274.22800", "2016-03-31": "6142.21300", "2015-12-31": "6118.68100", "2015-09-30": "6217.66200", "2015-06-30": "6157.69400", "2015-03-31": "6215.45300", "2014-12-31": "6097.02800", "2014-09-30": "5937.46300", "2014-06-30": "6078.66500", "2014-03-31": "6083.15200", "2013-12-31": "6079.41300", "2013-09-30": "6489.50600", "2013-06-30": "6470.71500", "2013-03-31": "6370.39300", "2012-12-31": "6401.38000", "2012-09-30": "6565.38800", "2012-06-30": "6947.10600", "2012-03-31": "6823.63000", "2011-12-31": "6871.86200", "2011-09-30": "7042.70200", "2011-06-30": "7164.97200", "2011-03-31": "7261.83200", "2010-12-31": "7378.56600", "2010-09-30": "7617.07200", "2010-06-30": "7707.80100", "2010-03-31": "7885.08000", "2009-12-31": "7906.46800", "2009-09-30": "8474.53800", "2009-06-30": "8841.42100", "2009-03-31": "9082.21800", "2008-12-31": "9441.87000", "2008-09-30": "9897.21500", "2008-06-30": "10326.68000", "2008-03-31": "10551.76000", "2007-12-31": "10606.53000", "2007-09-30": "10519.01000", "2007-06-30": "10399.64000", "2007-03-31": "10306.07000", "2006-12-31": "10289.78000", "2006-09-30": "10221.37000", "2006-06-30": "10392.40000", "2006-03-31": "10365.78000", "2005-12-31": "10019.16000", "2005-09-30": "10263.06000", "2005-06-30": "10421.37000", "2005-03-31": "10330.49000"}}, "cash flow statement": {"Net Income/Loss": {"2019-12-31": "508.02700", "2018-12-31": "716.60300", "2017-12-31": "347.07900", "2016-12-31": "483.27300", "2015-12-31": "271.98300", "2014-12-31": "356.11100", "2013-12-31": "237.82500", "2012-12-31": "195.36100", "2011-12-31": "-58.16400", "2010-12-31": "-89.62400", "2009-12-31": "-44.80000", "2008-12-31": "627.00200", "2007-12-31": "125.50600", "2006-12-31": "176.78700", "2005-12-31": "70.98200"}, "Total Depreciation And Amortization - Cash Flow": {"2019-12-31": "387.80000", "2018-12-31": "386.80900", "2017-12-31": "371.85000", "2016-12-31": "338.12600", "2015-12-31": "311.48700", "2014-12-31": "286.42200", "2013-12-31": "296.82500", "2012-12-31": "330.21700", "2011-12-31": "328.92900", "2010-12-31": "371.65900", "2009-12-31": "410.62100", "2008-12-31": "385.90500", "2007-12-31": "355.40700", "2006-12-31": "383.67600", "2005-12-31": "374.22600"}, "Other Non-Cash Items": {"2019-12-31": "-495.02200", "2018-12-31": "-668.91300", "2017-12-31": "-257.09100", "2016-12-31": "-392.52700", "2015-12-31": "-173.95300", "2014-12-31": "-282.85500", "2013-12-31": "-180.42300", "2012-12-31": "-153.99300", "2011-12-31": "11.68300", "2010-12-31": "18.75100", "2009-12-31": "-72.08200", "2008-12-31": "-578.30600", "2007-12-31": "-14.16100", "2006-12-31": "-104.98100", "2005-12-31": "-64.03000"}, "Total Non-Cash Items": {"2019-12-31": "-107.22200", "2018-12-31": "-282.10400", "2017-12-31": "114.75900", "2016-12-31": "-54.40100", "2015-12-31": "137.53400", "2014-12-31": "3.56700", "2013-12-31": "116.40200", "2012-12-31": "176.22400", "2011-12-31": "340.61200", "2010-12-31": "390.41000", "2009-12-31": "338.53900", "2008-12-31": "-192.40100", "2007-12-31": "341.24590", "2006-12-31": "278.69500", "2005-12-31": "310.19600"}, "Change In Accounts Receivable": {"2019-12-31": "-26.02100", "2018-12-31": "-27.83000", "2017-12-31": "-15.84100", "2016-12-31": "-22.29400", "2015-12-31": "0.61900", "2014-12-31": "9.03900", "2013-12-31": "4.59200", "2012-12-31": "30.71600", "2011-12-31": "8.31500", "2010-12-31": "25.56100", "2009-12-31": "27.06700", "2008-12-31": "4.84800", "2007-12-31": "7.45300", "2006-12-31": "-3.17800", "2005-12-31": "11.45000"}, "Change In Inventories": {"2019-12-31": "", "2018-12-31": "", "2017-12-31": "", "2016-12-31": "", "2015-12-31": "", "2014-12-31": "", "2013-12-31": "", "2012-12-31": "", "2011-12-31": "", "2010-12-31": "", "2009-12-31": "", "2008-12-31": "", "2007-12-31": "", "2006-12-31": "", "2005-12-31": ""}, "Change In Accounts Payable": {"2019-12-31": "", "2018-12-31": "", "2017-12-31": "", "2016-12-31": "", "2015-12-31": "", "2014-12-31": "", "2013-12-31": "", "2012-12-31": "", "2011-12-31": "", "2010-12-31": "", "2009-12-31": "", "2008-12-31": "", "2007-12-31": "", "2006-12-31": "", "2005-12-31": ""}, "Change In Assets/Liabilities": {"2019-12-31": "", "2018-12-31": "", "2017-12-31": "", "2016-12-31": "", "2015-12-31": "", "2014-12-31": "", "2013-12-31": "", "2012-12-31": "", "2011-12-31": "", "2010-12-31": "17.79800", "2009-12-31": "18.95400", "2008-12-31": "75.21100", "2007-12-31": "-9.75100", "2006-12-31": "45.33200", "2005-12-31": "17.54200"}, "Total Change In Assets/Liabilities": {"2019-12-31": "-26.35800", "2018-12-31": "-39.17600", "2017-12-31": "-62.07200", "2016-12-31": "-46.30000", "2015-12-31": "-49.23900", "2014-12-31": "-40.90300", "2013-12-31": "-25.90800", "2012-12-31": "-37.28000", "2011-12-31": "-23.62900", "2010-12-31": "-43.28600", "2009-12-31": "-64.82000", "2008-12-31": "-8.85200", "2007-12-31": "11.95100", "2006-12-31": "58.51300", "2005-12-31": "-43.25400"}, "Cash Flow From Operating Activities": {"2019-12-31": "374.47200", "2018-12-31": "396.38800", "2017-12-31": "392.07200", "2016-12-31": "376.50100", "2015-12-31": "359.89100", "2014-12-31": "321.42400", "2013-12-31": "325.59600", "2012-12-31": "316.82700", "2011-12-31": "258.81900", "2010-12-31": "257.50000", "2009-12-31": "233.81200", "2008-12-31": "440.36800", "2007-12-31": "482.94200", "2006-12-31": "518.91000", "2005-12-31": "347.57000"}, "Net Change In Property, Plant, And Equipment": {"2019-12-31": "96.99900", "2018-12-31": "126.06200", "2017-12-31": "23.50700", "2016-12-31": "-101.86100", "2015-12-31": "-169.05600", "2014-12-31": "-11.32100", "2013-12-31": "-44.31500", "2012-12-31": "124.97800", "2011-12-31": "61.50500", "2010-12-31": "39.64200", "2009-12-31": "575.58700", "2008-12-31": "1282.45600", "2007-12-31": "-459.29000", "2006-12-31": "292.61400", "2005-12-31": "30.55600"}, "Net Change In Intangible Assets": {"2019-12-31": "", "2018-12-31": "", "2017-12-31": "", "2016-12-31": "", "2015-12-31": "", "2014-12-31": "", "2013-12-31": "", "2012-12-31": "", "2011-12-31": "", "2010-12-31": "", "2009-12-31": "", "2008-12-31": "", "2007-12-31": "", "2006-12-31": "", "2005-12-31": ""}, "Net Acquisitions/Divestitures": {"2019-12-31": "", "2018-12-31": "", "2017-12-31": "", "2016-12-31": "", "2015-12-31": "", "2014-12-31": "", "2013-12-31": "", "2012-12-31": "31.19200", "2011-12-31": "17.09500", "2010-12-31": "19.70700", "2009-12-31": "25.06700", "2008-12-31": "94.27700", "2007-12-31": "", "2006-12-31": "23.26900", "2005-12-31": "4.18600"}, "Net Change In Short-term Investments": {"2019-12-31": "0.14700", "2018-12-31": "5.01000", "2017-12-31": "0.43000", "2016-12-31": "0.41200", "2015-12-31": "", "2014-12-31": "", "2013-12-31": "", "2012-12-31": "", "2011-12-31": "", "2010-12-31": "", "2009-12-31": "-0.51400", "2008-12-31": "2.01800", "2007-12-31": "3.55800", "2006-12-31": "-85.03600", "2005-12-31": "-9.78000"}, "Net Change In Long-Term Investments": {"2019-12-31": "", "2018-12-31": "", "2017-12-31": "", "2016-12-31": "", "2015-12-31": "", "2014-12-31": "", "2013-12-31": "", "2012-12-31": "", "2011-12-31": "-51.53400", "2010-12-31": "", "2009-12-31": "", "2008-12-31": "", "2007-12-31": "", "2006-12-31": "", "2005-12-31": ""}, "Net Change In Investments - Total": {"2019-12-31": "0.14700", "2018-12-31": "5.01000", "2017-12-31": "0.43000", "2016-12-31": "0.41200", "2015-12-31": "", "2014-12-31": "", "2013-12-31": "", "2012-12-31": "", "2011-12-31": "-51.53400", "2010-12-31": "", "2009-12-31": "-0.51400", "2008-12-31": "2.01800", "2007-12-31": "3.55800", "2006-12-31": "-85.03600", "2005-12-31": "-9.78000"}, "Investing Activities - Other": {"2019-12-31": "-302.55900", "2018-12-31": "-9.22600", "2017-12-31": "-10.91800", "2016-12-31": "2.30200", "2015-12-31": "-1.84100", "2014-12-31": "24.99900", "2013-12-31": "109.50700", "2012-12-31": "-44.50300", "2011-12-31": "13.42800", "2010-12-31": "27.02600", "2009-12-31": "30.11400", "2008-12-31": "-33.88200", "2007-12-31": "184.13300", "2006-12-31": "2.19300", "2005-12-31": "-74.92300"}, "Cash Flow From Investing Activities": {"2019-12-31": "-205.41300", "2018-12-31": "121.84600", "2017-12-31": "13.01900", "2016-12-31": "-99.14700", "2015-12-31": "-170.89700", "2014-12-31": "13.67800", "2013-12-31": "65.19200", "2012-12-31": "111.66700", "2011-12-31": "40.49400", "2010-12-31": "86.37500", "2009-12-31": "630.25400", "2008-12-31": "1344.86900", "2007-12-31": "-271.59900", "2006-12-31": "233.04000", "2005-12-31": "-49.96100"}, "Net Long-Term Debt": {"2019-12-31": "254.59600", "2018-12-31": "1.94000", "2017-12-31": "153.26700", "2016-12-31": "45.76700", "2015-12-31": "-161.69200", "2014-12-31": "-325.09600", "2013-12-31": "-239.31100", "2012-12-31": "-204.53900", "2011-12-31": "-156.59690", "2010-12-31": "-133.74400", "2009-12-31": "-756.01010", "2008-12-31": "-562.88790", "2007-12-31": "780.41690", "2006-12-31": "4.97110", "2005-12-31": "6.95000"}, "Net Current Debt": {"2019-12-31": "114.64000", "2018-12-31": "93.20000", "2017-12-31": "49.23000", "2016-12-31": "-9.07000", "2015-12-31": "-85.33000", "2014-12-31": "61.93000", "2013-12-31": "50.40000", "2012-12-31": "", "2011-12-31": "", "2010-12-31": "", "2009-12-31": "", "2008-12-31": "", "2007-12-31": "-140.00000", "2006-12-31": "-77.00000", "2005-12-31": "148.30000"}, "Debt Issuance/Retirement Net - Total": {"2019-12-31": "369.23600", "2018-12-31": "95.14000", "2017-12-31": "202.49700", "2016-12-31": "36.69700", "2015-12-31": "-247.02200", "2014-12-31": "-263.16600", "2013-12-31": "-188.91100", "2012-12-31": "-204.53900", "2011-12-31": "-156.59690", "2010-12-31": "-133.74400", "2009-12-31": "-756.01010", "2008-12-31": "-562.88790", "2007-12-31": "640.41690", "2006-12-31": "-72.02890", "2005-12-31": "155.25000"}, "Net Common Equity Issued/Repurchased": {"2019-12-31": "-20.68200", "2018-12-31": "-373.59300", "2017-12-31": "", "2016-12-31": "", "2015-12-31": "366.58000", "2014-12-31": "", "2013-12-31": "0.99300", "2012-12-31": "643.28600", "2011-12-31": "73.74800", "2010-12-31": "15.85200", "2009-12-31": "", "2008-12-31": "-501.81500", "2007-12-31": "-253.66300", "2006-12-31": "-2.33400", "2005-12-31": "2.31500"}, "Net Total Equity Issued/Repurchased": {"2019-12-31": "-145.68200", "2018-12-31": "-373.59300", "2017-12-31": "", "2016-12-31": "-34.79900", "2015-12-31": "339.58000", "2014-12-31": "114.03500", "2013-12-31": "0.99300", "2012-12-31": "42.34800", "2011-12-31": "37.38100", "2010-12-31": "3.96200", "2009-12-31": "-4.20000", "2008-12-31": "-526.65500", "2007-12-31": "-355.66300", "2006-12-31": "-191.59300", "2005-12-31": "-43.95400"}, "Total Common And Preferred Stock Dividends Paid": {"2019-12-31": "-266.15400", "2018-12-31": "-275.29400", "2017-12-31": "-260.77000", "2016-12-31": "-251.99900", "2015-12-31": "-195.18100", "2014-12-31": "-159.07500", "2013-12-31": "-142.85600", "2012-12-31": "-141.02500", "2011-12-31": "-107.33900", "2010-12-31": "-100.16400", "2009-12-31": "-147.55000", "2008-12-31": "-267.50100", "2007-12-31": "-495.99600", "2006-12-31": "-423.61300", "2005-12-31": "-384.15700"}, "Financial Activities - Other": {"2019-12-31": "-21.35200", "2018-12-31": "-34.43300", "2017-12-31": "-335.42700", "2016-12-31": "-33.84800", "2015-12-31": "-64.55300", "2014-12-31": "-53.67600", "2013-12-31": "-88.67600", "2012-12-31": "-131.93100", "2011-12-31": "-93.01700", "2010-12-31": "-83.86400", "2009-12-31": "-174.72200", "2008-12-31": "-338.97800", "2007-12-31": "-19.46400", "2006-12-31": "3.37900", "2005-12-31": "31.63900"}, "Cash Flow From Financial Activities": {"2019-12-31": "-63.95200", "2018-12-31": "-588.18000", "2017-12-31": "-393.70000", "2016-12-31": "-283.94900", "2015-12-31": "-167.17600", "2014-12-31": "-361.88200", "2013-12-31": "-419.45000", "2012-12-31": "-435.14700", "2011-12-31": "-319.57200", "2010-12-31": "-313.81000", "2009-12-31": "-1082.48200", "2008-12-31": "-1696.02200", "2007-12-31": "-230.70600", "2006-12-31": "-683.85600", "2005-12-31": "-241.22200"}, "Net Cash Flow": {"2019-12-31": "105.10700", "2018-12-31": "-69.94600", "2017-12-31": "11.39100", "2016-12-31": "-6.59500", "2015-12-31": "21.81800", "2014-12-31": "-26.78000", "2013-12-31": "-28.66200", "2012-12-31": "-6.65300", "2011-12-31": "-20.25900", "2010-12-31": "30.06500", "2009-12-31": "-218.41600", "2008-12-31": "89.21500", "2007-12-31": "-19.36300", "2006-12-31": "68.09400", "2005-12-31": "56.38700"}, "Stock-Based Compensation": {"2019-12-31": "8.14600", "2018-12-31": "8.55000", "2017-12-31": "7.87700", "2016-12-31": "7.62900", "2015-12-31": "6.64000", "2014-12-31": "5.78100", "2013-12-31": "5.64500", "2012-12-31": "4.87100", "2011-12-31": "5.38100", "2010-12-31": "7.33100", "2009-12-31": "6.66600", "2008-12-31": "13.83300", "2007-12-31": "14.92100", "2006-12-31": "12.31400", "2005-12-31": "8.55800"}, "Common Stock Dividends Paid": {"2019-12-31": "-262.90800", "2018-12-31": "-266.70000", "2017-12-31": "-252.17600", "2016-12-31": "-241.98500", "2015-12-31": "-184.08200", "2014-12-31": "-152.00200", "2013-12-31": "-140.05200", "2012-12-31": "-104.00600", "2011-12-31": "-57.58300", "2010-12-31": "-46.72900", "2009-12-31": "-95.33500", "2008-12-31": "-212.28600", "2007-12-31": "-428.89600", "2006-12-31": "-348.91300", "2005-12-31": "-297.57500"}}, "cash flow statement, quarterly": {"Net Income/Loss": {"2020-09-30": -24.815, "2020-06-30": 43.204, "2020-03-31": "8.97700", "2019-12-31": 142.766, "2019-09-30": 3.97, "2019-06-30": 69.996, "2019-03-31": "291.29500", "2018-12-31": 9.84, "2018-09-30": 603.917, "2018-06-30": 7.156, "2018-03-31": "95.69000", "2017-12-31": 286.189, "2017-09-30": 22.144, "2017-06-30": 21.591, "2017-03-31": "17.15500", "2016-12-31": 177.399, "2016-09-30": 30.036, "2016-06-30": 245.953, "2016-03-31": "29.88500", "2015-12-31": 75.376, "2015-09-30": 23.769, "2015-06-30": 68.688, "2015-03-31": "104.15000", "2014-12-31": 45.459, "2014-09-30": 144.515, "2014-06-30": 84.605, "2014-03-31": "81.53200", "2013-12-31": 148.603, "2013-09-30": 79.41, "2013-06-30": 6.979, "2013-03-31": "2.83300", "2012-12-31": 97.248, "2012-09-30": 53.335, "2012-06-30": 34.131, "2012-03-31": "10.64700", "2011-12-31": -8.573, "2011-09-30": 4.657, "2011-06-30": -26.971, "2011-03-31": "-27.27700", "2010-12-31": -34.212, "2010-09-30": -28.482, "2010-06-30": -10.17, "2010-03-31": "-16.76000", "2009-12-31": 4.956, "2009-09-30": -9.556, "2009-06-30": -7.629, "2009-03-31": "-32.57100", "2008-12-31": 70.322, "2008-09-30": 237.386, "2008-06-30": 344.425, "2008-03-31": "-25.13100", "2007-12-31": 83.314, "2007-09-30": -2.345, "2007-06-30": 19.329, "2007-03-31": "25.20800", "2006-12-31": 82.5, "2006-09-30": -24.875, "2006-06-30": 35.091, "2006-03-31": "84.07100", "2005-12-31": 15.032, "2005-09-30": 26.352, "2005-06-30": 27.566, "2005-03-31": "2.03200"}, "Total Depreciation And Amortization - Cash Flow": {"2020-09-30": 98.249, "2020-06-30": 97.689, "2020-03-31": "100.47600", "2019-12-31": 104.773, "2019-09-30": 97.538, "2019-06-30": 91.924, "2019-03-31": "93.56500", "2018-12-31": 100.37, "2018-09-30": 96.406, "2018-06-30": 97.485, "2018-03-31": "92.54800", "2017-12-31": 103.014, "2017-09-30": 92.513, "2017-06-30": 89.155, "2017-03-31": "87.16800", "2016-12-31": 92.77, "2016-09-30": 84.848, "2016-06-30": 80.68, "2016-03-31": "79.82800", "2015-12-31": 84.668, "2015-09-30": 77.237, "2015-06-30": 75.15, "2015-03-31": "74.43200", "2014-12-31": 75.279, "2014-09-30": 69.437, "2014-06-30": 71.399, "2014-03-31": "70.30700", "2013-12-31": 75.237, "2013-09-30": 72.04, "2013-06-30": 73.832, "2013-03-31": "75.71600", "2012-12-31": 77.269, "2012-09-30": 79.153, "2012-06-30": 87.163, "2012-03-31": "86.63200", "2011-12-31": 69.86, "2011-09-30": 80.188, "2011-06-30": 84.914, "2011-03-31": "93.96700", "2010-12-31": 66.593, "2010-09-30": 98.974, "2010-06-30": 101.057, "2010-03-31": "105.03500", "2009-12-31": 88.96, "2009-09-30": 109.055, "2009-06-30": 107.746, "2009-03-31": "104.86000", "2008-12-31": 81.237, "2008-09-30": 100.009, "2008-06-30": 101.159, "2008-03-31": "103.50000", "2007-12-31": 36.716, "2007-09-30": 96.768, "2007-06-30": 103.398, "2007-03-31": "118.52500", "2006-12-31": 48.778, "2006-09-30": 115.437, "2006-06-30": 113.752, "2006-03-31": "105.70900", "2005-12-31": 86.578, "2005-09-30": 100.036, "2005-06-30": 94.335, "2005-03-31": "93.27700"}, "Other Non-Cash Items": {"2020-09-30": 0, "2020-06-30": -47.238, "2020-03-31": "0.03400", "2019-12-31": -138.093, "2019-09-30": -1.146, "2019-06-30": -64.31, "2019-03-31": "-291.47300", "2018-12-31": 10.825, "2018-09-30": -626.233, "2018-06-30": -0.31, "2018-03-31": "-53.19500", "2017-12-31": -256.21, "2017-09-30": 0.233, "2017-06-30": 3.477, "2017-03-31": "-4.59100", "2016-12-31": -155.301, "2016-09-30": -14.498, "2016-06-30": -216.541, "2016-03-31": "-6.18700", "2015-12-31": -43.479, "2015-09-30": 0, "2015-06-30": -44.781, "2015-03-31": "-85.69300", "2014-12-31": -20.372, "2014-09-30": -126.329, "2014-06-30": -66.662, "2014-03-31": "-69.49200", "2013-12-31": -116.999, "2013-09-30": -66.886, "2013-06-30": 2.014, "2013-03-31": "1.44800", "2012-12-31": -50.727, "2012-09-30": -58.617, "2012-06-30": -25.19, "2012-03-31": "-19.45900", "2011-12-31": 25.624, "2011-09-30": -12.216, "2011-06-30": -6.087, "2011-03-31": "4.36200", "2010-12-31": 57.277, "2010-09-30": 3.236, "2010-06-30": -15.622, "2010-03-31": "-26.14000", "2009-12-31": -11.249, "2009-09-30": -35.655, "2009-06-30": -25.228, "2009-03-31": "0.05000", "2008-12-31": -37.463, "2008-09-30": -232.676, "2008-06-30": -328.762, "2008-03-31": "20.59500", "2007-12-31": -4.74, "2007-09-30": 17.364, "2007-06-30": -1.745, "2007-03-31": "-25.04000", "2006-12-31": 23.503, "2006-09-30": -1.455, "2006-06-30": -30.882, "2006-03-31": "-96.14700", "2005-12-31": 6.155, "2005-09-30": -58.966, "2005-06-30": -18.055, "2005-03-31": "6.83600"}, "Total Non-Cash Items": {"2020-09-30": 98.249, "2020-06-30": 50.451, "2020-03-31": "100.51000", "2019-12-31": -33.32, "2019-09-30": 96.392, "2019-06-30": 27.614, "2019-03-31": "-197.90800", "2018-12-31": 111.195, "2018-09-30": -529.827, "2018-06-30": 97.175, "2018-03-31": "39.35300", "2017-12-31": -153.196, "2017-09-30": 92.746, "2017-06-30": 92.632, "2017-03-31": "82.57700", "2016-12-31": -62.531, "2016-09-30": 70.35, "2016-06-30": -135.861, "2016-03-31": "73.64100", "2015-12-31": 41.189, "2015-09-30": 77.237, "2015-06-30": 30.369, "2015-03-31": "-11.26100", "2014-12-31": 54.907, "2014-09-30": -56.892, "2014-06-30": 4.737, "2014-03-31": "0.81500", "2013-12-31": -41.762, "2013-09-30": 5.154, "2013-06-30": 75.846, "2013-03-31": "77.16400", "2012-12-31": 26.542, "2012-09-30": 20.536, "2012-06-30": 61.973, "2012-03-31": "67.17300", "2011-12-31": 95.484, "2011-09-30": 67.972, "2011-06-30": 78.827, "2011-03-31": "98.32900", "2010-12-31": 123.87, "2010-09-30": 102.21, "2010-06-30": 85.435, "2010-03-31": "78.89500", "2009-12-31": 77.711, "2009-09-30": 73.4, "2009-06-30": 82.518, "2009-03-31": "104.91000", "2008-12-31": 43.774, "2008-09-30": -132.667, "2008-06-30": -227.603, "2008-03-31": "124.09500", "2007-12-31": 31.9759, "2007-09-30": 114.132, "2007-06-30": 101.653, "2007-03-31": "93.48500", "2006-12-31": 72.281, "2006-09-30": 113.982, "2006-06-30": 82.87, "2006-03-31": "9.56200", "2005-12-31": 92.733, "2005-09-30": 41.07, "2005-06-30": 76.28, "2005-03-31": "100.11300"}, "Change In Accounts Receivable": {"2020-09-30": 0, "2020-06-30": 0, "2020-03-31": "", "2019-12-31": -26.021, "2019-09-30": 0, "2019-06-30": 0, "2019-03-31": "", "2018-12-31": -27.83, "2018-09-30": 0, "2018-06-30": 0, "2018-03-31": "", "2017-12-31": -15.841, "2017-09-30": 0, "2017-06-30": 0, "2017-03-31": "", "2016-12-31": -22.294, "2016-09-30": 0, "2016-06-30": 0, "2016-03-31": "", "2015-12-31": 0.619, "2015-09-30": 0, "2015-06-30": 0, "2015-03-31": "", "2014-12-31": 9.039, "2014-09-30": 0, "2014-06-30": 0, "2014-03-31": "", "2013-12-31": 4.592, "2013-09-30": 0, "2013-06-30": 0, "2013-03-31": "", "2012-12-31": 30.716, "2012-09-30": 0, "2012-06-30": 0, "2012-03-31": "", "2011-12-31": 8.315, "2011-09-30": 0, "2011-06-30": 0, "2011-03-31": "", "2010-12-31": 25.561, "2010-09-30": 0, "2010-06-30": 0, "2010-03-31": "", "2009-12-31": 27.067, "2009-09-30": 0, "2009-06-30": 0, "2009-03-31": "", "2008-12-31": 4.848, "2008-09-30": 0, "2008-06-30": 0, "2008-03-31": "", "2007-12-31": 7.453, "2007-09-30": 0, "2007-06-30": 0, "2007-03-31": "", "2006-12-31": -3.178, "2006-09-30": 0, "2006-06-30": 0, "2006-03-31": "", "2005-12-31": 11.45, "2005-09-30": 0, "2005-06-30": 0, "2005-03-31": ""}, "Change In Inventories": {"2020-09-30": 0, "2020-06-30": 0, "2020-03-31": "", "2019-12-31": 0, "2019-09-30": 0, "2019-06-30": 0, "2019-03-31": "", "2018-12-31": 0, "2018-09-30": 0, "2018-06-30": 0, "2018-03-31": "", "2017-12-31": 0, "2017-09-30": 0, "2017-06-30": 0, "2017-03-31": "", "2016-12-31": 0, "2016-09-30": 0, "2016-06-30": 0, "2016-03-31": "", "2015-12-31": 0, "2015-09-30": 0, "2015-06-30": 0, "2015-03-31": "", "2014-12-31": 0, "2014-09-30": 0, "2014-06-30": 0, "2014-03-31": "", "2013-12-31": 0, "2013-09-30": 0, "2013-06-30": 0, "2013-03-31": "", "2012-12-31": 0, "2012-09-30": 0, "2012-06-30": 0, "2012-03-31": "", "2011-12-31": 0, "2011-09-30": 0, "2011-06-30": 0, "2011-03-31": "", "2010-12-31": 0, "2010-09-30": 0, "2010-06-30": 0, "2010-03-31": "", "2009-12-31": 0, "2009-09-30": 0, "2009-06-30": 0, "2009-03-31": "", "2008-12-31": 0, "2008-09-30": 0, "2008-06-30": 0, "2008-03-31": "", "2007-12-31": 0, "2007-09-30": 0, "2007-06-30": 0, "2007-03-31": "", "2006-12-31": 0, "2006-09-30": 0, "2006-06-30": 0, "2006-03-31": "", "2005-12-31": 0, "2005-09-30": 0, "2005-06-30": 0, "2005-03-31": ""}, "Change In Accounts Payable": {"2020-09-30": 0, "2020-06-30": 0, "2020-03-31": "", "2019-12-31": 0, "2019-09-30": 0, "2019-06-30": 0, "2019-03-31": "", "2018-12-31": 0, "2018-09-30": 0, "2018-06-30": 0, "2018-03-31": "", "2017-12-31": 0, "2017-09-30": 0, "2017-06-30": 0, "2017-03-31": "", "2016-12-31": 0, "2016-09-30": 0, "2016-06-30": 0, "2016-03-31": "", "2015-12-31": 0, "2015-09-30": 0, "2015-06-30": 0, "2015-03-31": "", "2014-12-31": 0, "2014-09-30": 0, "2014-06-30": 0, "2014-03-31": "", "2013-12-31": 0, "2013-09-30": 0, "2013-06-30": 0, "2013-03-31": "", "2012-12-31": 0, "2012-09-30": 0, "2012-06-30": 0, "2012-03-31": "", "2011-12-31": 0, "2011-09-30": 0, "2011-06-30": 0, "2011-03-31": "", "2010-12-31": 0, "2010-09-30": 0, "2010-06-30": 0, "2010-03-31": "", "2009-12-31": 0, "2009-09-30": 0, "2009-06-30": 0, "2009-03-31": "", "2008-12-31": 0, "2008-09-30": 0, "2008-06-30": 0, "2008-03-31": "", "2007-12-31": 0, "2007-09-30": 0, "2007-06-30": 0, "2007-03-31": "", "2006-12-31": 0, "2006-09-30": 0, "2006-06-30": 0, "2006-03-31": "", "2005-12-31": 0, "2005-09-30": 0, "2005-06-30": 0, "2005-03-31": ""}, "Change In Assets/Liabilities": {"2020-09-30": 5.626, "2020-06-30": 11.911, "2020-03-31": "-31.99500", "2019-12-31": 21.098, "2019-09-30": 7.457, "2019-06-30": -10.603, "2019-03-31": "-17.95200", "2018-12-31": 9.683, "2018-09-30": 7.548, "2018-06-30": 2.256, "2018-03-31": "-19.48700", "2017-12-31": 19.216, "2017-09-30": 11.931, "2017-06-30": -3.823, "2017-03-31": "-27.32400", "2016-12-31": 27.018, "2016-09-30": -0.545, "2016-06-30": -5.649, "2016-03-31": "-20.82400", "2015-12-31": 17.371, "2015-09-30": 6.019, "2015-06-30": -3.647, "2015-03-31": "-19.74300", "2014-12-31": 26.127, "2014-09-30": 2.832, "2014-06-30": 2.012, "2014-03-31": "-30.97100", "2013-12-31": 10.706, "2013-09-30": -12.146, "2013-06-30": 32.822, "2013-03-31": "-31.38200", "2012-12-31": -2.298, "2012-09-30": 15.041, "2012-06-30": 17.117, "2012-03-31": "-29.86000", "2011-12-31": 16.81, "2011-09-30": 20.698, "2011-06-30": 10.53, "2011-03-31": "-48.03800", "2010-12-31": 38.204, "2010-09-30": 8.121, "2010-06-30": 8.019, "2010-03-31": "-36.54600", "2009-12-31": 108.887, "2009-09-30": 19.301, "2009-06-30": -8.995, "2009-03-31": "-100.23900", "2008-12-31": 79.387, "2008-09-30": -8.974, "2008-06-30": 54.524, "2008-03-31": "-49.72600", "2007-12-31": -13.428, "2007-09-30": 26.848, "2007-06-30": -8.346, "2007-03-31": "-14.82500", "2006-12-31": -2.693, "2006-09-30": 6.206, "2006-06-30": 70.077, "2006-03-31": "-28.25800", "2005-12-31": 22.331, "2005-09-30": 12.017, "2005-06-30": -17.505, "2005-03-31": "0.69900"}, "Total Change In Assets/Liabilities": {"2020-09-30": 3.879, "2020-06-30": 9.032, "2020-03-31": "-35.22800", "2019-12-31": -3.318, "2019-09-30": 4.361, "2019-06-30": -12.43, "2019-03-31": "-14.97100", "2018-12-31": -16.876, "2018-09-30": 33.755, "2018-06-30": -2.051, "2018-03-31": "-54.00400", "2017-12-31": -27.978, "2017-09-30": 7.061, "2017-06-30": -13.831, "2017-03-31": "-27.32400", "2016-12-31": -19.282, "2016-09-30": -0.545, "2016-06-30": -5.649, "2016-03-31": "-20.82400", "2015-12-31": -31.868, "2015-09-30": 6.019, "2015-06-30": -3.647, "2015-03-31": "-19.74300", "2014-12-31": -14.776, "2014-09-30": 2.832, "2014-06-30": 2.012, "2014-03-31": "-30.97100", "2013-12-31": -15.202, "2013-09-30": -12.146, "2013-06-30": 32.822, "2013-03-31": "-31.38200", "2012-12-31": -39.578, "2012-09-30": 15.041, "2012-06-30": 17.117, "2012-03-31": "-29.86000", "2011-12-31": -6.819, "2011-09-30": 20.698, "2011-06-30": 10.53, "2011-03-31": "-48.03800", "2010-12-31": -22.88, "2010-09-30": 8.121, "2010-06-30": 8.019, "2010-03-31": "-36.54600", "2009-12-31": 25.113, "2009-09-30": 19.301, "2009-06-30": -8.995, "2009-03-31": "-100.23900", "2008-12-31": -4.676, "2008-09-30": -8.974, "2008-06-30": 54.524, "2008-03-31": "-49.72600", "2007-12-31": 8.274, "2007-09-30": 26.848, "2007-06-30": -8.346, "2007-03-31": "-14.82500", "2006-12-31": 10.488, "2006-09-30": 6.206, "2006-06-30": 70.077, "2006-03-31": "-28.25800", "2005-12-31": -38.465, "2005-09-30": 12.017, "2005-06-30": -17.505, "2005-03-31": "0.69900"}, "Cash Flow From Operating Activities": {"2020-09-30": 81.519, "2020-06-30": 106.941, "2020-03-31": "77.41600", "2019-12-31": 95.724, "2019-09-30": 108.709, "2019-06-30": 88.422, "2019-03-31": "81.61700", "2018-12-31": 93.462, "2018-09-30": 117.3, "2018-06-30": 104.303, "2018-03-31": "81.32300", "2017-12-31": 96.923, "2017-09-30": 117.643, "2017-06-30": 103.902, "2017-03-31": "73.60400", "2016-12-31": 100.045, "2016-09-30": 99.691, "2016-06-30": 102.812, "2016-03-31": "73.95300", "2015-12-31": 101.447, "2015-09-30": 101.14, "2015-06-30": 92.653, "2015-03-31": "64.65100", "2014-12-31": 88.035, "2014-09-30": 89.11, "2014-06-30": 89.478, "2014-03-31": "54.80100", "2013-12-31": 77.473, "2013-09-30": 75.097, "2013-06-30": 124.134, "2013-03-31": "48.89200", "2012-12-31": 74.53, "2012-09-30": 90.265, "2012-06-30": 103.56, "2012-03-31": "48.47200", "2011-12-31": 82.438, "2011-09-30": 81.173, "2011-06-30": 67.528, "2011-03-31": "27.68000", "2010-12-31": 67.331, "2010-09-30": 79.206, "2010-06-30": 84.185, "2010-03-31": "26.77800", "2009-12-31": 96.441, "2009-09-30": 77.97, "2009-06-30": 77.175, "2009-03-31": "-17.77400", "2008-12-31": 91.55, "2008-09-30": 98.659, "2008-06-30": 191.672, "2008-03-31": "58.48700", "2007-12-31": 165.508, "2007-09-30": 124.796, "2007-06-30": 111.876, "2007-03-31": "80.76200", "2006-12-31": 127.131, "2006-09-30": 126.839, "2006-06-30": 153.014, "2006-03-31": "111.92600", "2005-12-31": 69.892, "2005-09-30": 95.305, "2005-06-30": 79.258, "2005-03-31": "103.11500"}, "Net Change In Property, Plant, And Equipment": {"2020-09-30": -180.7, "2020-06-30": -55.698, "2020-03-31": "-97.57500", "2019-12-31": 98.898, "2019-09-30": -204.124, "2019-06-30": -52.076, "2019-03-31": "254.30100", "2018-12-31": -116.895, "2018-09-30": 536.074, "2018-06-30": -122.654, "2018-03-31": "-170.46300", "2017-12-31": 290.948, "2017-09-30": -93.779, "2017-06-30": -88.695, "2017-03-31": "-84.96700", "2016-12-31": 120.07, "2016-09-30": -348.473, "2016-06-30": 198.792, "2016-03-31": "-72.25000", "2015-12-31": 22.815, "2015-09-30": -105.443, "2015-06-30": -107.191, "2015-03-31": "20.76300", "2014-12-31": -166.331, "2014-09-30": 112.56, "2014-06-30": 49.48, "2014-03-31": "-7.03000", "2013-12-31": 160.792, "2013-09-30": -30.255, "2013-06-30": -110.79, "2013-03-31": "-64.06200", "2012-12-31": 117.861, "2012-09-30": 50.422, "2012-06-30": -25.602, "2012-03-31": "-17.70300", "2011-12-31": 56.051, "2011-09-30": -20.01, "2011-06-30": 33.686, "2011-03-31": "-8.22200", "2010-12-31": 26.713, "2010-09-30": -15.211, "2010-06-30": 39.515, "2010-03-31": "-11.37500", "2009-12-31": 230.735, "2009-09-30": 226.252, "2009-06-30": 133.34, "2009-03-31": "-14.74000", "2008-12-31": 414.484, "2008-09-30": 374.952, "2008-06-30": 610.492, "2008-03-31": "-117.47200", "2007-12-31": -160.858, "2007-09-30": -114.464, "2007-06-30": -50.107, "2007-03-31": "-133.86100", "2006-12-31": 82.817, "2006-09-30": -57.083, "2006-06-30": -3.258, "2006-03-31": "270.13800", "2005-12-31": 207.79, "2005-09-30": 128.003, "2005-06-30": -6.572, "2005-03-31": "-298.66500"}, "Net Change In Intangible Assets": {"2020-09-30": 0, "2020-06-30": 0, "2020-03-31": "", "2019-12-31": 0, "2019-09-30": 0, "2019-06-30": 0, "2019-03-31": "", "2018-12-31": 0, "2018-09-30": 0, "2018-06-30": 0, "2018-03-31": "", "2017-12-31": 0, "2017-09-30": 0, "2017-06-30": 0, "2017-03-31": "", "2016-12-31": 0, "2016-09-30": 0, "2016-06-30": 0, "2016-03-31": "", "2015-12-31": 0, "2015-09-30": 0, "2015-06-30": 0, "2015-03-31": "", "2014-12-31": 0, "2014-09-30": 0, "2014-06-30": 0, "2014-03-31": "", "2013-12-31": 0, "2013-09-30": 0, "2013-06-30": 0, "2013-03-31": "", "2012-12-31": 0, "2012-09-30": 0, "2012-06-30": 0, "2012-03-31": "", "2011-12-31": 0, "2011-09-30": 0, "2011-06-30": 0, "2011-03-31": "", "2010-12-31": 0, "2010-09-30": 0, "2010-06-30": 0, "2010-03-31": "", "2009-12-31": 0, "2009-09-30": 0, "2009-06-30": 0, "2009-03-31": "", "2008-12-31": 0, "2008-09-30": 0, "2008-06-30": 0, "2008-03-31": "", "2007-12-31": 0, "2007-09-30": 0, "2007-06-30": 0, "2007-03-31": "", "2006-12-31": 0, "2006-09-30": 0, "2006-06-30": 0, "2006-03-31": "", "2005-12-31": 0, "2005-09-30": 0, "2005-06-30": 0, "2005-03-31": ""}, "Net Acquisitions/Divestitures": {"2020-09-30": 0, "2020-06-30": 0, "2020-03-31": "", "2019-12-31": 0, "2019-09-30": 0, "2019-06-30": 0, "2019-03-31": "", "2018-12-31": 0, "2018-09-30": 0, "2018-06-30": 0, "2018-03-31": "", "2017-12-31": 0, "2017-09-30": 0, "2017-06-30": 0, "2017-03-31": "", "2016-12-31": 0, "2016-09-30": 0, "2016-06-30": 0, "2016-03-31": "", "2015-12-31": 0, "2015-09-30": 0, "2015-06-30": 0, "2015-03-31": "", "2014-12-31": 0, "2014-09-30": 0, "2014-06-30": 0, "2014-03-31": "", "2013-12-31": 0, "2013-09-30": 0, "2013-06-30": 0, "2013-03-31": "", "2012-12-31": 2.643, "2012-09-30": 28.549, "2012-06-30": -8.504, "2012-03-31": "8.50400", "2011-12-31": 5.753, "2011-09-30": 11.342, "2011-06-30": -1.329, "2011-03-31": "1.32900", "2010-12-31": 7.915, "2010-09-30": 11.792, "2010-06-30": -2.065, "2010-03-31": "2.06500", "2009-12-31": 6.826, "2009-09-30": 5.645, "2009-06-30": 3.92, "2009-03-31": "8.67600", "2008-12-31": 8.757, "2008-09-30": 85.52, "2008-06-30": 0, "2008-03-31": "", "2007-12-31": 0, "2007-09-30": 0, "2007-06-30": 0, "2007-03-31": "", "2006-12-31": 0.837, "2006-09-30": 0, "2006-06-30": 0, "2006-03-31": "22.43200", "2005-12-31": 1.975, "2005-09-30": 0.588, "2005-06-30": 0.556, "2005-03-31": "1.06700"}, "Net Change In Short-term Investments": {"2020-09-30": 0, "2020-06-30": 0, "2020-03-31": "", "2019-12-31": 0.147, "2019-09-30": 0, "2019-06-30": 0, "2019-03-31": "", "2018-12-31": 1.768, "2018-09-30": 3.242, "2018-06-30": 0, "2018-03-31": "", "2017-12-31": 0.43, "2017-09-30": 0, "2017-06-30": 0, "2017-03-31": "", "2016-12-31": 0.412, "2016-09-30": 0, "2016-06-30": 0, "2016-03-31": "", "2015-12-31": 0, "2015-09-30": 0, "2015-06-30": 0, "2015-03-31": "", "2014-12-31": 0, "2014-09-30": 0, "2014-06-30": 0, "2014-03-31": "", "2013-12-31": 0, "2013-09-30": 0, "2013-06-30": 0, "2013-03-31": "", "2012-12-31": 0, "2012-09-30": 0, "2012-06-30": 0, "2012-03-31": "", "2011-12-31": 0, "2011-09-30": 0, "2011-06-30": 0, "2011-03-31": "", "2010-12-31": -0.723, "2010-09-30": -0.194, "2010-06-30": 1.02, "2010-03-31": "-0.10300", "2009-12-31": 0.169, "2009-09-30": -0.948, "2009-06-30": 1.943, "2009-03-31": "-1.67800", "2008-12-31": 0.868, "2008-09-30": 0.97, "2008-06-30": -1.203, "2008-03-31": "1.38300", "2007-12-31": -1.086, "2007-09-30": -0.868, "2007-06-30": -3.41, "2007-03-31": "8.92200", "2006-12-31": -83.048, "2006-09-30": 0.514, "2006-06-30": -3.955, "2006-03-31": "1.45300", "2005-12-31": 1.86, "2005-09-30": -9.558, "2005-06-30": -1.618, "2005-03-31": "-0.46400"}, "Net Change In Long-Term Investments": {"2020-09-30": 0, "2020-06-30": 0, "2020-03-31": "", "2019-12-31": 0, "2019-09-30": 0, "2019-06-30": 0, "2019-03-31": "", "2018-12-31": 0, "2018-09-30": 0, "2018-06-30": 0, "2018-03-31": "", "2017-12-31": 0, "2017-09-30": 0, "2017-06-30": 0, "2017-03-31": "", "2016-12-31": 0, "2016-09-30": 0, "2016-06-30": 0, "2016-03-31": "", "2015-12-31": 0, "2015-09-30": 0, "2015-06-30": 0, "2015-03-31": "", "2014-12-31": 0, "2014-09-30": 0, "2014-06-30": 0, "2014-03-31": "", "2013-12-31": 0, "2013-09-30": 0, "2013-06-30": 0, "2013-03-31": "", "2012-12-31": 0, "2012-09-30": -14.698, "2012-06-30": 14.698, "2012-03-31": "", "2011-12-31": 0, "2011-09-30": -3.303, "2011-06-30": -48.231, "2011-03-31": "", "2010-12-31": 0, "2010-09-30": -9.132, "2010-06-30": 9.132, "2010-03-31": "", "2009-12-31": 0, "2009-09-30": 0, "2009-06-30": 0, "2009-03-31": "", "2008-12-31": 0, "2008-09-30": 0, "2008-06-30": 0, "2008-03-31": "", "2007-12-31": 0, "2007-09-30": 0, "2007-06-30": 0, "2007-03-31": "", "2006-12-31": 0, "2006-09-30": 0, "2006-06-30": 0, "2006-03-31": "", "2005-12-31": 0, "2005-09-30": 0, "2005-06-30": 0, "2005-03-31": ""}, "Net Change In Investments - Total": {"2020-09-30": 0, "2020-06-30": 0, "2020-03-31": "", "2019-12-31": 0.147, "2019-09-30": 0, "2019-06-30": 0, "2019-03-31": "", "2018-12-31": 1.768, "2018-09-30": 3.242, "2018-06-30": 0, "2018-03-31": "", "2017-12-31": 0.43, "2017-09-30": 0, "2017-06-30": 0, "2017-03-31": "", "2016-12-31": 0.412, "2016-09-30": 0, "2016-06-30": 0, "2016-03-31": "", "2015-12-31": 0, "2015-09-30": 0, "2015-06-30": 0, "2015-03-31": "", "2014-12-31": 0, "2014-09-30": 0, "2014-06-30": 0, "2014-03-31": "", "2013-12-31": 0, "2013-09-30": 0, "2013-06-30": 0, "2013-03-31": "", "2012-12-31": 0, "2012-09-30": -14.698, "2012-06-30": 14.698, "2012-03-31": "", "2011-12-31": 0, "2011-09-30": -3.303, "2011-06-30": -48.231, "2011-03-31": "", "2010-12-31": -0.723, "2010-09-30": -9.326, "2010-06-30": 10.152, "2010-03-31": "-0.10300", "2009-12-31": 0.169, "2009-09-30": -0.948, "2009-06-30": 1.943, "2009-03-31": "-1.67800", "2008-12-31": 0.868, "2008-09-30": 0.97, "2008-06-30": -1.203, "2008-03-31": "1.38300", "2007-12-31": -1.086, "2007-09-30": -0.868, "2007-06-30": -3.41, "2007-03-31": "8.92200", "2006-12-31": -83.048, "2006-09-30": 0.514, "2006-06-30": -3.955, "2006-03-31": "1.45300", "2005-12-31": 1.86, "2005-09-30": -9.558, "2005-06-30": -1.618, "2005-03-31": "-0.46400"}, "Investing Activities - Other": {"2020-09-30": -15.199, "2020-06-30": -6.358, "2020-03-31": "-0.43900", "2019-12-31": -288.453, "2019-09-30": -9.406, "2019-06-30": -2.803, "2019-03-31": "-1.89700", "2018-12-31": -2.149, "2018-09-30": -6.507, "2018-06-30": 0.595, "2018-03-31": "-1.16500", "2017-12-31": -2.474, "2017-09-30": -3.172, "2017-06-30": -2.556, "2017-03-31": "-2.71600", "2016-12-31": 14.632, "2016-09-30": 268.923, "2016-06-30": -287.932, "2016-03-31": "6.67900", "2015-12-31": 22.007, "2015-09-30": -26.428, "2015-06-30": 2.9, "2015-03-31": "-0.32000", "2014-12-31": 64.334, "2014-09-30": 64.428, "2014-06-30": -64.704, "2014-03-31": "-39.05900", "2013-12-31": 203.559, "2013-09-30": -2.135, "2013-06-30": -82.41, "2013-03-31": "-9.50700", "2012-12-31": -45.059, "2012-09-30": 1.287, "2012-06-30": -2.964, "2012-03-31": "2.23300", "2011-12-31": -3.066, "2011-09-30": 27.265, "2011-06-30": -16.644, "2011-03-31": "5.87300", "2010-12-31": 10.945, "2010-09-30": -2.087, "2010-06-30": -0.071, "2010-03-31": "18.23900", "2009-12-31": 6.696, "2009-09-30": 5.532, "2009-06-30": 19.043, "2009-03-31": "-1.15700", "2008-12-31": -15.9, "2008-09-30": 1.494, "2008-06-30": -22.031, "2008-03-31": "2.55500", "2007-12-31": 179.487, "2007-09-30": 13.154, "2007-06-30": -23.108, "2007-03-31": "14.60000", "2006-12-31": 22.795, "2006-09-30": 0.273, "2006-06-30": -18.319, "2006-03-31": "-2.55600", "2005-12-31": -5.255, "2005-09-30": -34.853, "2005-06-30": -24.875, "2005-03-31": "-9.94000"}, "Cash Flow From Investing Activities": {"2020-09-30": -195.899, "2020-06-30": -62.056, "2020-03-31": "-98.01400", "2019-12-31": -189.408, "2019-09-30": -213.53, "2019-06-30": -54.879, "2019-03-31": "252.40400", "2018-12-31": -117.276, "2018-09-30": 532.809, "2018-06-30": -122.059, "2018-03-31": "-171.62800", "2017-12-31": 288.904, "2017-09-30": -96.951, "2017-06-30": -91.251, "2017-03-31": "-87.68300", "2016-12-31": 135.114, "2016-09-30": -79.55, "2016-06-30": -89.14, "2016-03-31": "-65.57100", "2015-12-31": 44.822, "2015-09-30": -131.871, "2015-06-30": -104.291, "2015-03-31": "20.44300", "2014-12-31": -101.997, "2014-09-30": 176.988, "2014-06-30": -15.224, "2014-03-31": "-46.08900", "2013-12-31": 364.351, "2013-09-30": -32.39, "2013-06-30": -193.2, "2013-03-31": "-73.56900", "2012-12-31": 75.445, "2012-09-30": 65.56, "2012-06-30": -22.372, "2012-03-31": "-6.96600", "2011-12-31": 58.738, "2011-09-30": 15.294, "2011-06-30": -32.518, "2011-03-31": "-1.02000", "2010-12-31": 44.85, "2010-09-30": -14.832, "2010-06-30": 47.531, "2010-03-31": "8.82600", "2009-12-31": 244.426, "2009-09-30": 236.481, "2009-06-30": 158.246, "2009-03-31": "-8.89900", "2008-12-31": 408.209, "2008-09-30": 462.936, "2008-06-30": 587.258, "2008-03-31": "-113.53400", "2007-12-31": 17.543, "2007-09-30": -102.178, "2007-06-30": -76.625, "2007-03-31": "-110.33900", "2006-12-31": 23.401, "2006-09-30": -56.296, "2006-06-30": -25.532, "2006-03-31": "291.46700", "2005-12-31": 206.37, "2005-09-30": 84.18, "2005-06-30": -32.509, "2005-03-31": "-308.00200"}, "Net Long-Term Debt": {"2020-09-30": -428.007, "2020-06-30": 707.031, "2020-03-31": "-22.62200", "2019-12-31": -23.023, "2019-09-30": 485.409, "2019-06-30": -188.21, "2019-03-31": "-19.58000", "2018-12-31": 294.468, "2018-09-30": -395.997, "2018-06-30": -50.882, "2018-03-31": "154.35100", "2017-12-31": -262.518, "2017-09-30": 188.67, "2017-06-30": 190.606, "2017-03-31": "36.50900", "2016-12-31": 108.381, "2016-09-30": -41.608, "2016-06-30": -9.593, "2016-03-31": "-11.41300", "2015-12-31": 24.058, "2015-09-30": 6.838, "2015-06-30": -70.203, "2015-03-31": "-122.38500", "2014-12-31": -31.513, "2014-09-30": -177.818, "2014-06-30": -92.914, "2014-03-31": "-22.85100", "2013-12-31": -131.228, "2013-09-30": -65.558, "2013-06-30": -20, "2013-03-31": "-22.52500", "2012-12-31": -45.934, "2012-09-30": -100.312, "2012-06-30": 2.27, "2012-03-31": "-60.56300", "2011-12-31": -18.3289, "2011-09-30": -54.703, "2011-06-30": -35.788, "2011-03-31": "-47.77700", "2010-12-31": 2.184, "2010-09-30": -40.564, "2010-06-30": -63.963, "2010-03-31": "-31.40100", "2009-12-31": -265.4792, "2009-09-30": -297.8789, "2009-06-30": -123.556, "2009-03-31": "-69.09600", "2008-12-31": -164.7179, "2008-09-30": -241.715, "2008-06-30": -253.551, "2008-03-31": "97.09600", "2007-12-31": 275.0379, "2007-09-30": 218.817, "2007-06-30": 37.354, "2007-03-31": "249.20800", "2006-12-31": -46.3339, "2006-09-30": 26.231, "2006-06-30": 21.886, "2006-03-31": "3.18800", "2005-12-31": -50.552, "2005-09-30": -53.208, "2005-06-30": -32.468, "2005-03-31": "143.17800"}, "Net Current Debt": {"2020-09-30": 0, "2020-06-30": -593.845, "2020-03-31": "318.84500", "2019-12-31": 275, "2019-09-30": -294.96, "2019-06-30": 224.96, "2019-03-31": "-90.36000", "2018-12-31": 160.36, "2018-09-30": -220.17, "2018-06-30": 141.535, "2018-03-31": "11.47500", "2017-12-31": -289.06, "2017-09-30": 110.5, "2017-06-30": 176.02, "2017-03-31": "51.77000", "2016-12-31": -276.85, "2016-09-30": 134.24, "2016-06-30": 54.46, "2016-03-31": "79.08000", "2015-12-31": -101.2, "2015-09-30": 80.68, "2015-06-30": 47.52, "2015-03-31": "-112.33000", "2014-12-31": 97.88, "2014-09-30": -38.95, "2014-06-30": -56.66, "2014-03-31": "59.66000", "2013-12-31": -248.15, "2013-09-30": 111.5, "2013-06-30": 137.85, "2013-03-31": "49.20000", "2012-12-31": -66.2, "2012-09-30": 66.2, "2012-06-30": -67.4, "2012-03-31": "67.40000", "2011-12-31": -26.2, "2011-09-30": 4.7, "2011-06-30": 21.5, "2011-03-31": "", "2010-12-31": 0, "2010-09-30": 0, "2010-06-30": -14.8, "2010-03-31": "14.80000", "2009-12-31": -15.07, "2009-09-30": 15.07, "2009-06-30": -15, "2009-03-31": "15.00000", "2008-12-31": -5.1, "2008-09-30": -139.9, "2008-06-30": -73.8, "2008-03-31": "218.80000", "2007-12-31": -150, "2007-09-30": -4, "2007-06-30": 24, "2007-03-31": "-10.00000", "2006-12-31": -15, "2006-09-30": 155, "2006-06-30": -42, "2006-03-31": "-175.00000", "2005-12-31": -115, "2005-09-30": -42.6, "2005-06-30": 98.6, "2005-03-31": "207.30000"}, "Debt Issuance/Retirement Net - Total": {"2020-09-30": -428.007, "2020-06-30": 113.186, "2020-03-31": "296.22300", "2019-12-31": 251.977, "2019-09-30": 190.449, "2019-06-30": 36.75, "2019-03-31": "-109.94000", "2018-12-31": 454.828, "2018-09-30": -616.167, "2018-06-30": 90.653, "2018-03-31": "165.82600", "2017-12-31": -551.578, "2017-09-30": 299.17, "2017-06-30": 366.626, "2017-03-31": "88.27900", "2016-12-31": -168.469, "2016-09-30": 92.632, "2016-06-30": 44.867, "2016-03-31": "67.66700", "2015-12-31": -77.142, "2015-09-30": 87.518, "2015-06-30": -22.683, "2015-03-31": "-234.71500", "2014-12-31": 66.367, "2014-09-30": -216.768, "2014-06-30": -149.574, "2014-03-31": "36.80900", "2013-12-31": -379.378, "2013-09-30": 45.942, "2013-06-30": 117.85, "2013-03-31": "26.67500", "2012-12-31": -112.134, "2012-09-30": -34.112, "2012-06-30": -65.13, "2012-03-31": "6.83700", "2011-12-31": -44.5289, "2011-09-30": -50.003, "2011-06-30": -14.288, "2011-03-31": "-47.77700", "2010-12-31": 2.184, "2010-09-30": -40.564, "2010-06-30": -78.763, "2010-03-31": "-16.60100", "2009-12-31": -280.5492, "2009-09-30": -282.8089, "2009-06-30": -138.556, "2009-03-31": "-54.09600", "2008-12-31": -169.8179, "2008-09-30": -381.615, "2008-06-30": -327.351, "2008-03-31": "315.89600", "2007-12-31": 125.0379, "2007-09-30": 214.817, "2007-06-30": 61.354, "2007-03-31": "239.20800", "2006-12-31": -61.3339, "2006-09-30": 181.231, "2006-06-30": -20.114, "2006-03-31": "-171.81200", "2005-12-31": -165.552, "2005-09-30": -95.808, "2005-06-30": 66.132, "2005-03-31": "350.47800"}, "Net Common Equity Issued/Repurchased": {"2020-09-30": 0, "2020-06-30": 0, "2020-03-31": "-10.00400", "2019-12-31": 0, "2019-09-30": 0, "2019-06-30": 0, "2019-03-31": "-20.68200", "2018-12-31": -373.593, "2018-09-30": 0, "2018-06-30": 0, "2018-03-31": "", "2017-12-31": 0, "2017-09-30": 0, "2017-06-30": 0, "2017-03-31": "", "2016-12-31": 0, "2016-09-30": 0, "2016-06-30": 0, "2016-03-31": "", "2015-12-31": 0, "2015-09-30": 0, "2015-06-30": -0.005, "2015-03-31": "366.58500", "2014-12-31": 0, "2014-09-30": 0, "2014-06-30": 0, "2014-03-31": "", "2013-12-31": 0, "2013-09-30": 0.01, "2013-06-30": 0, "2013-03-31": "0.98300", "2012-12-31": -0.057, "2012-09-30": 35.837, "2012-06-30": 605.652, "2012-03-31": "1.85400", "2011-12-31": -0.07, "2011-09-30": 11.039, "2011-06-30": 33.799, "2011-03-31": "28.98000", "2010-12-31": 14.046, "2010-09-30": 0, "2010-06-30": 1.806, "2010-03-31": "", "2009-12-31": 0, "2009-09-30": 0, "2009-06-30": 0, "2009-03-31": "", "2008-12-31": -49.518, "2008-09-30": -99.991, "2008-06-30": -152.936, "2008-03-31": "-199.37000", "2007-12-31": -121.672, "2007-09-30": -48.62, "2007-06-30": -24.266, "2007-03-31": "-59.10500", "2006-12-31": 35.378, "2006-09-30": -77.171, "2006-06-30": 0.592, "2006-03-31": "38.86700", "2005-12-31": 1.417, "2005-09-30": -0.288, "2005-06-30": 0.735, "2005-03-31": "0.45100"}, "Net Total Equity Issued/Repurchased": {"2020-09-30": 0, "2020-06-30": 0, "2020-03-31": "-10.00400", "2019-12-31": 0, "2019-09-30": 0, "2019-06-30": -125, "2019-03-31": "-20.68200", "2018-12-31": -373.593, "2018-09-30": 0, "2018-06-30": 0, "2018-03-31": "", "2017-12-31": 250.674, "2017-09-30": -250.674, "2017-06-30": 0, "2017-03-31": "", "2016-12-31": -0.008, "2016-09-30": -34.791, "2016-06-30": 0, "2016-03-31": "", "2015-12-31": 0, "2015-09-30": 0, "2015-06-30": -0.005, "2015-03-31": "339.58500", "2014-12-31": -0.069, "2014-09-30": -0.054, "2014-06-30": 123.658, "2014-03-31": "-9.50000", "2013-12-31": 0, "2013-09-30": 0.01, "2013-06-30": 0, "2013-03-31": "0.98300", "2012-12-31": -9.857, "2012-09-30": -264.181, "2012-06-30": 304.696, "2012-03-31": "11.69000", "2011-12-31": -26.898, "2011-09-30": 8.5, "2011-06-30": 26.799, "2011-03-31": "28.98000", "2010-12-31": -86.954, "2010-09-30": 96.11, "2010-06-30": -5.194, "2010-03-31": "", "2009-12-31": 0, "2009-09-30": 0, "2009-06-30": -4.2, "2009-03-31": "", "2008-12-31": -49.518, "2008-09-30": -124.831, "2008-06-30": -152.936, "2008-03-31": "-199.37000", "2007-12-31": -223.672, "2007-09-30": -48.62, "2007-06-30": -24.266, "2007-03-31": "-59.10500", "2006-12-31": 35.352, "2006-09-30": -250.691, "2006-06-30": 98.129, "2006-03-31": "-74.38300", "2005-12-31": 1.417, "2005-09-30": -0.288, "2005-06-30": 0.735, "2005-03-31": "-45.81800"}, "Total Common And Preferred Stock Dividends Paid": {"2020-09-30": -66.169, "2020-06-30": -66.139, "2020-03-31": "-66.55800", "2019-12-31": -63.268, "2019-09-30": -63.352, "2019-06-30": -64.28, "2019-03-31": "-75.25400", "2018-12-31": -67.363, "2018-09-30": -67.348, "2018-06-30": -66.881, "2018-03-31": "-73.70200", "2017-12-31": -69.509, "2017-09-30": -63.127, "2017-06-30": -69.658, "2017-03-31": "-58.47600", "2016-12-31": -89.472, "2016-09-30": -42.064, "2016-06-30": -66.183, "2016-03-31": "-54.28000", "2015-12-31": -49.571, "2015-09-30": -49.552, "2015-06-30": -49.473, "2015-03-31": "-46.58500", "2014-12-31": 1.363, "2014-09-30": -50.972, "2014-06-30": -70.8, "2014-03-31": "-38.66600", "2013-12-31": -35.719, "2013-09-30": -35.721, "2013-06-30": -35.718, "2013-03-31": "-35.69800", "2012-12-31": -29.996, "2012-09-30": -36.257, "2012-06-30": -40.527, "2012-03-31": "-34.24500", "2011-12-31": -26.874, "2011-09-30": -27.011, "2011-06-30": -26.759, "2011-03-31": "-26.69500", "2010-12-31": -26.377, "2010-09-30": -24.624, "2010-06-30": -24.592, "2010-03-31": "-24.57100", "2009-12-31": -24.478, "2009-09-30": -24.615, "2009-06-30": -24.908, "2009-03-31": "-73.54900", "2008-12-31": -67.062, "2008-09-30": -64.728, "2008-06-30": -66.848, "2008-03-31": "-68.86300", "2007-12-31": -200.816, "2007-09-30": -103.919, "2007-06-30": -116.733, "2007-03-31": "-74.52800", "2006-12-31": -191.82, "2006-09-30": -13.279, "2006-06-30": -110.129, "2006-03-31": "-108.38500", "2005-12-31": -96.785, "2005-09-30": -99.213, "2005-06-30": -97.381, "2005-03-31": "-90.77800"}, "Financial Activities - Other": {"2020-09-30": 434.539, "2020-06-30": -24.24, "2020-03-31": "-1.94900", "2019-12-31": -10.548, "2019-09-30": 5.042, "2019-06-30": -13.495, "2019-03-31": "-2.35100", "2018-12-31": -21.762, "2018-09-30": -1.235, "2018-06-30": -6.107, "2018-03-31": "-5.32900", "2017-12-31": -6.469, "2017-09-30": -5.846, "2017-06-30": -314.861, "2017-03-31": "-8.25100", "2016-12-31": 19.076, "2016-09-30": -43.235, "2016-06-30": -1.585, "2016-03-31": "-8.10400", "2015-12-31": -14.008, "2015-09-30": -8.829, "2015-06-30": -33.856, "2015-03-31": "-7.86000", "2014-12-31": -53.914, "2014-09-30": -2.944, "2014-06-30": 17.886, "2014-03-31": "-14.70400", "2013-12-31": -38.598, "2013-09-30": -32.239, "2013-06-30": -15.701, "2013-03-31": "-2.13800", "2012-12-31": -16.09, "2012-09-30": -31.724, "2012-06-30": -50.497, "2012-03-31": "-33.62000", "2011-12-31": -27.64, "2011-09-30": -37.446, "2011-06-30": -16.798, "2011-03-31": "-11.13300", "2010-12-31": -34.771, "2010-09-30": -28.552, "2010-06-30": -22.724, "2010-03-31": "2.18300", "2009-12-31": -61.614, "2009-09-30": -12.107, "2009-06-30": -48.876, "2009-03-31": "-52.12500", "2008-12-31": -132.732, "2008-09-30": -101.537, "2008-06-30": -64.715, "2008-03-31": "-39.99400", "2007-12-31": -10.634, "2007-09-30": -5.429, "2007-06-30": 45.261, "2007-03-31": "-48.66200", "2006-12-31": 114.811, "2006-09-30": -128.984, "2006-06-30": 3.768, "2006-03-31": "13.78400", "2005-12-31": 6.752, "2005-09-30": 6.681, "2005-06-30": 12.915, "2005-03-31": "5.29100"}, "Cash Flow From Financial Activities": {"2020-09-30": -59.637, "2020-06-30": 22.807, "2020-03-31": "217.71200", "2019-12-31": 178.161, "2019-09-30": 132.139, "2019-06-30": -166.025, "2019-03-31": "-208.22700", "2018-12-31": -7.89, "2018-09-30": -684.75, "2018-06-30": 17.665, "2018-03-31": "86.79500", "2017-12-31": -376.882, "2017-09-30": -20.477, "2017-06-30": -17.893, "2017-03-31": "21.55200", "2016-12-31": -238.873, "2016-09-30": -27.458, "2016-06-30": -22.901, "2016-03-31": "5.28300", "2015-12-31": -140.721, "2015-09-30": 29.137, "2015-06-30": -106.017, "2015-03-31": "50.42500", "2014-12-31": 13.747, "2014-09-30": -270.738, "2014-06-30": -78.83, "2014-03-31": "-26.06100", "2013-12-31": -453.695, "2013-09-30": -22.008, "2013-06-30": 66.431, "2013-03-31": "-10.17800", "2012-12-31": -168.077, "2012-09-30": -366.274, "2012-06-30": 148.542, "2012-03-31": "-49.33800", "2011-12-31": -125.941, "2011-09-30": -105.96, "2011-06-30": -31.046, "2011-03-31": "-56.62500", "2010-12-31": -145.918, "2010-09-30": 2.37, "2010-06-30": -131.273, "2010-03-31": "-38.98900", "2009-12-31": -366.641, "2009-09-30": -319.531, "2009-06-30": -216.54, "2009-03-31": "-179.77000", "2008-12-31": -419.13, "2008-09-30": -672.711, "2008-06-30": -611.85, "2008-03-31": "7.66900", "2007-12-31": -310.084, "2007-09-30": 56.849, "2007-06-30": -34.384, "2007-03-31": "56.91300", "2006-12-31": -102.991, "2006-09-30": -211.723, "2006-06-30": -28.346, "2006-03-31": "-340.79600", "2005-12-31": -254.168, "2005-09-30": -188.628, "2005-06-30": -17.599, "2005-03-31": "219.17300"}, "Net Cash Flow": {"2020-09-30": -174.017, "2020-06-30": 67.692, "2020-03-31": "197.11400", "2019-12-31": 84.477, "2019-09-30": 27.318, "2019-06-30": -132.482, "2019-03-31": "125.79400", "2018-12-31": -31.704, "2018-09-30": -34.641, "2018-06-30": -0.091, "2018-03-31": "-3.51000", "2017-12-31": 8.945, "2017-09-30": 0.215, "2017-06-30": -5.242, "2017-03-31": "7.47300", "2016-12-31": -3.714, "2016-09-30": -7.317, "2016-06-30": -9.229, "2016-03-31": "13.66500", "2015-12-31": 5.548, "2015-09-30": -1.594, "2015-06-30": -117.655, "2015-03-31": "135.51900", "2014-12-31": -0.215, "2014-09-30": -4.64, "2014-06-30": -4.576, "2014-03-31": "-17.34900", "2013-12-31": -11.871, "2013-09-30": 20.699, "2013-06-30": -2.635, "2013-03-31": "-34.85500", "2012-12-31": -18.102, "2012-09-30": -210.449, "2012-06-30": 229.73, "2012-03-31": "-7.83200", "2011-12-31": 15.235, "2011-09-30": -9.493, "2011-06-30": 3.964, "2011-03-31": "-29.96500", "2010-12-31": -33.737, "2010-09-30": 66.744, "2010-06-30": 0.443, "2010-03-31": "-3.38500", "2009-12-31": -25.774, "2009-09-30": -5.08, "2009-06-30": 18.881, "2009-03-31": "-206.44300", "2008-12-31": 80.629, "2008-09-30": -111.116, "2008-06-30": 167.08, "2008-03-31": "-47.37800", "2007-12-31": -127.033, "2007-09-30": 79.467, "2007-06-30": 0.867, "2007-03-31": "27.33600", "2006-12-31": 47.541, "2006-09-30": -141.18, "2006-06-30": 99.136, "2006-03-31": "62.59700", "2005-12-31": 22.094, "2005-09-30": -9.143, "2005-06-30": 29.15, "2005-03-31": "14.28600"}, "Stock-Based Compensation": {"2020-09-30": 0, "2020-06-30": 0, "2020-03-31": "", "2019-12-31": 8.146, "2019-09-30": 0, "2019-06-30": 0, "2019-03-31": "", "2018-12-31": 8.55, "2018-09-30": 0, "2018-06-30": 0, "2018-03-31": "", "2017-12-31": 7.877, "2017-09-30": 0, "2017-06-30": 0, "2017-03-31": "", "2016-12-31": 7.629, "2016-09-30": 0, "2016-06-30": 0, "2016-03-31": "", "2015-12-31": 6.64, "2015-09-30": 0, "2015-06-30": 0, "2015-03-31": "", "2014-12-31": 5.781, "2014-09-30": 0, "2014-06-30": 0, "2014-03-31": "", "2013-12-31": 5.645, "2013-09-30": 0, "2013-06-30": 0, "2013-03-31": "", "2012-12-31": 4.871, "2012-09-30": 0, "2012-06-30": 0, "2012-03-31": "", "2011-12-31": 5.381, "2011-09-30": 0, "2011-06-30": 0, "2011-03-31": "", "2010-12-31": 7.331, "2010-09-30": 0, "2010-06-30": 0, "2010-03-31": "", "2009-12-31": 6.666, "2009-09-30": 0, "2009-06-30": 0, "2009-03-31": "", "2008-12-31": 13.833, "2008-09-30": 0, "2008-06-30": 0, "2008-03-31": "", "2007-12-31": 14.921, "2007-09-30": 0, "2007-06-30": 0, "2007-03-31": "", "2006-12-31": 12.314, "2006-09-30": 0, "2006-06-30": 0, "2006-03-31": "", "2005-12-31": 8.558, "2005-09-30": 0, "2005-06-30": 0, "2005-03-31": ""}, "Common Stock Dividends Paid": {"2020-09-30": -66.169, "2020-06-30": -66.139, "2020-03-31": "-66.55800", "2019-12-31": -63.269, "2019-09-30": -63.352, "2019-06-30": -63.181, "2019-03-31": "-73.10600", "2018-12-31": -65.214, "2018-09-30": -65.2, "2018-06-30": -64.732, "2018-03-31": "-71.55400", "2017-12-31": -67.36, "2017-09-30": -60.979, "2017-06-30": -67.509, "2017-03-31": "-56.32800", "2016-12-31": -87.324, "2016-09-30": -39.713, "2016-06-30": -63.425, "2016-03-31": "-51.52300", "2015-12-31": -46.814, "2015-09-30": -46.795, "2015-06-30": -46.715, "2015-03-31": "-43.75800", "2014-12-31": 4.955, "2014-09-30": -48.846, "2014-06-30": -70.141, "2014-03-31": "-37.97000", "2013-12-31": -35.019, "2013-09-30": -35.019, "2013-06-30": -35.018, "2013-03-31": "-34.99600", "2012-12-31": -29.124, "2012-09-30": -29.109, "2012-06-30": -23.967, "2012-03-31": "-21.80600", "2011-12-31": -14.508, "2011-09-30": -14.498, "2011-06-30": -14.338, "2011-03-31": "-14.23900", "2010-12-31": -11.702, "2010-09-30": -11.693, "2010-06-30": -11.685, "2010-03-31": "-11.64900", "2009-12-31": -11.543, "2009-09-30": -11.628, "2009-06-30": -11.781, "2009-03-31": "-60.38300", "2008-12-31": -53.456, "2008-09-30": -51.022, "2008-06-30": -53.153, "2008-03-31": "-54.65500", "2007-12-31": -182.825, "2007-09-30": -87.53, "2007-06-30": -100.384, "2007-03-31": "-58.15700", "2006-12-31": -175.381, "2006-09-30": 3.103, "2006-06-30": -91.094, "2006-03-31": "-85.54100", "2005-12-31": -75.092, "2005-09-30": -77.52, "2005-06-30": -75.235, "2005-03-31": "-69.72800"}}, "financial ratios": {"Current Ratio": {"2019-12-31": "", "2018-12-31": "", "2017-12-31": "", "2016-12-31": "", "2015-12-31": "", "2014-12-31": "", "2013-12-31": "", "2012-12-31": "", "2011-12-31": "", "2010-12-31": "", "2009-12-31": "", "2008-12-31": "", "2007-12-31": "", "2006-12-31": "", "2005-12-31": ""}, "Long-term Debt / Capital": {"2019-12-31": "0.70770", "2018-12-31": "0.69800", "2017-12-31": "0.71180", "2016-12-31": "0.66640", "2015-12-31": "0.68570", "2014-12-31": "0.74140", "2013-12-31": "0.78910", "2012-12-31": "0.79260", "2011-12-31": "0.80660", "2010-12-31": "0.79860", "2009-12-31": "0.78120", "2008-12-31": "0.78660", "2007-12-31": "0.78540", "2006-12-31": "0.73920", "2005-12-31": "0.68920"}, "Debt/Equity Ratio": {"2019-12-31": "2.42130", "2018-12-31": "2.31090", "2017-12-31": "2.46950", "2016-12-31": "1.99730", "2015-12-31": "2.18220", "2014-12-31": "2.86740", "2013-12-31": "3.74180", "2012-12-31": "3.82120", "2011-12-31": "4.16950", "2010-12-31": "3.96510", "2009-12-31": "3.57040", "2008-12-31": "3.68590", "2007-12-31": "3.65950", "2006-12-31": "2.83500", "2005-12-31": "2.21710"}, "Gross Margin": {"2019-12-31": "", "2018-12-31": "", "2017-12-31": "", "2016-12-31": "", "2015-12-31": "", "2014-12-31": "", "2013-12-31": "", "2012-12-31": "", "2011-12-31": "", "2010-12-31": "", "2009-12-31": "", "2008-12-31": "", "2007-12-31": "", "2006-12-31": "", "2005-12-31": ""}, "Operating Margin": {"2019-12-31": "17.14690", "2018-12-31": "22.18780", "2017-12-31": "19.29340", "2016-12-31": "24.78240", "2015-12-31": "26.10950", "2014-12-31": "26.65180", "2013-12-31": "25.56520", "2012-12-31": "18.67650", "2011-12-31": "14.79630", "2010-12-31": "10.70200", "2009-12-31": "7.86500", "2008-12-31": "3.58940", "2007-12-31": "15.73480", "2006-12-31": "18.05980", "2005-12-31": "19.85160"}, "EBIT Margin": {"2019-12-31": "17.14690", "2018-12-31": "22.18780", "2017-12-31": "19.29340", "2016-12-31": "24.78240", "2015-12-31": "26.10950", "2014-12-31": "26.65180", "2013-12-31": "25.56520", "2012-12-31": "18.67650", "2011-12-31": "14.79630", "2010-12-31": "10.70200", "2009-12-31": "7.86500", "2008-12-31": "3.58940", "2007-12-31": "15.73480", "2006-12-31": "18.05980", "2005-12-31": "19.85160"}, "EBITDA Margin": {"2019-12-31": "59.56210", "2018-12-31": "61.96610", "2017-12-31": "56.27730", "2016-12-31": "58.73570", "2015-12-31": "57.85140", "2014-12-31": "55.74900", "2013-12-31": "56.03840", "2012-12-31": "53.12750", "2011-12-31": "50.77020", "2010-12-31": "49.47550", "2009-12-31": "47.05760", "2008-12-31": "36.32440", "2007-12-31": "45.99620", "2006-12-31": "48.17180", "2005-12-31": "47.66080"}, "Pre-Tax Profit Margin": {"2019-12-31": "55.22210", "2018-12-31": "72.35380", "2017-12-31": "31.45330", "2016-12-31": "46.63650", "2015-12-31": "6.50820", "2014-12-31": "4.81810", "2013-12-31": "3.35060", "2012-12-31": "-2.04630", "2011-12-31": "-15.54950", "2010-12-31": "-18.52990", "2009-12-31": "-20.80530", "2008-12-31": "-14.80220", "2007-12-31": "-5.61140", "2006-12-31": "-4.36420", "2005-12-31": "-2.55130"}, "Net Profit Margin": {"2019-12-31": "50.98400", "2018-12-31": "67.52270", "2017-12-31": "30.52020", "2016-12-31": "41.95200", "2015-12-31": "24.04600", "2014-12-31": "30.49890", "2013-12-31": "20.90990", "2012-12-31": "8.57020", "2011-12-31": "-11.28240", "2010-12-31": "-13.07380", "2009-12-31": "-10.96110", "2008-12-31": "29.80070", "2007-12-31": "-3.45570", "2006-12-31": "7.50730", "2005-12-31": "-1.26080"}, "Asset Turnover": {"2019-12-31": "0.13390", "2018-12-31": "0.15710", "2017-12-31": "0.16540", "2016-12-31": "0.15980", "2015-12-31": "0.16040", "2014-12-31": "0.16140", "2013-12-31": "0.16020", "2012-12-31": "0.14970", "2011-12-31": "0.13310", "2010-12-31": "0.12990", "2009-12-31": "0.13250", "2008-12-31": "0.12490", "2007-12-31": "0.11070", "2006-12-31": "0.12380", "2005-12-31": "0.13430"}, "Inventory Turnover Ratio": {"2019-12-31": "", "2018-12-31": "", "2017-12-31": "", "2016-12-31": "", "2015-12-31": "", "2014-12-31": "", "2013-12-31": "", "2012-12-31": "", "2011-12-31": "", "2010-12-31": "", "2009-12-31": "", "2008-12-31": "", "2007-12-31": "", "2006-12-31": "", "2005-12-31": ""}, "Receiveable Turnover": {"2019-12-31": "", "2018-12-31": "", "2017-12-31": "", "2016-12-31": "", "2015-12-31": "", "2014-12-31": "", "2013-12-31": "", "2012-12-31": "", "2011-12-31": "", "2010-12-31": "", "2009-12-31": "", "2008-12-31": "", "2007-12-31": "", "2006-12-31": "", "2005-12-31": ""}, "Days Sales In Receivables": {"2019-12-31": "", "2018-12-31": "", "2017-12-31": "", "2016-12-31": "", "2015-12-31": "", "2014-12-31": "", "2013-12-31": "", "2012-12-31": "", "2011-12-31": "", "2010-12-31": "", "2009-12-31": "", "2008-12-31": "", "2007-12-31": "", "2006-12-31": "", "2005-12-31": ""}, "ROE - Return On Equity": {"2019-12-31": "27.30160", "2018-12-31": "43.73150", "2017-12-31": "22.67370", "2016-12-31": "26.55400", "2015-12-31": "5.69490", "2014-12-31": "5.37230", "2013-12-31": "3.13190", "2012-12-31": "-1.72580", "2011-12-31": "-27.94260", "2010-12-31": "-24.76650", "2009-12-31": "-22.59260", "2008-12-31": "-12.41000", "2007-12-31": "-4.49320", "2006-12-31": "-3.30420", "2005-12-31": "-1.41250"}, "Return On Tangible Equity": {"2019-12-31": "27.30160", "2018-12-31": "40.63200", "2017-12-31": "20.96200", "2016-12-31": "24.84740", "2015-12-31": "5.18110", "2014-12-31": "4.67890", "2013-12-31": "2.95000", "2012-12-31": "-1.62400", "2011-12-31": "-11.90180", "2010-12-31": "-12.30340", "2009-12-31": "-12.86930", "2008-12-31": "-7.16110", "2007-12-31": "-2.63520", "2006-12-31": "-2.14130", "2005-12-31": "-0.88710"}, "ROA - Return On Assets": {"2019-12-31": "7.43950", "2018-12-31": "11.57680", "2017-12-31": "5.70940", "2016-12-31": "7.75370", "2015-12-31": "1.49360", "2014-12-31": "1.10670", "2013-12-31": "0.56910", "2012-12-31": "-0.29300", "2011-12-31": "-1.98250", "2010-12-31": "-2.17900", "2009-12-31": "-2.49800", "2008-12-31": "-1.24900", "2007-12-31": "-0.43470", "2006-12-31": "-0.48690", "2005-12-31": "-0.24050"}, "ROI - Return On Investment": {"2019-12-31": "7.97980", "2018-12-31": "12.27210", "2017-12-31": "6.04180", "2016-12-31": "8.29000", "2015-12-31": "1.62820", "2014-12-31": "1.20980", "2013-12-31": "0.62210", "2012-12-31": "-0.33690", "2011-12-31": "-2.30230", "2010-12-31": "-2.47790", "2009-12-31": "-2.81580", "2008-12-31": "-1.52820", "2007-12-31": "-0.56560", "2006-12-31": "-0.55840", "2005-12-31": "-0.27580"}, "Book Value Per Share": {"2019-12-31": "15.47570", "2018-12-31": "15.10000", "2017-12-31": "13.44920", "2016-12-31": "15.82870", "2015-12-31": "14.40670", "2014-12-31": "12.57680", "2013-12-31": "10.26170", "2012-12-31": "10.13000", "2011-12-31": "12.08700", "2010-12-31": "14.18260", "2009-12-31": "16.82270", "2008-12-31": "20.89360", "2007-12-31": "16.52260", "2006-12-31": "29.40080", "2005-12-31": "36.22520"}, "Operating Cash Flow Per Share": {"2019-12-31": -0.1091, "2018-12-31": 0.0506, "2017-12-31": 0.1189, "2016-12-31": 0.1201, "2015-12-31": 0.1428, "2014-12-31": -0.0457, "2013-12-31": -0.1515, "2012-12-31": 0.2384, "2011-12-31": -0.0556, "2010-12-31": 0.2135, "2009-12-31": -3.7278, "2008-12-31": -0.1438, "2007-12-31": 1.7863, "2006-12-31": 0.187, "2005-12-31": 4.5101}, "Free Cash Flow Per Share": {"2019-12-31": -0.3288, "2018-12-31": 0.8907, "2017-12-31": 1.1419, "2016-12-31": 0.676, "2015-12-31": -1.1457, "2014-12-31": 0.2441, "2013-12-31": -1.7269, "2012-12-31": 0.7668, "2011-12-31": 0.1677, "2010-12-31": -5.7812, "2009-12-31": -15.7607, "2008-12-31": 24.4846, "2007-12-31": -7.0283, "2006-12-31": 2.4392, "2005-12-31": 4.9066}}, "financial ratios, quarterly": {"Current Ratio": {"2020-09-30": "", "2020-06-30": "", "2020-03-31": "", "2019-12-31": "", "2019-09-30": "", "2019-06-30": "", "2019-03-31": "", "2018-12-31": "", "2018-09-30": "", "2018-06-30": "", "2018-03-31": "", "2017-12-31": "", "2017-09-30": "", "2017-06-30": "", "2017-03-31": "", "2016-12-31": "", "2016-09-30": "", "2016-06-30": "", "2016-03-31": "", "2015-12-31": "", "2015-09-30": "", "2015-06-30": "", "2015-03-31": "", "2014-12-31": "", "2014-09-30": "", "2014-06-30": "", "2014-03-31": "", "2013-12-31": "", "2013-09-30": "", "2013-06-30": "", "2013-03-31": "", "2012-12-31": "", "2012-09-30": "", "2012-06-30": "", "2012-03-31": "", "2011-12-31": "", "2011-09-30": "", "2011-06-30": "", "2011-03-31": "", "2010-12-31": "", "2010-09-30": "", "2010-06-30": "", "2010-03-31": "", "2009-12-31": "", "2009-09-30": "", "2009-06-30": "", "2009-03-31": "", "2008-12-31": "", "2008-09-30": "", "2008-06-30": "", "2008-03-31": "", "2007-12-31": "", "2007-09-30": "", "2007-06-30": "", "2007-03-31": "", "2006-12-31": "", "2006-09-30": "", "2006-06-30": "", "2006-03-31": "", "2005-12-31": "", "2005-09-30": "", "2005-06-30": "", "2005-03-31": ""}, "Long-term Debt / Capital": {"2020-09-30": "0.67350", "2020-06-30": "0.73390", "2020-03-31": "0.72790", "2019-12-31": "0.70770", "2019-09-30": "0.70430", "2019-06-30": "0.68450", "2019-03-31": "0.66710", "2018-12-31": "0.69800", "2018-09-30": "0.62440", "2018-06-30": "0.73050", "2018-03-31": "0.71900", "2017-12-31": "0.71180", "2017-09-30": "0.75360", "2017-06-30": "0.74600", "2017-03-31": "0.68380", "2016-12-31": "0.66640", "2016-09-30": "0.68930", "2016-06-30": "0.67340", "2016-03-31": "0.69310", "2015-12-31": "0.68570", "2015-09-30": "0.69240", "2015-06-30": "0.68010", "2015-03-31": "0.67940", "2014-12-31": "0.74140", "2014-09-30": "0.73300", "2014-06-30": "0.75710", "2014-03-31": "0.78810", "2013-12-31": "0.78910", "2013-09-30": "0.81520", "2013-06-30": "0.82000", "2013-03-31": "0.80960", "2012-12-31": "0.79260", "2012-09-30": "0.81740", "2012-06-30": "0.78800", "2012-03-31": "0.82790", "2011-12-31": "0.80660", "2011-09-30": "0.81410", "2011-06-30": "0.81220", "2011-03-31": "0.80990", "2010-12-31": "0.79860", "2010-09-30": "0.79120", "2010-06-30": "0.79520", "2010-03-31": "0.79230", "2009-12-31": "0.78120", "2009-09-30": "0.79530", "2009-06-30": "0.80070", "2009-03-31": "0.79820", "2008-12-31": "0.78660", "2008-09-30": "0.81250", "2008-06-30": "0.82340", "2008-03-31": "0.83380", "2007-12-31": "0.78540", "2007-09-30": "0.78350", "2007-06-30": "0.75900", "2007-03-31": "0.75060", "2006-12-31": "0.73920", "2006-09-30": "0.74100", "2006-06-30": "0.70860", "2006-03-31": "0.71490", "2005-12-31": "0.68920", "2005-09-30": "0.68940", "2005-06-30": "0.69380", "2005-03-31": "0.68620"}, "Debt/Equity Ratio": {"2020-09-30": "2.06230", "2020-06-30": "2.75730", "2020-03-31": "2.67470", "2019-12-31": "2.42130", "2019-09-30": "2.38220", "2019-06-30": "2.16910", "2019-03-31": "2.00430", "2018-12-31": "2.31090", "2018-09-30": "1.66210", "2018-06-30": "2.71050", "2018-03-31": "2.55910", "2017-12-31": "2.46950", "2017-09-30": "3.05810", "2017-06-30": "2.93730", "2017-03-31": "2.16240", "2016-12-31": "1.99730", "2016-09-30": "2.21900", "2016-06-30": "2.06150", "2016-03-31": "2.25790", "2015-12-31": "2.18220", "2015-09-30": "2.25070", "2015-06-30": "2.12640", "2015-03-31": "2.11940", "2014-12-31": "2.86740", "2014-09-30": "2.74480", "2014-06-30": "3.11610", "2014-03-31": "3.71990", "2013-12-31": "3.74180", "2013-09-30": "4.40990", "2013-06-30": "4.55620", "2013-03-31": "4.25170", "2012-12-31": "3.82120", "2012-09-30": "4.47710", "2012-06-30": "3.71780", "2012-03-31": "4.81190", "2011-12-31": "4.16950", "2011-09-30": "4.37900", "2011-06-30": "4.32570", "2011-03-31": "4.26040", "2010-12-31": "3.96510", "2010-09-30": "3.78900", "2010-06-30": "3.88350", "2010-03-31": "3.81460", "2009-12-31": "3.57040", "2009-09-30": "3.88640", "2009-06-30": "4.01840", "2009-03-31": "3.95470", "2008-12-31": "3.68590", "2008-09-30": "4.33260", "2008-06-30": "4.66110", "2008-03-31": "5.01720", "2007-12-31": "3.65950", "2007-09-30": "3.61870", "2007-06-30": "3.14880", "2007-03-31": "3.01040", "2006-12-31": "2.83500", "2006-09-30": "2.86040", "2006-06-30": "2.43190", "2006-03-31": "2.50760", "2005-12-31": "2.21710", "2005-09-30": "2.21990", "2005-06-30": "2.26530", "2005-03-31": "2.18630"}, "Gross Margin": {"2020-09-30": "", "2020-06-30": "", "2020-03-31": "", "2019-12-31": "", "2019-09-30": "", "2019-06-30": "", "2019-03-31": "", "2018-12-31": "", "2018-09-30": "", "2018-06-30": "", "2018-03-31": "", "2017-12-31": "", "2017-09-30": "", "2017-06-30": "", "2017-03-31": "", "2016-12-31": "", "2016-09-30": "", "2016-06-30": "", "2016-03-31": "", "2015-12-31": "", "2015-09-30": "", "2015-06-30": "", "2015-03-31": "", "2014-12-31": "", "2014-09-30": "", "2014-06-30": "", "2014-03-31": "", "2013-12-31": "", "2013-09-30": "", "2013-06-30": "", "2013-03-31": "", "2012-12-31": "", "2012-09-30": "", "2012-06-30": "", "2012-03-31": "", "2011-12-31": "", "2011-09-30": "", "2011-06-30": "", "2011-03-31": "", "2010-12-31": "", "2010-09-30": "", "2010-06-30": "", "2010-03-31": "", "2009-12-31": "", "2009-09-30": "", "2009-06-30": "", "2009-03-31": "", "2008-12-31": "", "2008-09-30": "", "2008-06-30": "", "2008-03-31": "", "2007-12-31": "", "2007-09-30": "", "2007-06-30": "", "2007-03-31": "", "2006-12-31": "", "2006-09-30": "", "2006-06-30": "", "2006-03-31": "", "2005-12-31": "", "2005-09-30": "", "2005-06-30": "", "2005-03-31": ""}, "Operating Margin": {"2020-09-30": "6.39070", "2020-06-30": "14.59730", "2020-03-31": "15.88140", "2019-12-31": "15.92310", "2019-09-30": "16.80700", "2019-06-30": "17.88760", "2019-03-31": "17.98770", "2018-12-31": "28.47310", "2018-09-30": "19.36400", "2018-06-30": "19.72960", "2018-03-31": "21.54730", "2017-12-31": "6.77160", "2017-09-30": "23.25090", "2017-06-30": "23.96950", "2017-03-31": "23.44560", "2016-12-31": "24.08650", "2016-09-30": "23.59620", "2016-06-30": "25.64940", "2016-03-31": "25.80180", "2015-12-31": "26.63300", "2015-09-30": "25.98390", "2015-06-30": "26.81680", "2015-03-31": "25.00030", "2014-12-31": "26.34920", "2014-09-30": "27.33200", "2014-06-30": "26.70140", "2014-03-31": "26.22250", "2013-12-31": "29.16200", "2013-09-30": "26.44550", "2013-06-30": "24.28680", "2013-03-31": "22.16340", "2012-12-31": "20.97300", "2012-09-30": "19.32050", "2012-06-30": "19.00520", "2012-03-31": "15.88020", "2011-12-31": "7.82760", "2011-09-30": "16.27930", "2011-06-30": "17.93300", "2011-03-31": "13.88850", "2010-12-31": "6.43950", "2010-09-30": "13.02420", "2010-06-30": "12.56640", "2010-03-31": "8.58050", "2009-12-31": "-0.39050", "2009-09-30": "6.04810", "2009-06-30": "11.83080", "2009-03-31": "10.67610", "2008-12-31": "-95.21500", "2008-09-30": "15.00990", "2008-06-30": "18.14760", "2008-03-31": "14.30080", "2007-12-31": "-179.26970", "2007-09-30": "17.54970", "2007-06-30": "20.61390", "2007-03-31": "18.02980", "2006-12-31": "-46.82540", "2006-09-30": "20.25830", "2006-06-30": "22.17580", "2006-03-31": "20.88910", "2005-12-31": "19.90220", "2005-09-30": "18.28170", "2005-06-30": "21.21030", "2005-03-31": "20.07690"}, "EBIT Margin": {"2020-09-30": "6.39070", "2020-06-30": "14.59730", "2020-03-31": "15.88140", "2019-12-31": "15.92300", "2019-09-30": "16.80700", "2019-06-30": "17.88760", "2019-03-31": "17.98770", "2018-12-31": "28.47310", "2018-09-30": "19.36400", "2018-06-30": "19.72960", "2018-03-31": "21.54730", "2017-12-31": "6.77160", "2017-09-30": "23.25090", "2017-06-30": "23.96950", "2017-03-31": "23.44560", "2016-12-31": "24.08650", "2016-09-30": "23.59620", "2016-06-30": "25.64940", "2016-03-31": "25.80180", "2015-12-31": "26.63310", "2015-09-30": "25.98390", "2015-06-30": "26.81680", "2015-03-31": "25.00030", "2014-12-31": "26.34920", "2014-09-30": "27.33200", "2014-06-30": "26.70140", "2014-03-31": "26.22250", "2013-12-31": "29.16200", "2013-09-30": "26.44550", "2013-06-30": "24.28680", "2013-03-31": "22.16340", "2012-12-31": "20.97300", "2012-09-30": "19.32050", "2012-06-30": "19.00520", "2012-03-31": "15.88020", "2011-12-31": "7.82760", "2011-09-30": "16.27930", "2011-06-30": "17.93300", "2011-03-31": "13.88850", "2010-12-31": "6.43950", "2010-09-30": "13.02420", "2010-06-30": "12.56640", "2010-03-31": "8.58050", "2009-12-31": "-0.39050", "2009-09-30": "6.04810", "2009-06-30": "11.83080", "2009-03-31": "10.67610", "2008-12-31": "-95.21500", "2008-09-30": "15.00990", "2008-06-30": "18.14760", "2008-03-31": "14.30080", "2007-12-31": "-179.26990", "2007-09-30": "17.54970", "2007-06-30": "20.61390", "2007-03-31": "18.02980", "2006-12-31": "-46.82540", "2006-09-30": "20.25830", "2006-06-30": "22.17580", "2006-03-31": "20.88910", "2005-12-31": "19.90220", "2005-09-30": "18.28170", "2005-06-30": "21.21030", "2005-03-31": "20.07690"}, "EBITDA Margin": {"2020-09-30": "", "2020-06-30": "", "2020-03-31": "", "2019-12-31": "", "2019-09-30": "", "2019-06-30": "", "2019-03-31": "", "2018-12-31": "", "2018-09-30": "", "2018-06-30": "", "2018-03-31": "", "2017-12-31": "", "2017-09-30": "", "2017-06-30": "", "2017-03-31": "", "2016-12-31": "", "2016-09-30": "", "2016-06-30": "", "2016-03-31": "", "2015-12-31": "", "2015-09-30": "", "2015-06-30": "", "2015-03-31": "", "2014-12-31": "", "2014-09-30": "", "2014-06-30": "", "2014-03-31": "", "2013-12-31": "", "2013-09-30": "", "2013-06-30": "", "2013-03-31": "", "2012-12-31": "", "2012-09-30": "", "2012-06-30": "", "2012-03-31": "", "2011-12-31": "", "2011-09-30": "", "2011-06-30": "", "2011-03-31": "", "2010-12-31": "", "2010-09-30": "", "2010-06-30": "", "2010-03-31": "", "2009-12-31": "", "2009-09-30": "", "2009-06-30": "", "2009-03-31": "", "2008-12-31": "", "2008-09-30": "", "2008-06-30": "", "2008-03-31": "", "2007-12-31": "", "2007-09-30": "", "2007-06-30": "", "2007-03-31": "", "2006-12-31": "", "2006-09-30": "", "2006-06-30": "", "2006-03-31": "", "2005-12-31": "", "2005-09-30": "", "2005-06-30": "", "2005-03-31": ""}, "Pre-Tax Profit Margin": {"2020-09-30": "-12.32830", "2020-06-30": "18.42940", "2020-03-31": "2.55800", "2019-12-31": "61.54490", "2019-09-30": "0.38030", "2019-06-30": "30.40540", "2019-03-31": "127.81550", "2018-12-31": "4.06470", "2018-09-30": "259.86490", "2018-06-30": "1.13870", "2018-03-31": "24.69440", "2017-12-31": "106.22300", "2017-09-30": "6.87530", "2017-06-30": "6.04600", "2017-03-31": "5.09740", "2016-12-31": "165.23590", "2016-09-30": "4.85170", "2016-06-30": "8.87320", "2016-03-31": "7.23360", "2015-12-31": "7.62460", "2015-09-30": "6.28690", "2015-06-30": "7.39140", "2015-03-31": "4.72270", "2014-12-31": "5.10740", "2014-09-30": "5.33980", "2014-06-30": "5.11160", "2014-03-31": "3.72880", "2013-12-31": "9.83050", "2013-09-30": "2.82360", "2013-06-30": "1.09450", "2013-03-31": "-0.65600", "2012-12-31": "2.51230", "2012-09-30": "2.32670", "2012-06-30": "-3.04590", "2012-03-31": "-9.03930", "2011-12-31": "-27.48090", "2011-09-30": "-9.88920", "2011-06-30": "-17.51270", "2011-03-31": "-12.90830", "2010-12-31": "-33.35710", "2010-09-30": "-18.80620", "2010-06-30": "-15.06240", "2010-03-31": "-14.65080", "2009-12-31": "-42.88880", "2009-09-30": "-20.21220", "2009-06-30": "-15.90210", "2009-03-31": "-12.91970", "2008-12-31": "-141.88340", "2008-09-30": "20.05000", "2008-06-30": "-6.72120", "2008-03-31": "-10.07970", "2007-12-31": "-183.10130", "2007-09-30": "-6.69710", "2007-06-30": "-1.56760", "2007-03-31": "-0.73100", "2006-12-31": "-58.84120", "2006-09-30": "-3.96310", "2006-06-30": "-1.50900", "2006-03-31": "0.07520", "2005-12-31": "-5.34230", "2005-09-30": "-3.38620", "2005-06-30": "-0.68130", "2005-03-31": "-1.45630"}, "Net Profit Margin": {"2020-09-30": "-11.62470", "2020-06-30": "17.92070", "2020-03-31": "2.97440", "2019-12-31": "57.96540", "2019-09-30": "0.87150", "2019-06-30": "26.42020", "2019-03-31": "117.95250", "2018-12-31": "2.25240", "2018-09-30": "233.84470", "2018-06-30": "1.12600", "2018-03-31": "32.91010", "2017-12-31": "102.69090", "2017-09-30": "6.84510", "2017-06-30": "6.36030", "2017-03-31": "4.66200", "2016-12-31": "64.93170", "2016-09-30": "4.49010", "2016-06-30": "88.12350", "2016-03-31": "9.43110", "2015-12-31": "27.10280", "2015-09-30": "7.78410", "2015-06-30": "24.84000", "2015-03-31": "36.57670", "2014-12-31": "14.97660", "2014-09-30": "50.52040", "2014-06-30": "30.44020", "2014-03-31": "25.80470", "2013-12-31": "48.73140", "2013-09-30": "27.16540", "2013-06-30": "4.18090", "2013-03-31": "2.12630", "2012-12-31": "34.02460", "2012-09-30": "9.55640", "2012-06-30": "0.20650", "2012-03-31": "-4.20460", "2011-12-31": "-17.15130", "2011-09-30": "-5.81670", "2011-06-30": "-12.79160", "2011-03-31": "-12.03350", "2010-12-31": "-29.07830", "2010-09-30": "-10.43220", "2010-06-30": "-6.50760", "2010-03-31": "-14.60850", "2009-12-31": "-3.79840", "2009-09-30": "-14.18730", "2009-06-30": "-10.25930", "2009-03-31": "-12.84640", "2008-12-31": "-6.54640", "2008-09-30": "46.32330", "2008-06-30": "67.06870", "2008-03-31": "-11.17040", "2007-12-31": "-173.78740", "2007-09-30": "-5.93740", "2007-06-30": "0.76740", "2007-03-31": "2.17120", "2006-12-31": "115.54850", "2006-09-30": "-11.46520", "2006-06-30": "3.93360", "2006-03-31": "14.89700", "2005-12-31": "-2.49000", "2005-09-30": "1.26470", "2005-06-30": "1.64390", "2005-03-31": "-5.91050"}, "Asset Turnover": {"2020-09-30": "0.03060", "2020-06-30": "0.03070", "2020-03-31": "0.03190", "2019-12-31": "0.03370", "2019-09-30": "0.03510", "2019-06-30": "0.03590", "2019-03-31": "0.03660", "2018-12-31": "0.03750", "2018-09-30": "0.03920", "2018-06-30": "0.03820", "2018-03-31": "0.03960", "2017-12-31": "0.04200", "2017-09-30": "0.04130", "2017-06-30": "0.04020", "2017-03-31": "0.03980", "2016-12-31": "0.04000", "2016-09-30": "0.03950", "2016-06-30": "0.04000", "2016-03-31": "0.04010", "2015-12-31": "0.04020", "2015-09-30": "0.03960", "2015-06-30": "0.03980", "2015-03-31": "0.03930", "2014-12-31": "0.03970", "2014-09-30": "0.04160", "2014-06-30": "0.04050", "2014-03-31": "0.04090", "2013-12-31": "0.04130", "2013-09-30": "0.03760", "2013-06-30": "0.03740", "2013-03-31": "0.03730", "2012-12-31": "0.03130", "2012-09-30": "0.03850", "2012-06-30": "0.03650", "2012-03-31": "0.03700", "2011-12-31": "0.01990", "2011-09-30": "0.03610", "2011-06-30": "0.03620", "2011-03-31": "0.03640", "2010-12-31": "0.01790", "2010-09-30": "0.03590", "2010-06-30": "0.03590", "2010-03-31": "0.03510", "2009-12-31": "0.02240", "2009-09-30": "0.03370", "2009-06-30": "0.03300", "2009-03-31": "0.03230", "2008-12-31": "0.01380", "2008-09-30": "0.03480", "2008-06-30": "0.03450", "2008-03-31": "0.03300", "2007-12-31": "0.00170", "2007-09-30": "0.03420", "2007-06-30": "0.03740", "2007-03-31": "0.03960", "2006-12-31": "0.00560", "2006-09-30": "0.03970", "2006-06-30": "0.03930", "2006-03-31": "0.03890", "2005-12-31": "0.02670", "2005-09-30": "0.03590", "2005-06-30": "0.03430", "2005-03-31": "0.03410"}, "Inventory Turnover Ratio": {"2020-09-30": "", "2020-06-30": "", "2020-03-31": "", "2019-12-31": "", "2019-09-30": "", "2019-06-30": "", "2019-03-31": "", "2018-12-31": "", "2018-09-30": "", "2018-06-30": "", "2018-03-31": "", "2017-12-31": "", "2017-09-30": "", "2017-06-30": "", "2017-03-31": "", "2016-12-31": "", "2016-09-30": "", "2016-06-30": "", "2016-03-31": "", "2015-12-31": "", "2015-09-30": "", "2015-06-30": "", "2015-03-31": "", "2014-12-31": "", "2014-09-30": "", "2014-06-30": "", "2014-03-31": "", "2013-12-31": "", "2013-09-30": "", "2013-06-30": "", "2013-03-31": "", "2012-12-31": "", "2012-09-30": "", "2012-06-30": "", "2012-03-31": "", "2011-12-31": "", "2011-09-30": "", "2011-06-30": "", "2011-03-31": "", "2010-12-31": "", "2010-09-30": "", "2010-06-30": "", "2010-03-31": "", "2009-12-31": "", "2009-09-30": "", "2009-06-30": "", "2009-03-31": "", "2008-12-31": "", "2008-09-30": "", "2008-06-30": "", "2008-03-31": "", "2007-12-31": "", "2007-09-30": "", "2007-06-30": "", "2007-03-31": "", "2006-12-31": "", "2006-09-30": "", "2006-06-30": "", "2006-03-31": "", "2005-12-31": "", "2005-09-30": "", "2005-06-30": "", "2005-03-31": ""}, "Receiveable Turnover": {"2020-09-30": "", "2020-06-30": "", "2020-03-31": "", "2019-12-31": "", "2019-09-30": "", "2019-06-30": "", "2019-03-31": "", "2018-12-31": "", "2018-09-30": "", "2018-06-30": "", "2018-03-31": "", "2017-12-31": "", "2017-09-30": "", "2017-06-30": "", "2017-03-31": "", "2016-12-31": "", "2016-09-30": "", "2016-06-30": "", "2016-03-31": "", "2015-12-31": "", "2015-09-30": "", "2015-06-30": "", "2015-03-31": "", "2014-12-31": "", "2014-09-30": "", "2014-06-30": "", "2014-03-31": "", "2013-12-31": "", "2013-09-30": "", "2013-06-30": "", "2013-03-31": "", "2012-12-31": "", "2012-09-30": "", "2012-06-30": "", "2012-03-31": "", "2011-12-31": "", "2011-09-30": "", "2011-06-30": "", "2011-03-31": "", "2010-12-31": "", "2010-09-30": "", "2010-06-30": "", "2010-03-31": "", "2009-12-31": "", "2009-09-30": "", "2009-06-30": "", "2009-03-31": "", "2008-12-31": "", "2008-09-30": "", "2008-06-30": "", "2008-03-31": "", "2007-12-31": "", "2007-09-30": "", "2007-06-30": "", "2007-03-31": "", "2006-12-31": "", "2006-09-30": "", "2006-06-30": "", "2006-03-31": "", "2005-12-31": "", "2005-09-30": "", "2005-06-30": "", "2005-03-31": ""}, "Days Sales In Receivables": {"2020-09-30": "", "2020-06-30": "", "2020-03-31": "", "2019-12-31": "", "2019-09-30": "", "2019-06-30": "", "2019-03-31": "", "2018-12-31": "", "2018-09-30": "", "2018-06-30": "", "2018-03-31": "", "2017-12-31": "", "2017-09-30": "", "2017-06-30": "", "2017-03-31": "", "2016-12-31": "", "2016-09-30": "", "2016-06-30": "", "2016-03-31": "", "2015-12-31": "", "2015-09-30": "", "2015-06-30": "", "2015-03-31": "", "2014-12-31": "", "2014-09-30": "", "2014-06-30": "", "2014-03-31": "", "2013-12-31": "", "2013-09-30": "", "2013-06-30": "", "2013-03-31": "", "2012-12-31": "", "2012-09-30": "", "2012-06-30": "", "2012-03-31": "", "2011-12-31": "", "2011-09-30": "", "2011-06-30": "", "2011-03-31": "", "2010-12-31": "", "2010-09-30": "", "2010-06-30": "", "2010-03-31": "", "2009-12-31": "", "2009-09-30": "", "2009-06-30": "", "2009-03-31": "", "2008-12-31": "", "2008-09-30": "", "2008-06-30": "", "2008-03-31": "", "2007-12-31": "", "2007-09-30": "", "2007-06-30": "", "2007-03-31": "", "2006-12-31": "", "2006-09-30": "", "2006-06-30": "", "2006-03-31": "", "2005-12-31": "", "2005-09-30": "", "2005-06-30": "", "2005-03-31": ""}, "ROE - Return On Equity": {"2020-09-30": "-1.16130", "2020-06-30": "2.43510", "2020-03-31": "0.50000", "2019-12-31": "7.67230", "2019-09-30": "0.22230", "2019-06-30": "3.79820", "2019-03-31": "15.87200", "2018-12-31": "0.60050", "2018-09-30": "29.18700", "2018-06-30": "0.46780", "2018-03-31": "6.22310", "2017-12-31": "18.75350", "2017-09-30": "1.70730", "2017-06-30": "1.48420", "2017-03-31": "1.02540", "2016-12-31": "22.78200", "2016-09-30": "0.91260", "2016-06-30": "1.67140", "2016-03-31": "1.50370", "2015-12-31": "1.57390", "2015-09-30": "1.49520", "2015-06-30": "1.44110", "2015-03-31": "1.10160", "2014-12-31": "1.53710", "2014-09-30": "1.44630", "2014-06-30": "1.54190", "2014-03-31": "1.07180", "2013-12-31": "2.42680", "2013-09-30": "0.67910", "2013-06-30": "0.24900", "2013-03-31": "-0.15980", "2012-12-31": "0.49550", "2012-09-30": "0.57230", "2012-06-30": "-0.74590", "2012-03-31": "-5.45800", "2011-12-31": "-7.53380", "2011-09-30": "-4.45260", "2011-06-30": "-7.46280", "2011-03-31": "-5.11320", "2010-12-31": "-5.94390", "2010-09-30": "-6.67300", "2010-06-30": "-4.82660", "2010-03-31": "-4.40340", "2009-12-31": "-7.22970", "2009-09-30": "-5.92390", "2009-06-30": "-4.60320", "2009-03-31": "-3.52070", "2008-12-31": "-14.63500", "2008-09-30": "8.45750", "2008-06-30": "-2.37710", "2008-03-31": "-4.02370", "2007-12-31": "-1.25980", "2007-09-30": "-1.63040", "2007-06-30": "-0.39460", "2007-03-31": "-0.39670", "2006-12-31": "-1.03900", "2006-09-30": "-2.32010", "2006-06-30": "-0.24340", "2006-03-31": "0.32990", "2005-12-31": "-0.88810", "2005-09-30": "-0.39240", "2005-06-30": "-0.04060", "2005-03-31": "-0.05450"}, "Return On Tangible Equity": {"2020-09-30": "-1.16130", "2020-06-30": "2.43510", "2020-03-31": "0.50000", "2019-12-31": "7.67230", "2019-09-30": "0.22230", "2019-06-30": "3.79820", "2019-03-31": "14.85990", "2018-12-31": "0.55790", "2018-09-30": "27.52420", "2018-06-30": "0.43240", "2018-03-31": "5.75530", "2017-12-31": "17.33770", "2017-09-30": "1.55860", "2017-06-30": "1.35870", "2017-03-31": "0.95560", "2016-12-31": "21.31790", "2016-09-30": "0.85020", "2016-06-30": "1.53280", "2016-03-31": "1.36580", "2015-12-31": "1.43190", "2015-09-30": "1.35920", "2015-06-30": "1.31500", "2015-03-31": "1.00600", "2014-12-31": "1.33870", "2014-09-30": "1.25980", "2014-06-30": "1.32930", "2014-03-31": "1.01910", "2013-12-31": "2.28580", "2013-09-30": "0.63690", "2013-06-30": "0.23300", "2013-03-31": "-0.15000", "2012-12-31": "0.46630", "2012-09-30": "0.53700", "2012-06-30": "-0.54640", "2012-03-31": "-2.08930", "2011-12-31": "-3.20890", "2011-09-30": "-2.02070", "2011-06-30": "-3.50940", "2011-03-31": "-2.48010", "2010-12-31": "-2.95280", "2010-09-30": "-3.21250", "2010-06-30": "-2.63300", "2010-03-31": "-2.46350", "2009-12-31": "-4.11820", "2009-09-30": "-3.46040", "2009-06-30": "-2.71980", "2009-03-31": "-2.08080", "2008-12-31": "-8.44510", "2008-09-30": "4.74020", "2008-06-30": "-1.29790", "2008-03-31": "-2.14660", "2007-12-31": "-0.73890", "2007-09-30": "-1.05130", "2007-06-30": "-0.25160", "2007-03-31": "-0.25750", "2006-12-31": "-0.67330", "2006-09-30": "-1.51510", "2006-06-30": "-0.15400", "2006-03-31": "0.21840", "2005-12-31": "-0.55770", "2005-09-30": "-0.25250", "2005-06-30": "-0.02630", "2005-03-31": "-0.03560"}, "ROA - Return On Assets": {"2020-09-30": "-0.35240", "2020-06-30": "0.60670", "2020-03-31": "0.12740", "2019-12-31": "2.09070", "2019-09-30": "0.06070", "2019-06-30": "1.12160", "2019-03-31": "4.63570", "2018-12-31": "0.15900", "2018-09-30": "9.76420", "2018-06-30": "0.10930", "2018-03-31": "1.52970", "2017-12-31": "4.72230", "2017-09-30": "0.36270", "2017-06-30": "0.32400", "2017-03-31": "0.28360", "2016-12-31": "6.65230", "2016-09-30": "0.24690", "2016-06-30": "0.46880", "2016-03-31": "0.38580", "2015-12-31": "0.41280", "2015-09-30": "0.38230", "2015-06-30": "0.38820", "2015-03-31": "0.29700", "2014-12-31": "0.31660", "2014-09-30": "0.30630", "2014-06-30": "0.29520", "2014-03-31": "0.19790", "2013-12-31": "0.44090", "2013-09-30": "0.10750", "2013-06-30": "0.03830", "2013-03-31": "-0.02610", "2012-12-31": "0.08410", "2012-09-30": "0.09020", "2012-06-30": "-0.10770", "2012-03-31": "-0.33100", "2011-12-31": "-0.53450", "2011-09-30": "-0.34460", "2011-06-30": "-0.60800", "2011-03-31": "-0.43610", "2010-12-31": "-0.52290", "2010-09-30": "-0.61690", "2010-06-30": "-0.49650", "2010-03-31": "-0.46840", "2009-12-31": "-0.79940", "2009-09-30": "-0.64850", "2009-06-30": "-0.49660", "2009-03-31": "-0.39020", "2008-12-31": "-1.47290", "2008-09-30": "0.75900", "2008-06-30": "-0.20030", "2008-03-31": "-0.31550", "2007-12-31": "-0.12190", "2007-09-30": "-0.20360", "2007-06-30": "-0.05500", "2007-03-31": "-0.05870", "2006-12-31": "-0.15310", "2006-09-30": "-0.35180", "2006-06-30": "-0.04030", "2006-03-31": "0.05590", "2005-12-31": "-0.15120", "2005-09-30": "-0.06970", "2005-06-30": "-0.00720", "2005-03-31": "-0.01000"}, "ROI - Return On Investment": {"2020-09-30": "-0.37920", "2020-06-30": "0.64810", "2020-03-31": "0.13610", "2019-12-31": "2.24250", "2019-09-30": "0.06570", "2019-06-30": "1.19850", "2019-03-31": "4.94620", "2018-12-31": "0.16850", "2018-09-30": "10.33940", "2018-06-30": "0.11650", "2018-03-31": "1.61710", "2017-12-31": "4.99720", "2017-09-30": "0.38410", "2017-06-30": "0.34510", "2017-03-31": "0.30220", "2016-12-31": "7.11240", "2016-09-30": "0.26410", "2016-06-30": "0.50070", "2016-03-31": "0.41920", "2015-12-31": "0.45000", "2015-09-30": "0.41810", "2015-06-30": "0.42060", "2015-03-31": "0.32250", "2014-12-31": "0.34620", "2014-09-30": "0.33640", "2014-06-30": "0.32290", "2014-03-31": "0.21590", "2013-12-31": "0.48210", "2013-09-30": "0.11770", "2013-06-30": "0.04190", "2013-03-31": "-0.02860", "2012-12-31": "0.09670", "2012-09-30": "0.09800", "2012-06-30": "-0.11580", "2012-03-31": "-0.35950", "2011-12-31": "-0.62070", "2011-09-30": "-0.37570", "2011-06-30": "-0.65900", "2011-03-31": "-0.47150", "2010-12-31": "-0.59470", "2010-09-30": "-0.67080", "2010-06-30": "-0.53920", "2010-03-31": "-0.51170", "2009-12-31": "-0.90110", "2009-09-30": "-0.70820", "2009-06-30": "-0.54200", "2009-03-31": "-0.42000", "2008-12-31": "-1.80220", "2008-09-30": "0.88890", "2008-06-30": "-0.22930", "2008-03-31": "-0.35670", "2007-12-31": "-0.15860", "2007-09-30": "-0.22760", "2007-06-30": "-0.06070", "2007-03-31": "-0.06420", "2006-12-31": "-0.17560", "2006-09-30": "-0.39250", "2006-06-30": "-0.04490", "2006-03-31": "0.06230", "2005-12-31": "-0.17340", "2005-09-30": "-0.07840", "2005-06-30": "-0.00800", "2005-03-31": "-0.01120"}, "Book Value Per Share": {"2020-09-30": "17.77340", "2020-06-30": "14.75780", "2020-03-31": "14.95170", "2019-12-31": "15.47570", "2019-09-30": "14.85430", "2019-06-30": "15.33260", "2019-03-31": "16.31700", "2018-12-31": "15.10000", "2018-09-30": "17.80380", "2018-06-30": "13.42750", "2018-03-31": "13.49340", "2017-12-31": "13.44920", "2017-09-30": "11.67400", "2017-06-30": "12.01880", "2017-03-31": "14.93220", "2016-12-31": "15.82870", "2016-09-30": "14.87360", "2016-06-30": "15.64350", "2016-03-31": "14.14590", "2015-12-31": "14.40670", "2015-09-30": "14.27440", "2015-06-30": "14.85340", "2015-03-31": "14.98900", "2014-12-31": "12.57680", "2014-09-30": "12.60640", "2014-06-30": "11.78920", "2014-03-31": "10.32490", "2013-12-31": "10.26170", "2013-09-30": "9.58290", "2013-06-30": "9.30260", "2013-03-31": "9.70170", "2012-12-31": "10.13000", "2012-09-30": "9.67520", "2012-06-30": "12.12410", "2012-03-31": "11.37280", "2011-12-31": "12.08700", "2011-09-30": "12.68300", "2011-06-30": "13.15540", "2011-03-31": "13.68590", "2010-12-31": "14.18260", "2010-09-30": "15.95870", "2010-06-30": "15.85430", "2010-03-31": "16.38440", "2009-12-31": "16.82270", "2009-09-30": "17.41850", "2009-06-30": "17.70190", "2009-03-31": "18.66860", "2008-12-31": "20.89360", "2008-09-30": "22.42350", "2008-06-30": "23.27240", "2008-03-31": "21.66440", "2007-12-31": "16.52260", "2007-09-30": "27.20870", "2007-06-30": "30.01210", "2007-03-31": "30.85480", "2006-12-31": "29.40080", "2006-09-30": "31.59570", "2006-06-30": "35.69710", "2006-03-31": "34.86130", "2005-12-31": "36.22520", "2005-09-30": "37.81090", "2005-06-30": "38.41110", "2005-03-31": "38.98900"}, "Operating Cash Flow Per Share": {"2020-09-30": 0.6796, "2020-06-30": 0.8924, "2020-03-31": "0.64430", "2019-12-31": 0.812, "2019-09-30": 0.9053, "2019-06-30": 0.7172, "2019-03-31": "0.69970", "2018-12-31": 0.7787, "2018-09-30": 0.9534, "2018-06-30": 0.8487, "2018-03-31": "0.66250", "2017-12-31": 0.7899, "2017-09-30": 0.9566, "2017-06-30": 0.8467, "2017-03-31": "0.59950", "2016-12-31": 0.8187, "2016-09-30": 0.8157, "2016-06-30": 0.8346, "2016-03-31": "0.60480", "2015-12-31": 0.8386, "2015-09-30": 0.8273, "2015-06-30": 0.7527, "2015-03-31": "0.53510", "2014-12-31": 0.7713, "2014-09-30": 0.7777, "2014-06-30": 0.7816, "2014-03-31": "0.48030", "2013-12-31": 0.6802, "2013-09-30": 0.6599, "2013-06-30": 1.0865, "2013-03-31": "0.43000", "2012-12-31": 0.874, "2012-09-30": 0.6104, "2012-06-30": 1.0102, "2012-03-31": "0.51350", "2011-12-31": 0.8983, "2011-09-30": 0.8512, "2011-06-30": 0.719, "2011-03-31": "0.30120", "2010-12-31": 0.7399, "2010-09-30": 0.8674, "2010-06-30": 0.9233, "2010-03-31": "0.29470", "2009-12-31": 1.0941, "2009-09-30": 0.8611, "2009-06-30": 0.8624, "2009-03-31": "-0.20580", "2008-12-31": 2.5829, "2008-09-30": 1.1701, "2008-06-30": 2.003, "2008-03-31": "0.58360", "2007-12-31": 2.6673, "2007-09-30": 1.3686, "2007-06-30": 1.4214, "2007-03-31": "1.02610", "2006-12-31": -0.5102, "2006-09-30": 1.6862, "2006-06-30": 2.0197, "2006-03-31": "1.50140", "2005-12-31": 0.7401, "2005-09-30": 1.2877, "2005-06-30": 1.0734, "2005-03-31": "1.40890"}, "Free Cash Flow Per Share": {"2020-09-30": -0.8267, "2020-06-30": 0.4269, "2020-03-31": "-0.16780", "2019-12-31": 1.6397, "2019-09-30": -0.7957, "2019-06-30": 0.2224, "2019-03-31": "2.87960", "2018-12-31": -0.1665, "2018-09-30": 5.3164, "2018-06-30": -0.1489, "2018-03-31": "-0.72620", "2017-12-31": 3.1585, "2017-09-30": 0.1943, "2017-06-30": 0.1239, "2017-03-31": "-0.09260", "2016-12-31": 1.7974, "2016-09-30": -2.0251, "2016-06-30": 2.456, "2016-03-31": "0.01390", "2015-12-31": 1.0214, "2015-09-30": -0.0355, "2015-06-30": -0.1266, "2015-03-31": "0.70690", "2014-12-31": -0.6823, "2014-09-30": 1.7611, "2014-06-30": 1.2144, "2014-03-31": "0.41870", "2013-12-31": 2.0905, "2013-09-30": 0.3933, "2013-06-30": 0.1174, "2013-03-31": "-0.13340", "2012-12-31": 1.9979, "2012-09-30": 1.1071, "2012-06-30": 0.7637, "2012-03-31": "0.32600", "2011-12-31": 1.4986, "2011-09-30": 0.6363, "2011-06-30": 1.0812, "2011-03-31": "0.21180", "2010-12-31": 1.0331, "2010-09-30": 0.7003, "2010-06-30": 1.3573, "2010-03-31": "0.16950", "2009-12-31": 3.7136, "2009-09-30": 3.3603, "2009-06-30": 2.344, "2009-03-31": "-0.37650", "2008-12-31": 11.6974, "2008-09-30": 5.4204, "2008-06-30": 8.2729, "2008-03-31": "-0.58860", "2007-12-31": 0.0891, "2007-09-30": 0.1182, "2007-06-30": 0.7848, "2007-03-31": "-0.67460", "2006-12-31": -0.6501, "2006-09-30": 0.9279, "2006-06-30": 1.9429, "2006-03-31": "5.12510", "2005-12-31": 3.5429, "2005-09-30": 3.036, "2005-06-30": 0.9995, "2005-03-31": "-2.67180"}}, "revenue": {"Apartment Investment And Management Annual Revenue (Millions of US $)": {"2019": "$914", "2018": "$972", "2017": "$1,005", "2016": "$996", "2015": "$981", "2014": "$984", "2013": "$974", "2012": "$959", "2011": "$914", "2010": "$959", "2009": "$1,048", "2008": "$1,179", "2007": "$1,174", "2006": "$1,274", "2005": "$1,346"}, "Apartment Investment And Management Quarterly Revenue (Millions of US $)": {"2020-09-30": "$215", "2020-06-30": "$219", "2020-03-31": "$225", "2019-12-31": "$230", "2019-09-30": "$230", "2019-06-30": "$224", "2019-03-31": "$230", "2018-12-31": "$232", "2018-09-30": "$242", "2018-06-30": "$250", "2018-03-31": "$248", "2017-12-31": "$255", "2017-09-30": "$255", "2017-06-30": "$249", "2017-03-31": "$246", "2016-12-31": "$249", "2016-09-30": "$249", "2016-06-30": "$251", "2016-03-31": "$246", "2015-12-31": "$246", "2015-09-30": "$246", "2015-06-30": "$245", "2015-03-31": "$244", "2014-12-31": "$242", "2014-09-30": "$247", "2014-06-30": "$246", "2014-03-31": "$249", "2013-12-31": "$251", "2013-09-30": "$244", "2013-06-30": "$242", "2013-03-31": "$238", "2012-12-31": "$200", "2012-09-30": "$253", "2012-06-30": "$253", "2012-03-31": "$252", "2011-12-31": "$136", "2011-09-30": "$254", "2011-06-30": "$259", "2011-03-31": "$264", "2010-12-31": "$132", "2010-09-30": "$273", "2010-06-30": "$277", "2010-03-31": "$277", "2009-12-31": "$177", "2009-09-30": "$285", "2009-06-30": "$292", "2009-03-31": "$293", "2008-12-31": "$130", "2008-09-30": "$344", "2008-06-30": "$357", "2008-03-31": "$348", "2007-12-31": "$18", "2007-09-30": "$360", "2007-06-30": "$389", "2007-03-31": "$408", "2006-12-31": "$57", "2006-09-30": "$406", "2006-06-30": "$408", "2006-03-31": "$403", "2005-12-31": "$268", "2005-09-30": "$368", "2005-06-30": "$357", "2005-03-31": "$353"}}, "gross-profit": {"Apartment Investment And Management Annual Gross Profit (Millions of US $)": {"2019": "$603", "2018": "$644", "2017": "$651", "2016": "$641", "2015": "$619", "2014": "$603", "2013": "$594", "2012": "$572", "2011": "$528", "2010": "$529", "2009": "$567", "2008": "$635", "2007": "$643", "2006": "$703", "2005": "$720"}, "Apartment Investment And Management Quarterly Gross Profit (Millions of US $)": {"2020-09-30": "$138", "2020-06-30": "$144", "2020-03-31": "$148", "2019-12-31": "$151", "2019-09-30": "$151", "2019-06-30": "$147", "2019-03-31": "$150", "2018-12-31": "$157", "2018-09-30": "$162", "2018-06-30": "$165", "2018-03-31": "$160", "2017-12-31": "$167", "2017-09-30": "$165", "2017-06-30": "$162", "2017-03-31": "$158", "2016-12-31": "$164", "2016-09-30": "$157", "2016-06-30": "$162", "2016-03-31": "$157", "2015-12-31": "$156", "2015-09-30": "$156", "2015-06-30": "$156", "2015-03-31": "$147", "2014-12-31": "$154", "2014-09-30": "$150", "2014-06-30": "$151", "2014-03-31": "$148", "2013-12-31": "$156", "2013-09-30": "$150", "2013-06-30": "$146", "2013-03-31": "$142", "2012-12-31": "$123", "2012-09-30": "$149", "2012-06-30": "$150", "2012-03-31": "$150", "2011-12-31": "$83", "2011-09-30": "$146", "2011-06-30": "$151", "2011-03-31": "$146", "2010-12-31": "$84", "2010-09-30": "$154", "2010-06-30": "$148", "2010-03-31": "$143", "2009-12-31": "$104", "2009-09-30": "$148", "2009-06-30": "$161", "2009-03-31": "$154", "2008-12-31": "$54", "2008-09-30": "$188", "2008-06-30": "$208", "2008-03-31": "$180", "2007-12-31": "$25", "2007-09-30": "$190", "2007-06-30": "$212", "2007-03-31": "$217", "2006-12-31": "$38", "2006-09-30": "$224", "2006-06-30": "$228", "2006-03-31": "$214", "2005-12-31": "$148", "2005-09-30": "$194", "2005-06-30": "$192", "2005-03-31": "$184"}}, "operating-income": {"Apartment Investment And Management Annual Operating Income (Millions of US $)": {"2019": "$157", "2018": "$216", "2017": "$194", "2016": "$247", "2015": "$256", "2014": "$262", "2013": "$249", "2012": "$179", "2011": "$135", "2010": "$103", "2009": "$82", "2008": "$42", "2007": "$185", "2006": "$230", "2005": "$267"}, "Apartment Investment And Management Quarterly Operating Income (Millions of US $)": {"2020-09-30": "$14", "2020-06-30": "$32", "2020-03-31": "$36", "2019-12-31": "$37", "2019-09-30": "$39", "2019-06-30": "$40", "2019-03-31": "$41", "2018-12-31": "$66", "2018-09-30": "$47", "2018-06-30": "$49", "2018-03-31": "$53", "2017-12-31": "$17", "2017-09-30": "$59", "2017-06-30": "$60", "2017-03-31": "$58", "2016-12-31": "$60", "2016-09-30": "$59", "2016-06-30": "$64", "2016-03-31": "$64", "2015-12-31": "$65", "2015-09-30": "$64", "2015-06-30": "$66", "2015-03-31": "$61", "2014-12-31": "$64", "2014-09-30": "$67", "2014-06-30": "$66", "2014-03-31": "$65", "2013-12-31": "$73", "2013-09-30": "$65", "2013-06-30": "$59", "2013-03-31": "$53", "2012-12-31": "$42", "2012-09-30": "$49", "2012-06-30": "$48", "2012-03-31": "$40", "2011-12-31": "$11", "2011-09-30": "$41", "2011-06-30": "$47", "2011-03-31": "$37", "2010-12-31": "$9", "2010-09-30": "$36", "2010-06-30": "$35", "2010-03-31": "$24", "2009-12-31": "$-1", "2009-09-30": "$17", "2009-06-30": "$35", "2009-03-31": "$31", "2008-12-31": "$-124", "2008-09-30": "$52", "2008-06-30": "$65", "2008-03-31": "$50", "2007-12-31": "$-32", "2007-09-30": "$63", "2007-06-30": "$80", "2007-03-31": "$74", "2006-12-31": "$-27", "2006-09-30": "$82", "2006-06-30": "$91", "2006-03-31": "$84", "2005-12-31": "$53", "2005-09-30": "$67", "2005-06-30": "$76", "2005-03-31": "$71"}}, "ebitda": {"Apartment Investment And Management Annual EBITDA (Millions of US $)": {"2019": "$545", "2018": "$603", "2017": "$566", "2016": "$585", "2015": "$568", "2014": "$549", "2013": "$546", "2012": "$509", "2011": "$464", "2010": "$474", "2009": "$493", "2008": "$428", "2007": "$540", "2006": "$614", "2005": "$641"}, "Apartment Investment And Management Quarterly EBITDA (Millions of US $)": {"2020-09-30": "$112", "2020-06-30": "$130", "2020-03-31": "$136", "2019-12-31": "$141", "2019-09-30": "$136", "2019-06-30": "$132", "2019-03-31": "$135", "2018-12-31": "$166", "2018-09-30": "$143", "2018-06-30": "$147", "2018-03-31": "$146", "2017-12-31": "$120", "2017-09-30": "$152", "2017-06-30": "$149", "2017-03-31": "$145", "2016-12-31": "$153", "2016-09-30": "$144", "2016-06-30": "$145", "2016-03-31": "$143", "2015-12-31": "$150", "2015-09-30": "$141", "2015-06-30": "$141", "2015-03-31": "$135", "2014-12-31": "$139", "2014-09-30": "$137", "2014-06-30": "$137", "2014-03-31": "$136", "2013-12-31": "$148", "2013-09-30": "$137", "2013-06-30": "$133", "2013-03-31": "$128", "2012-12-31": "$119", "2012-09-30": "$128", "2012-06-30": "$135", "2012-03-31": "$127", "2011-12-31": "$81", "2011-09-30": "$122", "2011-06-30": "$131", "2011-03-31": "$131", "2010-12-31": "$75", "2010-09-30": "$135", "2010-06-30": "$136", "2010-03-31": "$129", "2009-12-31": "$88", "2009-09-30": "$126", "2009-06-30": "$142", "2009-03-31": "$136", "2008-12-31": "$-43", "2008-09-30": "$152", "2008-06-30": "$166", "2008-03-31": "$153", "2007-12-31": "$5", "2007-09-30": "$160", "2007-06-30": "$184", "2007-03-31": "$192", "2006-12-31": "$22", "2006-09-30": "$198", "2006-06-30": "$204", "2006-03-31": "$190", "2005-12-31": "$140", "2005-09-30": "$167", "2005-06-30": "$170", "2005-03-31": "$164"}}, "net-income": {"Apartment Investment And Management Annual Net Income (Millions of US $)": {"2019": "$466", "2018": "$657", "2017": "$307", "2016": "$418", "2015": "$236", "2014": "$300", "2013": "$204", "2012": "$82", "2011": "$-103", "2010": "$-125", "2009": "$-115", "2008": "$351", "2007": "$-41", "2006": "$96", "2005": "$-17"}, "Apartment Investment And Management Quarterly Net Income (Millions of US $)": {"2020-09-30": "$-25", "2020-06-30": "$39", "2020-03-31": "$7", "2019-12-31": "$133", "2019-09-30": "$2", "2019-06-30": "$59", "2019-03-31": "$272", "2018-12-31": "$5", "2018-09-30": "$567", "2018-06-30": "$3", "2018-03-31": "$82", "2017-12-31": "$262", "2017-09-30": "$17", "2017-06-30": "$16", "2017-03-31": "$11", "2016-12-31": "$162", "2016-09-30": "$11", "2016-06-30": "$221", "2016-03-31": "$23", "2015-12-31": "$67", "2015-09-30": "$19", "2015-06-30": "$61", "2015-03-31": "$89", "2014-12-31": "$36", "2014-09-30": "$125", "2014-06-30": "$75", "2014-03-31": "$64", "2013-12-31": "$122", "2013-09-30": "$66", "2013-06-30": "$10", "2013-03-31": "$5", "2012-12-31": "$68", "2012-09-30": "$24", "2012-06-30": "$1", "2012-03-31": "$-11", "2011-12-31": "$-23", "2011-09-30": "$-15", "2011-06-30": "$-33", "2011-03-31": "$-32", "2010-12-31": "$-38", "2010-09-30": "$-29", "2010-06-30": "$-18", "2010-03-31": "$-40", "2009-12-31": "$-7", "2009-09-30": "$-40", "2009-06-30": "$-30", "2009-03-31": "$-38", "2008-12-31": "$-9", "2008-09-30": "$160", "2008-06-30": "$239", "2008-03-31": "$-39", "2007-12-31": "$-31", "2007-09-30": "$-21", "2007-06-30": "$3", "2007-03-31": "$9", "2006-12-31": "$66", "2006-09-30": "$-47", "2006-06-30": "$16", "2006-03-31": "$60", "2005-12-31": "$-7", "2005-09-30": "$5", "2005-06-30": "$6", "2005-03-31": "$-21"}}, "eps-earnings-per-share-diluted": {"Apartment Investment And Management Annual EPS": {"2019": "$3.90", "2018": "$5.37", "2017": "$2.50", "2016": "$3.41", "2015": "$1.94", "2014": "$2.63", "2013": "$1.79", "2012": "$0.78", "2011": "$-1.10", "2010": "$-1.38", "2009": "$-1.28", "2008": "$5.06", "2007": "$-0.55", "2006": "$0.87", "2005": "$-0.22"}, "Apartment Investment And Management Quarterly EPS": {"2020-09-30": "$-0.21", "2020-06-30": "$0.32", "2020-03-31": "$0.05", "2019-12-31": "$1.07", "2019-09-30": "$0.01", "2019-06-30": "$0.50", "2019-03-31": "$2.33", "2018-12-31": "$0.06", "2018-09-30": "$4.62", "2018-06-30": "$0.03", "2018-03-31": "$0.67", "2017-12-31": "$2.14", "2017-09-30": "$0.14", "2017-06-30": "$0.13", "2017-03-31": "$0.09", "2016-12-31": "$1.33", "2016-09-30": "$0.09", "2016-06-30": "$1.80", "2016-03-31": "$0.19", "2015-12-31": "$0.55", "2015-09-30": "$0.15", "2015-06-30": "$0.50", "2015-03-31": "$0.74", "2014-12-31": "$0.33", "2014-09-30": "$1.09", "2014-06-30": "$0.65", "2014-03-31": "$0.56", "2013-12-31": "$1.07", "2013-09-30": "$0.59", "2013-06-30": "$0.09", "2013-03-31": "$0.04", "2012-12-31": "$0.68", "2012-09-30": "$0.22", "2012-06-30": "$0.00", "2012-03-31": "$-0.12", "2011-12-31": "$-0.24", "2011-09-30": "$-0.15", "2011-06-30": "$-0.36", "2011-03-31": "$-0.35", "2010-12-31": "$-0.42", "2010-09-30": "$-0.32", "2010-06-30": "$-0.19", "2010-03-31": "$-0.45", "2009-12-31": "$-0.06", "2009-09-30": "$-0.45", "2009-06-30": "$-0.33", "2009-03-31": "$-0.43", "2008-12-31": "$1.24", "2008-09-30": "$1.72", "2008-06-30": "$2.48", "2008-03-31": "$-0.38", "2007-12-31": "$-0.45", "2007-09-30": "$-0.26", "2007-06-30": "$0.04", "2007-03-31": "$0.12", "2006-12-31": "$0.46", "2006-09-30": "$-0.61", "2006-06-30": "$0.22", "2006-03-31": "$0.80", "2005-12-31": "$-0.08", "2005-09-30": "$0.06", "2005-06-30": "$0.08", "2005-03-31": "$-0.28"}}, "shares-outstanding": {"Apartment Investment And Management Annual Shares Outstanding (Millions of Shares)": {"2019": "119", "2018": "122", "2017": "123", "2016": "122", "2015": "122", "2014": "114", "2013": "114", "2012": "105", "2011": "93", "2010": "91", "2009": "90", "2008": "69", "2007": "74", "2006": "110", "2005": "77"}, "Apartment Investment And Management Quarterly Shares Outstanding (Millions of Shares)": {"2020-09-30": "120", "2020-06-30": "120", "2020-03-31": "120", "2019-12-31": "119", "2019-09-30": "120", "2019-06-30": "120", "2019-03-31": "117", "2018-12-31": "122", "2018-09-30": "123", "2018-06-30": "123", "2018-03-31": "123", "2017-12-31": "123", "2017-09-30": "123", "2017-06-30": "123", "2017-03-31": "123", "2016-12-31": "122", "2016-09-30": "123", "2016-06-30": "123", "2016-03-31": "122", "2015-12-31": "122", "2015-09-30": "122", "2015-06-30": "122", "2015-03-31": "121", "2014-12-31": "114", "2014-09-30": "114", "2014-06-30": "114", "2014-03-31": "114", "2013-12-31": "114", "2013-09-30": "114", "2013-06-30": "114", "2013-03-31": "114", "2012-12-31": "105", "2012-09-30": "114", "2012-06-30": "100", "2012-03-31": "94", "2011-12-31": "93", "2011-09-30": "94", "2011-06-30": "93", "2011-03-31": "92", "2010-12-31": "91", "2010-09-30": "91", "2010-06-30": "91", "2010-03-31": "91", "2009-12-31": "90", "2009-09-30": "91", "2009-06-30": "90", "2009-03-31": "86", "2008-12-31": "69", "2008-09-30": "93", "2008-06-30": "97", "2008-03-31": "100", "2007-12-31": "74", "2007-09-30": "83", "2007-06-30": "79", "2007-03-31": "79", "2006-12-31": "110", "2006-09-30": "75", "2006-06-30": "75", "2006-03-31": "75", "2005-12-31": "77", "2005-09-30": "74", "2005-06-30": "73", "2005-03-31": "73"}}, "total-assets": {"Apartment Investment And Management Annual Total Assets (Millions of US $)": {"2019": "$6,829", "2018": "$6,190", "2017": "$6,079", "2016": "$6,233", "2015": "$6,119", "2014": "$6,097", "2013": "$6,079", "2012": "$6,401", "2011": "$6,872", "2010": "$7,379", "2009": "$7,906", "2008": "$9,442", "2007": "$10,607", "2006": "$10,290", "2005": "$10,019"}, "Apartment Investment And Management Quarterly Total Assets (Millions of US $)": {"2020-09-30": "$7,042", "2020-06-30": "$7,121", "2020-03-31": "$7,048", "2019-12-31": "$6,829", "2019-09-30": "$6,539", "2019-06-30": "$6,241", "2019-03-31": "$6,284", "2018-12-31": "$6,190", "2018-09-30": "$6,185", "2018-06-30": "$6,544", "2018-03-31": "$6,255", "2017-12-31": "$6,079", "2017-09-30": "$6,169", "2017-06-30": "$6,199", "2017-03-31": "$6,187", "2016-12-31": "$6,233", "2016-09-30": "$6,294", "2016-06-30": "$6,274", "2016-03-31": "$6,142", "2015-12-31": "$6,119", "2015-09-30": "$6,218", "2015-06-30": "$6,158", "2015-03-31": "$6,215", "2014-12-31": "$6,097", "2014-09-30": "$5,937", "2014-06-30": "$6,079", "2014-03-31": "$6,083", "2013-12-31": "$6,079", "2013-09-30": "$6,490", "2013-06-30": "$6,471", "2013-03-31": "$6,370", "2012-12-31": "$6,401", "2012-09-30": "$6,565", "2012-06-30": "$6,947", "2012-03-31": "$6,824", "2011-12-31": "$6,872", "2011-09-30": "$7,043", "2011-06-30": "$7,165", "2011-03-31": "$7,262", "2010-12-31": "$7,379", "2010-09-30": "$7,617", "2010-06-30": "$7,708", "2010-03-31": "$7,885", "2009-12-31": "$7,906", "2009-09-30": "$8,475", "2009-06-30": "$8,841", "2009-03-31": "$9,082", "2008-12-31": "$9,442", "2008-09-30": "$9,897", "2008-06-30": "$10,327", "2008-03-31": "$10,552", "2007-12-31": "$10,607", "2007-09-30": "$10,519", "2007-06-30": "$10,400", "2007-03-31": "$10,306", "2006-12-31": "$10,290", "2006-09-30": "$10,221", "2006-06-30": "$10,392", "2006-03-31": "$10,366", "2005-12-31": "$10,019", "2005-09-30": "$10,263", "2005-06-30": "$10,421", "2005-03-31": "$10,330"}}, "cash-on-hand": {"Apartment Investment And Management Annual Cash on Hand (Millions of US $)": {"2019": "$178", "2018": "$73", "2017": "$143", "2016": "$131", "2015": "$138", "2014": "$120", "2013": "$183", "2012": "$230", "2011": "$275", "2010": "$311", "2009": "$300", "2008": "$553", "2007": "$524", "2006": "$576", "2005": "$445"}, "Apartment Investment And Management Quarterly Cash on Hand (Millions of US $)": {"2020-09-30": "$268", "2020-06-30": "$443", "2020-03-31": "$375", "2019-12-31": "$178", "2019-09-30": "$93", "2019-06-30": "$66", "2019-03-31": "$198", "2018-12-31": "$73", "2018-09-30": "$104", "2018-06-30": "$139", "2018-03-31": "$139", "2017-12-31": "$143", "2017-09-30": "$134", "2017-06-30": "$133", "2017-03-31": "$139", "2016-12-31": "$131", "2016-09-30": "$157", "2016-06-30": "$430", "2016-03-31": "$155", "2015-12-31": "$138", "2015-09-30": "$138", "2015-06-30": "$136", "2015-03-31": "$260", "2014-12-31": "$120", "2014-09-30": "$195", "2014-06-30": "$257", "2014-03-31": "$199", "2013-12-31": "$183", "2013-09-30": "$198", "2013-06-30": "$170", "2013-03-31": "$206", "2012-12-31": "$230", "2012-09-30": "$261", "2012-06-30": "$482", "2012-03-31": "$257", "2011-12-31": "$275", "2011-09-30": "$285", "2011-06-30": "$282", "2011-03-31": "$281", "2010-12-31": "$311", "2010-09-30": "$361", "2010-06-30": "$290", "2010-03-31": "$299", "2009-12-31": "$300", "2009-09-30": "$354", "2009-06-30": "$370", "2009-03-31": "$359", "2008-12-31": "$553", "2008-09-30": "$526", "2008-06-30": "$647", "2008-03-31": "$465", "2007-12-31": "$524", "2007-09-30": "$644", "2007-06-30": "$591", "2007-03-31": "$572", "2006-12-31": "$576", "2006-09-30": "$531", "2006-06-30": "$665", "2006-03-31": "$580", "2005-12-31": "$445", "2005-09-30": "$454", "2005-06-30": "$426", "2005-03-31": "$390"}}, "long-term-debt": {"Apartment Investment And Management Annual Long Term Debt (Millions of US $)": {"2019": "$4,506", "2018": "$4,076", "2017": "$4,089", "2016": "$3,885", "2015": "$3,849", "2014": "$4,135", "2013": "$4,388", "2012": "$4,413", "2011": "$4,773", "2010": "$5,182", "2009": "$5,479", "2008": "$6,070", "2007": "$6,403", "2006": "$6,634", "2005": "$6,022"}, "Apartment Investment And Management Quarterly Long Term Debt (Millions of US $)": {"2020-09-30": "$4,407", "2020-06-30": "$4,892", "2020-03-31": "$4,803", "2019-12-31": "$4,506", "2019-09-30": "$4,255", "2019-06-30": "$3,997", "2019-03-31": "$3,929", "2018-12-31": "$4,076", "2018-09-30": "$3,647", "2018-06-30": "$4,485", "2018-03-31": "$4,255", "2017-12-31": "$4,089", "2017-09-30": "$4,391", "2017-06-30": "$4,342", "2017-03-31": "$3,971", "2016-12-31": "$3,885", "2016-09-30": "$4,056", "2016-06-30": "$3,956", "2016-03-31": "$3,918", "2015-12-31": "$3,849", "2015-09-30": "$3,936", "2015-06-30": "$3,866", "2015-03-31": "$3,888", "2014-12-31": "$4,135", "2014-09-30": "$3,962", "2014-06-30": "$4,206", "2014-03-31": "$4,395", "2013-12-31": "$4,388", "2013-09-30": "$4,830", "2013-06-30": "$4,844", "2013-03-31": "$4,713", "2012-12-31": "$4,413", "2012-09-30": "$4,938", "2012-06-30": "$5,090", "2012-03-31": "$5,201", "2011-12-31": "$4,773", "2011-09-30": "$5,260", "2011-06-30": "$5,370", "2011-03-31": "$5,441", "2010-12-31": "$5,182", "2010-09-30": "$5,543", "2010-06-30": "$5,644", "2010-03-31": "$5,719", "2009-12-31": "$5,479", "2009-09-30": "$6,173", "2009-06-30": "$6,487", "2009-03-31": "$6,735", "2008-12-31": "$6,070", "2008-09-30": "$6,866", "2008-06-30": "$7,428", "2008-03-31": "$7,781", "2007-12-31": "$6,403", "2007-09-30": "$7,371", "2007-06-30": "$7,159", "2007-03-31": "$7,067", "2006-12-31": "$6,634", "2006-09-30": "$6,789", "2006-06-30": "$6,607", "2006-03-31": "$6,654", "2005-12-31": "$6,022", "2005-09-30": "$6,291", "2005-06-30": "$6,500", "2005-03-31": "$6,359"}}, "total-liabilities": {"Apartment Investment And Management Annual Total Liabilities (Millions of US $)": {"2019": "$4,968", "2018": "$4,426", "2017": "$4,423", "2016": "$4,288", "2015": "$4,355", "2014": "$4,655", "2013": "$4,907", "2012": "$5,246", "2011": "$5,727", "2010": "$6,072", "2009": "$6,372", "2008": "$7,795", "2007": "$8,857", "2006": "$7,950", "2005": "$7,303"}, "Apartment Investment And Management Quarterly Total Liabilities (Millions of US $)": {"2020-09-30": "$4,905", "2020-06-30": "$5,347", "2020-03-31": "$5,253", "2019-12-31": "$4,968", "2019-09-30": "$4,753", "2019-06-30": "$4,398", "2019-03-31": "$4,323", "2018-12-31": "$4,426", "2018-09-30": "$3,991", "2018-06-30": "$4,890", "2018-03-31": "$4,593", "2017-12-31": "$4,423", "2017-09-30": "$4,734", "2017-06-30": "$4,721", "2017-03-31": "$4,351", "2016-12-31": "$4,288", "2016-09-30": "$4,466", "2016-06-30": "$4,355", "2016-03-31": "$4,407", "2015-12-31": "$4,355", "2015-09-30": "$4,469", "2015-06-30": "$4,340", "2015-03-31": "$4,381", "2014-12-31": "$4,655", "2014-09-30": "$4,494", "2014-06-30": "$4,729", "2014-03-31": "$4,902", "2013-12-31": "$4,907", "2013-09-30": "$5,394", "2013-06-30": "$5,408", "2013-03-31": "$5,262", "2012-12-31": "$5,246", "2012-09-30": "$5,462", "2012-06-30": "$5,578", "2012-03-31": "$5,743", "2011-12-31": "$5,727", "2011-09-30": "$5,842", "2011-06-30": "$5,924", "2011-03-31": "$5,985", "2010-12-31": "$6,072", "2010-09-30": "$6,154", "2010-06-30": "$6,254", "2010-03-31": "$6,386", "2009-12-31": "$6,372", "2009-09-30": "$6,886", "2009-06-30": "$7,227", "2009-03-31": "$7,379", "2008-12-31": "$7,795", "2008-09-30": "$8,313", "2008-06-30": "$8,733", "2008-03-31": "$9,001", "2007-12-31": "$8,857", "2007-09-30": "$8,482", "2007-06-30": "$8,126", "2007-03-31": "$7,959", "2006-12-31": "$7,950", "2006-09-30": "$7,848", "2006-06-30": "$7,676", "2006-03-31": "$7,712", "2005-12-31": "$7,303", "2005-09-30": "$7,429", "2005-06-30": "$7,552", "2005-03-31": "$7,422"}}, "total-share-holder-equity": {"Apartment Investment And Management Annual Share Holder Equity (Millions of US $)": {"2019": "$1,861", "2018": "$1,764", "2017": "$1,656", "2016": "$1,945", "2015": "$1,764", "2014": "$1,442", "2013": "$1,173", "2012": "$1,155", "2011": "$1,145", "2010": "$1,307", "2009": "$1,535", "2008": "$1,647", "2007": "$1,750", "2006": "$2,340", "2005": "$2,716"}, "Apartment Investment And Management Quarterly Share Holder Equity (Millions of US $)": {"2020-09-30": "$2,137", "2020-06-30": "$1,774", "2020-03-31": "$1,796", "2019-12-31": "$1,861", "2019-09-30": "$1,786", "2019-06-30": "$1,843", "2019-03-31": "$1,960", "2018-12-31": "$1,764", "2018-09-30": "$2,194", "2018-06-30": "$1,655", "2018-03-31": "$1,663", "2017-12-31": "$1,656", "2017-09-30": "$1,436", "2017-06-30": "$1,478", "2017-03-31": "$1,836", "2016-12-31": "$1,945", "2016-09-30": "$1,828", "2016-06-30": "$1,919", "2016-03-31": "$1,735", "2015-12-31": "$1,764", "2015-09-30": "$1,749", "2015-06-30": "$1,818", "2015-03-31": "$1,835", "2014-12-31": "$1,442", "2014-09-30": "$1,444", "2014-06-30": "$1,350", "2014-03-31": "$1,181", "2013-12-31": "$1,173", "2013-09-30": "$1,095", "2013-06-30": "$1,063", "2013-03-31": "$1,109", "2012-12-31": "$1,155", "2012-09-30": "$1,103", "2012-06-30": "$1,369", "2012-03-31": "$1,081", "2011-12-31": "$1,145", "2011-09-30": "$1,201", "2011-06-30": "$1,241", "2011-03-31": "$1,277", "2010-12-31": "$1,307", "2010-09-30": "$1,463", "2010-06-30": "$1,453", "2010-03-31": "$1,499", "2009-12-31": "$1,535", "2009-09-30": "$1,588", "2009-06-30": "$1,614", "2009-03-31": "$1,703", "2008-12-31": "$1,647", "2008-09-30": "$1,585", "2008-06-30": "$1,594", "2008-03-31": "$1,551", "2007-12-31": "$1,750", "2007-09-30": "$2,037", "2007-06-30": "$2,273", "2007-03-31": "$2,347", "2006-12-31": "$2,340", "2006-09-30": "$2,373", "2006-06-30": "$2,717", "2006-03-31": "$2,654", "2005-12-31": "$2,716", "2005-09-30": "$2,834", "2005-06-30": "$2,869", "2005-03-31": "$2,909"}}, "profit-margins": {"current": "17.37%"}, "gross margin": {"2020-09-30": "65.35%", "2020-06-30": "65.71%", "2020-03-31": "65.68%", "2019-12-31": "65.54%", "2019-09-30": "66.05%", "2019-06-30": "66.38%", "2019-03-31": "66.46%", "2018-12-31": "66.26%", "2018-09-30": "65.73%", "2018-06-30": "65.18%", "2018-03-31": "64.95%", "2017-12-31": "64.88%", "2017-09-30": "64.96%", "2017-06-30": "64.55%", "2017-03-31": "64.42%", "2016-12-31": "64.32%", "2016-09-30": "63.71%", "2016-06-30": "63.80%", "2016-03-31": "63.58%", "2015-12-31": "62.69%", "2015-09-30": "62.74%", "2015-06-30": "62.07%", "2015-03-31": "61.49%", "2014-12-31": "61.28%", "2014-09-30": "60.93%", "2014-06-30": "61.11%", "2014-03-31": "60.85%", "2013-12-31": "60.92%", "2013-09-30": "60.71%", "2013-06-30": "60.02%", "2013-03-31": "59.75%", "2012-12-31": "59.71%", "2012-09-30": "59.51%", "2012-06-30": "59.11%", "2012-03-31": "58.82%", "2011-12-31": "57.61%", "2011-09-30": "57.98%", "2011-06-30": "57.65%", "2011-03-31": "56.24%", "2010-12-31": "55.16%", "2010-09-30": "54.68%", "2010-06-30": "53.44%", "2010-03-31": "53.93%", "2009-12-31": "54.15%", "2009-09-30": "51.70%", "2009-06-30": "52.60%", "2009-03-31": "53.74%", "2008-12-31": "53.44%", "2008-09-30": "56.33%", "2008-06-30": "55.68%", "2008-03-31": "54.44%", "2007-12-31": "54.81%", "2007-09-30": "54.12%", "2007-06-30": "54.84%", "2007-03-31": "55.28%", "2006-12-31": "55.26%", "2006-09-30": "54.81%", "2006-06-30": "54.18%", "2006-03-31": "53.58%", "2005-12-31": "53.34%"}, "operating margin": {"2020-09-30": "13.39%", "2020-06-30": "15.93%", "2020-03-31": "16.72%", "2019-12-31": "17.18%", "2019-09-30": "20.31%", "2019-06-30": "20.91%", "2019-03-31": "21.28%", "2018-12-31": "22.12%", "2018-09-30": "16.68%", "2018-06-30": "17.66%", "2018-03-31": "18.77%", "2017-12-31": "19.30%", "2017-09-30": "23.72%", "2017-06-30": "23.87%", "2017-03-31": "24.22%", "2016-12-31": "24.82%", "2016-09-30": "25.40%", "2016-06-30": "25.99%", "2016-03-31": "26.35%", "2015-12-31": "26.10%", "2015-09-30": "26.10%", "2015-06-30": "26.38%", "2015-03-31": "26.35%", "2014-12-31": "26.63%", "2014-09-30": "27.29%", "2014-06-30": "27.17%", "2014-03-31": "26.57%", "2013-12-31": "25.64%", "2013-09-30": "23.70%", "2013-06-30": "21.76%", "2013-03-31": "20.34%", "2012-12-31": "18.68%", "2012-09-30": "16.55%", "2012-06-30": "15.64%", "2012-03-31": "15.43%", "2011-12-31": "14.90%", "2011-09-30": "14.74%", "2011-06-30": "13.90%", "2011-03-31": "12.37%", "2010-12-31": "10.84%", "2010-09-30": "9.36%", "2010-06-30": "7.38%", "2010-03-31": "7.27%", "2009-12-31": "7.83%", "2009-09-30": "-4.10%", "2009-06-30": "-0.57%", "2009-03-31": "2.14%", "2008-12-31": "3.65%", "2008-09-30": "12.65%", "2008-06-30": "13.48%", "2008-03-31": "14.44%", "2007-12-31": "15.74%", "2007-09-30": "15.65%", "2007-06-30": "16.59%", "2007-03-31": "17.20%", "2006-12-31": "18.05%", "2006-09-30": "20.88%", "2006-06-30": "20.39%", "2006-03-31": "20.06%", "2005-12-31": "19.84%"}, "ebitda margin": {"2020-09-30": "58.38%", "2020-06-30": "60.07%", "2020-03-31": "59.96%", "2019-12-31": "59.52%", "2019-09-30": "62.12%", "2019-06-30": "62.07%", "2019-03-31": "61.95%", "2018-12-31": "61.93%", "2018-09-30": "55.88%", "2018-06-30": "56.05%", "2018-03-31": "56.31%", "2017-12-31": "56.32%", "2017-09-30": "59.96%", "2017-06-30": "59.52%", "2017-03-31": "58.99%", "2016-12-31": "58.79%", "2016-09-30": "58.67%", "2016-06-30": "58.54%", "2016-03-31": "58.49%", "2015-12-31": "57.80%", "2015-09-30": "56.91%", "2015-06-30": "56.44%", "2015-03-31": "55.98%", "2014-12-31": "55.79%", "2014-09-30": "56.19%", "2014-06-30": "56.36%", "2014-03-31": "56.19%", "2013-12-31": "56.00%", "2013-09-30": "55.95%", "2013-06-30": "54.45%", "2013-03-31": "54.03%", "2012-12-31": "53.13%", "2012-09-30": "52.68%", "2012-06-30": "51.96%", "2012-03-31": "51.17%", "2011-12-31": "50.93%", "2011-09-30": "50.50%", "2011-06-30": "50.86%", "2011-03-31": "50.42%", "2010-12-31": "49.53%", "2010-09-30": "48.61%", "2010-06-30": "47.15%", "2010-03-31": "47.04%", "2009-12-31": "46.99%", "2009-09-30": "36.10%", "2009-06-30": "36.54%", "2009-03-31": "36.57%", "2008-12-31": "36.30%", "2008-09-30": "44.61%", "2008-06-30": "44.69%", "2008-03-31": "45.02%", "2007-12-31": "46.04%", "2007-09-30": "45.96%", "2007-06-30": "47.30%", "2007-03-31": "48.16%", "2006-12-31": "48.19%", "2006-09-30": "49.29%", "2006-06-30": "48.45%", "2006-03-31": "47.78%", "2005-12-31": "47.62%"}, "pre tax profit margin": {"2020-09-30": "18.11%", "2020-06-30": "20.91%", "2020-03-31": "23.87%", "2019-12-31": "55.25%", "2019-09-30": "40.61%", "2019-06-30": "107.87%", "2019-03-31": "98.11%", "2018-12-31": "72.33%", "2018-09-30": "96.98%", "2018-06-30": "35.02%", "2018-03-31": "36.25%", "2017-12-31": "31.54%", "2017-09-30": "45.85%", "2017-06-30": "45.52%", "2017-03-31": "46.13%", "2016-12-31": "46.63%", "2016-09-30": "7.16%", "2016-06-30": "7.48%", "2016-03-31": "7.12%", "2015-12-31": "6.52%", "2015-09-30": "5.83%", "2015-06-30": "5.62%", "2015-03-31": "5.11%", "2014-12-31": "4.78%", "2014-09-30": "6.04%", "2014-06-30": "5.45%", "2014-03-31": "4.46%", "2013-12-31": "3.38%", "2013-09-30": "1.41%", "2013-06-30": "1.29%", "2013-03-31": "0.11%", "2012-12-31": "-2.09%", "2012-09-30": "-7.05%", "2012-06-30": "-10.50%", "2012-03-31": "-14.54%", "2011-12-31": "-15.55%", "2011-09-30": "-16.28%", "2011-06-30": "-18.75%", "2011-03-31": "-18.08%", "2010-12-31": "-18.56%", "2010-09-30": "-20.92%", "2010-06-30": "-21.36%", "2010-03-31": "-21.44%", "2009-12-31": "-20.82%", "2009-09-30": "-32.70%", "2009-06-30": "-18.89%", "2009-03-31": "-15.84%", "2008-12-31": "-14.84%", "2008-09-30": "-2.16%", "2008-06-30": "-10.71%", "2008-03-31": "-8.79%", "2007-12-31": "-5.62%", "2007-09-30": "-5.52%", "2007-06-30": "-4.68%", "2007-03-31": "-4.61%", "2006-12-31": "-4.40%", "2006-09-30": "-2.42%", "2006-06-30": "-2.21%", "2006-03-31": "-2.01%", "2005-12-31": "-2.45%"}, "net profit margin": {"2020-09-30": "17.32%", "2020-06-30": "20.02%", "2020-03-31": "22.11%", "2019-12-31": "50.98%", "2019-09-30": "36.90%", "2019-06-30": "97.31%", "2019-03-31": "88.78%", "2018-12-31": "67.59%", "2018-09-30": "91.86%", "2018-06-30": "36.11%", "2018-03-31": "37.44%", "2017-12-31": "30.45%", "2017-09-30": "20.62%", "2017-06-30": "20.14%", "2017-03-31": "40.70%", "2016-12-31": "41.91%", "2016-09-30": "32.46%", "2016-06-30": "33.37%", "2016-03-31": "17.29%", "2015-12-31": "24.06%", "2015-09-30": "20.98%", "2015-06-30": "31.80%", "2015-03-31": "33.20%", "2014-12-31": "30.49%", "2014-09-30": "38.87%", "2014-06-30": "33.03%", "2014-03-31": "26.57%", "2013-12-31": "20.82%", "2013-09-30": "16.13%", "2013-06-30": "11.47%", "2013-03-31": "10.38%", "2012-12-31": "8.56%", "2012-09-30": "-1.01%", "2012-06-30": "-5.36%", "2012-03-31": "-9.10%", "2011-12-31": "-11.28%", "2011-09-30": "-12.98%", "2011-06-30": "-14.22%", "2011-03-31": "-12.37%", "2010-12-31": "-13.03%", "2010-09-30": "-9.36%", "2010-06-30": "-10.33%", "2010-03-31": "-11.35%", "2009-12-31": "-10.98%", "2009-09-30": "-11.70%", "2009-06-30": "7.84%", "2009-03-31": "31.32%", "2008-12-31": "29.77%", "2008-09-30": "30.83%", "2008-06-30": "13.67%", "2008-03-31": "-7.89%", "2007-12-31": "-3.40%", "2007-09-30": "4.70%", "2007-06-30": "2.46%", "2007-03-31": "3.44%", "2006-12-31": "7.46%", "2006-09-30": "1.48%", "2006-06-30": "5.11%", "2006-03-31": "4.58%", "2005-12-31": "-1.26%"}, "pe ratio": {"current": "1.52", "2021-02-05": "3.79", "2020-09-30": "4.01", "2020-06-30": "3.77", "2020-03-31": "3.12", "2019-12-31": "1.92", "2019-09-30": "2.65", "2019-06-30": "0.97", "2019-03-31": "1.03", "2018-12-31": "1.17", "2018-09-30": "0.84", "2018-06-30": "2.00", "2018-03-31": "1.84", "2017-12-31": "2.41", "2017-09-30": "3.57", "2017-06-30": "3.58", "2017-03-31": "1.81", "2016-12-31": "1.78", "2016-09-30": "2.30", "2016-06-30": "2.15", "2016-03-31": "3.91", "2015-12-31": "2.66", "2015-09-30": "2.76", "2015-06-30": "1.77", "2015-03-31": "1.77", "2014-12-31": "1.77", "2014-09-30": "1.17", "2014-06-30": "1.38", "2014-03-31": "1.59", "2013-12-31": "1.75", "2013-09-30": "2.55", "2013-06-30": "3.78", "2013-03-31": "4.23", "2012-12-31": "4.51", "2012-09-30": "0.00", "2012-06-30": "0.00", "2012-03-31": "0.00", "2011-12-31": "0.00", "2011-09-30": "0.00", "2011-06-30": "0.00", "2011-03-31": "0.00", "2010-12-31": "0.00", "2010-09-30": "0.00", "2010-06-30": "0.00", "2010-03-31": "0.00", "2009-12-31": "0.00", "2009-09-30": "0.00", "2009-06-30": "0.64", "2009-03-31": "0.11", "2008-12-31": "0.23", "2008-09-30": "0.56", "2008-06-30": "1.05", "2008-03-31": "0.00", "2007-12-31": "0.00", "2007-09-30": "3.73", "2007-06-30": "7.07", "2007-03-31": "5.76", "2006-12-31": "2.69"}, "price sales": {"2021-02-05": "0.65", "2020-09-30": "0.69", "2020-06-30": "0.75", "2020-03-31": "0.69", "2019-12-31": "0.99", "2019-09-30": "0.99", "2019-06-30": "0.94", "2019-03-31": "0.92", "2018-12-31": "0.79", "2018-09-30": "0.77", "2018-06-30": "0.72", "2018-03-31": "0.69", "2017-12-31": "0.73", "2017-09-30": "0.73", "2017-06-30": "0.72", "2017-03-31": "0.73", "2016-12-31": "0.74", "2016-09-30": "0.75", "2016-06-30": "0.71", "2016-03-31": "0.67", "2015-12-31": "0.64", "2015-09-30": "0.58", "2015-06-30": "0.56", "2015-03-31": "0.59", "2014-12-31": "0.54", "2014-09-30": "0.45", "2014-06-30": "0.46", "2014-03-31": "0.43", "2013-12-31": "0.37", "2013-09-30": "0.41", "2013-06-30": "0.43", "2013-03-31": "0.41", "2012-12-31": "0.34", "2012-09-30": "0.34", "2012-06-30": "0.33", "2012-03-31": "0.31", "2011-12-31": "0.27", "2011-09-30": "0.25", "2011-06-30": "0.28", "2011-03-31": "0.28", "2010-12-31": "0.27", "2010-09-30": "0.21", "2010-06-30": "0.19", "2010-03-31": "0.18", "2009-12-31": "0.15", "2009-09-30": "0.14", "2009-06-30": "0.08", "2009-03-31": "0.05", "2008-12-31": "0.10", "2008-09-30": "0.25", "2008-06-30": "0.21", "2008-03-31": "0.20", "2007-12-31": "0.17", "2007-09-30": "0.20", "2007-06-30": "0.20", "2007-03-31": "0.22", "2006-12-31": "0.21"}, "price book": {"current": "0.27", "2021-02-05": "0.27", "2020-09-30": "0.29", "2020-06-30": "0.38", "2020-03-31": "0.35", "2019-12-31": "0.49", "2019-09-30": "0.51", "2019-06-30": "0.47", "2019-03-31": "0.44", "2018-12-31": "0.41", "2018-09-30": "0.35", "2018-06-30": "0.44", "2018-03-31": "0.42", "2017-12-31": "0.45", "2017-09-30": "0.51", "2017-06-30": "0.48", "2017-03-31": "0.40", "2016-12-31": "0.38", "2016-09-30": "0.41", "2016-06-30": "0.37", "2016-03-31": "0.38", "2015-12-31": "0.36", "2015-09-30": "0.33", "2015-06-30": "0.32", "2015-03-31": "0.33", "2014-12-31": "0.37", "2014-09-30": "0.31", "2014-06-30": "0.34", "2014-03-31": "0.36", "2013-12-31": "0.31", "2013-09-30": "0.35", "2013-06-30": "0.38", "2013-03-31": "0.37", "2012-12-31": "0.31", "2012-09-30": "0.31", "2012-06-30": "0.26", "2012-03-31": "0.27", "2011-12-31": "0.22", "2011-09-30": "0.20", "2011-06-30": "0.22", "2011-03-31": "0.21", "2010-12-31": "0.20", "2010-09-30": "0.15", "2010-06-30": "0.13", "2010-03-31": "0.12", "2009-12-31": "0.10", "2009-09-30": "0.09", "2009-06-30": "0.05", "2009-03-31": "0.03", "2008-12-31": "0.06", "2008-09-30": "0.12", "2008-06-30": "0.11", "2008-03-31": "0.12", "2007-12-31": "0.15", "2007-09-30": "0.11", "2007-06-30": "0.11", "2007-03-31": "0.12", "2006-12-31": "0.12", "2006-09-30": "0.11", "2006-06-30": "0.08", "2006-03-31": "0.08"}, "price fcf": {"2021-02-05": "", "2020-09-30": "$1.07", "2020-06-30": "$1.10", "2020-03-31": "$0.90", "2019-12-31": "$3.95", "2019-09-30": "$2.14", "2019-06-30": "$8.25", "2019-03-31": "$7.88", "2018-12-31": "$4.27", "2018-09-30": "$7.60", "2018-06-30": "$2.48", "2018-03-31": "$2.75", "2017-12-31": "$3.38", "2017-09-30": "$2.02", "2017-06-30": "$-0.20", "2017-03-31": "$2.14", "2016-12-31": "$2.24", "2016-09-30": "$1.47", "2016-06-30": "$3.46", "2016-03-31": "$0.87", "2015-12-31": "$1.57", "2015-09-30": "$-0.14", "2015-06-30": "$1.66", "2015-03-31": "$3.00", "2014-12-31": "$2.71", "2014-09-30": "$5.48", "2014-06-30": "$4.12", "2014-03-31": "$3.02", "2013-12-31": "$2.47", "2013-09-30": "$2.38", "2013-06-30": "$3.09", "2013-03-31": "$3.74", "2012-12-31": "$4.19", "2012-09-30": "$3.70", "2012-06-30": "$3.22", "2012-03-31": "$3.54", "2011-12-31": "$3.43", "2011-09-30": "$2.96", "2011-06-30": "$3.03", "2011-03-31": "$3.30", "2010-12-31": "$3.26", "2010-09-30": "$5.94", "2010-06-30": "$8.60", "2010-03-31": "$9.59", "2009-12-31": "$9.04", "2009-09-30": "$17.03", "2009-06-30": "$19.09", "2009-03-31": "$25.01", "2008-12-31": "$24.80", "2008-09-30": "$13.19", "2008-06-30": "$7.89", "2008-03-31": "$0.40", "2007-12-31": "$0.32", "2007-09-30": "$-0.42", "2007-06-30": "$0.39", "2007-03-31": "$1.55", "2006-12-31": "$7.35"}, "net worth": {"value": "$0.58B"}, "current ratio": {"2020-09-30": "0.75", "2020-06-30": "1.25", "2020-03-31": "1.07", "2019-12-31": "0.49", "2019-09-30": "0.24", "2019-06-30": "0.22", "2019-03-31": "0.68", "2018-12-31": "0.32", "2018-09-30": "0.43", "2018-06-30": "0.59", "2018-03-31": "0.62", "2017-12-31": "0.61", "2017-09-30": "0.59", "2017-06-30": "0.51", "2017-03-31": "0.53", "2016-12-31": "0.47", "2016-09-30": "0.61", "2016-06-30": "1.73", "2016-03-31": "0.45", "2015-12-31": "0.39", "2015-09-30": "0.38", "2015-06-30": "0.43", "2015-03-31": "0.81", "2014-12-31": "0.38", "2014-09-30": "0.59", "2014-06-30": "0.81", "2014-03-31": "0.61", "2013-12-31": "0.55", "2013-09-30": "1.25", "2013-06-30": "1.13", "2013-03-31": "1.00", "2012-12-31": "0.97", "2012-09-30": "1.52", "2012-06-30": "2.34", "2012-03-31": "1.33", "2011-12-31": "1.36", "2011-09-30": "1.45", "2011-06-30": "1.79", "2011-03-31": "1.94", "2010-12-31": "1.47", "2010-09-30": "1.79", "2010-06-30": "1.61", "2010-03-31": "1.61", "2009-12-31": "1.65", "2009-09-30": "1.81", "2009-06-30": "1.91", "2009-03-31": "1.97", "2008-12-31": "1.33", "2008-09-30": "1.93", "2008-06-30": "2.36", "2008-03-31": "2.06", "2007-12-31": "1.60", "2007-09-30": "1.91", "2007-06-30": "2.58", "2007-03-31": "2.68", "2006-12-31": "1.86", "2006-09-30": "1.60", "2006-06-30": "2.00", "2006-03-31": "1.83", "2005-12-31": "2.03", "2005-09-30": "1.74", "2005-06-30": "1.69", "2005-03-31": "1.61"}, "quick ratio": {"2020-09-30": "0.00", "2020-06-30": "0.00", "2020-03-31": "0.00", "2019-12-31": "0.00", "2019-09-30": "0.00", "2019-06-30": "0.00", "2019-03-31": "0.00", "2018-12-31": "0.00", "2018-09-30": "0.00", "2018-06-30": "0.00", "2018-03-31": "0.00", "2017-12-31": "0.00", "2017-09-30": "0.00", "2017-06-30": "0.00", "2017-03-31": "0.00", "2016-12-31": "0.00", "2016-09-30": "0.00", "2016-06-30": "0.00", "2016-03-31": "0.00", "2015-12-31": "0.00", "2015-09-30": "0.00", "2015-06-30": "0.00", "2015-03-31": "0.00", "2014-12-31": "0.00", "2014-09-30": "0.00", "2014-06-30": "0.00", "2014-03-31": "0.00", "2013-12-31": "0.00", "2013-09-30": "0.00", "2013-06-30": "0.00", "2013-03-31": "0.00", "2012-12-31": "0.00", "2012-09-30": "0.00", "2012-06-30": "0.00", "2012-03-31": "0.00", "2011-12-31": "0.00", "2011-09-30": "0.00", "2011-06-30": "0.00", "2011-03-31": "0.00", "2010-12-31": "0.00", "2010-09-30": "0.00", "2010-06-30": "0.00", "2010-03-31": "0.00", "2009-12-31": "0.00", "2009-09-30": "0.00", "2009-06-30": "0.00", "2009-03-31": "0.00", "2008-12-31": "0.00", "2008-09-30": "0.00", "2008-06-30": "0.00", "2008-03-31": "0.00", "2007-12-31": "0.00", "2007-09-30": "0.00", "2007-06-30": "0.00", "2007-03-31": "0.00", "2006-12-31": "0.00", "2006-09-30": "0.00", "2006-06-30": "0.00", "2006-03-31": "0.00", "2005-12-31": "0.00", "2005-09-30": "0.00", "2005-06-30": "0.00", "2005-03-31": "0.00"}, "debt equity ratio": {"current": "2.06", "2020-09-30": "2.30", "2020-06-30": "3.01", "2020-03-31": "2.93", "2019-12-31": "2.67", "2019-09-30": "2.66", "2019-06-30": "2.39", "2019-03-31": "2.21", "2018-12-31": "2.51", "2018-09-30": "1.82", "2018-06-30": "2.96", "2018-03-31": "2.76", "2017-12-31": "2.67", "2017-09-30": "3.30", "2017-06-30": "3.19", "2017-03-31": "2.37", "2016-12-31": "2.21", "2016-09-30": "2.44", "2016-06-30": "2.27", "2016-03-31": "2.54", "2015-12-31": "2.47", "2015-09-30": "2.56", "2015-06-30": "2.39", "2015-03-31": "2.39", "2014-12-31": "3.23", "2014-09-30": "3.11", "2014-06-30": "3.50", "2014-03-31": "4.15", "2013-12-31": "4.18", "2013-09-30": "4.93", "2013-06-30": "5.09", "2013-03-31": "4.75", "2012-12-31": "4.54", "2012-09-30": "4.95", "2012-06-30": "4.07", "2012-03-31": "5.31", "2011-12-31": "5.00", "2011-09-30": "4.86", "2011-06-30": "4.77", "2011-03-31": "4.69", "2010-12-31": "4.65", "2010-09-30": "4.21", "2010-06-30": "4.30", "2010-03-31": "4.26", "2009-12-31": "4.15", "2009-09-30": "4.34", "2009-06-30": "4.48", "2009-03-31": "4.33", "2008-12-31": "4.73", "2008-09-30": "5.25", "2008-06-30": "5.48", "2008-03-31": "5.80", "2007-12-31": "5.06", "2007-09-30": "4.16", "2007-06-30": "3.57", "2007-03-31": "3.39", "2006-12-31": "3.40", "2006-09-30": "3.31", "2006-06-30": "2.83", "2006-03-31": "2.91", "2005-12-31": "2.69", "2005-09-30": "2.62", "2005-06-30": "2.63", "2005-03-31": "2.55"}, "return on equity": {"2020-09-30": "8.14%", "2020-06-30": "10.03%", "2020-03-31": "11.03%", "2019-12-31": "25.02%", "2019-09-30": "18.39%", "2019-06-30": "46.54%", "2019-03-31": "44.74%", "2018-12-31": "36.12%", "2018-09-30": "51.00%", "2018-06-30": "22.71%", "2018-03-31": "24.19%", "2017-12-31": "19.11%", "2017-09-30": "12.31%", "2017-06-30": "11.29%", "2017-03-31": "21.52%", "2016-12-31": "22.46%", "2016-09-30": "17.78%", "2016-06-30": "18.42%", "2016-03-31": "9.62%", "2015-12-31": "13.17%", "2015-09-30": "11.98%", "2015-06-30": "19.02%", "2015-03-31": "21.41%", "2014-12-31": "22.15%", "2014-09-30": "29.99%", "2014-06-30": "27.26%", "2014-03-31": "23.23%", "2013-12-31": "18.29%", "2013-09-30": "13.48%", "2013-06-30": "9.66%", "2013-03-31": "8.28%", "2012-12-31": "6.97%", "2012-09-30": "-0.77%", "2012-06-30": "-4.00%", "2012-03-31": "-7.03%", "2011-12-31": "-8.47%", "2011-09-30": "-9.39%", "2011-06-30": "-9.98%", "2011-03-31": "-8.51%", "2010-12-31": "-8.74%", "2010-09-30": "-6.32%", "2010-06-30": "-6.91%", "2010-03-31": "-7.50%", "2009-12-31": "-7.14%", "2009-09-30": "-7.14%", "2009-06-30": "5.07%", "2009-03-31": "21.57%", "2008-12-31": "22.02%", "2008-09-30": "20.31%", "2008-06-30": "8.54%", "2008-03-31": "-4.62%", "2007-12-31": "-1.90%", "2007-09-30": "2.53%", "2007-06-30": "1.33%", "2007-03-31": "1.80%", "2006-12-31": "3.77%", "2006-09-30": "0.84%", "2006-06-30": "2.71%", "2006-03-31": "2.31%", "2005-12-31": "-0.60%"}, "return on assets": {"2020-09-30": "2.20%", "2020-06-30": "2.63%", "2020-03-31": "3.02%", "2019-12-31": "7.20%", "2019-09-30": "5.35%", "2019-06-30": "14.51%", "2019-03-31": "13.44%", "2018-12-31": "10.44%", "2018-09-30": "14.59%", "2018-06-30": "5.81%", "2018-03-31": "6.10%", "2017-12-31": "4.97%", "2017-09-30": "3.32%", "2017-06-30": "3.21%", "2017-03-31": "6.48%", "2016-12-31": "6.69%", "2016-09-30": "5.19%", "2016-06-30": "5.33%", "2016-03-31": "2.76%", "2015-12-31": "3.82%", "2015-09-30": "3.32%", "2015-06-30": "5.10%", "2015-03-31": "5.34%", "2014-12-31": "4.96%", "2014-09-30": "6.39%", "2014-06-30": "5.29%", "2014-03-31": "4.17%", "2013-12-31": "3.20%", "2013-09-30": "2.32%", "2013-06-30": "1.66%", "2013-03-31": "1.49%", "2012-12-31": "1.23%", "2012-09-30": "-0.13%", "2012-06-30": "-0.69%", "2012-03-31": "-1.18%", "2011-12-31": "-1.45%", "2011-09-30": "-1.64%", "2011-06-30": "-1.79%", "2011-03-31": "-1.56%", "2010-12-31": "-1.63%", "2010-09-30": "-1.21%", "2010-06-30": "-1.31%", "2010-03-31": "-1.41%", "2009-12-31": "-1.34%", "2009-09-30": "-1.31%", "2009-06-30": "0.89%", "2009-03-31": "3.63%", "2008-12-31": "3.49%", "2008-09-30": "3.18%", "2008-06-30": "1.41%", "2008-03-31": "-0.84%", "2007-12-31": "-0.38%", "2007-09-30": "0.55%", "2007-06-30": "0.30%", "2007-03-31": "0.43%", "2006-12-31": "0.92%", "2006-09-30": "0.21%", "2006-06-30": "0.72%", "2006-03-31": "0.62%", "2005-12-31": "-0.17%"}, "return on investments": {"2020-09-30": "1.82%", "2020-06-30": "2.24%", "2020-03-31": "2.45%", "2019-12-31": "2.60%", "2019-09-30": "3.15%", "2019-06-30": "3.31%", "2019-03-31": "3.42%", "2018-12-31": "3.62%", "2018-09-30": "2.81%", "2018-06-30": "3.01%", "2018-03-31": "3.24%", "2017-12-31": "3.35%", "2017-09-30": "4.07%", "2017-06-30": "4.06%", "2017-03-31": "4.12%", "2016-12-31": "4.25%", "2016-09-30": "4.38%", "2016-06-30": "4.50%", "2016-03-31": "4.58%", "2015-12-31": "4.51%", "2015-09-30": "4.50%", "2015-06-30": "4.61%", "2015-03-31": "4.64%", "2014-12-31": "4.74%", "2014-09-30": "4.91%", "2014-06-30": "4.76%", "2014-03-31": "4.56%", "2013-12-31": "4.31%", "2013-09-30": "3.77%", "2013-06-30": "3.48%", "2013-03-31": "3.21%", "2012-12-31": "2.94%", "2012-09-30": "2.40%", "2012-06-30": "2.23%", "2012-03-31": "2.20%", "2011-12-31": "2.12%", "2011-09-30": "2.04%", "2011-06-30": "1.92%", "2011-03-31": "1.71%", "2010-12-31": "1.50%", "2010-09-30": "1.33%", "2010-06-30": "1.03%", "2010-03-31": "1.00%", "2009-12-31": "1.05%", "2009-09-30": "-0.51%", "2009-06-30": "-0.07%", "2009-03-31": "0.29%", "2008-12-31": "0.50%", "2008-09-30": "1.54%", "2008-06-30": "1.63%", "2008-03-31": "1.77%", "2007-12-31": "2.03%", "2007-09-30": "2.04%", "2007-06-30": "2.26%", "2007-03-31": "2.39%", "2006-12-31": "2.50%", "2006-09-30": "3.39%", "2006-06-30": "3.23%", "2006-03-31": "3.07%", "2005-12-31": "2.93%"}, "return on tangible equity": {"2020-09-30": "8.14%", "2020-06-30": "10.03%", "2020-03-31": "11.03%", "2019-12-31": "25.02%", "2019-09-30": "18.39%", "2019-06-30": "46.54%", "2019-03-31": "44.74%", "2018-12-31": "36.12%", "2018-09-30": "51.00%", "2018-06-30": "22.71%", "2018-03-31": "24.19%", "2017-12-31": "19.11%", "2017-09-30": "12.31%", "2017-06-30": "11.29%", "2017-03-31": "21.52%", "2016-12-31": "22.46%", "2016-09-30": "17.78%", "2016-06-30": "18.42%", "2016-03-31": "9.62%", "2015-12-31": "13.17%", "2015-09-30": "11.98%", "2015-06-30": "19.02%", "2015-03-31": "21.41%", "2014-12-31": "22.15%", "2014-09-30": "29.99%", "2014-06-30": "27.26%", "2014-03-31": "23.23%", "2013-12-31": "18.29%", "2013-09-30": "13.48%", "2013-06-30": "9.66%", "2013-03-31": "8.28%", "2012-12-31": "6.97%", "2012-09-30": "-0.77%", "2012-06-30": "-4.00%", "2012-03-31": "-7.03%", "2011-12-31": "-8.47%", "2011-09-30": "-9.39%", "2011-06-30": "-9.98%", "2011-03-31": "-8.51%", "2010-12-31": "-8.74%", "2010-09-30": "-6.32%", "2010-06-30": "-6.91%", "2010-03-31": "-7.50%", "2009-12-31": "-7.14%", "2009-09-30": "-7.14%", "2009-06-30": "5.07%", "2009-03-31": "21.57%", "2008-12-31": "22.02%", "2008-09-30": "20.31%", "2008-06-30": "8.54%", "2008-03-31": "-4.62%", "2007-12-31": "-1.90%", "2007-09-30": "2.53%", "2007-06-30": "1.33%", "2007-03-31": "1.80%", "2006-12-31": "3.77%", "2006-09-30": "0.84%", "2006-06-30": "2.71%", "2006-03-31": "2.31%", "2005-12-31": "-0.60%"}, "dividend yield history": {"last payout": "$4.06", "last yield": "84.09%"}}