{"ticker": "AL", "price": {"title": "Air Lease Historical Annual Stock Price Data", "value": 43.17, "historical": {"2020": {"Average Stock Price": "32.4887", "Year Open": "47.3200", "Year High": "49.6300", "Year Low": "10.8100", "Year Close": "44.4200", "Annual % Change": "-6.52%"}, "2019": {"Average Stock Price": "40.1193", "Year Open": "30.7700", "Year High": "48.4200", "Year Low": "29.6500", "Year Close": "47.5200", "Annual % Change": "57.30%"}, "2018": {"Average Stock Price": "42.9798", "Year Open": "48.0300", "Year High": "50.3400", "Year Low": "28.7300", "Year Close": "30.2100", "Annual % Change": "-37.18%"}, "2017": {"Average Stock Price": "39.7042", "Year Open": "35.1600", "Year High": "48.3100", "Year Low": "34.6400", "Year Close": "48.0900", "Annual % Change": "40.08%"}, "2016": {"Average Stock Price": "29.8610", "Year Open": "32.8300", "Year High": "37.0200", "Year Low": "22.7300", "Year Close": "34.3300", "Annual % Change": "2.54%"}, "2015": {"Average Stock Price": "35.2331", "Year Open": "34.4000", "Year High": "40.2100", "Year Low": "29.8300", "Year Close": "33.4800", "Annual % Change": "-2.42%"}, "2014": {"Average Stock Price": "35.9775", "Year Open": "30.5300", "Year High": "42.4400", "Year Low": "30.2700", "Year Close": "34.3100", "Annual % Change": "10.39%"}, "2013": {"Average Stock Price": "27.9653", "Year Open": "21.9600", "Year High": "33.2900", "Year Low": "21.8900", "Year Close": "31.0800", "Annual % Change": "44.56%"}, "2012": {"Average Stock Price": "22.2022", "Year Open": "23.5200", "Year High": "26.4000", "Year Low": "18.6200", "Year Close": "21.5000", "Annual % Change": "-9.32%"}, "2011": {"Average Stock Price": "23.6072", "Year Open": "27.9500", "Year High": "29.7000", "Year Low": "17.8300", "Year Close": "23.7100", "Annual % Change": "0.00%"}}}, "market cap": {"value": "$4.91B"}, "income statement": {"Revenue": {"2019-12-31": "2016.90400", "2018-12-31": "1679.70200", "2017-12-31": "1516.38000", "2016-12-31": "1419.05500", "2015-12-31": "1222.84000", "2014-12-31": "1050.49300", "2013-12-31": "858.67500", "2012-12-31": "655.74600", "2011-12-31": "336.74100", "2010-12-31": "58.36600"}, "Cost Of Goods Sold": {"2019-12-31": "", "2018-12-31": "", "2017-12-31": "", "2016-12-31": "", "2015-12-31": "", "2014-12-31": "", "2013-12-31": "", "2012-12-31": "", "2011-12-31": "", "2010-12-31": ""}, "Gross Profit": {"2019-12-31": "2016.90400", "2018-12-31": "1679.70200", "2017-12-31": "1516.38000", "2016-12-31": "1419.05500", "2015-12-31": "1222.84000", "2014-12-31": "1050.49300", "2013-12-31": "858.67500", "2012-12-31": "655.74600", "2011-12-31": "336.74100", "2010-12-31": "58.36600"}, "Research And Development Expenses": {"2019-12-31": "", "2018-12-31": "", "2017-12-31": "", "2016-12-31": "", "2015-12-31": "", "2014-12-31": "", "2013-12-31": "", "2012-12-31": "", "2011-12-31": "", "2010-12-31": ""}, "SG&A Expenses": {"2019-12-31": "144.39800", "2018-12-31": "114.84700", "2017-12-31": "111.12700", "2016-12-31": "99.93400", "2015-12-31": "93.98300", "2014-12-31": "98.47000", "2013-12-31": "92.82600", "2012-12-31": "88.14100", "2011-12-31": "83.90100", "2010-12-31": "48.27600"}, "Other Operating Income Or Expenses": {"2019-12-31": "", "2018-12-31": "", "2017-12-31": "", "2016-12-31": "", "2015-12-31": "", "2014-12-31": "", "2013-12-31": "", "2012-12-31": "", "2011-12-31": "-3.34900", "2010-12-31": ""}, "Operating Expenses": {"2019-12-31": "1281.21900", "2018-12-31": "1039.56400", "2017-12-31": "906.85000", "2016-12-31": "838.81700", "2015-12-31": "757.88710", "2014-12-31": "655.71700", "2013-12-31": "565.23300", "2012-12-31": "451.77300", "2011-12-31": "253.90000", "2010-12-31": "119.28100"}, "Operating Income": {"2019-12-31": "735.68510", "2018-12-31": "640.13810", "2017-12-31": "609.53000", "2016-12-31": "580.23800", "2015-12-31": "464.95290", "2014-12-31": "394.77600", "2013-12-31": "293.44200", "2012-12-31": "203.97300", "2011-12-31": "82.84100", "2010-12-31": "-60.91500"}, "Total Non-Operating Income/Expense": {"2019-12-31": "", "2018-12-31": "", "2017-12-31": "", "2016-12-31": "", "2015-12-31": "-72.00000", "2014-12-31": "", "2013-12-31": "", "2012-12-31": "", "2011-12-31": "", "2010-12-31": ""}, "Pre-Tax Income": {"2019-12-31": "735.68500", "2018-12-31": "640.13800", "2017-12-31": "609.53000", "2016-12-31": "580.23800", "2015-12-31": "392.95300", "2014-12-31": "394.77600", "2013-12-31": "293.44200", "2012-12-31": "203.97300", "2011-12-31": "82.84100", "2010-12-31": "-60.91500"}, "Income Taxes": {"2019-12-31": "148.56400", "2018-12-31": "129.30300", "2017-12-31": "-146.62200", "2016-12-31": "205.31300", "2015-12-31": "139.56200", "2014-12-31": "138.77800", "2013-12-31": "103.03100", "2012-12-31": "72.05400", "2011-12-31": "29.60900", "2010-12-31": "-8.87500"}, "Income After Taxes": {"2019-12-31": "587.12100", "2018-12-31": "510.83500", "2017-12-31": "756.15200", "2016-12-31": "374.92500", "2015-12-31": "253.39100", "2014-12-31": "255.99800", "2013-12-31": "190.41100", "2012-12-31": "131.91900", "2011-12-31": "53.23200", "2010-12-31": "-52.04000"}, "Other Income": {"2019-12-31": "", "2018-12-31": "", "2017-12-31": "", "2016-12-31": "", "2015-12-31": "", "2014-12-31": "", "2013-12-31": "", "2012-12-31": "", "2011-12-31": "", "2010-12-31": ""}, "Income From Continuous Operations": {"2019-12-31": "587.12100", "2018-12-31": "510.83500", "2017-12-31": "756.15200", "2016-12-31": "374.92500", "2015-12-31": "253.39100", "2014-12-31": "255.99800", "2013-12-31": "190.41100", "2012-12-31": "131.91900", "2011-12-31": "53.23200", "2010-12-31": "-52.04000"}, "Income From Discontinued Operations": {"2019-12-31": "", "2018-12-31": "", "2017-12-31": "", "2016-12-31": "", "2015-12-31": "", "2014-12-31": "", "2013-12-31": "", "2012-12-31": "", "2011-12-31": "", "2010-12-31": ""}, "Net Income": {"2019-12-31": "575.16300", "2018-12-31": "510.83500", "2017-12-31": "756.15200", "2016-12-31": "374.92500", "2015-12-31": "253.39100", "2014-12-31": "255.99800", "2013-12-31": "190.41100", "2012-12-31": "131.91900", "2011-12-31": "53.23200", "2010-12-31": "-52.04000"}, "EBITDA": {"2019-12-31": "1942.04600", "2018-12-31": "1622.14000", "2017-12-31": "1453.97200", "2016-12-31": "1336.83600", "2015-12-31": "1159.36400", "2014-12-31": "952.02300", "2013-12-31": "765.84900", "2012-12-31": "567.60500", "2011-12-31": "249.49100", "2010-12-31": "10.09000"}, "EBIT": {"2019-12-31": "1169.69600", "2018-12-31": "982.87010", "2017-12-31": "896.90100", "2016-12-31": "835.49710", "2015-12-31": "731.09690", "2014-12-31": "587.59400", "2013-12-31": "462.18500", "2012-12-31": "334.39200", "2011-12-31": "127.70300", "2010-12-31": "-49.85300"}, "Basic Shares Outstanding": {"2019-12-31": "111.89500", "2018-12-31": "104.71600", "2017-12-31": "103.18900", "2016-12-31": "102.80100", "2015-12-31": "102.54800", "2014-12-31": "102.14300", "2013-12-31": "101.52900", "2012-12-31": "100.99200", "2011-12-31": "89.59300", "2010-12-31": "39.51100"}, "Shares Outstanding": {"2019-12-31": "113.08600", "2018-12-31": "112.36300", "2017-12-31": "111.65800", "2016-12-31": "110.79900", "2015-12-31": "110.62900", "2014-12-31": "110.19300", "2013-12-31": "108.96400", "2012-12-31": "107.65600", "2011-12-31": "90.41600", "2010-12-31": "39.51100"}, "Basic EPS": {"2019-12-31": "5.14000", "2018-12-31": "4.88000", "2017-12-31": "7.33000", "2016-12-31": "3.65000", "2015-12-31": "2.47000", "2014-12-31": "2.51000", "2013-12-31": "1.88000", "2012-12-31": "1.31000", "2011-12-31": "0.59000", "2010-12-31": "-1.32000"}, "EPS - Earnings Per Share": {"2019-12-31": "5.09000", "2018-12-31": "4.60000", "2017-12-31": "6.82000", "2016-12-31": "3.44000", "2015-12-31": "2.34000", "2014-12-31": "2.38000", "2013-12-31": "1.80000", "2012-12-31": "1.28000", "2011-12-31": "0.59000", "2010-12-31": "-1.32000"}}, "income statement, quarterly": {"Revenue": {"2020-09-30": "493.60100", "2020-06-30": "521.34900", "2020-03-31": "511.38700", "2019-12-31": "548.55600", "2019-09-30": "530.90200", "2019-06-30": "471.39500", "2019-03-31": "466.05100", "2018-12-31": "449.98100", "2018-09-30": "450.69800", "2018-06-30": "397.81400", "2018-03-31": "381.20900", "2017-12-31": "398.47090", "2017-09-30": "376.76500", "2017-06-30": "380.95700", "2017-03-31": "360.18700", "2016-12-31": "370.48710", "2016-09-30": "355.10100", "2016-06-30": "350.13900", "2016-03-31": "343.32800", "2015-12-31": "326.69700", "2015-09-30": "313.12600", "2015-06-30": "304.70200", "2015-03-31": "278.31500", "2014-12-31": "285.94410", "2014-09-30": "261.93900", "2014-06-30": "256.32500", "2014-03-31": "246.28500", "2013-12-31": "242.90100", "2013-09-30": "215.90500", "2013-06-30": "207.87200", "2013-03-31": "191.99700", "2012-12-31": "190.09500", "2012-09-30": "174.92500", "2012-06-30": "158.17300", "2012-03-31": "132.55300", "2011-12-31": "115.05700", "2011-09-30": "92.12500", "2011-06-30": "74.34400", "2011-03-31": "55.21500", "2010-12-31": "36.91000", "2010-09-30": "19.75200", "2010-06-30": "1.70900", "2010-03-31": ""}, "Cost Of Goods Sold": {"2020-09-30": "", "2020-06-30": "", "2020-03-31": "", "2019-12-31": "", "2019-09-30": "", "2019-06-30": "", "2019-03-31": "", "2018-12-31": "", "2018-09-30": "", "2018-06-30": "", "2018-03-31": "", "2017-12-31": "", "2017-09-30": "", "2017-06-30": "", "2017-03-31": "", "2016-12-31": "", "2016-09-30": "", "2016-06-30": "", "2016-03-31": "", "2015-12-31": "", "2015-09-30": "", "2015-06-30": "", "2015-03-31": "", "2014-12-31": "", "2014-09-30": "", "2014-06-30": "", "2014-03-31": "", "2013-12-31": "", "2013-09-30": "", "2013-06-30": "", "2013-03-31": "", "2012-12-31": "", "2012-09-30": "", "2012-06-30": "", "2012-03-31": "", "2011-12-31": "", "2011-09-30": "", "2011-06-30": "", "2011-03-31": "", "2010-12-31": "", "2010-09-30": "", "2010-06-30": "", "2010-03-31": ""}, "Gross Profit": {"2020-09-30": "493.60100", "2020-06-30": "521.34900", "2020-03-31": "511.38700", "2019-12-31": "548.55600", "2019-09-30": "530.90200", "2019-06-30": "471.39500", "2019-03-31": "466.05100", "2018-12-31": "449.98100", "2018-09-30": "450.69800", "2018-06-30": "397.81400", "2018-03-31": "381.20900", "2017-12-31": "398.47090", "2017-09-30": "376.76500", "2017-06-30": "380.95700", "2017-03-31": "360.18700", "2016-12-31": "370.48710", "2016-09-30": "355.10100", "2016-06-30": "350.13900", "2016-03-31": "343.32800", "2015-12-31": "326.69700", "2015-09-30": "313.12600", "2015-06-30": "304.70200", "2015-03-31": "278.31500", "2014-12-31": "285.94410", "2014-09-30": "261.93900", "2014-06-30": "256.32500", "2014-03-31": "246.28500", "2013-12-31": "242.90100", "2013-09-30": "215.90500", "2013-06-30": "207.87200", "2013-03-31": "191.99700", "2012-12-31": "190.09500", "2012-09-30": "174.92500", "2012-06-30": "158.17300", "2012-03-31": "132.55300", "2011-12-31": "115.05700", "2011-09-30": "92.12500", "2011-06-30": "74.34400", "2011-03-31": "55.21500", "2010-12-31": "36.91000", "2010-09-30": "19.75200", "2010-06-30": "1.70900", "2010-03-31": ""}, "Research And Development Expenses": {"2020-09-30": "", "2020-06-30": "", "2020-03-31": "", "2019-12-31": "", "2019-09-30": "", "2019-06-30": "", "2019-03-31": "", "2018-12-31": "", "2018-09-30": "", "2018-06-30": "", "2018-03-31": "", "2017-12-31": "", "2017-09-30": "", "2017-06-30": "", "2017-03-31": "", "2016-12-31": "", "2016-09-30": "", "2016-06-30": "", "2016-03-31": "", "2015-12-31": "", "2015-09-30": "", "2015-06-30": "", "2015-03-31": "", "2014-12-31": "", "2014-09-30": "", "2014-06-30": "", "2014-03-31": "", "2013-12-31": "", "2013-09-30": "", "2013-06-30": "", "2013-03-31": "", "2012-12-31": "", "2012-09-30": "", "2012-06-30": "", "2012-03-31": "", "2011-12-31": "", "2011-09-30": "", "2011-06-30": "", "2011-03-31": "", "2010-12-31": "0.00000", "2010-09-30": "", "2010-06-30": "", "2010-03-31": ""}, "SG&A Expenses": {"2020-09-30": "26.87400", "2020-06-30": "30.47300", "2020-03-31": "32.75100", "2019-12-31": "37.27600", "2019-09-30": "39.61200", "2019-06-30": "33.63400", "2019-03-31": "33.87600", "2018-12-31": "30.48800", "2018-09-30": "31.22500", "2018-06-30": "26.34300", "2018-03-31": "26.79100", "2017-12-31": "31.01500", "2017-09-30": "24.62000", "2017-06-30": "29.14700", "2017-03-31": "26.34500", "2016-12-31": "27.66300", "2016-09-30": "24.47600", "2016-06-30": "25.15400", "2016-03-31": "22.64100", "2015-12-31": "25.46100", "2015-09-30": "23.97100", "2015-06-30": "22.30700", "2015-03-31": "22.24400", "2014-12-31": "27.50000", "2014-09-30": "23.53800", "2014-06-30": "24.84600", "2014-03-31": "22.58600", "2013-12-31": "26.59500", "2013-09-30": "21.24800", "2013-06-30": "23.96100", "2013-03-31": "21.02200", "2012-12-31": "22.84300", "2012-09-30": "19.95700", "2012-06-30": "23.51500", "2012-03-31": "21.82600", "2011-12-31": "20.26500", "2011-09-30": "19.82600", "2011-06-30": "23.03700", "2011-03-31": "20.77300", "2010-12-31": "20.91000", "2010-09-30": "18.88200", "2010-06-30": "8.01400", "2010-03-31": "0.47700"}, "Other Operating Income Or Expenses": {"2020-09-30": "", "2020-06-30": "", "2020-03-31": "", "2019-12-31": "", "2019-09-30": "", "2019-06-30": "", "2019-03-31": "", "2018-12-31": "", "2018-09-30": "", "2018-06-30": "", "2018-03-31": "", "2017-12-31": "", "2017-09-30": "", "2017-06-30": "", "2017-03-31": "", "2016-12-31": "", "2016-09-30": "", "2016-06-30": "", "2016-03-31": "", "2015-12-31": "", "2015-09-30": "", "2015-06-30": "", "2015-03-31": "", "2014-12-31": "", "2014-09-30": "", "2014-06-30": "", "2014-03-31": "", "2013-12-31": "", "2013-09-30": "", "2013-06-30": "", "2013-03-31": "", "2012-12-31": "", "2012-09-30": "", "2012-06-30": "", "2012-03-31": "", "2011-12-31": "", "2011-09-30": "", "2011-06-30": "-3.34900", "2011-03-31": "", "2010-12-31": "", "2010-09-30": "", "2010-06-30": "", "2010-03-31": ""}, "Operating Expenses": {"2020-09-30": "340.34600", "2020-06-30": "337.41900", "2020-03-31": "339.71500", "2019-12-31": "342.13800", "2019-09-30": "337.11500", "2019-06-30": "310.85900", "2019-03-31": "291.10700", "2018-12-31": "277.95290", "2018-09-30": "271.31600", "2018-06-30": "250.40500", "2018-03-31": "239.89000", "2017-12-31": "232.80700", "2017-09-30": "222.64600", "2017-06-30": "225.08800", "2017-03-31": "226.30900", "2016-12-31": "221.08400", "2016-09-30": "210.52800", "2016-06-30": "207.86800", "2016-03-31": "199.33700", "2015-12-31": "201.46910", "2015-09-30": "193.53900", "2015-06-30": "186.53800", "2015-03-31": "176.34100", "2014-12-31": "177.83410", "2014-09-30": "165.66200", "2014-06-30": "160.64500", "2014-03-31": "151.57600", "2013-12-31": "152.33000", "2013-09-30": "141.01700", "2013-06-30": "141.56100", "2013-03-31": "130.32500", "2012-12-31": "128.80900", "2012-09-30": "117.73200", "2012-06-30": "114.28900", "2012-03-31": "90.94300", "2011-12-31": "76.36900", "2011-09-30": "63.78400", "2011-06-30": "63.45600", "2011-03-31": "50.29100", "2010-12-31": "35.62000", "2010-09-30": "30.98900", "2010-06-30": "46.85200", "2010-03-31": "0.47700"}, "Operating Income": {"2020-09-30": "153.25500", "2020-06-30": "183.93000", "2020-03-31": "171.67200", "2019-12-31": "206.41800", "2019-09-30": "193.78700", "2019-06-30": "160.53600", "2019-03-31": "174.94400", "2018-12-31": "172.02820", "2018-09-30": "179.38200", "2018-06-30": "147.40900", "2018-03-31": "141.31900", "2017-12-31": "165.66390", "2017-09-30": "154.11900", "2017-06-30": "155.86900", "2017-03-31": "133.87800", "2016-12-31": "149.40310", "2016-09-30": "144.57300", "2016-06-30": "142.27100", "2016-03-31": "143.99100", "2015-12-31": "125.22790", "2015-09-30": "119.58700", "2015-06-30": "118.16400", "2015-03-31": "101.97400", "2014-12-31": "108.11000", "2014-09-30": "96.27700", "2014-06-30": "95.68000", "2014-03-31": "94.70900", "2013-12-31": "90.57100", "2013-09-30": "74.88800", "2013-06-30": "66.31100", "2013-03-31": "61.67200", "2012-12-31": "61.28600", "2012-09-30": "57.19300", "2012-06-30": "43.88400", "2012-03-31": "41.61000", "2011-12-31": "38.68800", "2011-09-30": "28.34100", "2011-06-30": "10.88800", "2011-03-31": "4.92400", "2010-12-31": "1.29000", "2010-09-30": "-11.23700", "2010-06-30": "-45.14300", "2010-03-31": "-0.47700"}, "Total Non-Operating Income/Expense": {"2020-09-30": "", "2020-06-30": "", "2020-03-31": "", "2019-12-31": "", "2019-09-30": "", "2019-06-30": "", "2019-03-31": "", "2018-12-31": "", "2018-09-30": "", "2018-06-30": "", "2018-03-31": "", "2017-12-31": "", "2017-09-30": "", "2017-06-30": "", "2017-03-31": "", "2016-12-31": "", "2016-09-30": "", "2016-06-30": "", "2016-03-31": "", "2015-12-31": "", "2015-09-30": "", "2015-06-30": "", "2015-03-31": "-72.00000", "2014-12-31": "", "2014-09-30": "", "2014-06-30": "", "2014-03-31": "", "2013-12-31": "", "2013-09-30": "", "2013-06-30": "", "2013-03-31": "", "2012-12-31": "", "2012-09-30": "", "2012-06-30": "", "2012-03-31": "", "2011-12-31": "", "2011-09-30": "", "2011-06-30": "", "2011-03-31": "", "2010-12-31": "-5.36000", "2010-09-30": "", "2010-06-30": "", "2010-03-31": ""}, "Pre-Tax Income": {"2020-09-30": "153.25500", "2020-06-30": "183.93000", "2020-03-31": "171.67200", "2019-12-31": "206.41800", "2019-09-30": "193.78700", "2019-06-30": "160.53600", "2019-03-31": "174.94400", "2018-12-31": "172.02800", "2018-09-30": "179.38200", "2018-06-30": "147.40900", "2018-03-31": "141.31900", "2017-12-31": "165.66400", "2017-09-30": "154.11900", "2017-06-30": "155.86900", "2017-03-31": "133.87800", "2016-12-31": "149.40300", "2016-09-30": "144.57300", "2016-06-30": "142.27100", "2016-03-31": "143.99100", "2015-12-31": "125.22800", "2015-09-30": "119.58700", "2015-06-30": "118.16400", "2015-03-31": "29.97400", "2014-12-31": "108.11000", "2014-09-30": "96.27700", "2014-06-30": "95.68000", "2014-03-31": "94.70900", "2013-12-31": "90.57100", "2013-09-30": "74.88800", "2013-06-30": "66.31100", "2013-03-31": "61.67200", "2012-12-31": "61.28600", "2012-09-30": "57.19300", "2012-06-30": "43.88400", "2012-03-31": "41.61000", "2011-12-31": "38.68800", "2011-09-30": "28.34100", "2011-06-30": "10.88800", "2011-03-31": "4.92400", "2010-12-31": "-4.07000", "2010-09-30": "-11.23700", "2010-06-30": "-45.14300", "2010-03-31": "-0.47700"}, "Income Taxes": {"2020-09-30": "32.86000", "2020-06-30": "36.30500", "2020-03-31": "34.52100", "2019-12-31": "41.48300", "2019-09-30": "38.00000", "2019-06-30": "32.23100", "2019-03-31": "36.85000", "2018-12-31": "33.62900", "2018-09-30": "32.80800", "2018-06-30": "32.19800", "2018-03-31": "30.66800", "2017-12-31": "-305.43800", "2017-09-30": "54.93100", "2017-06-30": "54.94400", "2017-03-31": "48.94100", "2016-12-31": "52.41500", "2016-09-30": "51.29700", "2016-06-30": "50.46800", "2016-03-31": "51.13300", "2015-12-31": "44.32900", "2015-09-30": "42.54500", "2015-06-30": "42.04600", "2015-03-31": "10.64200", "2014-12-31": "37.97900", "2014-09-30": "33.84400", "2014-06-30": "33.64300", "2014-03-31": "33.31200", "2013-12-31": "31.72400", "2013-09-30": "26.31000", "2013-06-30": "23.32100", "2013-03-31": "21.67600", "2012-12-31": "21.47700", "2012-09-30": "20.18200", "2012-06-30": "15.71200", "2012-03-31": "14.68300", "2011-12-31": "13.92600", "2011-09-30": "10.07000", "2011-06-30": "3.86500", "2011-03-31": "1.74800", "2010-12-31": "-1.38000", "2010-09-30": "-3.49000", "2010-06-30": "-4.00200", "2010-03-31": ""}, "Income After Taxes": {"2020-09-30": "120.39500", "2020-06-30": "147.62500", "2020-03-31": "137.15100", "2019-12-31": "164.93500", "2019-09-30": "155.78700", "2019-06-30": "128.30500", "2019-03-31": "138.09400", "2018-12-31": "138.39900", "2018-09-30": "146.57400", "2018-06-30": "115.21100", "2018-03-31": "110.65100", "2017-12-31": "471.10210", "2017-09-30": "99.18800", "2017-06-30": "100.92500", "2017-03-31": "84.93700", "2016-12-31": "96.98800", "2016-09-30": "93.27600", "2016-06-30": "91.80300", "2016-03-31": "92.85800", "2015-12-31": "80.89900", "2015-09-30": "77.04200", "2015-06-30": "76.11800", "2015-03-31": "19.33200", "2014-12-31": "70.13100", "2014-09-30": "62.43300", "2014-06-30": "62.03700", "2014-03-31": "61.39700", "2013-12-31": "58.84700", "2013-09-30": "48.57800", "2013-06-30": "42.99000", "2013-03-31": "39.99600", "2012-12-31": "39.80900", "2012-09-30": "37.01100", "2012-06-30": "28.17200", "2012-03-31": "26.92700", "2011-12-31": "24.76200", "2011-09-30": "18.27100", "2011-06-30": "7.02300", "2011-03-31": "3.17600", "2010-12-31": "-2.69000", "2010-09-30": "-7.74700", "2010-06-30": "-41.14100", "2010-03-31": "-0.47700"}, "Other Income": {"2020-09-30": "", "2020-06-30": "", "2020-03-31": "", "2019-12-31": "", "2019-09-30": "", "2019-06-30": "", "2019-03-31": "", "2018-12-31": "", "2018-09-30": "", "2018-06-30": "", "2018-03-31": "", "2017-12-31": "", "2017-09-30": "", "2017-06-30": "", "2017-03-31": "", "2016-12-31": "", "2016-09-30": "", "2016-06-30": "", "2016-03-31": "", "2015-12-31": "", "2015-09-30": "", "2015-06-30": "", "2015-03-31": "", "2014-12-31": "", "2014-09-30": "", "2014-06-30": "", "2014-03-31": "", "2013-12-31": "", "2013-09-30": "", "2013-06-30": "", "2013-03-31": "", "2012-12-31": "", "2012-09-30": "", "2012-06-30": "", "2012-03-31": "", "2011-12-31": "", "2011-09-30": "", "2011-06-30": "", "2011-03-31": "", "2010-12-31": "0.00000", "2010-09-30": "", "2010-06-30": "", "2010-03-31": ""}, "Income From Continuous Operations": {"2020-09-30": "120.39500", "2020-06-30": "147.62500", "2020-03-31": "137.15100", "2019-12-31": "164.93500", "2019-09-30": "155.78700", "2019-06-30": "128.30500", "2019-03-31": "138.09400", "2018-12-31": "138.39900", "2018-09-30": "146.57400", "2018-06-30": "115.21100", "2018-03-31": "110.65100", "2017-12-31": "471.10210", "2017-09-30": "99.18800", "2017-06-30": "100.92500", "2017-03-31": "84.93700", "2016-12-31": "96.98800", "2016-09-30": "93.27600", "2016-06-30": "91.80300", "2016-03-31": "92.85800", "2015-12-31": "80.89900", "2015-09-30": "77.04200", "2015-06-30": "76.11800", "2015-03-31": "19.33200", "2014-12-31": "70.13100", "2014-09-30": "62.43300", "2014-06-30": "62.03700", "2014-03-31": "61.39700", "2013-12-31": "58.84700", "2013-09-30": "48.57800", "2013-06-30": "42.99000", "2013-03-31": "39.99600", "2012-12-31": "39.80900", "2012-09-30": "37.01100", "2012-06-30": "28.17200", "2012-03-31": "26.92700", "2011-12-31": "24.76200", "2011-09-30": "18.27100", "2011-06-30": "7.02300", "2011-03-31": "3.17600", "2010-12-31": "-2.69000", "2010-09-30": "-7.74700", "2010-06-30": "-41.14100", "2010-03-31": "-0.47700"}, "Income From Discontinued Operations": {"2020-09-30": "", "2020-06-30": "", "2020-03-31": "", "2019-12-31": "", "2019-09-30": "", "2019-06-30": "", "2019-03-31": "", "2018-12-31": "", "2018-09-30": "", "2018-06-30": "", "2018-03-31": "", "2017-12-31": "", "2017-09-30": "", "2017-06-30": "", "2017-03-31": "", "2016-12-31": "", "2016-09-30": "", "2016-06-30": "", "2016-03-31": "", "2015-12-31": "", "2015-09-30": "", "2015-06-30": "", "2015-03-31": "", "2014-12-31": "", "2014-09-30": "", "2014-06-30": "", "2014-03-31": "", "2013-12-31": "", "2013-09-30": "", "2013-06-30": "", "2013-03-31": "", "2012-12-31": "", "2012-09-30": "", "2012-06-30": "", "2012-03-31": "", "2011-12-31": "", "2011-09-30": "", "2011-06-30": "", "2011-03-31": "", "2010-12-31": "0.00000", "2010-09-30": "", "2010-06-30": "", "2010-03-31": ""}, "Net Income": {"2020-09-30": "116.55200", "2020-06-30": "143.78100", "2020-03-31": "133.30700", "2019-12-31": "161.09200", "2019-09-30": "151.94300", "2019-06-30": "124.03400", "2019-03-31": "138.09400", "2018-12-31": "138.39900", "2018-09-30": "146.57400", "2018-06-30": "115.21100", "2018-03-31": "110.65100", "2017-12-31": "471.10200", "2017-09-30": "99.18800", "2017-06-30": "100.92500", "2017-03-31": "84.93700", "2016-12-31": "96.98800", "2016-09-30": "93.27600", "2016-06-30": "91.80300", "2016-03-31": "92.85800", "2015-12-31": "80.89900", "2015-09-30": "77.04200", "2015-06-30": "76.11800", "2015-03-31": "19.33200", "2014-12-31": "70.13100", "2014-09-30": "62.43300", "2014-06-30": "62.03700", "2014-03-31": "61.39700", "2013-12-31": "58.84700", "2013-09-30": "48.57800", "2013-06-30": "42.99000", "2013-03-31": "39.99600", "2012-12-31": "39.80900", "2012-09-30": "37.01100", "2012-06-30": "28.17200", "2012-03-31": "26.92700", "2011-12-31": "24.76200", "2011-09-30": "18.27100", "2011-06-30": "7.02300", "2011-03-31": "3.17600", "2010-12-31": "-2.69000", "2010-09-30": "-7.74700", "2010-06-30": "-41.14100", "2010-03-31": "-0.47700"}, "EBITDA": {"2020-09-30": "477.65900", "2020-06-30": "501.63200", "2020-03-31": "489.09000", "2019-12-31": "556.63000", "2019-09-30": "500.62900", "2019-06-30": "445.43200", "2019-03-31": "439.35500", "2018-12-31": "458.06510", "2018-09-30": "423.57600", "2018-06-30": "379.06100", "2018-03-31": "361.43800", "2017-12-31": "401.87190", "2017-09-30": "354.97500", "2017-06-30": "359.24600", "2017-03-31": "337.87900", "2016-12-31": "360.53910", "2016-09-30": "330.62500", "2016-06-30": "324.98500", "2016-03-31": "320.68700", "2015-12-31": "331.74290", "2015-09-30": "289.15500", "2015-06-30": "282.39500", "2015-03-31": "256.07100", "2014-12-31": "258.44400", "2014-09-30": "238.40100", "2014-06-30": "231.47900", "2014-03-31": "223.69900", "2013-12-31": "216.30600", "2013-09-30": "194.65700", "2013-06-30": "183.91100", "2013-03-31": "170.97500", "2012-12-31": "167.25200", "2012-09-30": "154.96800", "2012-06-30": "134.65800", "2012-03-31": "110.72700", "2011-12-31": "94.79200", "2011-09-30": "72.29900", "2011-06-30": "47.95800", "2011-03-31": "34.44200", "2010-12-31": "21.34700", "2010-09-30": "0.87000", "2010-06-30": "-43.30500", "2010-03-31": "-0.47700"}, "EBIT": {"2020-09-30": "260.77400", "2020-06-30": "286.62300", "2020-03-31": "279.21300", "2019-12-31": "349.74810", "2019-09-30": "298.42400", "2019-06-30": "257.36000", "2019-03-31": "264.16400", "2018-12-31": "290.17610", "2018-09-30": "261.57100", "2018-06-30": "220.86100", "2018-03-31": "210.26200", "2017-12-31": "259.44390", "2017-09-30": "217.63300", "2017-06-30": "218.88300", "2017-03-31": "200.94100", "2016-12-31": "215.79210", "2016-09-30": "209.29300", "2016-06-30": "205.46100", "2016-03-31": "204.95100", "2015-12-31": "217.71790", "2015-09-30": "179.69000", "2015-06-30": "176.31200", "2015-03-31": "157.37700", "2014-12-31": "160.65300", "2014-09-30": "144.85900", "2014-06-30": "143.01500", "2014-03-31": "139.06700", "2013-12-31": "133.67000", "2013-09-30": "116.83400", "2013-06-30": "109.77900", "2013-03-31": "101.90200", "2012-12-31": "100.39700", "2012-09-30": "92.44100", "2012-06-30": "78.03000", "2012-03-31": "63.52400", "2011-12-31": "53.40700", "2011-09-30": "39.33400", "2011-06-30": "20.97800", "2011-03-31": "13.98400", "2010-12-31": "1.29000", "2010-09-30": "-7.36600", "2010-06-30": "-43.30500", "2010-03-31": "-0.47700"}, "Basic Shares Outstanding": {"2020-09-30": "113.77900", "2020-06-30": "113.69100", "2020-03-31": "113.47200", "2019-12-31": "111.89500", "2019-09-30": "112.13400", "2019-06-30": "111.37200", "2019-03-31": "111.01800", "2018-12-31": "104.71600", "2018-09-30": "104.06700", "2018-06-30": "104.00400", "2018-03-31": "103.74800", "2017-12-31": "103.18900", "2017-09-30": "103.22200", "2017-06-30": "103.18100", "2017-03-31": "102.94800", "2016-12-31": "102.80100", "2016-09-30": "102.84300", "2016-06-30": "102.83700", "2016-03-31": "102.67900", "2015-12-31": "102.54800", "2015-09-30": "102.58100", "2015-06-30": "102.57200", "2015-03-31": "102.45000", "2014-12-31": "102.14300", "2014-09-30": "102.38300", "2014-06-30": "101.93500", "2014-03-31": "101.85700", "2013-12-31": "101.52900", "2013-09-30": "101.75400", "2013-06-30": "101.30100", "2013-03-31": "101.26100", "2012-12-31": "100.99200", "2012-09-30": "101.24700", "2012-06-30": "100.75000", "2012-03-31": "100.71700", "2011-12-31": "89.59300", "2011-09-30": "100.71400", "2011-06-30": "91.03900", "2011-03-31": "65.39300", "2010-12-31": "39.51100", "2010-09-30": "64.98500", "2010-06-30": "17.39400", "2010-03-31": "0.45000"}, "Shares Outstanding": {"2020-09-30": "113.95100", "2020-06-30": "113.77300", "2020-03-31": "113.78500", "2019-12-31": "113.08600", "2019-09-30": "113.26300", "2019-06-30": "112.80700", "2019-03-31": "112.38100", "2018-12-31": "112.36300", "2018-09-30": "112.51000", "2018-06-30": "112.42500", "2018-03-31": "112.23000", "2017-12-31": "111.65800", "2017-09-30": "111.71000", "2017-06-30": "111.56400", "2017-03-31": "111.43000", "2016-12-31": "110.79900", "2016-09-30": "110.78900", "2016-06-30": "110.83900", "2016-03-31": "110.56300", "2015-12-31": "110.62900", "2015-09-30": "110.62400", "2015-06-30": "110.73800", "2015-03-31": "110.55900", "2014-12-31": "110.19300", "2014-09-30": "110.45700", "2014-06-30": "110.05700", "2014-03-31": "110.03700", "2013-12-31": "108.96400", "2013-09-30": "109.22800", "2013-06-30": "108.81600", "2013-03-31": "108.34700", "2012-12-31": "107.65600", "2012-09-30": "107.87500", "2012-06-30": "107.41100", "2012-03-31": "107.42700", "2011-12-31": "90.41600", "2011-09-30": "100.76800", "2011-06-30": "91.16400", "2011-03-31": "65.51200", "2010-12-31": "39.51100", "2010-09-30": "64.98500", "2010-06-30": "17.39400", "2010-03-31": "0.45000"}, "Basic EPS": {"2020-09-30": "1.02000", "2020-06-30": "1.26000", "2020-03-31": "1.17000", "2019-12-31": "1.43000", "2019-09-30": "1.36000", "2019-06-30": "1.11000", "2019-03-31": "1.24000", "2018-12-31": "1.29000", "2018-09-30": "1.41000", "2018-06-30": "1.11000", "2018-03-31": "1.07000", "2017-12-31": "4.56000", "2017-09-30": "0.96000", "2017-06-30": "0.98000", "2017-03-31": "0.83000", "2016-12-31": "0.95000", "2016-09-30": "0.91000", "2016-06-30": "0.89000", "2016-03-31": "0.90000", "2015-12-31": "0.79000", "2015-09-30": "0.75000", "2015-06-30": "0.74000", "2015-03-31": "0.19000", "2014-12-31": "0.69000", "2014-09-30": "0.61000", "2014-06-30": "0.61000", "2014-03-31": "0.60000", "2013-12-31": "0.59000", "2013-09-30": "0.48000", "2013-06-30": "0.42000", "2013-03-31": "0.39000", "2012-12-31": "0.39000", "2012-09-30": "0.37000", "2012-06-30": "0.28000", "2012-03-31": "0.27000", "2011-12-31": "0.28000", "2011-09-30": "0.18000", "2011-06-30": "0.08000", "2011-03-31": "0.05000", "2010-12-31": "2.23000", "2010-09-30": "-0.12000", "2010-06-30": "-2.37000", "2010-03-31": "-1.06000"}, "EPS - Earnings Per Share": {"2020-09-30": "1.02000", "2020-06-30": "1.26000", "2020-03-31": "1.17000", "2019-12-31": "1.42000", "2019-09-30": "1.34000", "2019-06-30": "1.10000", "2019-03-31": "1.23000", "2018-12-31": "1.24000", "2018-09-30": "1.32000", "2018-06-30": "1.04000", "2018-03-31": "1.00000", "2017-12-31": "4.22000", "2017-09-30": "0.90000", "2017-06-30": "0.92000", "2017-03-31": "0.78000", "2016-12-31": "0.89000", "2016-09-30": "0.86000", "2016-06-30": "0.84000", "2016-03-31": "0.85000", "2015-12-31": "0.74000", "2015-09-30": "0.71000", "2015-06-30": "0.70000", "2015-03-31": "0.19000", "2014-12-31": "0.65000", "2014-09-30": "0.58000", "2014-06-30": "0.58000", "2014-03-31": "0.57000", "2013-12-31": "0.55000", "2013-09-30": "0.46000", "2013-06-30": "0.41000", "2013-03-31": "0.38000", "2012-12-31": "0.38000", "2012-09-30": "0.36000", "2012-06-30": "0.28000", "2012-03-31": "0.26000", "2011-12-31": "0.28000", "2011-09-30": "0.18000", "2011-06-30": "0.08000", "2011-03-31": "0.05000", "2010-12-31": "2.23000", "2010-09-30": "-0.12000", "2010-06-30": "-2.37000", "2010-03-31": "-1.06000"}}, "balance sheet": {"Cash On Hand": {"2019-12-31": "338.06100", "2018-12-31": "322.99800", "2017-12-31": "308.28200", "2016-12-31": "290.80200", "2015-12-31": "173.20300", "2014-12-31": "290.28800", "2013-12-31": "357.48100", "2012-12-31": "336.39600", "2011-12-31": "377.96200", "2010-12-31": "377.49700"}, "Receivables": {"2019-12-31": "", "2018-12-31": "", "2017-12-31": "", "2016-12-31": "", "2015-12-31": "", "2014-12-31": "", "2013-12-31": "", "2012-12-31": "", "2011-12-31": "", "2010-12-31": ""}, "Inventory": {"2019-12-31": "", "2018-12-31": "", "2017-12-31": "", "2016-12-31": "", "2015-12-31": "", "2014-12-31": "", "2013-12-31": "", "2012-12-31": "", "2011-12-31": "", "2010-12-31": ""}, "Pre-Paid Expenses": {"2019-12-31": "", "2018-12-31": "", "2017-12-31": "", "2016-12-31": "", "2015-12-31": "", "2014-12-31": "", "2013-12-31": "", "2012-12-31": "", "2011-12-31": "", "2010-12-31": ""}, "Other Current Assets": {"2019-12-31": "", "2018-12-31": "", "2017-12-31": "", "2016-12-31": "", "2015-12-31": "", "2014-12-31": "", "2013-12-31": "", "2012-12-31": "", "2011-12-31": "", "2010-12-31": ""}, "Total Current Assets": {"2019-12-31": "338.06100", "2018-12-31": "322.99800", "2017-12-31": "308.28200", "2016-12-31": "290.80200", "2015-12-31": "173.20300", "2014-12-31": "290.28800", "2013-12-31": "357.48100", "2012-12-31": "336.39600", "2011-12-31": "377.96200", "2010-12-31": "377.49700"}, "Property, Plant, And Equipment": {"2019-12-31": "18704.34000", "2018-12-31": "15707.11000", "2017-12-31": "13280.25000", "2016-12-31": "12041.92000", "2015-12-31": "10813.47000", "2014-12-31": "8953.80400", "2013-12-31": "7613.13500", "2012-12-31": "6251.86300", "2011-12-31": "4237.41600", "2010-12-31": "1629.80900"}, "Long-Term Investments": {"2019-12-31": "", "2018-12-31": "", "2017-12-31": "", "2016-12-31": "", "2015-12-31": "", "2014-12-31": "", "2013-12-31": "", "2012-12-31": "", "2011-12-31": "", "2010-12-31": ""}, "Goodwill And Intangible Assets": {"2019-12-31": "", "2018-12-31": "", "2017-12-31": "", "2016-12-31": "", "2015-12-31": "", "2014-12-31": "", "2013-12-31": "", "2012-12-31": "", "2011-12-31": "", "2010-12-31": ""}, "Other Long-Term Assets": {"2019-12-31": "1102.56900", "2018-12-31": "642.44000", "2017-12-31": "462.85600", "2016-12-31": "352.21300", "2015-12-31": "297.38500", "2014-12-31": "302.48500", "2013-12-31": "196.71600", "2012-12-31": "126.42800", "2011-12-31": "96.05700", "2010-12-31": "30.31200"}, "Total Long-Term Assets": {"2019-12-31": "21371.09000", "2018-12-31": "18158.81000", "2017-12-31": "15305.88000", "2016-12-31": "13684.81000", "2015-12-31": "12181.89000", "2014-12-31": "10400.89000", "2013-12-31": "8975.12300", "2012-12-31": "7017.22900", "2011-12-31": "4786.63100", "2010-12-31": "1898.78500"}, "Total Assets": {"2019-12-31": "21709.15000", "2018-12-31": "18481.81000", "2017-12-31": "15614.16000", "2016-12-31": "13975.62000", "2015-12-31": "12355.10000", "2014-12-31": "10691.18000", "2013-12-31": "9332.60400", "2012-12-31": "7353.62400", "2011-12-31": "5164.59300", "2010-12-31": "2276.28200"}, "Total Current Liabilities": {"2019-12-31": "516.49700", "2018-12-31": "382.13200", "2017-12-31": "309.18200", "2016-12-31": "256.77500", "2015-12-31": "215.98300", "2014-12-31": "190.95200", "2013-12-31": "131.22300", "2012-12-31": "90.16900", "2011-12-31": "54.64800", "2010-12-31": "22.05400"}, "Long Term Debt": {"2019-12-31": "13578.87000", "2018-12-31": "11538.91000", "2017-12-31": "9698.78500", "2016-12-31": "8713.87400", "2015-12-31": "7712.42100", "2014-12-31": "6630.75800", "2013-12-31": "5853.31700", "2012-12-31": "4384.73200", "2011-12-31": "2602.79900", "2010-12-31": "911.98100"}, "Other Non-Current Liabilities": {"2019-12-31": "1097.06100", "2018-12-31": "990.57800", "2017-12-31": "856.14000", "2016-12-31": "856.33500", "2015-12-31": "853.33000", "2014-12-31": "698.17200", "2013-12-31": "569.84700", "2012-12-31": "412.22300", "2011-12-31": "284.15400", "2010-12-31": "109.27400"}, "Total Long Term Liabilities": {"2019-12-31": "15569.12000", "2018-12-31": "13292.78000", "2017-12-31": "11177.54000", "2016-12-31": "10336.65000", "2015-12-31": "9119.20300", "2014-12-31": "7728.16600", "2013-12-31": "6677.94700", "2012-12-31": "4930.83400", "2011-12-31": "2933.66200", "2010-12-31": "1029.29300"}, "Total Liabilities": {"2019-12-31": "16085.61000", "2018-12-31": "13674.91000", "2017-12-31": "11486.72000", "2016-12-31": "10593.43000", "2015-12-31": "9335.18600", "2014-12-31": "7919.11800", "2013-12-31": "6809.17000", "2012-12-31": "5021.00300", "2011-12-31": "2988.31000", "2010-12-31": "1051.34700"}, "Common Stock Net": {"2019-12-31": "1.13400", "2018-12-31": "1.11000", "2017-12-31": "1.03600", "2016-12-31": "1.01000", "2015-12-31": "1.01000", "2014-12-31": "1.01000", "2013-12-31": "1.00900", "2012-12-31": "1.00900", "2011-12-31": "1.00200", "2010-12-31": "0.65400"}, "Retained Earnings (Accumulated Deficit)": {"2019-12-31": "2846.10600", "2018-12-31": "2331.55200", "2017-12-31": "1866.34200", "2016-12-31": "1143.31100", "2015-12-31": "791.52600", "2014-12-31": "555.57300", "2013-12-31": "312.85900", "2012-12-31": "133.11100", "2011-12-31": "1.19200", "2010-12-31": "-52.04000"}, "Comprehensive Income": {"2019-12-31": "-1.39700", "2018-12-31": "", "2017-12-31": "", "2016-12-31": "", "2015-12-31": "", "2014-12-31": "", "2013-12-31": "", "2012-12-31": "", "2011-12-31": "", "2010-12-31": ""}, "Other Share Holders Equity": {"2019-12-31": "", "2018-12-31": "", "2017-12-31": "", "2016-12-31": "", "2015-12-31": "", "2014-12-31": "", "2013-12-31": "", "2012-12-31": "", "2011-12-31": "", "2010-12-31": ""}, "Share Holder Equity": {"2019-12-31": "5623.54400", "2018-12-31": "4806.90000", "2017-12-31": "4127.44200", "2016-12-31": "3382.18700", "2015-12-31": "3019.91200", "2014-12-31": "2772.06200", "2013-12-31": "2523.43400", "2012-12-31": "2332.62100", "2011-12-31": "2176.28300", "2010-12-31": "1224.93500"}, "Total Liabilities And Share Holders Equity": {"2019-12-31": "21709.15000", "2018-12-31": "18481.81000", "2017-12-31": "15614.16000", "2016-12-31": "13975.62000", "2015-12-31": "12355.10000", "2014-12-31": "10691.18000", "2013-12-31": "9332.60400", "2012-12-31": "7353.62400", "2011-12-31": "5164.59300", "2010-12-31": "2276.28200"}}, "balance sheet, quarterly": {"Cash On Hand": {"2020-09-30": "1262.13700", "2020-06-30": "941.99000", "2020-03-31": "753.38100", "2019-12-31": "338.06100", "2019-09-30": "336.42300", "2019-06-30": "288.10200", "2019-03-31": "298.24200", "2018-12-31": "322.99800", "2018-09-30": "248.91900", "2018-06-30": "281.05800", "2018-03-31": "271.62400", "2017-12-31": "308.28200", "2017-09-30": "245.43000", "2017-06-30": "261.94900", "2017-03-31": "174.08800", "2016-12-31": "290.80200", "2016-09-30": "243.88400", "2016-06-30": "197.12400", "2016-03-31": "179.30400", "2015-12-31": "173.20300", "2015-09-30": "130.42200", "2015-06-30": "171.52200", "2015-03-31": "227.13500", "2014-12-31": "290.28800", "2014-09-30": "218.86900", "2014-06-30": "258.83300", "2014-03-31": "332.81900", "2013-12-31": "357.48100", "2013-09-30": "307.19600", "2013-06-30": "312.27400", "2013-03-31": "328.18100", "2012-12-31": "336.39600", "2012-09-30": "551.46500", "2012-06-30": "501.59600", "2012-03-31": "915.64300", "2011-12-31": "377.96200", "2011-09-30": "354.46600", "2011-06-30": "513.90000", "2011-03-31": "292.37700", "2010-12-31": "377.49700", "2010-09-30": "", "2010-06-30": "", "2010-03-31": ""}, "Receivables": {"2020-09-30": "", "2020-06-30": "", "2020-03-31": "", "2019-12-31": "", "2019-09-30": "", "2019-06-30": "", "2019-03-31": "", "2018-12-31": "", "2018-09-30": "", "2018-06-30": "", "2018-03-31": "", "2017-12-31": "", "2017-09-30": "", "2017-06-30": "", "2017-03-31": "", "2016-12-31": "", "2016-09-30": "", "2016-06-30": "", "2016-03-31": "", "2015-12-31": "", "2015-09-30": "", "2015-06-30": "", "2015-03-31": "", "2014-12-31": "", "2014-09-30": "", "2014-06-30": "", "2014-03-31": "", "2013-12-31": "", "2013-09-30": "", "2013-06-30": "", "2013-03-31": "", "2012-12-31": "", "2012-09-30": "", "2012-06-30": "", "2012-03-31": "", "2011-12-31": "", "2011-09-30": "", "2011-06-30": "", "2011-03-31": "", "2010-12-31": "", "2010-09-30": "", "2010-06-30": "", "2010-03-31": ""}, "Inventory": {"2020-09-30": "", "2020-06-30": "", "2020-03-31": "", "2019-12-31": "", "2019-09-30": "", "2019-06-30": "", "2019-03-31": "", "2018-12-31": "", "2018-09-30": "", "2018-06-30": "", "2018-03-31": "", "2017-12-31": "", "2017-09-30": "", "2017-06-30": "", "2017-03-31": "", "2016-12-31": "", "2016-09-30": "", "2016-06-30": "", "2016-03-31": "", "2015-12-31": "", "2015-09-30": "", "2015-06-30": "", "2015-03-31": "", "2014-12-31": "", "2014-09-30": "", "2014-06-30": "", "2014-03-31": "", "2013-12-31": "", "2013-09-30": "", "2013-06-30": "", "2013-03-31": "", "2012-12-31": "", "2012-09-30": "", "2012-06-30": "", "2012-03-31": "", "2011-12-31": "", "2011-09-30": "", "2011-06-30": "", "2011-03-31": "", "2010-12-31": "", "2010-09-30": "", "2010-06-30": "", "2010-03-31": ""}, "Pre-Paid Expenses": {"2020-09-30": "", "2020-06-30": "", "2020-03-31": "", "2019-12-31": "", "2019-09-30": "", "2019-06-30": "", "2019-03-31": "", "2018-12-31": "", "2018-09-30": "", "2018-06-30": "", "2018-03-31": "", "2017-12-31": "", "2017-09-30": "", "2017-06-30": "", "2017-03-31": "", "2016-12-31": "", "2016-09-30": "", "2016-06-30": "", "2016-03-31": "", "2015-12-31": "", "2015-09-30": "", "2015-06-30": "", "2015-03-31": "", "2014-12-31": "", "2014-09-30": "", "2014-06-30": "", "2014-03-31": "", "2013-12-31": "", "2013-09-30": "", "2013-06-30": "", "2013-03-31": "", "2012-12-31": "", "2012-09-30": "", "2012-06-30": "", "2012-03-31": "", "2011-12-31": "", "2011-09-30": "", "2011-06-30": "", "2011-03-31": "", "2010-12-31": "", "2010-09-30": "", "2010-06-30": "", "2010-03-31": ""}, "Other Current Assets": {"2020-09-30": "", "2020-06-30": "", "2020-03-31": "", "2019-12-31": "", "2019-09-30": "", "2019-06-30": "", "2019-03-31": "", "2018-12-31": "", "2018-09-30": "", "2018-06-30": "", "2018-03-31": "", "2017-12-31": "", "2017-09-30": "", "2017-06-30": "", "2017-03-31": "", "2016-12-31": "", "2016-09-30": "", "2016-06-30": "", "2016-03-31": "", "2015-12-31": "", "2015-09-30": "", "2015-06-30": "", "2015-03-31": "", "2014-12-31": "", "2014-09-30": "", "2014-06-30": "", "2014-03-31": "", "2013-12-31": "", "2013-09-30": "", "2013-06-30": "", "2013-03-31": "", "2012-12-31": "", "2012-09-30": "", "2012-06-30": "", "2012-03-31": "", "2011-12-31": "", "2011-09-30": "", "2011-06-30": "", "2011-03-31": "", "2010-12-31": "", "2010-09-30": "", "2010-06-30": "", "2010-03-31": ""}, "Total Current Assets": {"2020-09-30": "1262.13700", "2020-06-30": "941.99000", "2020-03-31": "753.38100", "2019-12-31": "338.06100", "2019-09-30": "336.42300", "2019-06-30": "288.10200", "2019-03-31": "298.24200", "2018-12-31": "322.99800", "2018-09-30": "248.91900", "2018-06-30": "281.05800", "2018-03-31": "271.62400", "2017-12-31": "308.28200", "2017-09-30": "245.43000", "2017-06-30": "261.94900", "2017-03-31": "174.08800", "2016-12-31": "290.80200", "2016-09-30": "243.88400", "2016-06-30": "197.12400", "2016-03-31": "179.30400", "2015-12-31": "173.20300", "2015-09-30": "130.42200", "2015-06-30": "171.52200", "2015-03-31": "227.13500", "2014-12-31": "290.28800", "2014-09-30": "218.86900", "2014-06-30": "258.83300", "2014-03-31": "332.81900", "2013-12-31": "357.48100", "2013-09-30": "307.19600", "2013-06-30": "312.27400", "2013-03-31": "328.18100", "2012-12-31": "336.39600", "2012-09-30": "551.46500", "2012-06-30": "501.59600", "2012-03-31": "915.64300", "2011-12-31": "377.96200", "2011-09-30": "382.53200", "2011-06-30": "513.90000", "2011-03-31": "292.37700", "2010-12-31": "377.49700", "2010-09-30": "", "2010-06-30": "", "2010-03-31": ""}, "Property, Plant, And Equipment": {"2020-09-30": "19516.50000", "2020-06-30": "19108.07000", "2020-03-31": "19222.36000", "2019-12-31": "18704.34000", "2019-09-30": "18911.27000", "2019-06-30": "17752.20000", "2019-03-31": "16285.38000", "2018-12-31": "15707.11000", "2018-09-30": "15148.42000", "2018-06-30": "14864.24000", "2018-03-31": "13588.94000", "2017-12-31": "13280.25000", "2017-09-30": "12672.94000", "2017-06-30": "12742.67000", "2017-03-31": "12623.05000", "2016-12-31": "12041.92000", "2016-09-30": "11875.12000", "2016-06-30": "11697.92000", "2016-03-31": "11239.62000", "2015-12-31": "10813.47000", "2015-09-30": "10419.20000", "2015-06-30": "10069.39000", "2015-03-31": "9474.11600", "2014-12-31": "8953.80400", "2014-09-30": "8898.61100", "2014-06-30": "8329.34100", "2014-03-31": "7746.60100", "2013-12-31": "7613.13500", "2013-09-30": "7240.08800", "2013-06-30": "6983.31200", "2013-03-31": "6571.07700", "2012-12-31": "6251.86300", "2012-09-30": "5872.38800", "2012-06-30": "5653.25200", "2012-03-31": "4757.38000", "2011-12-31": "4237.41600", "2011-09-30": "3340.61500", "2011-06-30": "2814.92600", "2011-03-31": "2141.73800", "2010-12-31": "1629.80900", "2010-09-30": "", "2010-06-30": "", "2010-03-31": ""}, "Long-Term Investments": {"2020-09-30": "", "2020-06-30": "", "2020-03-31": "", "2019-12-31": "", "2019-09-30": "", "2019-06-30": "", "2019-03-31": "", "2018-12-31": "", "2018-09-30": "", "2018-06-30": "", "2018-03-31": "", "2017-12-31": "", "2017-09-30": "", "2017-06-30": "", "2017-03-31": "", "2016-12-31": "", "2016-09-30": "", "2016-06-30": "", "2016-03-31": "", "2015-12-31": "", "2015-09-30": "", "2015-06-30": "", "2015-03-31": "", "2014-12-31": "", "2014-09-30": "", "2014-06-30": "", "2014-03-31": "", "2013-12-31": "", "2013-09-30": "", "2013-06-30": "", "2013-03-31": "", "2012-12-31": "", "2012-09-30": "", "2012-06-30": "", "2012-03-31": "", "2011-12-31": "", "2011-09-30": "", "2011-06-30": "", "2011-03-31": "", "2010-12-31": "", "2010-09-30": "", "2010-06-30": "", "2010-03-31": ""}, "Goodwill And Intangible Assets": {"2020-09-30": "", "2020-06-30": "", "2020-03-31": "", "2019-12-31": "", "2019-09-30": "", "2019-06-30": "", "2019-03-31": "", "2018-12-31": "", "2018-09-30": "", "2018-06-30": "", "2018-03-31": "", "2017-12-31": "", "2017-09-30": "", "2017-06-30": "", "2017-03-31": "", "2016-12-31": "", "2016-09-30": "", "2016-06-30": "", "2016-03-31": "", "2015-12-31": "", "2015-09-30": "", "2015-06-30": "", "2015-03-31": "", "2014-12-31": "", "2014-09-30": "", "2014-06-30": "", "2014-03-31": "", "2013-12-31": "", "2013-09-30": "", "2013-06-30": "", "2013-03-31": "", "2012-12-31": "", "2012-09-30": "", "2012-06-30": "", "2012-03-31": "", "2011-12-31": "", "2011-09-30": "", "2011-06-30": "", "2011-03-31": "", "2010-12-31": "", "2010-09-30": "0.00000", "2010-06-30": "0.00000", "2010-03-31": "0.00000"}, "Other Long-Term Assets": {"2020-09-30": "1191.98000", "2020-06-30": "1152.72200", "2020-03-31": "1130.09500", "2019-12-31": "1102.56900", "2019-09-30": "761.05200", "2019-06-30": "749.28000", "2019-03-31": "724.22700", "2018-12-31": "642.44000", "2018-09-30": "596.23300", "2018-06-30": "554.73800", "2018-03-31": "516.58800", "2017-12-31": "462.85600", "2017-09-30": "431.53000", "2017-06-30": "416.33400", "2017-03-31": "348.20900", "2016-12-31": "352.21300", "2016-09-30": "333.18100", "2016-06-30": "312.34000", "2016-03-31": "284.79500", "2015-12-31": "297.38500", "2015-09-30": "277.99500", "2015-06-30": "400.34500", "2015-03-31": "296.35000", "2014-12-31": "302.48500", "2014-09-30": "195.96000", "2014-06-30": "201.23600", "2014-03-31": "203.55200", "2013-12-31": "196.71600", "2013-09-30": "206.22500", "2013-06-30": "191.96200", "2013-03-31": "199.78400", "2012-12-31": "126.42800", "2012-09-30": "120.20500", "2012-06-30": "109.63500", "2012-03-31": "104.26000", "2011-12-31": "96.05700", "2011-09-30": "70.94400", "2011-06-30": "54.33600", "2011-03-31": "29.05500", "2010-12-31": "30.31200", "2010-09-30": "", "2010-06-30": "", "2010-03-31": ""}, "Total Long-Term Assets": {"2020-09-30": "22342.63000", "2020-06-30": "22051.73000", "2020-03-31": "21928.96000", "2019-12-31": "21371.09000", "2019-09-30": "21273.28000", "2019-06-30": "20196.25000", "2019-03-31": "18880.69000", "2018-12-31": "18158.81000", "2018-09-30": "17318.38000", "2018-06-30": "16974.39000", "2018-03-31": "15673.22000", "2017-12-31": "15305.88000", "2017-09-30": "14656.22000", "2017-06-30": "14599.45000", "2017-03-31": "14302.95000", "2016-12-31": "13684.81000", "2016-09-30": "13437.02000", "2016-06-30": "13143.05000", "2016-03-31": "12604.11000", "2015-12-31": "12181.89000", "2015-09-30": "11781.27000", "2015-06-30": "11494.68000", "2015-03-31": "10918.10000", "2014-12-31": "10400.89000", "2014-09-30": "10326.69000", "2014-06-30": "9793.28300", "2014-03-31": "9220.48600", "2013-12-31": "8975.12300", "2013-09-30": "8501.10400", "2013-06-30": "8127.39700", "2013-03-31": "7627.49500", "2012-12-31": "7017.22900", "2012-09-30": "6614.01300", "2012-06-30": "6306.74100", "2012-03-31": "5370.98500", "2011-12-31": "4786.63100", "2011-09-30": "3864.48500", "2011-06-30": "3239.59900", "2011-03-31": "2496.28100", "2010-12-31": "1898.78500", "2010-09-30": "", "2010-06-30": "", "2010-03-31": ""}, "Total Assets": {"2020-09-30": "23604.77000", "2020-06-30": "22993.72000", "2020-03-31": "22682.35000", "2019-12-31": "21709.15000", "2019-09-30": "21609.70000", "2019-06-30": "20484.35000", "2019-03-31": "19178.94000", "2018-12-31": "18481.81000", "2018-09-30": "17567.30000", "2018-06-30": "17255.45000", "2018-03-31": "15944.85000", "2017-12-31": "15614.16000", "2017-09-30": "14901.65000", "2017-06-30": "14861.40000", "2017-03-31": "14477.04000", "2016-12-31": "13975.62000", "2016-09-30": "13680.91000", "2016-06-30": "13340.17000", "2016-03-31": "12783.41000", "2015-12-31": "12355.10000", "2015-09-30": "11911.69000", "2015-06-30": "11666.21000", "2015-03-31": "11145.24000", "2014-12-31": "10691.18000", "2014-09-30": "10545.56000", "2014-06-30": "10052.12000", "2014-03-31": "9553.30500", "2013-12-31": "9332.60400", "2013-09-30": "8808.30100", "2013-06-30": "8439.67100", "2013-03-31": "7955.67500", "2012-12-31": "7353.62400", "2012-09-30": "7165.47800", "2012-06-30": "6808.33700", "2012-03-31": "6286.62800", "2011-12-31": "5164.59300", "2011-09-30": "4247.01700", "2011-06-30": "3753.49900", "2011-03-31": "2788.65800", "2010-12-31": "2276.28200", "2010-09-30": "0.00000", "2010-06-30": "0.00000", "2010-03-31": "0.00000"}, "Total Current Liabilities": {"2020-09-30": "401.44300", "2020-06-30": "497.70900", "2020-03-31": "491.25100", "2019-12-31": "516.49700", "2019-09-30": "420.44400", "2019-06-30": "453.53600", "2019-03-31": "366.82600", "2018-12-31": "382.13200", "2018-09-30": "310.24000", "2018-06-30": "329.42600", "2018-03-31": "281.12200", "2017-12-31": "309.18200", "2017-09-30": "232.39900", "2017-06-30": "274.35300", "2017-03-31": "223.37400", "2016-12-31": "256.77500", "2016-09-30": "235.22700", "2016-06-30": "227.21600", "2016-03-31": "192.38900", "2015-12-31": "215.98300", "2015-09-30": "168.55800", "2015-06-30": "362.25000", "2015-03-31": "250.06800", "2014-12-31": "190.95200", "2014-09-30": "160.75500", "2014-06-30": "170.75800", "2014-03-31": "146.17700", "2013-12-31": "131.22300", "2013-09-30": "123.60400", "2013-06-30": "112.67500", "2013-03-31": "104.04500", "2012-12-31": "90.16900", "2012-09-30": "95.24000", "2012-06-30": "81.99400", "2012-03-31": "52.13900", "2011-12-31": "54.64800", "2011-09-30": "44.13900", "2011-06-30": "28.98600", "2011-03-31": "23.08200", "2010-12-31": "22.05400", "2010-09-30": "", "2010-06-30": "", "2010-03-31": ""}, "Long Term Debt": {"2020-09-30": "15180.14000", "2020-06-30": "14639.04000", "2020-03-31": "14414.62000", "2019-12-31": "13578.87000", "2019-09-30": "13751.87000", "2019-06-30": "12859.24000", "2019-03-31": "11869.67000", "2018-12-31": "11538.91000", "2018-09-30": "11094.34000", "2018-06-30": "10962.45000", "2018-03-31": "9887.49900", "2017-12-31": "9698.78500", "2017-09-30": "9237.32000", "2017-06-30": "9303.31200", "2017-03-31": "9102.68900", "2016-12-31": "8713.87400", "2016-09-30": "8554.73200", "2016-06-30": "8390.46600", "2016-03-31": "8017.50100", "2015-12-31": "7712.42100", "2015-09-30": "7498.24000", "2015-06-30": "7220.46000", "2015-03-31": "6954.80200", "2014-12-31": "6630.75800", "2014-09-30": "6646.63500", "2014-06-30": "6284.17700", "2014-03-31": "5943.09600", "2013-12-31": "5853.31700", "2013-09-30": "5466.27800", "2013-06-30": "5226.34200", "2013-03-31": "4861.20100", "2012-12-31": "4384.73200", "2012-09-30": "4296.07600", "2012-06-30": "4046.78600", "2012-03-31": "3657.63200", "2011-12-31": "2602.79900", "2011-09-30": "1802.64800", "2011-06-30": "1383.57000", "2011-03-31": "1374.82000", "2010-12-31": "911.98100", "2010-09-30": "", "2010-06-30": "", "2010-03-31": ""}, "Other Non-Current Liabilities": {"2020-09-30": "1054.75700", "2020-06-30": "1037.23300", "2020-03-31": "1122.95700", "2019-12-31": "1097.06100", "2019-09-30": "1091.07300", "2019-06-30": "1035.75400", "2019-03-31": "971.39700", "2018-12-31": "990.57800", "2018-09-30": "962.90400", "2018-06-30": "933.30900", "2018-03-31": "894.32300", "2017-12-31": "856.14000", "2017-09-30": "850.36300", "2017-06-30": "851.22000", "2017-03-31": "874.20600", "2016-12-31": "856.33500", "2016-09-30": "886.22900", "2016-06-30": "868.10100", "2016-03-31": "865.20600", "2015-12-31": "853.33000", "2015-09-30": "802.22600", "2015-06-30": "763.76500", "2015-03-31": "744.11800", "2014-12-31": "698.17200", "2014-09-30": "680.44100", "2014-06-30": "639.56000", "2014-03-31": "593.32900", "2013-12-31": "569.84700", "2013-09-30": "539.97500", "2013-06-30": "502.16400", "2013-03-31": "453.92200", "2012-12-31": "412.22300", "2012-09-30": "380.27200", "2012-06-30": "350.90600", "2012-03-31": "299.41700", "2011-12-31": "284.15400", "2011-09-30": "232.81600", "2011-06-30": "199.39000", "2011-03-31": "140.18200", "2010-12-31": "109.27400", "2010-09-30": "", "2010-06-30": "", "2010-03-31": ""}, "Total Long Term Liabilities": {"2020-09-30": "17226.00000", "2020-06-30": "16626.21000", "2020-03-31": "16454.73000", "2019-12-31": "15569.12000", "2019-09-30": "15727.08000", "2019-06-30": "14730.93000", "2019-03-31": "13638.29000", "2018-12-31": "13292.78000", "2018-09-30": "12778.15000", "2018-06-30": "12588.18000", "2018-03-31": "11437.10000", "2017-12-31": "11177.54000", "2017-09-30": "11013.67000", "2017-06-30": "11028.84000", "2017-03-31": "10794.43000", "2016-12-31": "10336.65000", "2016-09-30": "10157.39000", "2016-06-30": "9917.42500", "2016-03-31": "9486.61800", "2015-12-31": "9119.20300", "2015-09-30": "8803.68800", "2015-06-30": "8442.09500", "2015-03-31": "8109.98600", "2014-12-31": "7728.16600", "2014-09-30": "7689.71800", "2014-06-30": "7249.60000", "2014-03-31": "6823.62100", "2013-12-31": "6677.94700", "2013-09-30": "6223.89100", "2013-06-30": "5915.96900", "2013-03-31": "5476.51200", "2012-12-31": "4930.83400", "2012-09-30": "4784.56600", "2012-06-30": "4485.49300", "2012-03-31": "4023.06200", "2011-12-31": "2933.66200", "2011-09-30": "2059.59000", "2011-06-30": "1598.16500", "2011-03-31": "1526.55700", "2010-12-31": "1029.29300", "2010-09-30": "", "2010-06-30": "", "2010-03-31": ""}, "Total Liabilities": {"2020-09-30": "17627.44000", "2020-06-30": "17123.92000", "2020-03-31": "16945.98000", "2019-12-31": "16085.61000", "2019-09-30": "16147.53000", "2019-06-30": "15184.46000", "2019-03-31": "14005.12000", "2018-12-31": "13674.91000", "2018-09-30": "13088.38000", "2018-06-30": "12917.61000", "2018-03-31": "11718.22000", "2017-12-31": "11486.72000", "2017-09-30": "11246.06000", "2017-06-30": "11303.19000", "2017-03-31": "11017.81000", "2016-12-31": "10593.43000", "2016-09-30": "10392.62000", "2016-06-30": "10144.64000", "2016-03-31": "9679.00700", "2015-12-31": "9335.18600", "2015-09-30": "8972.24600", "2015-06-30": "8804.34500", "2015-03-31": "8360.05400", "2014-12-31": "7919.11800", "2014-09-30": "7850.47300", "2014-06-30": "7420.35800", "2014-03-31": "6969.79700", "2013-12-31": "6809.17000", "2013-09-30": "6347.49500", "2013-06-30": "6028.64400", "2013-03-31": "5580.55700", "2012-12-31": "5021.00300", "2012-09-30": "4879.80600", "2012-06-30": "4567.48700", "2012-03-31": "4075.20100", "2011-12-31": "2988.31000", "2011-09-30": "2103.72900", "2011-06-30": "1627.15100", "2011-03-31": "1549.63900", "2010-12-31": "1051.34700", "2010-09-30": "0.00000", "2010-06-30": "0.00000", "2010-03-31": "0.00000"}, "Common Stock Net": {"2020-09-30": "1.13800", "2020-06-30": "1.13800", "2020-03-31": "1.13600", "2019-12-31": "1.13400", "2019-09-30": "1.12700", "2019-06-30": "1.11700", "2019-03-31": "1.11100", "2018-12-31": "1.11000", "2018-09-30": "1.04100", "2018-06-30": "1.04100", "2018-03-31": "1.04000", "2017-12-31": "1.03600", "2017-09-30": "1.03200", "2017-06-30": "1.01200", "2017-03-31": "1.01200", "2016-12-31": "1.01000", "2016-09-30": "1.01000", "2016-06-30": "1.01000", "2016-03-31": "1.01000", "2015-12-31": "1.01000", "2015-09-30": "1.01000", "2015-06-30": "1.01000", "2015-03-31": "1.01000", "2014-12-31": "1.01000", "2014-09-30": "1.01000", "2014-06-30": "1.01000", "2014-03-31": "1.00900", "2013-12-31": "1.00900", "2013-09-30": "1.00900", "2013-06-30": "1.00900", "2013-03-31": "1.00900", "2012-12-31": "1.00900", "2012-09-30": "1.00900", "2012-06-30": "1.00900", "2012-03-31": "1.00200", "2011-12-31": "1.00200", "2011-09-30": "1.00200", "2011-06-30": "1.00200", "2011-03-31": "0.65400", "2010-12-31": "0.65400", "2010-09-30": "0.00000", "2010-06-30": "0.00000", "2010-03-31": "0.00000"}, "Retained Earnings (Accumulated Deficit)": {"2020-09-30": "3188.56600", "2020-06-30": "3089.08200", "2020-03-31": "2962.36800", "2019-12-31": "2846.10600", "2019-09-30": "2702.01800", "2019-06-30": "2564.71900", "2019-03-31": "2455.20100", "2018-12-31": "2331.55200", "2018-09-30": "2207.57500", "2018-06-30": "2071.40800", "2018-03-31": "1966.59600", "2017-12-31": "1866.34200", "2017-09-30": "1405.60100", "2017-06-30": "1314.15400", "2017-03-31": "1220.97000", "2016-12-31": "1143.31100", "2016-09-30": "1054.03700", "2016-06-30": "965.90200", "2016-03-31": "879.24200", "2015-12-31": "791.52600", "2015-09-30": "715.75600", "2015-06-30": "642.81700", "2015-03-31": "570.80400", "2014-12-31": "555.57300", "2014-09-30": "489.53700", "2014-06-30": "430.17600", "2014-03-31": "371.19700", "2013-12-31": "312.85900", "2013-09-30": "257.06600", "2013-06-30": "211.03200", "2013-03-31": "170.57500", "2012-12-31": "133.11100", "2012-09-30": "93.30200", "2012-06-30": "56.29100", "2012-03-31": "28.11900", "2011-12-31": "1.19200", "2011-09-30": "-23.57000", "2011-06-30": "-41.84100", "2011-03-31": "-48.86400", "2010-12-31": "-52.04000", "2010-09-30": "", "2010-06-30": "", "2010-03-31": ""}, "Comprehensive Income": {"2020-09-30": "-0.97100", "2020-06-30": "-2.35100", "2020-03-31": "-2.87500", "2019-12-31": "-1.39700", "2019-09-30": "", "2019-06-30": "", "2019-03-31": "", "2018-12-31": "", "2018-09-30": "", "2018-06-30": "", "2018-03-31": "", "2017-12-31": "", "2017-09-30": "", "2017-06-30": "", "2017-03-31": "", "2016-12-31": "", "2016-09-30": "", "2016-06-30": "", "2016-03-31": "", "2015-12-31": "", "2015-09-30": "", "2015-06-30": "", "2015-03-31": "", "2014-12-31": "", "2014-09-30": "", "2014-06-30": "", "2014-03-31": "", "2013-12-31": "", "2013-09-30": "", "2013-06-30": "", "2013-03-31": "", "2012-12-31": "", "2012-09-30": "", "2012-06-30": "", "2012-03-31": "", "2011-12-31": "", "2011-09-30": "", "2011-06-30": "", "2011-03-31": "", "2010-12-31": "", "2010-09-30": "", "2010-06-30": "", "2010-03-31": ""}, "Other Share Holders Equity": {"2020-09-30": "", "2020-06-30": "", "2020-03-31": "", "2019-12-31": "", "2019-09-30": "", "2019-06-30": "", "2019-03-31": "", "2018-12-31": "", "2018-09-30": "", "2018-06-30": "", "2018-03-31": "", "2017-12-31": "", "2017-09-30": "", "2017-06-30": "", "2017-03-31": "", "2016-12-31": "", "2016-09-30": "", "2016-06-30": "", "2016-03-31": "", "2015-12-31": "", "2015-09-30": "", "2015-06-30": "", "2015-03-31": "", "2014-12-31": "", "2014-09-30": "", "2014-06-30": "", "2014-03-31": "", "2013-12-31": "", "2013-09-30": "", "2013-06-30": "", "2013-03-31": "", "2012-12-31": "", "2012-09-30": "", "2012-06-30": "", "2012-03-31": "", "2011-12-31": "", "2011-09-30": "", "2011-06-30": "", "2011-03-31": "", "2010-12-31": "", "2010-09-30": "0.00000", "2010-06-30": "0.00000", "2010-03-31": "0.00000"}, "Share Holder Equity": {"2020-09-30": "5977.32300", "2020-06-30": "5869.80100", "2020-03-31": "5736.36900", "2019-12-31": "5623.54400", "2019-09-30": "5462.17300", "2019-06-30": "5299.88400", "2019-03-31": "5173.81700", "2018-12-31": "4806.90000", "2018-09-30": "4478.91800", "2018-06-30": "4337.84200", "2018-03-31": "4226.62300", "2017-12-31": "4127.44200", "2017-09-30": "3655.58300", "2017-06-30": "3558.20400", "2017-03-31": "3459.23200", "2016-12-31": "3382.18700", "2016-09-30": "3288.28900", "2016-06-30": "3195.52900", "2016-03-31": "3104.40300", "2015-12-31": "3019.91200", "2015-09-30": "2939.44800", "2015-06-30": "2861.86100", "2015-03-31": "2785.18400", "2014-12-31": "2772.06200", "2014-09-30": "2695.09000", "2014-06-30": "2631.75800", "2014-03-31": "2583.50800", "2013-12-31": "2523.43400", "2013-09-30": "2460.80600", "2013-06-30": "2411.02700", "2013-03-31": "2375.11800", "2012-12-31": "2332.62100", "2012-09-30": "2285.67200", "2012-06-30": "2240.85000", "2012-03-31": "2211.42700", "2011-12-31": "2176.28300", "2011-09-30": "2143.28800", "2011-06-30": "2126.34800", "2011-03-31": "1239.01900", "2010-12-31": "1224.93500", "2010-09-30": "0.00000", "2010-06-30": "0.00000", "2010-03-31": "0.00000"}, "Total Liabilities And Share Holders Equity": {"2020-09-30": "23604.77000", "2020-06-30": "22993.72000", "2020-03-31": "22682.35000", "2019-12-31": "21709.15000", "2019-09-30": "21609.70000", "2019-06-30": "20484.35000", "2019-03-31": "19178.94000", "2018-12-31": "18481.81000", "2018-09-30": "17567.30000", "2018-06-30": "17255.45000", "2018-03-31": "15944.85000", "2017-12-31": "15614.16000", "2017-09-30": "14901.65000", "2017-06-30": "14861.40000", "2017-03-31": "14477.04000", "2016-12-31": "13975.62000", "2016-09-30": "13680.91000", "2016-06-30": "13340.17000", "2016-03-31": "12783.41000", "2015-12-31": "12355.10000", "2015-09-30": "11911.69000", "2015-06-30": "11666.21000", "2015-03-31": "11145.24000", "2014-12-31": "10691.18000", "2014-09-30": "10545.56000", "2014-06-30": "10052.12000", "2014-03-31": "9553.30500", "2013-12-31": "9332.60400", "2013-09-30": "8808.30100", "2013-06-30": "8439.67100", "2013-03-31": "7955.67500", "2012-12-31": "7353.62400", "2012-09-30": "7165.47800", "2012-06-30": "6808.33700", "2012-03-31": "6286.62800", "2011-12-31": "5164.59300", "2011-09-30": "4247.01700", "2011-06-30": "3753.49900", "2011-03-31": "2788.65800", "2010-12-31": "2276.28200", "2010-09-30": "0.00000", "2010-06-30": "0.00000", "2010-03-31": "0.00000"}}, "cash flow statement": {"Net Income/Loss": {"2019-12-31": "587.12100", "2018-12-31": "510.83500", "2017-12-31": "756.15200", "2016-12-31": "374.92500", "2015-12-31": "253.39100", "2014-12-31": "255.99800", "2013-12-31": "190.41100", "2012-12-31": "131.91900", "2011-12-31": "53.23200", "2010-12-31": "-52.04000"}, "Total Depreciation And Amortization - Cash Flow": {"2019-12-31": "772.35000", "2018-12-31": "639.27000", "2017-12-31": "557.07100", "2016-12-31": "501.33900", "2015-12-31": "428.26700", "2014-12-31": "364.42900", "2013-12-31": "303.66400", "2012-12-31": "233.21300", "2011-12-31": "121.78800", "2010-12-31": "59.94300"}, "Other Non-Cash Items": {"2019-12-31": "30.80000", "2018-12-31": "112.33900", "2017-12-31": "-201.15500", "2016-12-31": "145.67800", "2015-12-31": "114.55800", "2014-12-31": "89.68700", "2013-12-31": "102.90100", "2012-12-31": "99.85400", "2011-12-31": "68.90900", "2010-12-31": "15.16900"}, "Total Non-Cash Items": {"2019-12-31": "803.15000", "2018-12-31": "751.60890", "2017-12-31": "355.91600", "2016-12-31": "647.01700", "2015-12-31": "542.82500", "2014-12-31": "454.11600", "2013-12-31": "406.56500", "2012-12-31": "333.06700", "2011-12-31": "190.69700", "2010-12-31": "75.11200"}, "Change In Accounts Receivable": {"2019-12-31": "", "2018-12-31": "", "2017-12-31": "", "2016-12-31": "", "2015-12-31": "", "2014-12-31": "", "2013-12-31": "", "2012-12-31": "", "2011-12-31": "", "2010-12-31": ""}, "Change In Inventories": {"2019-12-31": "", "2018-12-31": "", "2017-12-31": "", "2016-12-31": "", "2015-12-31": "", "2014-12-31": "", "2013-12-31": "", "2012-12-31": "", "2011-12-31": "", "2010-12-31": ""}, "Change In Accounts Payable": {"2019-12-31": "", "2018-12-31": "", "2017-12-31": "", "2016-12-31": "", "2015-12-31": "", "2014-12-31": "", "2013-12-31": "", "2012-12-31": "", "2011-12-31": "", "2010-12-31": ""}, "Change In Assets/Liabilities": {"2019-12-31": "-137.13600", "2018-12-31": "-59.51800", "2017-12-31": "-103.18700", "2016-12-31": "-47.84700", "2015-12-31": "26.94400", "2014-12-31": "13.16600", "2013-12-31": "17.73000", "2012-12-31": "0.24600", "2011-12-31": "0.54100", "2010-12-31": "-0.00200"}, "Total Change In Assets/Liabilities": {"2019-12-31": "2.20100", "2018-12-31": "-8.34300", "2017-12-31": "-52.35500", "2016-12-31": "-1.86400", "2015-12-31": "43.57900", "2014-12-31": "58.90400", "2013-12-31": "57.23700", "2012-12-31": "26.04300", "2011-12-31": "19.88800", "2010-12-31": "18.86200"}, "Cash Flow From Operating Activities": {"2019-12-31": "1392.47200", "2018-12-31": "1254.10100", "2017-12-31": "1059.71300", "2016-12-31": "1020.07800", "2015-12-31": "839.79500", "2014-12-31": "769.01800", "2013-12-31": "654.21300", "2012-12-31": "491.02900", "2011-12-31": "267.16600", "2010-12-31": "41.93400"}, "Net Change In Property, Plant, And Equipment": {"2019-12-31": "-3843.97700", "2018-12-31": "-3384.82000", "2017-12-31": "-2143.95100", "2016-12-31": "-2005.51600", "2015-12-31": "-2152.80100", "2014-12-31": "-1805.65700", "2013-12-31": "-2185.89400", "2012-12-31": "-2344.92400", "2011-12-31": "-2977.15600", "2010-12-31": "-1851.52000"}, "Net Change In Intangible Assets": {"2019-12-31": "", "2018-12-31": "", "2017-12-31": "", "2016-12-31": "", "2015-12-31": "", "2014-12-31": "", "2013-12-31": "", "2012-12-31": "", "2011-12-31": "", "2010-12-31": ""}, "Net Acquisitions/Divestitures": {"2019-12-31": "", "2018-12-31": "", "2017-12-31": "", "2016-12-31": "", "2015-12-31": "", "2014-12-31": "", "2013-12-31": "", "2012-12-31": "", "2011-12-31": "", "2010-12-31": ""}, "Net Change In Short-term Investments": {"2019-12-31": "", "2018-12-31": "", "2017-12-31": "", "2016-12-31": "", "2015-12-31": "", "2014-12-31": "", "2013-12-31": "", "2012-12-31": "", "2011-12-31": "", "2010-12-31": ""}, "Net Change In Long-Term Investments": {"2019-12-31": "", "2018-12-31": "", "2017-12-31": "", "2016-12-31": "", "2015-12-31": "", "2014-12-31": "", "2013-12-31": "", "2012-12-31": "", "2011-12-31": "", "2010-12-31": ""}, "Net Change In Investments - Total": {"2019-12-31": "", "2018-12-31": "", "2017-12-31": "", "2016-12-31": "", "2015-12-31": "", "2014-12-31": "", "2013-12-31": "", "2012-12-31": "", "2011-12-31": "", "2010-12-31": ""}, "Investing Activities - Other": {"2019-12-31": "", "2018-12-31": "", "2017-12-31": "", "2016-12-31": "", "2015-12-31": "", "2014-12-31": "", "2013-12-31": "", "2012-12-31": "", "2011-12-31": "", "2010-12-31": ""}, "Cash Flow From Investing Activities": {"2019-12-31": "-3843.97700", "2018-12-31": "-3384.82000", "2017-12-31": "-2143.95100", "2016-12-31": "-2005.51600", "2015-12-31": "-2152.80100", "2014-12-31": "-1805.65700", "2013-12-31": "-2185.89400", "2012-12-31": "-2344.92400", "2011-12-31": "-2977.15600", "2010-12-31": "-1851.52000"}, "Net Long-Term Debt": {"2019-12-31": "2589.35900", "2018-12-31": "2263.38000", "2017-12-31": "880.32500", "2016-12-31": "928.05590", "2015-12-31": "904.13600", "2014-12-31": "1085.90800", "2013-12-31": "1077.02300", "2012-12-31": "1683.47800", "2011-12-31": "1452.73400", "2010-12-31": "851.98100"}, "Net Current Debt": {"2019-12-31": "-582.00000", "2018-12-31": "-245.00000", "2017-12-31": "81.00000", "2016-12-31": "46.00000", "2015-12-31": "151.00000", "2014-12-31": "-239.00000", "2013-12-31": "388.00000", "2012-12-31": "62.00000", "2011-12-31": "238.00000", "2010-12-31": "120.00000"}, "Debt Issuance/Retirement Net - Total": {"2019-12-31": "2007.35900", "2018-12-31": "2018.38000", "2017-12-31": "961.32500", "2016-12-31": "974.05590", "2015-12-31": "1055.13600", "2014-12-31": "846.90800", "2013-12-31": "1465.02300", "2012-12-31": "1745.47800", "2011-12-31": "1690.73400", "2010-12-31": "971.98100"}, "Net Common Equity Issued/Repurchased": {"2019-12-31": "44.88500", "2018-12-31": "4.82600", "2017-12-31": "9.26400", "2016-12-31": "0.02000", "2015-12-31": "0.06000", "2014-12-31": "0.94400", "2013-12-31": "", "2012-12-31": "0.04300", "2011-12-31": "867.23000", "2010-12-31": "1157.13300"}, "Net Total Equity Issued/Repurchased": {"2019-12-31": "287.01500", "2018-12-31": "4.82600", "2017-12-31": "9.26400", "2016-12-31": "0.02000", "2015-12-31": "0.06000", "2014-12-31": "0.94400", "2013-12-31": "", "2012-12-31": "0.04300", "2011-12-31": "867.23000", "2010-12-31": "1157.13300"}, "Total Common And Preferred Stock Dividends Paid": {"2019-12-31": "-69.98400", "2018-12-31": "-41.56300", "2017-12-31": "-30.93300", "2016-12-31": "-20.55500", "2015-12-31": "-16.40500", "2014-12-31": "-12.24300", "2013-12-31": "-7.60800", "2012-12-31": "", "2011-12-31": "", "2010-12-31": ""}, "Financial Activities - Other": {"2019-12-31": "242.17800", "2018-12-31": "163.79200", "2017-12-31": "162.06200", "2016-12-31": "149.51600", "2015-12-31": "148.07100", "2014-12-31": "213.67600", "2013-12-31": "114.35000", "2012-12-31": "56.65800", "2011-12-31": "105.01000", "2010-12-31": "9.29300"}, "Cash Flow From Financial Activities": {"2019-12-31": "2466.56800", "2018-12-31": "2145.43500", "2017-12-31": "1101.71800", "2016-12-31": "1103.03700", "2015-12-31": "1186.86200", "2014-12-31": "1049.28500", "2013-12-31": "1571.76500", "2012-12-31": "1802.17900", "2011-12-31": "2662.97400", "2010-12-31": "2138.40700"}, "Net Cash Flow": {"2019-12-31": "15.06300", "2018-12-31": "14.71600", "2017-12-31": "17.48000", "2016-12-31": "117.59900", "2015-12-31": "-126.14400", "2014-12-31": "12.64600", "2013-12-31": "40.08400", "2012-12-31": "-51.71600", "2011-12-31": "-47.01600", "2010-12-31": "328.82100"}, "Stock-Based Compensation": {"2019-12-31": "20.74500", "2018-12-31": "17.47800", "2017-12-31": "19.80400", "2016-12-31": "16.94100", "2015-12-31": "17.02200", "2014-12-31": "16.04800", "2013-12-31": "21.61400", "2012-12-31": "31.68800", "2011-12-31": "39.34200", "2010-12-31": "24.04400"}, "Common Stock Dividends Paid": {"2019-12-31": "-58.02600", "2018-12-31": "-41.56300", "2017-12-31": "-30.93300", "2016-12-31": "-20.55500", "2015-12-31": "-16.40500", "2014-12-31": "-12.24300", "2013-12-31": "-7.60800", "2012-12-31": "0.00000", "2011-12-31": "", "2010-12-31": ""}}, "cash flow statement, quarterly": {"Net Income/Loss": {"2020-09-30": 120.395, "2020-06-30": 147.625, "2020-03-31": "137.15100", "2019-12-31": 164.935, "2019-09-30": 155.787, "2019-06-30": 128.305, "2019-03-31": "138.09400", "2018-12-31": 138.399, "2018-09-30": 146.574, "2018-06-30": 115.211, "2018-03-31": "110.65100", "2017-12-31": 471.102, "2017-09-30": 99.188, "2017-06-30": 100.925, "2017-03-31": "84.93700", "2016-12-31": 96.988, "2016-09-30": 93.276, "2016-06-30": 91.803, "2016-03-31": "92.85800", "2015-12-31": 80.899, "2015-09-30": 77.042, "2015-06-30": 76.118, "2015-03-31": "19.33200", "2014-12-31": 70.131, "2014-09-30": 62.433, "2014-06-30": 62.037, "2014-03-31": "61.39700", "2013-12-31": 58.847, "2013-09-30": 48.578, "2013-06-30": 42.99, "2013-03-31": "39.99600", "2012-12-31": 39.809, "2012-09-30": 37.011, "2012-06-30": 28.172, "2012-03-31": "26.92700", "2011-12-31": 24.762, "2011-09-30": 18.271, "2011-06-30": 7.023, "2011-03-31": "3.17600", "2010-12-31": -2.675, "2010-09-30": -7.747, "2010-06-30": -41.141, "2010-03-31": "-0.47700"}, "Total Depreciation And Amortization - Cash Flow": {"2020-09-30": 216.885, "2020-06-30": 215.009, "2020-03-31": "209.87700", "2019-12-31": 206.882, "2019-09-30": 202.205, "2019-06-30": 188.072, "2019-03-31": "175.19100", "2018-12-31": 167.889, "2018-09-30": 162.005, "2018-06-30": 158.2, "2018-03-31": "151.17600", "2017-12-31": 142.428, "2017-09-30": 137.342, "2017-06-30": 140.363, "2017-03-31": "136.93800", "2016-12-31": 144.747, "2016-09-30": 121.332, "2016-06-30": 119.524, "2016-03-31": "115.73600", "2015-12-31": 114.025, "2015-09-30": 109.465, "2015-06-30": 106.083, "2015-03-31": "98.69400", "2014-12-31": 97.791, "2014-09-30": 93.542, "2014-06-30": 88.464, "2014-03-31": "84.63200", "2013-12-31": 82.636, "2013-09-30": 77.823, "2013-06-30": 74.132, "2013-03-31": "69.07300", "2012-12-31": 66.855, "2012-09-30": 62.527, "2012-06-30": 56.628, "2012-03-31": "47.20300", "2011-12-31": 41.385, "2011-09-30": 32.965, "2011-06-30": 26.98, "2011-03-31": "20.45800", "2010-12-31": 14.704, "2010-09-30": 8.236, "2010-06-30": 37, "2010-03-31": ""}, "Other Non-Cash Items": {"2020-09-30": 36.508, "2020-06-30": 20.275, "2020-03-31": "32.17700", "2019-12-31": -36.577, "2019-09-30": 3.183, "2019-06-30": 40.362, "2019-03-31": "23.83200", "2018-12-31": 27.969, "2018-09-30": 15.372, "2018-06-30": 35.663, "2018-03-31": "33.33500", "2017-12-31": -336.815, "2017-09-30": 47.746, "2017-06-30": 42.464, "2017-03-31": "45.45000", "2016-12-31": 28.125, "2016-09-30": 45.925, "2016-06-30": 38.235, "2016-03-31": "33.39300", "2015-12-31": 36.014, "2015-09-30": 6.111, "2015-06-30": -5.325, "2015-03-31": "77.75800", "2014-12-31": 13.741, "2014-09-30": 28.386, "2014-06-30": 25.278, "2014-03-31": "22.28200", "2013-12-31": 16.606, "2013-09-30": 29.279, "2013-06-30": 29.64, "2013-03-31": "27.37600", "2012-12-31": 24.733, "2012-09-30": 27.306, "2012-06-30": 24.919, "2012-03-31": "22.89600", "2011-12-31": 22.251, "2011-09-30": 18.384, "2011-06-30": 15.618, "2011-03-31": "12.65600", "2010-12-31": 9.465, "2010-09-30": 7.451, "2010-06-30": -1.747, "2010-03-31": ""}, "Total Non-Cash Items": {"2020-09-30": 253.393, "2020-06-30": 235.284, "2020-03-31": "242.05400", "2019-12-31": 170.305, "2019-09-30": 205.388, "2019-06-30": 228.434, "2019-03-31": "199.02300", "2018-12-31": 195.8579, "2018-09-30": 177.377, "2018-06-30": 193.863, "2018-03-31": "184.51100", "2017-12-31": -194.387, "2017-09-30": 185.088, "2017-06-30": 182.827, "2017-03-31": "182.38800", "2016-12-31": 172.872, "2016-09-30": 167.257, "2016-06-30": 157.759, "2016-03-31": "149.12900", "2015-12-31": 150.039, "2015-09-30": 115.576, "2015-06-30": 100.758, "2015-03-31": "176.45200", "2014-12-31": 111.532, "2014-09-30": 121.928, "2014-06-30": 113.742, "2014-03-31": "106.91400", "2013-12-31": 99.242, "2013-09-30": 107.102, "2013-06-30": 103.772, "2013-03-31": "96.44900", "2012-12-31": 91.588, "2012-09-30": 89.833, "2012-06-30": 81.547, "2012-03-31": "70.09900", "2011-12-31": 63.636, "2011-09-30": 51.349, "2011-06-30": 42.598, "2011-03-31": "33.11400", "2010-12-31": 9, "2010-09-30": 15.687, "2010-06-30": 35.253, "2010-03-31": ""}, "Change In Accounts Receivable": {"2020-09-30": 0, "2020-06-30": 0, "2020-03-31": "", "2019-12-31": 0, "2019-09-30": 0, "2019-06-30": 0, "2019-03-31": "", "2018-12-31": 0, "2018-09-30": 0, "2018-06-30": 0, "2018-03-31": "", "2017-12-31": 0, "2017-09-30": 0, "2017-06-30": 0, "2017-03-31": "", "2016-12-31": 0, "2016-09-30": 0, "2016-06-30": 0, "2016-03-31": "", "2015-12-31": 0, "2015-09-30": 0, "2015-06-30": 0, "2015-03-31": "", "2014-12-31": 0, "2014-09-30": 0, "2014-06-30": 0, "2014-03-31": "", "2013-12-31": 0, "2013-09-30": 0, "2013-06-30": 0, "2013-03-31": "", "2012-12-31": 0, "2012-09-30": 0, "2012-06-30": 0, "2012-03-31": "", "2011-12-31": 0, "2011-09-30": 0, "2011-06-30": 0, "2011-03-31": "", "2010-12-31": 0, "2010-09-30": 0, "2010-06-30": 0, "2010-03-31": ""}, "Change In Inventories": {"2020-09-30": 0, "2020-06-30": 0, "2020-03-31": "", "2019-12-31": 0, "2019-09-30": 0, "2019-06-30": 0, "2019-03-31": "", "2018-12-31": 0, "2018-09-30": 0, "2018-06-30": 0, "2018-03-31": "", "2017-12-31": 0, "2017-09-30": 0, "2017-06-30": 0, "2017-03-31": "", "2016-12-31": 0, "2016-09-30": 0, "2016-06-30": 0, "2016-03-31": "", "2015-12-31": 0, "2015-09-30": 0, "2015-06-30": 0, "2015-03-31": "", "2014-12-31": 0, "2014-09-30": 0, "2014-06-30": 0, "2014-03-31": "", "2013-12-31": 0, "2013-09-30": 0, "2013-06-30": 0, "2013-03-31": "", "2012-12-31": 0, "2012-09-30": 0, "2012-06-30": 0, "2012-03-31": "", "2011-12-31": 0, "2011-09-30": 0, "2011-06-30": 0, "2011-03-31": "", "2010-12-31": 0, "2010-09-30": 0, "2010-06-30": 0, "2010-03-31": ""}, "Change In Accounts Payable": {"2020-09-30": 0, "2020-06-30": 0, "2020-03-31": "", "2019-12-31": 0, "2019-09-30": 0, "2019-06-30": 0, "2019-03-31": "", "2018-12-31": 0, "2018-09-30": 0, "2018-06-30": 0, "2018-03-31": "", "2017-12-31": 0, "2017-09-30": 0, "2017-06-30": 0, "2017-03-31": "", "2016-12-31": 0, "2016-09-30": 0, "2016-06-30": 0, "2016-03-31": "", "2015-12-31": 0, "2015-09-30": 0, "2015-06-30": 0, "2015-03-31": "", "2014-12-31": 0, "2014-09-30": 0, "2014-06-30": 0, "2014-03-31": "", "2013-12-31": 0, "2013-09-30": 0, "2013-06-30": 0, "2013-03-31": "", "2012-12-31": 0, "2012-09-30": 0, "2012-06-30": 0, "2012-03-31": "", "2011-12-31": 0, "2011-09-30": 0, "2011-06-30": 0, "2011-03-31": "", "2010-12-31": 0, "2010-09-30": 0, "2010-06-30": 0, "2010-03-31": ""}, "Change In Assets/Liabilities": {"2020-09-30": -56.752, "2020-06-30": -180.192, "2020-03-31": "-97.32400", "2019-12-31": -2.505, "2019-09-30": -11.805, "2019-06-30": -26.169, "2019-03-31": "-96.65700", "2018-12-31": -1.325, "2018-09-30": -18.211, "2018-06-30": -16.4, "2018-03-31": "-23.58200", "2017-12-31": -25.238, "2017-09-30": 6.405, "2017-06-30": -67.242, "2017-03-31": "-17.11200", "2016-12-31": -33.475, "2016-09-30": -20.295, "2016-06-30": -2.319, "2016-03-31": "8.24200", "2015-12-31": -0.193, "2015-09-30": 0.075, "2015-06-30": 5.869, "2015-03-31": "21.19300", "2014-12-31": -6.596, "2014-09-30": 0.145, "2014-06-30": 8.035, "2014-03-31": "11.58200", "2013-12-31": -5.49, "2013-09-30": 4.009, "2013-06-30": 5.563, "2013-03-31": "13.64800", "2012-12-31": 9.424, "2012-09-30": -11.492, "2012-06-30": 5.347, "2012-03-31": "-3.03300", "2011-12-31": 6.689, "2011-09-30": 3.012, "2011-06-30": -10.633, "2011-03-31": "1.47300", "2010-12-31": -1.764, "2010-09-30": 0.802, "2010-06-30": 1.065, "2010-03-31": "-0.10500"}, "Total Change In Assets/Liabilities": {"2020-09-30": -124.541, "2020-06-30": -148.59, "2020-03-31": "-145.18200", "2019-12-31": 85.676, "2019-09-30": -45.867, "2019-06-30": 38.26, "2019-03-31": "-75.86800", "2018-12-31": 49.74, "2018-09-30": -41.838, "2018-06-30": 32.25, "2018-03-31": "-48.49500", "2017-12-31": 31.362, "2017-09-30": -30.603, "2017-06-30": -5.453, "2017-03-31": "-47.66100", "2016-12-31": -11.261, "2016-09-30": -3.824, "2016-06-30": 27.462, "2016-03-31": "-14.24100", "2015-12-31": 22.299, "2015-09-30": -8.113, "2015-06-30": 15.676, "2015-03-31": "13.71700", "2014-12-31": 16.182, "2014-09-30": 9.346, "2014-06-30": 21.447, "2014-03-31": "11.92900", "2013-12-31": 3.338, "2013-09-30": 29.226, "2013-06-30": -0.023, "2013-03-31": "24.69600", "2012-12-31": -12.864, "2012-09-30": 5.432, "2012-06-30": 28.979, "2012-03-31": "4.49600", "2011-12-31": 12.571, "2011-09-30": 9.545, "2011-06-30": -4.67, "2011-03-31": "2.44200", "2010-12-31": 8.823, "2010-09-30": 1.653, "2010-06-30": 6.097, "2010-03-31": "2.28700"}, "Cash Flow From Operating Activities": {"2020-09-30": 249.247, "2020-06-30": 234.319, "2020-03-31": "234.02300", "2019-12-31": 420.916, "2019-09-30": 315.308, "2019-06-30": 394.999, "2019-03-31": "261.24900", "2018-12-31": 383.997, "2018-09-30": 282.113, "2018-06-30": 341.324, "2018-03-31": "246.66700", "2017-12-31": 308.077, "2017-09-30": 253.673, "2017-06-30": 278.299, "2017-03-31": "219.66400", "2016-12-31": 258.599, "2016-09-30": 256.709, "2016-06-30": 277.024, "2016-03-31": "227.74600", "2015-12-31": 253.237, "2015-09-30": 184.505, "2015-06-30": 192.552, "2015-03-31": "209.50100", "2014-12-31": 197.845, "2014-09-30": 193.707, "2014-06-30": 197.226, "2014-03-31": "180.24000", "2013-12-31": 161.427, "2013-09-30": 184.906, "2013-06-30": 146.739, "2013-03-31": "161.14100", "2012-12-31": 118.533, "2012-09-30": 132.276, "2012-06-30": 138.698, "2012-03-31": "101.52200", "2011-12-31": 100.969, "2011-09-30": 79.165, "2011-06-30": 48.3, "2011-03-31": "38.73200", "2010-12-31": 30.318, "2010-09-30": 9.593, "2010-06-30": 0.209, "2010-03-31": "1.81000"}, "Net Change In Property, Plant, And Equipment": {"2020-09-30": -447.636, "2020-06-30": -230.236, "2020-03-31": "-672.32700", "2019-12-31": -283.772, "2019-09-30": -1223.179, "2019-06-30": -1442.5441, "2019-03-31": "-894.48190", "2018-12-31": -997.119, "2018-09-30": -484.012, "2018-06-30": -1422.449, "2018-03-31": "-481.24000", "2017-12-31": -735.378, "2017-09-30": -228.988, "2017-06-30": -427.158, "2017-03-31": "-752.42700", "2016-12-31": -410.932, "2016-09-30": -408.803, "2016-06-30": -665.417, "2016-03-31": "-520.36400", "2015-12-31": -474.226, "2015-09-30": -518.535, "2015-06-30": -546.454, "2015-03-31": "-613.58600", "2014-12-31": -243.067, "2014-09-30": -612.3098, "2014-06-30": -648.9412, "2014-03-31": "-301.33900", "2013-12-31": -518.323, "2013-09-30": -449.834, "2013-06-30": -558.569, "2013-03-31": "-659.16800", "2012-12-31": -436.236, "2012-09-30": -345.8, "2012-06-30": -965.059, "2012-03-31": "-597.82900", "2011-12-31": -925.148, "2011-09-30": -680.685, "2011-06-30": -759.263, "2011-03-31": "-612.06000", "2010-12-31": -784.874, "2010-09-30": -731.045, "2010-06-30": -331.351, "2010-03-31": "-4.25000"}, "Net Change In Intangible Assets": {"2020-09-30": 0, "2020-06-30": 0, "2020-03-31": "", "2019-12-31": 0, "2019-09-30": 0, "2019-06-30": 0, "2019-03-31": "", "2018-12-31": 0, "2018-09-30": 0, "2018-06-30": 0, "2018-03-31": "", "2017-12-31": 0, "2017-09-30": 0, "2017-06-30": 0, "2017-03-31": "", "2016-12-31": 0, "2016-09-30": 0, "2016-06-30": 0, "2016-03-31": "", "2015-12-31": 0, "2015-09-30": 0, "2015-06-30": 0, "2015-03-31": "", "2014-12-31": 0, "2014-09-30": 0, "2014-06-30": 0, "2014-03-31": "", "2013-12-31": 0, "2013-09-30": 0, "2013-06-30": 0, "2013-03-31": "", "2012-12-31": 0, "2012-09-30": 0, "2012-06-30": 0, "2012-03-31": "", "2011-12-31": 0, "2011-09-30": 0, "2011-06-30": 0, "2011-03-31": "", "2010-12-31": 0, "2010-09-30": 0, "2010-06-30": 0, "2010-03-31": ""}, "Net Acquisitions/Divestitures": {"2020-09-30": 0, "2020-06-30": 0, "2020-03-31": "", "2019-12-31": 0, "2019-09-30": 0, "2019-06-30": 0, "2019-03-31": "", "2018-12-31": 0, "2018-09-30": 0, "2018-06-30": 0, "2018-03-31": "", "2017-12-31": 0, "2017-09-30": 0, "2017-06-30": 0, "2017-03-31": "", "2016-12-31": 0, "2016-09-30": 0, "2016-06-30": 0, "2016-03-31": "", "2015-12-31": 0, "2015-09-30": 0, "2015-06-30": 0, "2015-03-31": "", "2014-12-31": 0, "2014-09-30": 0, "2014-06-30": 0, "2014-03-31": "", "2013-12-31": 0, "2013-09-30": 0, "2013-06-30": 0, "2013-03-31": "", "2012-12-31": 0, "2012-09-30": 0, "2012-06-30": 0, "2012-03-31": "", "2011-12-31": 0, "2011-09-30": 0, "2011-06-30": 0, "2011-03-31": "", "2010-12-31": 0, "2010-09-30": 0, "2010-06-30": 0, "2010-03-31": ""}, "Net Change In Short-term Investments": {"2020-09-30": 0, "2020-06-30": 0, "2020-03-31": "", "2019-12-31": 0, "2019-09-30": 0, "2019-06-30": 0, "2019-03-31": "", "2018-12-31": 0, "2018-09-30": 0, "2018-06-30": 0, "2018-03-31": "", "2017-12-31": 0, "2017-09-30": 0, "2017-06-30": 0, "2017-03-31": "", "2016-12-31": 0, "2016-09-30": 0, "2016-06-30": 0, "2016-03-31": "", "2015-12-31": 0, "2015-09-30": 0, "2015-06-30": 0, "2015-03-31": "", "2014-12-31": 0, "2014-09-30": 0, "2014-06-30": 0, "2014-03-31": "", "2013-12-31": 0, "2013-09-30": 0, "2013-06-30": 0, "2013-03-31": "", "2012-12-31": 0, "2012-09-30": 0, "2012-06-30": 0, "2012-03-31": "", "2011-12-31": 0, "2011-09-30": 0, "2011-06-30": 0, "2011-03-31": "", "2010-12-31": 0, "2010-09-30": 0, "2010-06-30": 0, "2010-03-31": ""}, "Net Change In Long-Term Investments": {"2020-09-30": 0, "2020-06-30": 0, "2020-03-31": "", "2019-12-31": 0, "2019-09-30": 0, "2019-06-30": 0, "2019-03-31": "", "2018-12-31": 0, "2018-09-30": 0, "2018-06-30": 0, "2018-03-31": "", "2017-12-31": 0, "2017-09-30": 0, "2017-06-30": 0, "2017-03-31": "", "2016-12-31": 0, "2016-09-30": 0, "2016-06-30": 0, "2016-03-31": "", "2015-12-31": 0, "2015-09-30": 0, "2015-06-30": 0, "2015-03-31": "", "2014-12-31": 0, "2014-09-30": 0, "2014-06-30": 0, "2014-03-31": "", "2013-12-31": 0, "2013-09-30": 0, "2013-06-30": 0, "2013-03-31": "", "2012-12-31": 0, "2012-09-30": 0, "2012-06-30": 0, "2012-03-31": "", "2011-12-31": 0, "2011-09-30": 0, "2011-06-30": 0, "2011-03-31": "", "2010-12-31": 0, "2010-09-30": 0, "2010-06-30": 0, "2010-03-31": ""}, "Net Change In Investments - Total": {"2020-09-30": 0, "2020-06-30": 0, "2020-03-31": "", "2019-12-31": 0, "2019-09-30": 0, "2019-06-30": 0, "2019-03-31": "", "2018-12-31": 0, "2018-09-30": 0, "2018-06-30": 0, "2018-03-31": "", "2017-12-31": 0, "2017-09-30": 0, "2017-06-30": 0, "2017-03-31": "", "2016-12-31": 0, "2016-09-30": 0, "2016-06-30": 0, "2016-03-31": "", "2015-12-31": 0, "2015-09-30": 0, "2015-06-30": 0, "2015-03-31": "", "2014-12-31": 0, "2014-09-30": 0, "2014-06-30": 0, "2014-03-31": "", "2013-12-31": 0, "2013-09-30": 0, "2013-06-30": 0, "2013-03-31": "", "2012-12-31": 0, "2012-09-30": 0, "2012-06-30": 0, "2012-03-31": "", "2011-12-31": 0, "2011-09-30": 0, "2011-06-30": 0, "2011-03-31": "", "2010-12-31": 0, "2010-09-30": 0, "2010-06-30": 0, "2010-03-31": ""}, "Investing Activities - Other": {"2020-09-30": 0, "2020-06-30": 0, "2020-03-31": "", "2019-12-31": 0, "2019-09-30": 0, "2019-06-30": 0, "2019-03-31": "", "2018-12-31": 0, "2018-09-30": 0, "2018-06-30": 0, "2018-03-31": "", "2017-12-31": 0, "2017-09-30": 0, "2017-06-30": 0, "2017-03-31": "", "2016-12-31": 0, "2016-09-30": 0, "2016-06-30": 0, "2016-03-31": "", "2015-12-31": 0, "2015-09-30": 0, "2015-06-30": 0, "2015-03-31": "", "2014-12-31": 0, "2014-09-30": 0, "2014-06-30": 0, "2014-03-31": "", "2013-12-31": 0, "2013-09-30": 0, "2013-06-30": 0, "2013-03-31": "", "2012-12-31": 0, "2012-09-30": 0, "2012-06-30": 0, "2012-03-31": "", "2011-12-31": 0, "2011-09-30": 0, "2011-06-30": 0, "2011-03-31": "", "2010-12-31": 0, "2010-09-30": 0, "2010-06-30": 0, "2010-03-31": ""}, "Cash Flow From Investing Activities": {"2020-09-30": -447.636, "2020-06-30": -230.236, "2020-03-31": "-672.32700", "2019-12-31": -283.772, "2019-09-30": -1223.179, "2019-06-30": -1442.544, "2019-03-31": "-894.48200", "2018-12-31": -997.119, "2018-09-30": -484.012, "2018-06-30": -1422.449, "2018-03-31": "-481.24000", "2017-12-31": -735.378, "2017-09-30": -228.988, "2017-06-30": -427.158, "2017-03-31": "-752.42700", "2016-12-31": -410.932, "2016-09-30": -408.803, "2016-06-30": -665.417, "2016-03-31": "-520.36400", "2015-12-31": -474.226, "2015-09-30": -518.535, "2015-06-30": -546.454, "2015-03-31": "-613.58600", "2014-12-31": -243.067, "2014-09-30": -612.31, "2014-06-30": -648.941, "2014-03-31": "-301.33900", "2013-12-31": -518.323, "2013-09-30": -449.834, "2013-06-30": -558.569, "2013-03-31": "-659.16800", "2012-12-31": -436.236, "2012-09-30": -345.8, "2012-06-30": -965.059, "2012-03-31": "-597.82900", "2011-12-31": -925.148, "2011-09-30": -680.685, "2011-06-30": -759.263, "2011-03-31": "-612.06000", "2010-12-31": -784.874, "2010-09-30": -731.045, "2010-06-30": -331.351, "2010-03-31": "-4.25000"}, "Net Long-Term Debt": {"2020-09-30": 526.413, "2020-06-30": 733.9069, "2020-03-31": "356.60510", "2019-12-31": 401.278, "2019-09-30": 1076.667, "2019-06-30": 1011.733, "2019-03-31": "99.68100", "2018-12-31": 35.701, "2018-09-30": 1083.72, "2018-06-30": 450.638, "2018-03-31": "693.32100", "2017-12-31": 1045.092, "2017-09-30": -31.75, "2017-06-30": -574.374, "2017-03-31": "441.35700", "2016-12-31": 402.6139, "2016-09-30": 797.091, "2016-06-30": 309.236, "2016-03-31": "-580.88500", "2015-12-31": -19.5121, "2015-09-30": 472.3261, "2015-06-30": -96.778, "2015-03-31": "548.10000", "2014-12-31": -43.503, "2014-09-30": 884.925, "2014-06-30": -74.196, "2014-03-31": "318.68200", "2013-12-31": 817.127, "2013-09-30": -50.435, "2013-06-30": -140.746, "2013-03-31": "451.07700", "2012-12-31": -13.999, "2012-09-30": 398.658, "2012-06-30": 11.303, "2012-03-31": "1287.51600", "2011-12-31": 715.0669, "2011-09-30": 146.0781, "2011-06-30": 277.25, "2011-03-31": "314.33900", "2010-12-31": 593.29, "2010-09-30": 173.691, "2010-06-30": 84.749, "2010-03-31": "0.25100"}, "Net Current Debt": {"2020-09-30": 0, "2020-06-30": -515, "2020-03-31": "495.00000", "2019-12-31": -590, "2019-09-30": -191, "2019-06-30": -26, "2019-03-31": "225.00000", "2018-12-31": 602, "2018-09-30": -956, "2018-06-30": 619, "2018-03-31": "-510.00000", "2017-12-31": -589, "2017-09-30": -41, "2017-06-30": 771, "2017-03-31": "-60.00000", "2016-12-31": -252, "2016-09-30": -640, "2016-06-30": 59, "2016-03-31": "879.00000", "2015-12-31": 226, "2015-09-30": -201, "2015-06-30": 357, "2015-03-31": "-231.00000", "2014-12-31": 110, "2014-09-30": -530, "2014-06-30": 414, "2014-03-31": "-233.00000", "2013-12-31": -431, "2013-09-30": 289, "2013-06-30": 505, "2013-03-31": "25.00000", "2012-12-31": 90, "2012-09-30": -150, "2012-06-30": 367.5, "2012-03-31": "-245.50000", "2011-12-31": 85, "2011-09-30": 273, "2011-06-30": -268.5, "2011-03-31": "148.50000", "2010-12-31": 120, "2010-09-30": 0, "2010-06-30": 0, "2010-03-31": ""}, "Debt Issuance/Retirement Net - Total": {"2020-09-30": 526.413, "2020-06-30": 218.9069, "2020-03-31": "851.60510", "2019-12-31": -188.722, "2019-09-30": 885.667, "2019-06-30": 985.733, "2019-03-31": "324.68100", "2018-12-31": 637.701, "2018-09-30": 127.72, "2018-06-30": 1069.638, "2018-03-31": "183.32100", "2017-12-31": 456.092, "2017-09-30": -72.75, "2017-06-30": 196.626, "2017-03-31": "381.35700", "2016-12-31": 150.6139, "2016-09-30": 157.091, "2016-06-30": 368.236, "2016-03-31": "298.11500", "2015-12-31": 206.4879, "2015-09-30": 271.3261, "2015-06-30": 260.222, "2015-03-31": "317.10000", "2014-12-31": 66.497, "2014-09-30": 354.925, "2014-06-30": 339.804, "2014-03-31": "85.68200", "2013-12-31": 386.127, "2013-09-30": 238.565, "2013-06-30": 364.254, "2013-03-31": "476.07700", "2012-12-31": 76.001, "2012-09-30": 248.658, "2012-06-30": 378.803, "2012-03-31": "1042.01600", "2011-12-31": 800.0669, "2011-09-30": 419.0781, "2011-06-30": 8.75, "2011-03-31": "462.83900", "2010-12-31": 593.289, "2010-09-30": 173.691, "2010-06-30": 84.749, "2010-03-31": "0.25100"}, "Net Common Equity Issued/Repurchased": {"2020-09-30": 0.03, "2020-06-30": 2.501, "2020-03-31": "2.02500", "2019-12-31": 13.062, "2019-09-30": 20.587, "2019-06-30": 10.796, "2019-03-31": "0.44000", "2018-12-31": 0.638, "2018-09-30": 0.06, "2018-06-30": 1.5, "2018-03-31": "2.62800", "2017-12-31": 7.05, "2017-09-30": 0.55, "2017-06-30": 0.8, "2017-03-31": "0.86400", "2016-12-31": 0.02, "2016-09-30": 0, "2016-06-30": 0, "2016-03-31": "", "2015-12-31": 0.02, "2015-09-30": 0, "2015-06-30": 0.04, "2015-03-31": "", "2014-12-31": 0.099, "2014-09-30": 0.089, "2014-06-30": 0.366, "2014-03-31": "0.39000", "2013-12-31": 0, "2013-09-30": 0, "2013-06-30": 0, "2013-03-31": "", "2012-12-31": 0, "2012-09-30": -0.027, "2012-06-30": 0.07, "2012-03-31": "", "2011-12-31": -0.135, "2011-09-30": -1.189, "2011-06-30": 868.554, "2011-03-31": "", "2010-12-31": 0, "2010-09-30": 97.426, "2010-06-30": 1058.397, "2010-03-31": "1.31000"}, "Net Total Equity Issued/Repurchased": {"2020-09-30": 0.03, "2020-06-30": 2.501, "2020-03-31": "2.02500", "2019-12-31": 13.053, "2019-09-30": 20.596, "2019-06-30": 10.685, "2019-03-31": "242.68100", "2018-12-31": 0.638, "2018-09-30": 0.06, "2018-06-30": 1.5, "2018-03-31": "2.62800", "2017-12-31": 7.05, "2017-09-30": 0.55, "2017-06-30": 0.8, "2017-03-31": "0.86400", "2016-12-31": 0.02, "2016-09-30": 0, "2016-06-30": 0, "2016-03-31": "", "2015-12-31": 0.02, "2015-09-30": 0, "2015-06-30": 0.04, "2015-03-31": "", "2014-12-31": 0.099, "2014-09-30": 0.089, "2014-06-30": 0.366, "2014-03-31": "0.39000", "2013-12-31": 0, "2013-09-30": 0, "2013-06-30": 0, "2013-03-31": "", "2012-12-31": 0, "2012-09-30": -0.027, "2012-06-30": 0.07, "2012-03-31": "", "2011-12-31": -0.135, "2011-09-30": -1.189, "2011-06-30": 868.554, "2011-03-31": "", "2010-12-31": -0.003, "2010-09-30": 97.426, "2010-06-30": 1058.397, "2010-03-31": "1.31000"}, "Total Common And Preferred Stock Dividends Paid": {"2020-09-30": -20.911, "2020-06-30": -20.889, "2020-03-31": "-20.84700", "2019-12-31": -18.486, "2019-09-30": -18.361, "2019-06-30": -18.716, "2019-03-31": "-14.42100", "2018-12-31": -10.408, "2018-09-30": -10.398, "2018-06-30": -10.398, "2018-03-31": "-10.35900", "2017-12-31": -7.742, "2017-09-30": -7.741, "2017-06-30": -7.736, "2017-03-31": "-7.71400", "2016-12-31": -5.142, "2016-09-30": -5.142, "2016-06-30": -5.142, "2016-03-31": "-5.12900", "2015-12-31": -4.103, "2015-09-30": -4.104, "2015-06-30": -4.104, "2015-03-31": "-4.09400", "2014-12-31": -3.072, "2014-09-30": -3.058, "2014-06-30": -3.058, "2014-03-31": "-3.05500", "2013-12-31": -2.543, "2013-09-30": -2.533, "2013-06-30": 0, "2013-03-31": "-2.53200", "2012-12-31": 0, "2012-09-30": 0, "2012-06-30": 0, "2012-03-31": "", "2011-12-31": 0, "2011-09-30": 0, "2011-06-30": 0, "2011-03-31": "", "2010-12-31": 0, "2010-09-30": 0, "2010-06-30": 0, "2010-03-31": ""}, "Financial Activities - Other": {"2020-09-30": 13.004, "2020-06-30": -15.993, "2020-03-31": "20.84100", "2019-12-31": 58.649, "2019-09-30": 68.29, "2019-06-30": 59.703, "2019-03-31": "55.53600", "2018-12-31": 59.27, "2018-09-30": 52.378, "2018-06-30": 29.819, "2018-03-31": "22.32500", "2017-12-31": 34.753, "2017-09-30": 38.737, "2017-06-30": 47.03, "2017-03-31": "41.54200", "2016-12-31": 54.293, "2016-09-30": 54.233, "2016-06-30": 35.219, "2016-03-31": "5.77100", "2015-12-31": 55.537, "2015-09-30": 23.541, "2015-06-30": 50.577, "2015-03-31": "18.41600", "2014-12-31": 53.846, "2014-09-30": 32.871, "2014-06-30": 102.972, "2014-03-31": "23.98700", "2013-12-31": 21.805, "2013-09-30": 16.277, "2013-06-30": 64.252, "2013-03-31": "12.01600", "2012-12-31": 32.11, "2012-09-30": 15.987, "2012-06-30": 32.809, "2012-03-31": "-24.24800", "2011-12-31": 26.405, "2011-09-30": 18.24, "2011-06-30": 48.384, "2011-03-31": "11.98100", "2010-12-31": 38.256, "2010-09-30": 25.298, "2010-06-30": -55.394, "2010-03-31": "1.13000"}, "Cash Flow From Financial Activities": {"2020-09-30": 518.536, "2020-06-30": 184.526, "2020-03-31": "853.62400", "2019-12-31": -135.506, "2019-09-30": 956.192, "2019-06-30": 1037.405, "2019-03-31": "608.47700", "2018-12-31": 687.201, "2018-09-30": 169.76, "2018-06-30": 1090.559, "2018-03-31": "197.91500", "2017-12-31": 490.153, "2017-09-30": -41.204, "2017-06-30": 236.72, "2017-03-31": "416.04900", "2016-12-31": 199.785, "2016-09-30": 206.182, "2016-06-30": 398.313, "2016-03-31": "298.75700", "2015-12-31": 257.942, "2015-09-30": 290.763, "2015-06-30": 306.735, "2015-03-31": "331.42200", "2014-12-31": 117.37, "2014-09-30": 384.827, "2014-06-30": 440.084, "2014-03-31": "107.00400", "2013-12-31": 405.389, "2013-09-30": 252.309, "2013-06-30": 428.506, "2013-03-31": "485.56100", "2012-12-31": 108.111, "2012-09-30": 264.618, "2012-06-30": 411.682, "2012-03-31": "1017.76800", "2011-12-31": 826.337, "2011-09-30": 436.129, "2011-06-30": 925.688, "2011-03-31": "474.82000", "2010-12-31": 751.542, "2010-09-30": 296.415, "2010-06-30": 1087.752, "2010-03-31": "2.69100"}, "Net Cash Flow": {"2020-09-30": 320.147, "2020-06-30": 188.609, "2020-03-31": "415.32000", "2019-12-31": 1.638, "2019-09-30": 48.321, "2019-06-30": -10.14, "2019-03-31": "-24.75600", "2018-12-31": 74.079, "2018-09-30": -32.139, "2018-06-30": 9.434, "2018-03-31": "-36.65800", "2017-12-31": 62.852, "2017-09-30": -16.519, "2017-06-30": 87.861, "2017-03-31": "-116.71400", "2016-12-31": 47.452, "2016-09-30": 54.088, "2016-06-30": 9.92, "2016-03-31": "6.13900", "2015-12-31": 36.953, "2015-09-30": -43.267, "2015-06-30": -47.167, "2015-03-31": "-72.66300", "2014-12-31": 72.148, "2014-09-30": -33.776, "2014-06-30": -11.631, "2014-03-31": "-14.09500", "2013-12-31": 48.493, "2013-09-30": -12.619, "2013-06-30": 16.676, "2013-03-31": "-12.46600", "2012-12-31": -209.592, "2012-09-30": 51.094, "2012-06-30": -414.679, "2012-03-31": "521.46100", "2011-12-31": 2.158, "2011-09-30": -165.391, "2011-06-30": 214.725, "2011-03-31": "-98.50800", "2010-12-31": -3.004, "2010-09-30": -425.037, "2010-06-30": 756.61, "2010-03-31": "0.25100"}, "Stock-Based Compensation": {"2020-09-30": 6.635, "2020-06-30": 3.892, "2020-03-31": "4.42900", "2019-12-31": 5.811, "2019-09-30": 4.897, "2019-06-30": 5.863, "2019-03-31": "4.17400", "2018-12-31": 4.313, "2018-09-30": 4.848, "2018-06-30": 4.885, "2018-03-31": "3.43200", "2017-12-31": 5.369, "2017-09-30": 5.358, "2017-06-30": 5.304, "2017-03-31": "3.77300", "2016-12-31": 4.599, "2016-09-30": 4.602, "2016-06-30": 4.501, "2016-03-31": "3.23900", "2015-12-31": 4.65, "2015-09-30": 4.648, "2015-06-30": 4.578, "2015-03-31": "3.14600", "2014-12-31": 3.826, "2014-09-30": 3.882, "2014-06-30": 4.94, "2014-03-31": "3.40000", "2013-12-31": 3.775, "2013-09-30": 3.751, "2013-06-30": 7.313, "2013-03-31": "6.77500", "2012-12-31": 7.14, "2012-09-30": 7.124, "2012-06-30": 9.207, "2012-03-31": "8.21700", "2011-12-31": 8.368, "2011-09-30": 8.314, "2011-06-30": 11.752, "2011-03-31": "10.90800", "2010-12-31": 10.848, "2010-09-30": 10.941, "2010-06-30": 2.255, "2010-03-31": ""}, "Common Stock Dividends Paid": {"2020-09-30": -17.067, "2020-06-30": -17.046, "2020-03-31": "-17.00300", "2019-12-31": -14.643, "2019-09-30": -14.517, "2019-06-30": -14.445, "2019-03-31": "-14.42100", "2018-12-31": -10.408, "2018-09-30": -10.398, "2018-06-30": -10.398, "2018-03-31": "-10.35900", "2017-12-31": -7.742, "2017-09-30": -7.741, "2017-06-30": -7.736, "2017-03-31": "-7.71400", "2016-12-31": -5.142, "2016-09-30": -5.142, "2016-06-30": -5.142, "2016-03-31": "-5.12900", "2015-12-31": -4.103, "2015-09-30": -4.104, "2015-06-30": -4.104, "2015-03-31": "-4.09400", "2014-12-31": -3.072, "2014-09-30": -3.058, "2014-06-30": -3.058, "2014-03-31": "-3.05500", "2013-12-31": -2.543, "2013-09-30": -2.533, "2013-06-30": 0, "2013-03-31": "-2.53200", "2012-12-31": 0, "2012-09-30": 0, "2012-06-30": 0, "2012-03-31": "", "2011-12-31": 0, "2011-09-30": 0, "2011-06-30": 0, "2011-03-31": "", "2010-12-31": 0, "2010-09-30": 0, "2010-06-30": 0, "2010-03-31": ""}}, "financial ratios": {"Current Ratio": {"2019-12-31": "0.65450", "2018-12-31": "0.84530", "2017-12-31": "0.99710", "2016-12-31": "1.13250", "2015-12-31": "0.80190", "2014-12-31": "1.52020", "2013-12-31": "2.72420", "2012-12-31": "3.73070", "2011-12-31": "6.91630", "2010-12-31": "17.11690"}, "Long-term Debt / Capital": {"2019-12-31": "0.70710", "2018-12-31": "0.70590", "2017-12-31": "0.70150", "2016-12-31": "0.72040", "2015-12-31": "0.71860", "2014-12-31": "0.70520", "2013-12-31": "0.69880", "2012-12-31": "0.65270", "2011-12-31": "0.54460", "2010-12-31": "0.42680"}, "Debt/Equity Ratio": {"2019-12-31": "2.41460", "2018-12-31": "2.40050", "2017-12-31": "2.34980", "2016-12-31": "2.57640", "2015-12-31": "2.55390", "2014-12-31": "2.39200", "2013-12-31": "2.31960", "2012-12-31": "1.87970", "2011-12-31": "1.19600", "2010-12-31": "0.74450"}, "Gross Margin": {"2019-12-31": "100.00000", "2018-12-31": "100.00000", "2017-12-31": "100.00000", "2016-12-31": "100.00000", "2015-12-31": "100.00000", "2014-12-31": "100.00000", "2013-12-31": "100.00000", "2012-12-31": "100.00000", "2011-12-31": "100.00000", "2010-12-31": "100.00000"}, "Operating Margin": {"2019-12-31": "36.47600", "2018-12-31": "38.11020", "2017-12-31": "40.19640", "2016-12-31": "40.88900", "2015-12-31": "38.02240", "2014-12-31": "37.58010", "2013-12-31": "34.17380", "2012-12-31": "31.10550", "2011-12-31": "24.60080", "2010-12-31": "-104.36730"}, "EBIT Margin": {"2019-12-31": "57.99460", "2018-12-31": "58.51460", "2017-12-31": "59.14750", "2016-12-31": "58.87700", "2015-12-31": "59.78680", "2014-12-31": "55.93510", "2013-12-31": "53.82540", "2012-12-31": "50.99410", "2011-12-31": "37.92320", "2010-12-31": "-85.41440"}, "EBITDA Margin": {"2019-12-31": "96.28850", "2018-12-31": "96.57310", "2017-12-31": "95.88440", "2016-12-31": "94.20610", "2015-12-31": "94.80910", "2014-12-31": "90.62630", "2013-12-31": "89.18960", "2012-12-31": "86.55870", "2011-12-31": "74.08990", "2010-12-31": "17.28750"}, "Pre-Tax Profit Margin": {"2019-12-31": "36.47600", "2018-12-31": "38.11020", "2017-12-31": "40.19640", "2016-12-31": "40.88900", "2015-12-31": "32.13450", "2014-12-31": "37.58010", "2013-12-31": "34.17380", "2012-12-31": "31.10550", "2011-12-31": "24.60080", "2010-12-31": "-104.36730"}, "Net Profit Margin": {"2019-12-31": "28.51710", "2018-12-31": "30.41220", "2017-12-31": "49.86560", "2016-12-31": "26.42080", "2015-12-31": "20.72150", "2014-12-31": "24.36930", "2013-12-31": "22.17500", "2012-12-31": "20.11740", "2011-12-31": "15.80800", "2010-12-31": "-89.16150"}, "Asset Turnover": {"2019-12-31": "0.09290", "2018-12-31": "0.09090", "2017-12-31": "0.09710", "2016-12-31": "0.10150", "2015-12-31": "0.09900", "2014-12-31": "0.09830", "2013-12-31": "0.09200", "2012-12-31": "0.08920", "2011-12-31": "0.06520", "2010-12-31": "0.02560"}, "Inventory Turnover Ratio": {"2019-12-31": "", "2018-12-31": "", "2017-12-31": "", "2016-12-31": "", "2015-12-31": "", "2014-12-31": "", "2013-12-31": "", "2012-12-31": "", "2011-12-31": "", "2010-12-31": ""}, "Receiveable Turnover": {"2019-12-31": "", "2018-12-31": "", "2017-12-31": "", "2016-12-31": "", "2015-12-31": "", "2014-12-31": "", "2013-12-31": "", "2012-12-31": "", "2011-12-31": "", "2010-12-31": ""}, "Days Sales In Receivables": {"2019-12-31": "", "2018-12-31": "", "2017-12-31": "", "2016-12-31": "", "2015-12-31": "", "2014-12-31": "", "2013-12-31": "", "2012-12-31": "", "2011-12-31": "", "2010-12-31": ""}, "ROE - Return On Equity": {"2019-12-31": "10.44060", "2018-12-31": "10.62710", "2017-12-31": "18.32010", "2016-12-31": "11.08530", "2015-12-31": "8.39070", "2014-12-31": "9.23490", "2013-12-31": "7.54570", "2012-12-31": "5.65540", "2011-12-31": "2.44600", "2010-12-31": "-4.24840"}, "Return On Tangible Equity": {"2019-12-31": "10.44040", "2018-12-31": "10.62710", "2017-12-31": "18.32010", "2016-12-31": "11.08530", "2015-12-31": "8.39070", "2014-12-31": "9.23490", "2013-12-31": "7.54570", "2012-12-31": "5.65540", "2011-12-31": "2.44600", "2010-12-31": "-4.24840"}, "ROA - Return On Assets": {"2019-12-31": "2.70450", "2018-12-31": "2.76400", "2017-12-31": "4.84270", "2016-12-31": "2.68270", "2015-12-31": "2.05090", "2014-12-31": "2.39450", "2013-12-31": "2.04030", "2012-12-31": "1.79390", "2011-12-31": "1.03070", "2010-12-31": "-2.28620"}, "ROI - Return On Investment": {"2019-12-31": "3.05750", "2018-12-31": "3.12520", "2017-12-31": "5.46900", "2016-12-31": "3.09960", "2015-12-31": "2.36100", "2014-12-31": "2.72260", "2013-12-31": "2.27310", "2012-12-31": "1.96390", "2011-12-31": "1.11390", "2010-12-31": "-2.43530"}, "Book Value Per Share": {"2019-12-31": "49.61220", "2018-12-31": "43.32490", "2017-12-31": "39.83170", "2016-12-31": "32.88660", "2015-12-31": "29.43870", "2014-12-31": "27.07300", "2013-12-31": "24.78260", "2012-12-31": "23.03890", "2011-12-31": "21.60850", "2010-12-31": "18.73190"}, "Operating Cash Flow Per Share": {"2019-12-31": 1.1522, "2018-12-31": 1.6705, "2017-12-31": 0.2841, "2016-12-31": 1.6155, "2015-12-31": 0.6123, "2014-12-31": 0.9749, "2013-12-31": 1.4428, "2012-12-31": 1.6062, "2011-12-31": 1.8936, "2010-12-31": 1.0613}, "Free Cash Flow Per Share": {"2019-12-31": -2.7154, "2018-12-31": -9.2525, "2017-12-31": -0.8164, "2016-12-31": 2.9747, "2015-12-31": -2.4611, "2014-12-31": 4.6493, "2013-12-31": 3.1637, "2012-12-31": 12.752, "2011-12-31": 15.8271, "2010-12-31": -45.7996}}, "financial ratios, quarterly": {"Current Ratio": {"2020-09-30": "3.14400", "2020-06-30": "1.89270", "2020-03-31": "1.53360", "2019-12-31": "0.65450", "2019-09-30": "0.80020", "2019-06-30": "0.63520", "2019-03-31": "0.81300", "2018-12-31": "0.84530", "2018-09-30": "0.80230", "2018-06-30": "0.85320", "2018-03-31": "0.96620", "2017-12-31": "0.99710", "2017-09-30": "1.05610", "2017-06-30": "0.95480", "2017-03-31": "0.77940", "2016-12-31": "1.13250", "2016-09-30": "1.03680", "2016-06-30": "0.86760", "2016-03-31": "0.93200", "2015-12-31": "0.80190", "2015-09-30": "0.77380", "2015-06-30": "0.47350", "2015-03-31": "0.90830", "2014-12-31": "1.52020", "2014-09-30": "1.36150", "2014-06-30": "1.51580", "2014-03-31": "2.27680", "2013-12-31": "2.72420", "2013-09-30": "2.48530", "2013-06-30": "2.77150", "2013-03-31": "3.15420", "2012-12-31": "3.73070", "2012-09-30": "5.79030", "2012-06-30": "6.11750", "2012-03-31": "17.56160", "2011-12-31": "6.91630", "2011-09-30": "8.66650", "2011-06-30": "17.72930", "2011-03-31": "12.66690", "2010-12-31": "17.11690", "2010-09-30": "", "2010-06-30": "", "2010-03-31": ""}, "Long-term Debt / Capital": {"2020-09-30": "0.71750", "2020-06-30": "0.71380", "2020-03-31": "0.71530", "2019-12-31": "0.70710", "2019-09-30": "0.71570", "2019-06-30": "0.70810", "2019-03-31": "0.69640", "2018-12-31": "0.70590", "2018-09-30": "0.71240", "2018-06-30": "0.71650", "2018-03-31": "0.70050", "2017-12-31": "0.70150", "2017-09-30": "0.71650", "2017-06-30": "0.72330", "2017-03-31": "0.72460", "2016-12-31": "0.72040", "2016-09-30": "0.72230", "2016-06-30": "0.72420", "2016-03-31": "0.72090", "2015-12-31": "0.71860", "2015-09-30": "0.71840", "2015-06-30": "0.71620", "2015-03-31": "0.71400", "2014-12-31": "0.70520", "2014-09-30": "0.71150", "2014-06-30": "0.70480", "2014-03-31": "0.69700", "2013-12-31": "0.69880", "2013-09-30": "0.68960", "2013-06-30": "0.68430", "2013-03-31": "0.67180", "2012-12-31": "0.65270", "2012-09-30": "0.65270", "2012-06-30": "0.64360", "2012-03-31": "0.62320", "2011-12-31": "0.54460", "2011-09-30": "0.45680", "2011-06-30": "0.39420", "2011-03-31": "0.52600", "2010-12-31": "0.42680", "2010-09-30": "", "2010-06-30": "", "2010-03-31": ""}, "Debt/Equity Ratio": {"2020-09-30": "2.53960", "2020-06-30": "2.49400", "2020-03-31": "2.51280", "2019-12-31": "2.41460", "2019-09-30": "2.51770", "2019-06-30": "2.42630", "2019-03-31": "2.29420", "2018-12-31": "2.40050", "2018-09-30": "2.47700", "2018-06-30": "2.52720", "2018-03-31": "2.33930", "2017-12-31": "2.34980", "2017-09-30": "2.52690", "2017-06-30": "2.61460", "2017-03-31": "2.63140", "2016-12-31": "2.57640", "2016-09-30": "2.60160", "2016-06-30": "2.62570", "2016-03-31": "2.58260", "2015-12-31": "2.55390", "2015-09-30": "2.55090", "2015-06-30": "2.52300", "2015-03-31": "2.49710", "2014-12-31": "2.39200", "2014-09-30": "2.46620", "2014-06-30": "2.38780", "2014-03-31": "2.30040", "2013-12-31": "2.31960", "2013-09-30": "2.22130", "2013-06-30": "2.16770", "2013-03-31": "2.04670", "2012-12-31": "1.87970", "2012-09-30": "1.87960", "2012-06-30": "1.80590", "2012-03-31": "1.65400", "2011-12-31": "1.19600", "2011-09-30": "0.84110", "2011-06-30": "0.65070", "2011-03-31": "1.10960", "2010-12-31": "0.74450", "2010-09-30": "", "2010-06-30": "", "2010-03-31": ""}, "Gross Margin": {"2020-09-30": "100.00000", "2020-06-30": "100.00000", "2020-03-31": "100.00000", "2019-12-31": "100.00000", "2019-09-30": "100.00000", "2019-06-30": "100.00000", "2019-03-31": "100.00000", "2018-12-31": "100.00000", "2018-09-30": "100.00000", "2018-06-30": "100.00000", "2018-03-31": "100.00000", "2017-12-31": "100.00000", "2017-09-30": "100.00000", "2017-06-30": "100.00000", "2017-03-31": "100.00000", "2016-12-31": "100.00000", "2016-09-30": "100.00000", "2016-06-30": "100.00000", "2016-03-31": "100.00000", "2015-12-31": "100.00000", "2015-09-30": "100.00000", "2015-06-30": "100.00000", "2015-03-31": "100.00000", "2014-12-31": "100.00000", "2014-09-30": "100.00000", "2014-06-30": "100.00000", "2014-03-31": "100.00000", "2013-12-31": "100.00000", "2013-09-30": "100.00000", "2013-06-30": "100.00000", "2013-03-31": "100.00000", "2012-12-31": "100.00000", "2012-09-30": "100.00000", "2012-06-30": "100.00000", "2012-03-31": "100.00000", "2011-12-31": "100.00000", "2011-09-30": "100.00000", "2011-06-30": "100.00000", "2011-03-31": "100.00000", "2010-12-31": "85.45110", "2010-09-30": "100.00000", "2010-06-30": "100.00000", "2010-03-31": ""}, "Operating Margin": {"2020-09-30": "31.04840", "2020-06-30": "35.27960", "2020-03-31": "33.56990", "2019-12-31": "37.62930", "2019-09-30": "36.50150", "2019-06-30": "34.05550", "2019-03-31": "37.53750", "2018-12-31": "38.23010", "2018-09-30": "39.80090", "2018-06-30": "37.05480", "2018-03-31": "37.07130", "2017-12-31": "41.57490", "2017-09-30": "40.90590", "2017-06-30": "40.91510", "2017-03-31": "37.16900", "2016-12-31": "40.32610", "2016-09-30": "40.71320", "2016-06-30": "40.63270", "2016-03-31": "41.93980", "2015-12-31": "38.33150", "2015-09-30": "38.19130", "2015-06-30": "38.78020", "2015-03-31": "36.63980", "2014-12-31": "37.80810", "2014-09-30": "36.75550", "2014-06-30": "37.32760", "2014-03-31": "38.45510", "2013-12-31": "37.28720", "2013-09-30": "34.68560", "2013-06-30": "31.89990", "2013-03-31": "32.12130", "2012-12-31": "32.23970", "2012-09-30": "32.69570", "2012-06-30": "27.74430", "2012-03-31": "31.39120", "2011-12-31": "33.62510", "2011-09-30": "30.76360", "2011-06-30": "14.64540", "2011-03-31": "8.91790", "2010-12-31": "3.49500", "2010-09-30": "-56.89040", "2010-06-30": "-2641.48600", "2010-03-31": ""}, "EBIT Margin": {"2020-09-30": "52.83090", "2020-06-30": "54.97720", "2020-03-31": "54.59920", "2019-12-31": "63.75800", "2019-09-30": "56.21080", "2019-06-30": "54.59540", "2019-03-31": "56.68140", "2018-12-31": "64.48630", "2018-09-30": "58.03690", "2018-06-30": "55.51870", "2018-03-31": "55.15660", "2017-12-31": "65.10990", "2017-09-30": "57.76360", "2017-06-30": "57.45610", "2017-03-31": "55.78800", "2016-12-31": "58.24550", "2016-09-30": "58.93900", "2016-06-30": "58.67980", "2016-03-31": "59.69540", "2015-12-31": "66.64220", "2015-09-30": "57.38590", "2015-06-30": "57.86380", "2015-03-31": "56.54640", "2014-12-31": "56.18340", "2014-09-30": "55.30260", "2014-06-30": "55.79440", "2014-03-31": "56.46590", "2013-12-31": "55.03070", "2013-09-30": "54.11360", "2013-06-30": "52.81090", "2013-03-31": "53.07480", "2012-12-31": "52.81410", "2012-09-30": "52.84610", "2012-06-30": "49.33210", "2012-03-31": "47.92350", "2011-12-31": "46.41790", "2011-09-30": "42.69630", "2011-06-30": "28.21750", "2011-03-31": "25.32650", "2010-12-31": "3.49500", "2010-09-30": "-37.29240", "2010-06-30": "-2533.93800", "2010-03-31": ""}, "EBITDA Margin": {"2020-09-30": "", "2020-06-30": "", "2020-03-31": "", "2019-12-31": "", "2019-09-30": "", "2019-06-30": "", "2019-03-31": "", "2018-12-31": "", "2018-09-30": "", "2018-06-30": "", "2018-03-31": "", "2017-12-31": "", "2017-09-30": "", "2017-06-30": "", "2017-03-31": "", "2016-12-31": "", "2016-09-30": "", "2016-06-30": "", "2016-03-31": "", "2015-12-31": "", "2015-09-30": "", "2015-06-30": "", "2015-03-31": "", "2014-12-31": "", "2014-09-30": "", "2014-06-30": "", "2014-03-31": "", "2013-12-31": "", "2013-09-30": "", "2013-06-30": "", "2013-03-31": "", "2012-12-31": "", "2012-09-30": "", "2012-06-30": "", "2012-03-31": "", "2011-12-31": "", "2011-09-30": "", "2011-06-30": "", "2011-03-31": "", "2010-12-31": "", "2010-09-30": "", "2010-06-30": "", "2010-03-31": ""}, "Pre-Tax Profit Margin": {"2020-09-30": "31.04840", "2020-06-30": "35.27960", "2020-03-31": "33.56990", "2019-12-31": "37.62930", "2019-09-30": "36.50150", "2019-06-30": "34.05550", "2019-03-31": "37.53750", "2018-12-31": "38.23010", "2018-09-30": "39.80090", "2018-06-30": "37.05480", "2018-03-31": "37.07130", "2017-12-31": "41.57490", "2017-09-30": "40.90590", "2017-06-30": "40.91510", "2017-03-31": "37.16900", "2016-12-31": "40.32610", "2016-09-30": "40.71320", "2016-06-30": "40.63270", "2016-03-31": "41.93980", "2015-12-31": "38.33160", "2015-09-30": "38.19130", "2015-06-30": "38.78020", "2015-03-31": "10.76980", "2014-12-31": "37.80810", "2014-09-30": "36.75550", "2014-06-30": "37.32760", "2014-03-31": "38.45500", "2013-12-31": "37.28720", "2013-09-30": "34.68560", "2013-06-30": "31.89990", "2013-03-31": "32.12130", "2012-12-31": "32.23970", "2012-09-30": "32.69570", "2012-06-30": "27.74430", "2012-03-31": "31.39120", "2011-12-31": "33.62510", "2011-09-30": "30.76360", "2011-06-30": "14.64540", "2011-03-31": "8.91790", "2010-12-31": "-11.02680", "2010-09-30": "-56.89040", "2010-06-30": "-2641.48600", "2010-03-31": ""}, "Net Profit Margin": {"2020-09-30": "23.61260", "2020-06-30": "27.57870", "2020-03-31": "26.06770", "2019-12-31": "29.36660", "2019-09-30": "28.61980", "2019-06-30": "26.31210", "2019-03-31": "29.63070", "2018-12-31": "30.75660", "2018-09-30": "32.52160", "2018-06-30": "28.96100", "2018-03-31": "29.02630", "2017-12-31": "118.22740", "2017-09-30": "26.32620", "2017-06-30": "26.49250", "2017-03-31": "23.58140", "2016-12-31": "26.17850", "2016-09-30": "26.26750", "2016-06-30": "26.21900", "2016-03-31": "27.04640", "2015-12-31": "24.76270", "2015-09-30": "24.60420", "2015-06-30": "24.98110", "2015-03-31": "6.94610", "2014-12-31": "24.52610", "2014-09-30": "23.83490", "2014-06-30": "24.20250", "2014-03-31": "24.92930", "2013-12-31": "24.22670", "2013-09-30": "22.49970", "2013-06-30": "20.68100", "2013-03-31": "20.83160", "2012-12-31": "20.94160", "2012-09-30": "21.15820", "2012-06-30": "17.81090", "2012-03-31": "20.31410", "2011-12-31": "21.52150", "2011-09-30": "19.83280", "2011-06-30": "9.44660", "2011-03-31": "5.75210", "2010-12-31": "-7.28800", "2010-09-30": "-39.22130", "2010-06-30": "-2407.31400", "2010-03-31": ""}, "Asset Turnover": {"2020-09-30": "0.02090", "2020-06-30": "0.02270", "2020-03-31": "0.02250", "2019-12-31": "0.02530", "2019-09-30": "0.02460", "2019-06-30": "0.02300", "2019-03-31": "0.02430", "2018-12-31": "0.02430", "2018-09-30": "0.02570", "2018-06-30": "0.02310", "2018-03-31": "0.02390", "2017-12-31": "0.02550", "2017-09-30": "0.02530", "2017-06-30": "0.02560", "2017-03-31": "0.02490", "2016-12-31": "0.02650", "2016-09-30": "0.02600", "2016-06-30": "0.02620", "2016-03-31": "0.02690", "2015-12-31": "0.02640", "2015-09-30": "0.02630", "2015-06-30": "0.02610", "2015-03-31": "0.02500", "2014-12-31": "0.02670", "2014-09-30": "0.02480", "2014-06-30": "0.02550", "2014-03-31": "0.02580", "2013-12-31": "0.02600", "2013-09-30": "0.02450", "2013-06-30": "0.02460", "2013-03-31": "0.02410", "2012-12-31": "0.02590", "2012-09-30": "0.02440", "2012-06-30": "0.02320", "2012-03-31": "0.02110", "2011-12-31": "0.02230", "2011-09-30": "0.02170", "2011-06-30": "0.01980", "2011-03-31": "0.01980", "2010-12-31": "0.01620", "2010-09-30": "", "2010-06-30": "", "2010-03-31": ""}, "Inventory Turnover Ratio": {"2020-09-30": "", "2020-06-30": "", "2020-03-31": "", "2019-12-31": "", "2019-09-30": "", "2019-06-30": "", "2019-03-31": "", "2018-12-31": "", "2018-09-30": "", "2018-06-30": "", "2018-03-31": "", "2017-12-31": "", "2017-09-30": "", "2017-06-30": "", "2017-03-31": "", "2016-12-31": "", "2016-09-30": "", "2016-06-30": "", "2016-03-31": "", "2015-12-31": "", "2015-09-30": "", "2015-06-30": "", "2015-03-31": "", "2014-12-31": "", "2014-09-30": "", "2014-06-30": "", "2014-03-31": "", "2013-12-31": "", "2013-09-30": "", "2013-06-30": "", "2013-03-31": "", "2012-12-31": "", "2012-09-30": "", "2012-06-30": "", "2012-03-31": "", "2011-12-31": "", "2011-09-30": "", "2011-06-30": "", "2011-03-31": "", "2010-12-31": "", "2010-09-30": "", "2010-06-30": "", "2010-03-31": ""}, "Receiveable Turnover": {"2020-09-30": "", "2020-06-30": "", "2020-03-31": "", "2019-12-31": "", "2019-09-30": "", "2019-06-30": "", "2019-03-31": "", "2018-12-31": "", "2018-09-30": "", "2018-06-30": "", "2018-03-31": "", "2017-12-31": "", "2017-09-30": "", "2017-06-30": "", "2017-03-31": "", "2016-12-31": "", "2016-09-30": "", "2016-06-30": "", "2016-03-31": "", "2015-12-31": "", "2015-09-30": "", "2015-06-30": "", "2015-03-31": "", "2014-12-31": "", "2014-09-30": "", "2014-06-30": "", "2014-03-31": "", "2013-12-31": "", "2013-09-30": "", "2013-06-30": "", "2013-03-31": "", "2012-12-31": "", "2012-09-30": "", "2012-06-30": "", "2012-03-31": "", "2011-12-31": "", "2011-09-30": "", "2011-06-30": "", "2011-03-31": "", "2010-12-31": "", "2010-09-30": "", "2010-06-30": "", "2010-03-31": ""}, "Days Sales In Receivables": {"2020-09-30": "", "2020-06-30": "", "2020-03-31": "", "2019-12-31": "", "2019-09-30": "", "2019-06-30": "", "2019-03-31": "", "2018-12-31": "", "2018-09-30": "", "2018-06-30": "", "2018-03-31": "", "2017-12-31": "", "2017-09-30": "", "2017-06-30": "", "2017-03-31": "", "2016-12-31": "", "2016-09-30": "", "2016-06-30": "", "2016-03-31": "", "2015-12-31": "", "2015-09-30": "", "2015-06-30": "", "2015-03-31": "", "2014-12-31": "", "2014-09-30": "", "2014-06-30": "", "2014-03-31": "", "2013-12-31": "", "2013-09-30": "", "2013-06-30": "", "2013-03-31": "", "2012-12-31": "", "2012-09-30": "", "2012-06-30": "", "2012-03-31": "", "2011-12-31": "", "2011-09-30": "", "2011-06-30": "", "2011-03-31": "", "2010-12-31": "", "2010-09-30": "", "2010-06-30": "", "2010-03-31": ""}, "ROE - Return On Equity": {"2020-09-30": "2.01420", "2020-06-30": "2.51500", "2020-03-31": "2.39090", "2019-12-31": "2.93300", "2019-09-30": "2.85220", "2019-06-30": "2.42090", "2019-03-31": "2.66910", "2018-12-31": "2.87920", "2018-09-30": "3.27250", "2018-06-30": "2.65600", "2018-03-31": "2.61800", "2017-12-31": "11.41390", "2017-09-30": "2.71330", "2017-06-30": "2.83640", "2017-03-31": "2.45540", "2016-12-31": "2.86760", "2016-09-30": "2.83660", "2016-06-30": "2.87290", "2016-03-31": "2.99120", "2015-12-31": "2.67890", "2015-09-30": "2.62100", "2015-06-30": "2.65970", "2015-03-31": "0.69410", "2014-12-31": "2.52990", "2014-09-30": "2.31650", "2014-06-30": "2.35720", "2014-03-31": "2.37650", "2013-12-31": "2.33200", "2013-09-30": "1.97410", "2013-06-30": "1.78310", "2013-03-31": "1.68400", "2012-12-31": "1.70660", "2012-09-30": "1.61930", "2012-06-30": "1.25720", "2012-03-31": "1.21760", "2011-12-31": "1.13780", "2011-09-30": "0.85250", "2011-06-30": "0.33030", "2011-03-31": "0.25630", "2010-12-31": "-0.21960", "2010-09-30": "", "2010-06-30": "", "2010-03-31": ""}, "Return On Tangible Equity": {"2020-09-30": "2.01420", "2020-06-30": "2.51500", "2020-03-31": "2.39090", "2019-12-31": "2.93290", "2019-09-30": "2.85210", "2019-06-30": "2.42090", "2019-03-31": "2.66910", "2018-12-31": "2.87920", "2018-09-30": "3.27250", "2018-06-30": "2.65600", "2018-03-31": "2.61800", "2017-12-31": "11.41390", "2017-09-30": "2.71330", "2017-06-30": "2.83640", "2017-03-31": "2.45540", "2016-12-31": "2.86760", "2016-09-30": "2.83660", "2016-06-30": "2.87290", "2016-03-31": "2.99120", "2015-12-31": "2.67890", "2015-09-30": "2.62100", "2015-06-30": "2.65970", "2015-03-31": "0.69410", "2014-12-31": "2.52990", "2014-09-30": "2.31650", "2014-06-30": "2.35720", "2014-03-31": "2.37650", "2013-12-31": "2.33200", "2013-09-30": "1.97410", "2013-06-30": "1.78310", "2013-03-31": "1.68400", "2012-12-31": "1.70660", "2012-09-30": "1.61930", "2012-06-30": "1.25720", "2012-03-31": "1.21760", "2011-12-31": "1.13780", "2011-09-30": "0.85250", "2011-06-30": "0.33030", "2011-03-31": "0.25630", "2010-12-31": "-0.21960", "2010-09-30": "", "2010-06-30": "", "2010-03-31": ""}, "ROA - Return On Assets": {"2020-09-30": "0.51000", "2020-06-30": "0.64200", "2020-03-31": "0.60470", "2019-12-31": "0.75970", "2019-09-30": "0.72090", "2019-06-30": "0.62640", "2019-03-31": "0.72000", "2018-12-31": "0.74880", "2018-09-30": "0.83440", "2018-06-30": "0.66770", "2018-03-31": "0.69400", "2017-12-31": "3.01710", "2017-09-30": "0.66560", "2017-06-30": "0.67910", "2017-03-31": "0.58670", "2016-12-31": "0.69400", "2016-09-30": "0.68180", "2016-06-30": "0.68820", "2016-03-31": "0.72640", "2015-12-31": "0.65480", "2015-09-30": "0.64680", "2015-06-30": "0.65250", "2015-03-31": "0.17350", "2014-12-31": "0.65600", "2014-09-30": "0.59200", "2014-06-30": "0.61720", "2014-03-31": "0.64270", "2013-12-31": "0.63060", "2013-09-30": "0.55150", "2013-06-30": "0.50940", "2013-03-31": "0.50270", "2012-12-31": "0.54140", "2012-09-30": "0.51650", "2012-06-30": "0.41380", "2012-03-31": "0.42830", "2011-12-31": "0.47950", "2011-09-30": "0.43020", "2011-06-30": "0.18710", "2011-03-31": "0.11390", "2010-12-31": "-0.11820", "2010-09-30": "", "2010-06-30": "", "2010-03-31": ""}, "ROI - Return On Investment": {"2020-09-30": "0.56900", "2020-06-30": "0.71980", "2020-03-31": "0.68060", "2019-12-31": "0.85890", "2019-09-30": "0.81080", "2019-06-30": "0.70660", "2019-03-31": "0.81020", "2018-12-31": "0.84670", "2018-09-30": "0.94120", "2018-06-30": "0.75300", "2018-03-31": "0.78400", "2017-12-31": "3.40730", "2017-09-30": "0.76930", "2017-06-30": "0.78470", "2017-03-31": "0.67610", "2016-12-31": "0.80180", "2016-09-30": "0.78760", "2016-06-30": "0.79240", "2016-03-31": "0.83490", "2015-12-31": "0.75380", "2015-09-30": "0.73810", "2015-06-30": "0.75500", "2015-03-31": "0.19850", "2014-12-31": "0.74590", "2014-09-30": "0.66830", "2014-06-30": "0.69580", "2014-03-31": "0.72010", "2013-12-31": "0.70250", "2013-09-30": "0.61280", "2013-06-30": "0.56290", "2013-03-31": "0.55270", "2012-12-31": "0.59260", "2012-09-30": "0.56230", "2012-06-30": "0.44810", "2012-03-31": "0.45880", "2011-12-31": "0.51810", "2011-09-30": "0.46300", "2011-06-30": "0.20010", "2011-03-31": "0.12150", "2010-12-31": "-0.12590", "2010-09-30": "", "2010-06-30": "", "2010-03-31": ""}, "Book Value Per Share": {"2020-09-30": "52.53450", "2020-06-30": "51.59000", "2020-03-31": "50.47840", "2019-12-31": "49.61220", "2019-09-30": "48.46610", "2019-06-30": "47.46190", "2019-03-31": "46.56150", "2018-12-31": "43.32490", "2018-09-30": "43.03840", "2018-06-30": "41.68400", "2018-03-31": "40.64840", "2017-12-31": "39.83170", "2017-09-30": "35.40890", "2017-06-30": "34.47510", "2017-03-31": "33.53140", "2016-12-31": "32.88660", "2016-09-30": "31.97390", "2016-06-30": "31.07220", "2016-03-31": "30.19000", "2015-12-31": "29.43870", "2015-09-30": "28.65490", "2015-06-30": "27.89860", "2015-03-31": "27.15690", "2014-12-31": "27.07300", "2014-09-30": "26.32310", "2014-06-30": "25.70530", "2014-03-31": "25.34910", "2013-12-31": "24.78260", "2013-09-30": "24.18390", "2013-06-30": "23.69490", "2013-03-31": "23.45010", "2012-12-31": "23.03890", "2012-09-30": "22.57520", "2012-06-30": "22.13250", "2012-03-31": "21.95680", "2011-12-31": "21.60850", "2011-09-30": "21.28090", "2011-06-30": "21.11270", "2011-03-31": "18.94730", "2010-12-31": "18.73190", "2010-09-30": "", "2010-06-30": "", "2010-03-31": ""}, "Operating Cash Flow Per Share": {"2020-09-30": 2.1808, "2020-06-30": 2.0598, "2020-03-31": "2.05670", "2019-12-31": 3.7355, "2019-09-30": 2.7605, "2019-06-30": 3.4927, "2019-03-31": "2.32470", "2018-12-31": 3.4276, "2018-09-30": 2.5035, "2018-06-30": 3.0322, "2018-03-31": "2.19790", "2017-12-31": 2.7622, "2017-09-30": 2.265, "2017-06-30": 2.4922, "2017-03-31": "1.97130", "2016-12-31": 2.3334, "2016-09-30": 2.3191, "2016-06-30": 2.4942, "2016-03-31": "2.05990", "2015-12-31": 2.2888, "2015-09-30": 1.6716, "2015-06-30": 1.7358, "2015-03-31": "1.89490", "2014-12-31": 1.8078, "2014-09-30": 1.7413, "2014-06-30": 1.7917, "2014-03-31": "1.63800", "2013-12-31": 1.4924, "2013-09-30": 1.6821, "2013-06-30": 1.3421, "2013-03-31": "1.48730", "2012-12-31": 1.1081, "2012-09-30": 1.2165, "2012-06-30": 1.2915, "2012-03-31": "0.94500", "2011-12-31": 1.3056, "2011-09-30": 0.6946, "2011-06-30": 0.3635, "2011-03-31": "0.59120", "2010-12-31": 0.8825, "2010-09-30": 0.0626, "2010-06-30": -3.9061, "2010-03-31": "4.02220"}, "Free Cash Flow Per Share": {"2020-09-30": -1.735, "2020-06-30": 0.0354, "2020-03-31": "-3.85200", "2019-12-31": 1.177, "2019-09-30": -7.9556, "2019-06-30": -9.2649, "2019-03-31": "-5.63470", "2018-12-31": -5.4742, "2018-09-30": -1.7857, "2018-06-30": -9.6128, "2018-03-31": "-2.09010", "2017-12-31": -3.8296, "2017-09-30": 0.229, "2017-06-30": -1.3286, "2017-03-31": "-4.78110", "2016-12-31": -1.3742, "2016-09-30": -1.3756, "2016-06-30": -3.4975, "2016-03-31": "-2.64660", "2015-12-31": -1.9972, "2015-09-30": -3.0265, "2015-06-30": -3.19, "2015-03-31": "-3.65490", "2014-12-31": -0.4319, "2014-09-30": -3.7709, "2014-06-30": -4.1042, "2014-03-31": "-1.10050", "2013-12-31": -3.3014, "2013-09-30": -2.394, "2013-06-30": -3.7648, "2013-03-31": "-4.59660", "2012-12-31": -2.98, "2012-09-30": -1.9264, "2012-06-30": -7.6942, "2012-03-31": "-4.61990", "2011-12-31": -11.2581, "2011-09-30": -4.6267, "2011-06-30": -5.3362, "2011-03-31": "-8.75150", "2010-12-31": -29.5647, "2010-09-30": 2.943, "2010-06-30": -13.7558, "2010-03-31": "-5.42220"}}, "revenue": {"Air Lease Annual Revenue (Millions of US $)": {"2019": "$2,017", "2018": "$1,680", "2017": "$1,516", "2016": "$1,419", "2015": "$1,223", "2014": "$1,050", "2013": "$859", "2012": "$656", "2011": "$337", "2010": "$58"}, "Air Lease Quarterly Revenue (Millions of US $)": {"2020-09-30": "$494", "2020-06-30": "$521", "2020-03-31": "$511", "2019-12-31": "$549", "2019-09-30": "$531", "2019-06-30": "$471", "2019-03-31": "$466", "2018-12-31": "$450", "2018-09-30": "$451", "2018-06-30": "$398", "2018-03-31": "$381", "2017-12-31": "$398", "2017-09-30": "$377", "2017-06-30": "$381", "2017-03-31": "$360", "2016-12-31": "$370", "2016-09-30": "$355", "2016-06-30": "$350", "2016-03-31": "$343", "2015-12-31": "$327", "2015-09-30": "$313", "2015-06-30": "$305", "2015-03-31": "$278", "2014-12-31": "$286", "2014-09-30": "$262", "2014-06-30": "$256", "2014-03-31": "$246", "2013-12-31": "$243", "2013-09-30": "$216", "2013-06-30": "$208", "2013-03-31": "$192", "2012-12-31": "$190", "2012-09-30": "$175", "2012-06-30": "$158", "2012-03-31": "$133", "2011-12-31": "$115", "2011-09-30": "$92", "2011-06-30": "$74", "2011-03-31": "$55", "2010-12-31": "$37", "2010-09-30": "$20", "2010-06-30": "$2", "2010-03-31": ""}}, "gross-profit": {"Air Lease Annual Gross Profit (Millions of US $)": {"2019": "$2,017", "2018": "$1,680", "2017": "$1,516", "2016": "$1,419", "2015": "$1,223", "2014": "$1,050", "2013": "$859", "2012": "$656", "2011": "$337", "2010": "$58"}, "Air Lease Quarterly Gross Profit (Millions of US $)": {"2020-09-30": "$494", "2020-06-30": "$521", "2020-03-31": "$511", "2019-12-31": "$549", "2019-09-30": "$531", "2019-06-30": "$471", "2019-03-31": "$466", "2018-12-31": "$450", "2018-09-30": "$451", "2018-06-30": "$398", "2018-03-31": "$381", "2017-12-31": "$398", "2017-09-30": "$377", "2017-06-30": "$381", "2017-03-31": "$360", "2016-12-31": "$370", "2016-09-30": "$355", "2016-06-30": "$350", "2016-03-31": "$343", "2015-12-31": "$327", "2015-09-30": "$313", "2015-06-30": "$305", "2015-03-31": "$278", "2014-12-31": "$286", "2014-09-30": "$262", "2014-06-30": "$256", "2014-03-31": "$246", "2013-12-31": "$243", "2013-09-30": "$216", "2013-06-30": "$208", "2013-03-31": "$192", "2012-12-31": "$190", "2012-09-30": "$175", "2012-06-30": "$158", "2012-03-31": "$133", "2011-12-31": "$115", "2011-09-30": "$92", "2011-06-30": "$74", "2011-03-31": "$55", "2010-12-31": "$37", "2010-09-30": "$20", "2010-06-30": "$2", "2010-03-31": ""}}, "operating-income": {"Air Lease Annual Operating Income (Millions of US $)": {"2019": "$736", "2018": "$640", "2017": "$610", "2016": "$580", "2015": "$465", "2014": "$395", "2013": "$293", "2012": "$204", "2011": "$83", "2010": "$-61"}, "Air Lease Quarterly Operating Income (Millions of US $)": {"2020-09-30": "$153", "2020-06-30": "$184", "2020-03-31": "$172", "2019-12-31": "$206", "2019-09-30": "$194", "2019-06-30": "$161", "2019-03-31": "$175", "2018-12-31": "$172", "2018-09-30": "$179", "2018-06-30": "$147", "2018-03-31": "$141", "2017-12-31": "$166", "2017-09-30": "$154", "2017-06-30": "$156", "2017-03-31": "$134", "2016-12-31": "$149", "2016-09-30": "$145", "2016-06-30": "$142", "2016-03-31": "$144", "2015-12-31": "$125", "2015-09-30": "$120", "2015-06-30": "$118", "2015-03-31": "$102", "2014-12-31": "$108", "2014-09-30": "$96", "2014-06-30": "$96", "2014-03-31": "$95", "2013-12-31": "$91", "2013-09-30": "$75", "2013-06-30": "$66", "2013-03-31": "$62", "2012-12-31": "$61", "2012-09-30": "$57", "2012-06-30": "$44", "2012-03-31": "$42", "2011-12-31": "$39", "2011-09-30": "$28", "2011-06-30": "$11", "2011-03-31": "$5", "2010-12-31": "$1", "2010-09-30": "$-11", "2010-06-30": "$-45", "2010-03-31": "$-0"}}, "ebitda": {"Air Lease Annual EBITDA (Millions of US $)": {"2019": "$1,942", "2018": "$1,622", "2017": "$1,454", "2016": "$1,337", "2015": "$1,159", "2014": "$952", "2013": "$766", "2012": "$568", "2011": "$249", "2010": "$10"}, "Air Lease Quarterly EBITDA (Millions of US $)": {"2020-09-30": "$478", "2020-06-30": "$502", "2020-03-31": "$489", "2019-12-31": "$557", "2019-09-30": "$501", "2019-06-30": "$445", "2019-03-31": "$439", "2018-12-31": "$458", "2018-09-30": "$424", "2018-06-30": "$379", "2018-03-31": "$361", "2017-12-31": "$402", "2017-09-30": "$355", "2017-06-30": "$359", "2017-03-31": "$338", "2016-12-31": "$361", "2016-09-30": "$331", "2016-06-30": "$325", "2016-03-31": "$321", "2015-12-31": "$332", "2015-09-30": "$289", "2015-06-30": "$282", "2015-03-31": "$256", "2014-12-31": "$258", "2014-09-30": "$238", "2014-06-30": "$231", "2014-03-31": "$224", "2013-12-31": "$216", "2013-09-30": "$195", "2013-06-30": "$184", "2013-03-31": "$171", "2012-12-31": "$167", "2012-09-30": "$155", "2012-06-30": "$135", "2012-03-31": "$111", "2011-12-31": "$95", "2011-09-30": "$72", "2011-06-30": "$48", "2011-03-31": "$34", "2010-12-31": "$21", "2010-09-30": "$1", "2010-06-30": "$-43", "2010-03-31": "$-0"}}, "net-income": {"Air Lease Annual Net Income (Millions of US $)": {"2019": "$575", "2018": "$511", "2017": "$756", "2016": "$375", "2015": "$253", "2014": "$256", "2013": "$190", "2012": "$132", "2011": "$53", "2010": "$-52"}, "Air Lease Quarterly Net Income (Millions of US $)": {"2020-09-30": "$117", "2020-06-30": "$144", "2020-03-31": "$133", "2019-12-31": "$161", "2019-09-30": "$152", "2019-06-30": "$124", "2019-03-31": "$138", "2018-12-31": "$138", "2018-09-30": "$147", "2018-06-30": "$115", "2018-03-31": "$111", "2017-12-31": "$471", "2017-09-30": "$99", "2017-06-30": "$101", "2017-03-31": "$85", "2016-12-31": "$97", "2016-09-30": "$93", "2016-06-30": "$92", "2016-03-31": "$93", "2015-12-31": "$81", "2015-09-30": "$77", "2015-06-30": "$76", "2015-03-31": "$19", "2014-12-31": "$70", "2014-09-30": "$62", "2014-06-30": "$62", "2014-03-31": "$61", "2013-12-31": "$59", "2013-09-30": "$49", "2013-06-30": "$43", "2013-03-31": "$40", "2012-12-31": "$40", "2012-09-30": "$37", "2012-06-30": "$28", "2012-03-31": "$27", "2011-12-31": "$25", "2011-09-30": "$18", "2011-06-30": "$7", "2011-03-31": "$3", "2010-12-31": "$-3", "2010-09-30": "$-8", "2010-06-30": "$-41", "2010-03-31": "$-0"}}, "eps-earnings-per-share-diluted": {"Air Lease Annual EPS": {"2019": "$5.09", "2018": "$4.60", "2017": "$6.82", "2016": "$3.44", "2015": "$2.34", "2014": "$2.38", "2013": "$1.80", "2012": "$1.28", "2011": "$0.59", "2010": "$-1.32"}, "Air Lease Quarterly EPS": {"2020-09-30": "$1.02", "2020-06-30": "$1.26", "2020-03-31": "$1.17", "2019-12-31": "$1.42", "2019-09-30": "$1.34", "2019-06-30": "$1.10", "2019-03-31": "$1.23", "2018-12-31": "$1.24", "2018-09-30": "$1.32", "2018-06-30": "$1.04", "2018-03-31": "$1.00", "2017-12-31": "$4.22", "2017-09-30": "$0.90", "2017-06-30": "$0.92", "2017-03-31": "$0.78", "2016-12-31": "$0.89", "2016-09-30": "$0.86", "2016-06-30": "$0.84", "2016-03-31": "$0.85", "2015-12-31": "$0.74", "2015-09-30": "$0.71", "2015-06-30": "$0.70", "2015-03-31": "$0.19", "2014-12-31": "$0.65", "2014-09-30": "$0.58", "2014-06-30": "$0.58", "2014-03-31": "$0.57", "2013-12-31": "$0.55", "2013-09-30": "$0.46", "2013-06-30": "$0.41", "2013-03-31": "$0.38", "2012-12-31": "$0.38", "2012-09-30": "$0.36", "2012-06-30": "$0.28", "2012-03-31": "$0.26", "2011-12-31": "$0.28", "2011-09-30": "$0.18", "2011-06-30": "$0.08", "2011-03-31": "$0.05", "2010-12-31": "$2.23", "2010-09-30": "$-0.12", "2010-06-30": "$-2.37", "2010-03-31": "$-1.06"}}, "shares-outstanding": {"Air Lease Annual Shares Outstanding (Millions of Shares)": {"2019": "113", "2018": "112", "2017": "112", "2016": "111", "2015": "111", "2014": "110", "2013": "109", "2012": "108", "2011": "90", "2010": "40"}, "Air Lease Quarterly Shares Outstanding (Millions of Shares)": {"2020-09-30": "114", "2020-06-30": "114", "2020-03-31": "114", "2019-12-31": "113", "2019-09-30": "113", "2019-06-30": "113", "2019-03-31": "112", "2018-12-31": "112", "2018-09-30": "113", "2018-06-30": "112", "2018-03-31": "112", "2017-12-31": "112", "2017-09-30": "112", "2017-06-30": "112", "2017-03-31": "111", "2016-12-31": "111", "2016-09-30": "111", "2016-06-30": "111", "2016-03-31": "111", "2015-12-31": "111", "2015-09-30": "111", "2015-06-30": "111", "2015-03-31": "111", "2014-12-31": "110", "2014-09-30": "110", "2014-06-30": "110", "2014-03-31": "110", "2013-12-31": "109", "2013-09-30": "109", "2013-06-30": "109", "2013-03-31": "108", "2012-12-31": "108", "2012-09-30": "108", "2012-06-30": "107", "2012-03-31": "107", "2011-12-31": "90", "2011-09-30": "101", "2011-06-30": "91", "2011-03-31": "66", "2010-12-31": "40", "2010-09-30": "65", "2010-06-30": "17", "2010-03-31": "0"}}, "total-assets": {"Air Lease Annual Total Assets (Millions of US $)": {"2019": "$21,709", "2018": "$18,482", "2017": "$15,614", "2016": "$13,976", "2015": "$12,355", "2014": "$10,691", "2013": "$9,333", "2012": "$7,354", "2011": "$5,165", "2010": "$2,276"}, "Air Lease Quarterly Total Assets (Millions of US $)": {"2020-09-30": "$23,605", "2020-06-30": "$22,994", "2020-03-31": "$22,682", "2019-12-31": "$21,709", "2019-09-30": "$21,610", "2019-06-30": "$20,484", "2019-03-31": "$19,179", "2018-12-31": "$18,482", "2018-09-30": "$17,567", "2018-06-30": "$17,255", "2018-03-31": "$15,945", "2017-12-31": "$15,614", "2017-09-30": "$14,902", "2017-06-30": "$14,861", "2017-03-31": "$14,477", "2016-12-31": "$13,976", "2016-09-30": "$13,681", "2016-06-30": "$13,340", "2016-03-31": "$12,783", "2015-12-31": "$12,355", "2015-09-30": "$11,912", "2015-06-30": "$11,666", "2015-03-31": "$11,145", "2014-12-31": "$10,691", "2014-09-30": "$10,546", "2014-06-30": "$10,052", "2014-03-31": "$9,553", "2013-12-31": "$9,333", "2013-09-30": "$8,808", "2013-06-30": "$8,440", "2013-03-31": "$7,956", "2012-12-31": "$7,354", "2012-09-30": "$7,165", "2012-06-30": "$6,808", "2012-03-31": "$6,287", "2011-12-31": "$5,165", "2011-09-30": "$4,247", "2011-06-30": "$3,753", "2011-03-31": "$2,789", "2010-12-31": "$2,276", "2010-09-30": "$0", "2010-06-30": "$0", "2010-03-31": "$0"}}, "cash-on-hand": {"Air Lease Annual Cash on Hand (Millions of US $)": {"2019": "$338", "2018": "$323", "2017": "$308", "2016": "$291", "2015": "$173", "2014": "$290", "2013": "$357", "2012": "$336", "2011": "$378", "2010": "$377"}, "Air Lease Quarterly Cash on Hand (Millions of US $)": {"2020-09-30": "$1,262", "2020-06-30": "$942", "2020-03-31": "$753", "2019-12-31": "$338", "2019-09-30": "$336", "2019-06-30": "$288", "2019-03-31": "$298", "2018-12-31": "$323", "2018-09-30": "$249", "2018-06-30": "$281", "2018-03-31": "$272", "2017-12-31": "$308", "2017-09-30": "$245", "2017-06-30": "$262", "2017-03-31": "$174", "2016-12-31": "$291", "2016-09-30": "$244", "2016-06-30": "$197", "2016-03-31": "$179", "2015-12-31": "$173", "2015-09-30": "$130", "2015-06-30": "$172", "2015-03-31": "$227", "2014-12-31": "$290", "2014-09-30": "$219", "2014-06-30": "$259", "2014-03-31": "$333", "2013-12-31": "$357", "2013-09-30": "$307", "2013-06-30": "$312", "2013-03-31": "$328", "2012-12-31": "$336", "2012-09-30": "$551", "2012-06-30": "$502", "2012-03-31": "$916", "2011-12-31": "$378", "2011-09-30": "$354", "2011-06-30": "$514", "2011-03-31": "$292", "2010-12-31": "$377", "2010-09-30": "", "2010-06-30": "", "2010-03-31": ""}}, "long-term-debt": {"Air Lease Annual Long Term Debt (Millions of US $)": {"2019": "$13,579", "2018": "$11,539", "2017": "$9,699", "2016": "$8,714", "2015": "$7,712", "2014": "$6,631", "2013": "$5,853", "2012": "$4,385", "2011": "$2,603", "2010": "$912"}, "Air Lease Quarterly Long Term Debt (Millions of US $)": {"2020-09-30": "$15,180", "2020-06-30": "$14,639", "2020-03-31": "$14,415", "2019-12-31": "$13,579", "2019-09-30": "$13,752", "2019-06-30": "$12,859", "2019-03-31": "$11,870", "2018-12-31": "$11,539", "2018-09-30": "$11,094", "2018-06-30": "$10,962", "2018-03-31": "$9,887", "2017-12-31": "$9,699", "2017-09-30": "$9,237", "2017-06-30": "$9,303", "2017-03-31": "$9,103", "2016-12-31": "$8,714", "2016-09-30": "$8,555", "2016-06-30": "$8,390", "2016-03-31": "$8,018", "2015-12-31": "$7,712", "2015-09-30": "$7,498", "2015-06-30": "$7,220", "2015-03-31": "$6,955", "2014-12-31": "$6,631", "2014-09-30": "$6,647", "2014-06-30": "$6,284", "2014-03-31": "$5,943", "2013-12-31": "$5,853", "2013-09-30": "$5,466", "2013-06-30": "$5,226", "2013-03-31": "$4,861", "2012-12-31": "$4,385", "2012-09-30": "$4,296", "2012-06-30": "$4,047", "2012-03-31": "$3,658", "2011-12-31": "$2,603", "2011-09-30": "$1,803", "2011-06-30": "$1,384", "2011-03-31": "$1,375", "2010-12-31": "$912", "2010-09-30": "", "2010-06-30": "", "2010-03-31": ""}}, "total-liabilities": {"Air Lease Annual Total Liabilities (Millions of US $)": {"2019": "$16,086", "2018": "$13,675", "2017": "$11,487", "2016": "$10,593", "2015": "$9,335", "2014": "$7,919", "2013": "$6,809", "2012": "$5,021", "2011": "$2,988", "2010": "$1,051"}, "Air Lease Quarterly Total Liabilities (Millions of US $)": {"2020-09-30": "$17,627", "2020-06-30": "$17,124", "2020-03-31": "$16,946", "2019-12-31": "$16,086", "2019-09-30": "$16,148", "2019-06-30": "$15,184", "2019-03-31": "$14,005", "2018-12-31": "$13,675", "2018-09-30": "$13,088", "2018-06-30": "$12,918", "2018-03-31": "$11,718", "2017-12-31": "$11,487", "2017-09-30": "$11,246", "2017-06-30": "$11,303", "2017-03-31": "$11,018", "2016-12-31": "$10,593", "2016-09-30": "$10,393", "2016-06-30": "$10,145", "2016-03-31": "$9,679", "2015-12-31": "$9,335", "2015-09-30": "$8,972", "2015-06-30": "$8,804", "2015-03-31": "$8,360", "2014-12-31": "$7,919", "2014-09-30": "$7,850", "2014-06-30": "$7,420", "2014-03-31": "$6,970", "2013-12-31": "$6,809", "2013-09-30": "$6,347", "2013-06-30": "$6,029", "2013-03-31": "$5,581", "2012-12-31": "$5,021", "2012-09-30": "$4,880", "2012-06-30": "$4,567", "2012-03-31": "$4,075", "2011-12-31": "$2,988", "2011-09-30": "$2,104", "2011-06-30": "$1,627", "2011-03-31": "$1,550", "2010-12-31": "$1,051", "2010-09-30": "$0", "2010-06-30": "$0", "2010-03-31": "$0"}}, "total-share-holder-equity": {"Air Lease Annual Share Holder Equity (Millions of US $)": {"2019": "$5,624", "2018": "$4,807", "2017": "$4,127", "2016": "$3,382", "2015": "$3,020", "2014": "$2,772", "2013": "$2,523", "2012": "$2,333", "2011": "$2,176", "2010": "$1,225"}, "Air Lease Quarterly Share Holder Equity (Millions of US $)": {"2020-09-30": "$5,977", "2020-06-30": "$5,870", "2020-03-31": "$5,736", "2019-12-31": "$5,624", "2019-09-30": "$5,462", "2019-06-30": "$5,300", "2019-03-31": "$5,174", "2018-12-31": "$4,807", "2018-09-30": "$4,479", "2018-06-30": "$4,338", "2018-03-31": "$4,227", "2017-12-31": "$4,127", "2017-09-30": "$3,656", "2017-06-30": "$3,558", "2017-03-31": "$3,459", "2016-12-31": "$3,382", "2016-09-30": "$3,288", "2016-06-30": "$3,196", "2016-03-31": "$3,104", "2015-12-31": "$3,020", "2015-09-30": "$2,939", "2015-06-30": "$2,862", "2015-03-31": "$2,785", "2014-12-31": "$2,772", "2014-09-30": "$2,695", "2014-06-30": "$2,632", "2014-03-31": "$2,584", "2013-12-31": "$2,523", "2013-09-30": "$2,461", "2013-06-30": "$2,411", "2013-03-31": "$2,375", "2012-12-31": "$2,333", "2012-09-30": "$2,286", "2012-06-30": "$2,241", "2012-03-31": "$2,211", "2011-12-31": "$2,176", "2011-09-30": "$2,143", "2011-06-30": "$2,126", "2011-03-31": "$1,239", "2010-12-31": "$1,225", "2010-09-30": "$0", "2010-06-30": "$0", "2010-03-31": "$0"}}, "profit-margins": {"current": "27.48%"}, "gross margin": {"2020-09-30": "100.00%", "2020-06-30": "100.00%", "2020-03-31": "100.00%", "2019-12-31": "100.00%", "2019-09-30": "100.00%", "2019-06-30": "100.00%", "2019-03-31": "100.00%", "2018-12-31": "100.00%", "2018-09-30": "100.00%", "2018-06-30": "100.00%", "2018-03-31": "100.00%", "2017-12-31": "100.00%", "2017-09-30": "100.00%", "2017-06-30": "100.00%", "2017-03-31": "100.00%", "2016-12-31": "100.00%", "2016-09-30": "100.00%", "2016-06-30": "100.00%", "2016-03-31": "100.00%", "2015-12-31": "100.00%", "2015-09-30": "100.00%", "2015-06-30": "100.00%", "2015-03-31": "100.00%", "2014-12-31": "100.00%", "2014-09-30": "100.00%", "2014-06-30": "100.00%", "2014-03-31": "100.00%", "2013-12-31": "100.00%", "2013-09-30": "100.00%", "2013-06-30": "100.00%", "2013-03-31": "100.00%", "2012-12-31": "100.00%", "2012-09-30": "100.00%", "2012-06-30": "100.00%", "2012-03-31": "100.00%", "2011-12-31": "100.00%", "2011-09-30": "100.00%", "2011-06-30": "100.00%", "2011-03-31": "100.00%"}, "operating margin": {"2020-09-30": "34.46%", "2020-06-30": "35.80%", "2020-03-31": "35.55%", "2019-12-31": "36.49%", "2019-09-30": "36.60%", "2019-06-30": "37.38%", "2019-03-31": "38.13%", "2018-12-31": "38.04%", "2018-09-30": "38.88%", "2018-06-30": "39.12%", "2018-03-31": "40.14%", "2017-12-31": "40.24%", "2017-09-30": "39.85%", "2017-06-30": "39.84%", "2017-03-31": "39.72%", "2016-12-31": "40.90%", "2016-09-30": "40.44%", "2016-06-30": "39.83%", "2016-03-31": "39.36%", "2015-12-31": "38.02%", "2015-09-30": "37.90%", "2015-06-30": "37.49%", "2015-03-31": "37.15%", "2014-12-31": "37.62%", "2014-09-30": "37.54%", "2014-06-30": "37.15%", "2014-03-31": "35.82%", "2013-12-31": "34.23%", "2013-09-30": "32.75%", "2013-06-30": "32.16%", "2013-03-31": "31.33%", "2012-12-31": "31.10%", "2012-09-30": "31.33%", "2012-06-30": "30.72%", "2012-03-31": "28.99%", "2011-12-31": "24.70%", "2011-09-30": "17.44%", "2011-06-30": "3.23%", "2011-03-31": "-43.86%"}, "ebitda margin": {"2020-09-30": "97.64%", "2020-06-30": "97.02%", "2020-03-31": "96.61%", "2019-12-31": "96.28%", "2019-09-30": "96.09%", "2019-06-30": "96.08%", "2019-03-31": "96.32%", "2018-12-31": "96.55%", "2018-09-30": "96.19%", "2018-06-30": "96.33%", "2018-03-31": "96.10%", "2017-12-31": "95.91%", "2017-09-30": "94.96%", "2017-06-30": "94.75%", "2017-03-31": "94.43%", "2016-12-31": "94.36%", "2016-09-30": "95.20%", "2016-06-30": "95.05%", "2016-03-31": "95.03%", "2015-12-31": "94.77%", "2015-09-30": "91.79%", "2015-06-30": "91.42%", "2015-03-31": "90.85%", "2014-12-31": "90.57%", "2014-09-30": "90.27%", "2014-06-30": "90.11%", "2014-03-31": "89.70%", "2013-12-31": "89.17%", "2013-09-30": "88.96%", "2013-06-30": "88.50%", "2013-03-31": "87.83%", "2012-12-31": "86.59%", "2012-09-30": "85.37%", "2012-06-30": "82.93%", "2012-03-31": "78.74%", "2011-12-31": "74.11%", "2011-09-30": "67.83%", "2011-06-30": "55.91%", "2011-03-31": "11.40%"}, "pre tax profit margin": {"2020-09-30": "34.46%", "2020-06-30": "35.80%", "2020-03-31": "35.55%", "2019-12-31": "36.49%", "2019-09-30": "36.60%", "2019-06-30": "37.38%", "2019-03-31": "38.13%", "2018-12-31": "38.04%", "2018-09-30": "38.88%", "2018-06-30": "39.12%", "2018-03-31": "40.14%", "2017-12-31": "40.24%", "2017-09-30": "39.85%", "2017-06-30": "39.84%", "2017-03-31": "39.72%", "2016-12-31": "40.90%", "2016-09-30": "40.44%", "2016-06-30": "39.83%", "2016-03-31": "39.36%", "2015-12-31": "32.13%", "2015-09-30": "31.81%", "2015-06-30": "31.12%", "2015-03-31": "30.50%", "2014-12-31": "37.62%", "2014-09-30": "37.54%", "2014-06-30": "37.15%", "2014-03-31": "35.82%", "2013-12-31": "34.23%", "2013-09-30": "32.75%", "2013-06-30": "32.16%", "2013-03-31": "31.33%", "2012-12-31": "31.10%", "2012-09-30": "31.33%", "2012-06-30": "30.72%", "2012-03-31": "28.99%", "2011-12-31": "24.70%", "2011-09-30": "15.50%", "2011-06-30": "0.54%", "2011-03-31": "-48.25%"}, "net profit margin": {"2020-09-30": "26.75%", "2020-06-30": "27.94%", "2020-03-31": "27.64%", "2019-12-31": "28.51%", "2019-09-30": "28.78%", "2019-06-30": "29.76%", "2019-03-31": "30.48%", "2018-12-31": "30.42%", "2018-09-30": "51.84%", "2018-06-30": "51.22%", "2018-03-31": "50.88%", "2017-12-31": "49.87%", "2017-09-30": "25.67%", "2017-06-30": "25.65%", "2017-03-31": "25.57%", "2016-12-31": "26.45%", "2016-09-30": "26.11%", "2016-06-30": "25.73%", "2016-03-31": "25.39%", "2015-12-31": "20.69%", "2015-09-30": "20.47%", "2015-06-30": "20.07%", "2015-03-31": "19.69%", "2014-12-31": "24.29%", "2014-09-30": "24.23%", "2014-06-30": "24.04%", "2014-03-31": "23.22%", "2013-12-31": "22.24%", "2013-09-30": "21.34%", "2013-06-30": "20.92%", "2013-03-31": "20.28%", "2012-12-31": "20.12%", "2012-09-30": "20.14%", "2012-06-30": "19.68%", "2012-03-31": "18.60%", "2011-12-31": "15.77%", "2011-09-30": "9.69%", "2011-06-30": "-0.54%", "2011-03-31": "-42.98%"}, "pe ratio": {"current": "8.86", "2021-02-05": "8.86", "2020-09-30": "6.02", "2020-06-30": "5.60", "2020-03-31": "4.34", "2019-12-31": "9.12", "2019-09-30": "8.30", "2019-06-30": "8.21", "2019-03-31": "6.88", "2018-12-31": "6.33", "2018-09-30": "5.82", "2018-06-30": "5.62", "2018-03-31": "5.79", "2017-12-31": "6.73", "2017-09-30": "11.63", "2017-06-30": "10.29", "2017-03-31": "10.91", "2016-12-31": "9.45", "2016-09-30": "8.21", "2016-06-30": "8.05", "2016-03-31": "10.08", "2015-12-31": "13.45", "2015-09-30": "12.90", "2015-06-30": "14.99", "2015-03-31": "17.67", "2014-12-31": "13.49", "2014-09-30": "13.32", "2014-06-30": "16.68", "2014-03-31": "17.49", "2013-12-31": "16.10", "2013-09-30": "15.81", "2013-06-30": "16.78", "2013-03-31": "19.47", "2012-12-31": "15.60", "2012-09-30": "16.62", "2012-06-30": "18.76", "2012-03-31": "29.42"}, "price sales": {"2021-02-05": "2.36", "2020-09-30": "1.61", "2020-06-30": "1.56", "2020-03-31": "1.20", "2019-12-31": "2.60", "2019-09-30": "2.39", "2019-06-30": "2.46", "2019-03-31": "2.12", "2018-12-31": "1.95", "2018-09-30": "3.04", "2018-06-30": "2.90", "2018-03-31": "2.96", "2017-12-31": "3.38", "2017-09-30": "3.04", "2017-06-30": "2.69", "2017-03-31": "2.84", "2016-12-31": "2.54", "2016-09-30": "2.17", "2016-06-30": "2.10", "2016-03-31": "2.60", "2015-12-31": "2.85", "2015-09-30": "2.71", "2015-06-30": "3.11", "2015-03-31": "3.60", "2014-12-31": "3.37", "2014-09-30": "3.31", "2014-06-30": "4.11", "2014-03-31": "4.16", "2013-12-31": "3.67", "2013-09-30": "3.47", "2013-06-30": "3.63", "2013-03-31": "4.11", "2012-12-31": "3.28", "2012-09-30": "3.38", "2012-06-30": "3.68", "2012-03-31": "5.28"}, "price book": {"current": "0.82", "2021-02-05": "0.82", "2020-09-30": "0.56", "2020-06-30": "0.56", "2020-03-31": "0.43", "2019-12-31": "0.94", "2019-09-30": "0.84", "2019-06-30": "0.85", "2019-03-31": "0.71", "2018-12-31": "0.67", "2018-09-30": "1.02", "2018-06-30": "0.97", "2018-03-31": "1.00", "2017-12-31": "1.15", "2017-09-30": "1.15", "2017-06-30": "1.03", "2017-03-31": "1.10", "2016-12-31": "0.99", "2016-09-30": "0.84", "2016-06-30": "0.81", "2016-03-31": "1.00", "2015-12-31": "1.07", "2015-09-30": "1.01", "2015-06-30": "1.14", "2015-03-31": "1.30", "2014-12-31": "1.19", "2014-09-30": "1.15", "2014-06-30": "1.40", "2014-03-31": "1.37", "2013-12-31": "1.17", "2013-09-30": "1.07", "2013-06-30": "1.08", "2013-03-31": "1.16", "2012-12-31": "0.87", "2012-09-30": "0.84", "2012-06-30": "0.81", "2012-03-31": "1.02", "2011-12-31": "1.02", "2011-09-30": "0.84", "2011-06-30": "1.07"}, "price fcf": {"2021-02-05": "", "2020-09-30": "$-4.37", "2020-06-30": "$-10.60", "2020-03-31": "$-19.90", "2019-12-31": "$-21.68", "2019-09-30": "$-28.33", "2019-06-30": "$-22.16", "2019-03-31": "$-22.51", "2018-12-31": "$-18.96", "2018-09-30": "$-17.32", "2018-06-30": "$-15.30", "2018-03-31": "$-7.02", "2017-12-31": "$-9.71", "2017-09-30": "$-7.25", "2017-06-30": "$-8.86", "2017-03-31": "$-11.03", "2016-12-31": "$-8.89", "2016-09-30": "$-9.52", "2016-06-30": "$-11.17", "2016-03-31": "$-10.86", "2015-12-31": "$-11.87", "2015-09-30": "$-10.30", "2015-06-30": "$-11.05", "2015-03-31": "$-11.96", "2014-12-31": "$-9.41", "2014-09-30": "$-12.28", "2014-06-30": "$-10.90", "2014-03-31": "$-10.56", "2013-12-31": "$-14.06", "2013-09-30": "$-13.74", "2013-06-30": "$-13.27", "2013-03-31": "$-17.20", "2012-12-31": "$-17.22", "2012-09-30": "$-25.50", "2012-06-30": "$-28.20", "2012-03-31": "$-34.59"}, "net worth": {"value": "$4.91B"}, "current ratio": {"2020-09-30": "3.14", "2020-06-30": "1.89", "2020-03-31": "1.53", "2019-12-31": "0.66", "2019-09-30": "0.80", "2019-06-30": "0.64", "2019-03-31": "0.81", "2018-12-31": "0.85", "2018-09-30": "0.80", "2018-06-30": "0.85", "2018-03-31": "0.97", "2017-12-31": "1.00", "2017-09-30": "1.06", "2017-06-30": "0.96", "2017-03-31": "0.78", "2016-12-31": "1.13", "2016-09-30": "1.04", "2016-06-30": "0.87", "2016-03-31": "0.93", "2015-12-31": "0.80", "2015-09-30": "0.77", "2015-06-30": "0.47", "2015-03-31": "0.91", "2014-12-31": "1.52", "2014-09-30": "1.36", "2014-06-30": "1.52", "2014-03-31": "2.28", "2013-12-31": "2.72", "2013-09-30": "2.49", "2013-06-30": "2.77", "2013-03-31": "3.15", "2012-12-31": "3.73", "2012-09-30": "5.79", "2012-06-30": "6.12", "2012-03-31": "17.56", "2011-12-31": "6.92", "2011-09-30": "8.67", "2011-06-30": "17.73", "2011-03-31": "12.67", "2010-12-31": "17.12", "2010-09-30": "0.00", "2010-06-30": "0.00", "2010-03-31": "0.00"}, "quick ratio": {"2020-09-30": "0.00", "2020-06-30": "0.00", "2020-03-31": "0.00", "2019-12-31": "0.00", "2019-09-30": "0.00", "2019-06-30": "0.00", "2019-03-31": "0.00", "2018-12-31": "0.00", "2018-09-30": "0.00", "2018-06-30": "0.00", "2018-03-31": "0.00", "2017-12-31": "0.00", "2017-09-30": "0.00", "2017-06-30": "0.00", "2017-03-31": "0.00", "2016-12-31": "0.00", "2016-09-30": "0.00", "2016-06-30": "0.00", "2016-03-31": "0.00", "2015-12-31": "0.00", "2015-09-30": "0.00", "2015-06-30": "0.00", "2015-03-31": "0.00", "2014-12-31": "0.00", "2014-09-30": "0.00", "2014-06-30": "0.00", "2014-03-31": "0.00", "2013-12-31": "0.00", "2013-09-30": "0.00", "2013-06-30": "0.00", "2013-03-31": "0.00", "2012-12-31": "0.00", "2012-09-30": "0.00", "2012-06-30": "0.00", "2012-03-31": "0.00", "2011-12-31": "0.00", "2011-09-30": "0.00", "2011-06-30": "0.00", "2011-03-31": "0.00", "2010-12-31": "0.00", "2010-09-30": "0.00", "2010-06-30": "0.00", "2010-03-31": "0.00"}, "debt equity ratio": {"current": "2.54", "2020-09-30": "2.95", "2020-06-30": "2.92", "2020-03-31": "2.95", "2019-12-31": "2.86", "2019-09-30": "2.96", "2019-06-30": "2.87", "2019-03-31": "2.71", "2018-12-31": "2.85", "2018-09-30": "2.92", "2018-06-30": "2.98", "2018-03-31": "2.77", "2017-12-31": "2.78", "2017-09-30": "3.08", "2017-06-30": "3.18", "2017-03-31": "3.19", "2016-12-31": "3.13", "2016-09-30": "3.16", "2016-06-30": "3.18", "2016-03-31": "3.12", "2015-12-31": "3.09", "2015-09-30": "3.05", "2015-06-30": "3.08", "2015-03-31": "3.00", "2014-12-31": "2.86", "2014-09-30": "2.91", "2014-06-30": "2.82", "2014-03-31": "2.70", "2013-12-31": "2.70", "2013-09-30": "2.58", "2013-06-30": "2.50", "2013-03-31": "2.35", "2012-12-31": "2.15", "2012-09-30": "2.14", "2012-06-30": "2.04", "2012-03-31": "1.84", "2011-12-31": "1.37", "2011-09-30": "0.98", "2011-06-30": "0.77", "2011-03-31": "1.25", "2010-12-31": "0.86", "2010-09-30": "0.00", "2010-06-30": "0.00", "2010-03-31": "0.00"}, "return on equity": {"2020-09-30": "9.57%", "2020-06-30": "10.40%", "2020-03-31": "10.31%", "2019-12-31": "10.67%", "2019-09-30": "10.64%", "2019-06-30": "11.07%", "2019-03-31": "11.45%", "2018-12-31": "11.45%", "2018-09-30": "19.66%", "2018-06-30": "19.48%", "2018-03-31": "20.09%", "2017-12-31": "20.43%", "2017-09-30": "10.87%", "2017-06-30": "10.99%", "2017-03-31": "11.02%", "2016-12-31": "11.57%", "2016-09-30": "11.39%", "2016-06-30": "11.19%", "2016-03-31": "10.97%", "2015-12-31": "8.72%", "2015-09-30": "8.52%", "2015-06-30": "8.17%", "2015-03-31": "7.83%", "2014-12-31": "9.55%", "2014-09-30": "9.35%", "2014-06-30": "9.06%", "2014-03-31": "8.50%", "2013-12-31": "7.82%", "2013-09-30": "7.18%", "2013-06-30": "6.80%", "2013-03-31": "6.28%", "2012-12-31": "5.82%", "2012-09-30": "5.25%", "2012-06-30": "4.47%", "2012-03-31": "3.56%", "2011-12-31": "2.76%", "2011-09-30": "1.49%", "2011-06-30": "-0.09%", "2011-03-31": "-7.95%", "2010-12-31": "-16.98%"}, "return on assets": {"2020-09-30": "2.44%", "2020-06-30": "2.65%", "2020-03-31": "2.64%", "2019-12-31": "2.77%", "2019-09-30": "2.77%", "2019-06-30": "2.89%", "2019-03-31": "2.97%", "2018-12-31": "2.95%", "2018-09-30": "5.09%", "2018-06-30": "5.00%", "2018-03-31": "5.10%", "2017-12-31": "5.05%", "2017-09-30": "2.62%", "2017-06-30": "2.64%", "2017-03-31": "2.65%", "2016-12-31": "2.79%", "2016-09-30": "2.75%", "2016-06-30": "2.72%", "2016-03-31": "2.68%", "2015-12-31": "2.15%", "2015-09-30": "2.13%", "2015-06-30": "2.06%", "2015-03-31": "2.01%", "2014-12-31": "2.50%", "2014-09-30": "2.47%", "2014-06-30": "2.45%", "2014-03-31": "2.35%", "2013-12-31": "2.21%", "2013-09-30": "2.11%", "2013-06-30": "2.07%", "2013-03-31": "1.98%", "2012-12-31": "1.91%", "2012-09-30": "1.84%", "2012-06-30": "1.74%", "2012-03-31": "1.58%", "2011-12-31": "1.33%", "2011-09-30": "0.77%", "2011-06-30": "-0.05%", "2011-03-31": "-3.87%", "2010-12-31": "-9.14%"}, "return on investments": {"2020-09-30": "3.53%", "2020-06-30": "3.82%", "2020-03-31": "3.82%", "2019-12-31": "4.00%", "2019-09-30": "3.97%", "2019-06-30": "4.09%", "2019-03-31": "4.19%", "2018-12-31": "4.17%", "2018-09-30": "4.31%", "2018-06-30": "4.33%", "2018-03-31": "4.60%", "2017-12-31": "4.68%", "2017-09-30": "4.71%", "2017-06-30": "4.73%", "2017-03-31": "4.74%", "2016-12-31": "4.97%", "2016-09-30": "4.91%", "2016-06-30": "4.84%", "2016-03-31": "4.79%", "2015-12-31": "4.54%", "2015-09-30": "4.52%", "2015-06-30": "4.40%", "2015-03-31": "4.30%", "2014-12-31": "4.37%", "2014-09-30": "4.30%", "2014-06-30": "4.23%", "2014-03-31": "4.03%", "2013-12-31": "3.77%", "2013-09-30": "3.58%", "2013-06-30": "3.49%", "2013-03-31": "3.34%", "2012-12-31": "3.21%", "2012-09-30": "3.10%", "2012-06-30": "2.93%", "2012-03-31": "2.65%", "2011-12-31": "2.24%", "2011-09-30": "1.47%", "2011-06-30": "0.29%", "2011-03-31": "-4.21%", "2010-12-31": "-10.29%"}, "return on tangible equity": {"2020-09-30": "9.57%", "2020-06-30": "10.40%", "2020-03-31": "10.31%", "2019-12-31": "10.67%", "2019-09-30": "10.64%", "2019-06-30": "11.07%", "2019-03-31": "11.45%", "2018-12-31": "11.45%", "2018-09-30": "19.66%", "2018-06-30": "19.48%", "2018-03-31": "20.09%", "2017-12-31": "20.43%", "2017-09-30": "10.87%", "2017-06-30": "10.99%", "2017-03-31": "11.02%", "2016-12-31": "11.57%", "2016-09-30": "11.39%", "2016-06-30": "11.19%", "2016-03-31": "10.97%", "2015-12-31": "8.72%", "2015-09-30": "8.52%", "2015-06-30": "8.17%", "2015-03-31": "7.83%", "2014-12-31": "9.55%", "2014-09-30": "9.35%", "2014-06-30": "9.06%", "2014-03-31": "8.50%", "2013-12-31": "7.82%", "2013-09-30": "7.18%", "2013-06-30": "6.80%", "2013-03-31": "6.28%", "2012-12-31": "5.82%", "2012-09-30": "5.25%", "2012-06-30": "4.47%", "2012-03-31": "3.56%", "2011-12-31": "2.76%", "2011-09-30": "1.49%", "2011-06-30": "-0.09%", "2011-03-31": "-7.95%", "2010-12-31": "-16.98%"}, "dividend yield history": {"last payout": "$0.64", "last yield": "1.48%"}}