{"ticker": "APD", "price": {"title": "Air Products And Chemicals Historical Annual Stock Price Data", "value": 253.15, "historical": {"2021": {"Average Stock Price": "278.2917", "Year Open": "268.2000", "Year High": "290.6700", "Year Low": "253.1500", "Year Close": "253.1500", "Annual % Change": "-7.35%"}, "2020": {"Average Stock Price": "256.7075", "Year Open": "231.1400", "Year High": "312.6700", "Year Low": "176.7300", "Year Close": "273.2200", "Annual % Change": "16.27%"}, "2019": {"Average Stock Price": "207.8700", "Year Open": "159.5900", "Year High": "241.3100", "Year Low": "154.6200", "Year Close": "234.9900", "Annual % Change": "46.82%"}, "2018": {"Average Stock Price": "162.4227", "Year Open": "165.5100", "Year High": "174.0000", "Year Low": "148.9100", "Year Close": "160.0500", "Annual % Change": "-2.46%"}, "2017": {"Average Stock Price": "147.2386", "Year Open": "143.4000", "Year High": "164.6200", "Year Low": "134.3000", "Year Close": "164.0800", "Annual % Change": "14.09%"}, "2016": {"Average Stock Price": "141.2637", "Year Open": "129.1900", "Year High": "157.4000", "Year Low": "116.3100", "Year Close": "143.8200", "Annual % Change": "10.54%"}, "2015": {"Average Stock Price": "142.5522", "Year Open": "145.4300", "Year High": "158.1300", "Year Low": "125.2500", "Year Close": "130.1100", "Annual % Change": "-9.79%"}, "2014": {"Average Stock Price": "126.1848", "Year Open": "111.4400", "Year High": "149.1200", "Year Low": "103.7500", "Year Close": "144.2300", "Annual % Change": "29.03%"}, "2013": {"Average Stock Price": "97.7121", "Year Open": "85.8600", "Year High": "113.6600", "Year Low": "84.2300", "Year Close": "111.7800", "Annual % Change": "33.04%"}, "2012": {"Average Stock Price": "84.2907", "Year Open": "86.3500", "Year High": "92.6800", "Year Low": "76.8800", "Year Close": "84.0200", "Annual % Change": "-1.37%"}, "2011": {"Average Stock Price": "87.1624", "Year Open": "90.5300", "Year High": "97.7900", "Year Low": "73.8700", "Year Close": "85.1900", "Annual % Change": "-6.33%"}, "2010": {"Average Stock Price": "77.0900", "Year Open": "83.1600", "Year High": "91.2500", "Year Low": "64.8100", "Year Close": "90.9500", "Annual % Change": "12.20%"}, "2009": {"Average Stock Price": "67.8756", "Year Open": "53.0600", "Year High": "84.7100", "Year Low": "43.8000", "Year Close": "81.0600", "Annual % Change": "61.25%"}, "2008": {"Average Stock Price": "83.3279", "Year Open": "96.5800", "Year High": "106.0300", "Year Low": "41.6500", "Year Close": "50.2700", "Annual % Change": "-49.03%"}, "2007": {"Average Stock Price": "84.5398", "Year Open": "71.9100", "Year High": "103.0800", "Year Low": "69.1100", "Year Close": "98.6300", "Annual % Change": "40.34%"}, "2006": {"Average Stock Price": "65.7478", "Year Open": "59.6100", "Year High": "72.4500", "Year Low": "58.3400", "Year Close": "70.2800", "Annual % Change": "18.74%"}, "2005": {"Average Stock Price": "59.2206", "Year Open": "58.0500", "Year High": "65.1400", "Year Low": "53.3300", "Year Close": "59.1900", "Annual % Change": "2.10%"}, "2004": {"Average Stock Price": "52.0469", "Year Open": "52.6700", "Year High": "58.8700", "Year Low": "47.0200", "Year Close": "57.9700", "Annual % Change": "9.73%"}, "2003": {"Average Stock Price": "44.3672", "Year Open": "42.5500", "Year High": "53.0700", "Year Low": "37.4900", "Year Close": "52.8300", "Annual % Change": "23.58%"}, "2002": {"Average Stock Price": "46.5243", "Year Open": "47.0000", "Year High": "53.0500", "Year Low": "40.5500", "Year Close": "42.7500", "Annual % Change": "-8.87%"}, "2001": {"Average Stock Price": "42.1863", "Year Open": "40.4400", "Year High": "48.0000", "Year Low": "33.5900", "Year Close": "46.9100", "Annual % Change": "14.41%"}, "2000": {"Average Stock Price": "32.9742", "Year Open": "32.8100", "Year High": "42.1300", "Year Low": "24.1900", "Year Close": "41.0000", "Annual % Change": "22.17%"}, "1999": {"Average Stock Price": "35.5717", "Year Open": "39.0000", "Year High": "49.1300", "Year Low": "26.4400", "Year Close": "33.5600", "Annual % Change": "-16.10%"}, "1998": {"Average Stock Price": "38.8942", "Year Open": "41.7800", "Year High": "45.1250", "Year Low": "29.7500", "Year Close": "40.0000", "Annual % Change": "-2.74%"}, "1997": {"Average Stock Price": "38.6683", "Year Open": "34.0650", "Year High": "44.0950", "Year Low": "33.3150", "Year Close": "41.1250", "Annual % Change": "19.00%"}, "1996": {"Average Stock Price": "28.9832", "Year Open": "26.8750", "Year High": "35.0000", "Year Low": "25.6250", "Year Close": "34.5600", "Annual % Change": "31.03%"}, "1995": {"Average Stock Price": "26.0638", "Year Open": "22.5000", "Year High": "29.6250", "Year Low": "22.2500", "Year Close": "26.3750", "Annual % Change": "18.19%"}, "1994": {"Average Stock Price": "22.8247", "Year Open": "22.6900", "Year High": "25.0000", "Year Low": "19.8750", "Year Close": "22.3150", "Annual % Change": "0.86%"}, "1993": {"Average Stock Price": "21.4255", "Year Open": "23.6900", "Year High": "24.0000", "Year Low": "18.9400", "Year Close": "22.1250", "Annual % Change": "-5.35%"}, "1992": {"Average Stock Price": "21.9610", "Year Open": "18.4700", "Year High": "24.5000", "Year Low": "18.4700", "Year Close": "23.3750", "Annual % Change": "26.56%"}, "1991": {"Average Stock Price": "16.4151", "Year Open": "13.6550", "Year High": "18.4700", "Year Low": "12.8450", "Year Close": "18.4700", "Annual % Change": "34.94%"}, "1990": {"Average Stock Price": "12.6368", "Year Open": "12.3750", "Year High": "15.1250", "Year Low": "10.7500", "Year Close": "13.6875", "Annual % Change": "14.06%"}, "1989": {"Average Stock Price": "11.1425", "Year Open": "10.6550", "Year High": "12.0625", "Year Low": "10.0300", "Year Close": "12.0000", "Annual % Change": "16.36%"}, "1988": {"Average Stock Price": "11.0315", "Year Open": "10.3125", "Year High": "13.0000", "Year Low": "9.3750", "Year Close": "10.3125", "Annual % Change": "1.23%"}, "1987": {"Average Stock Price": "10.9925", "Year Open": "8.9050", "Year High": "13.3450", "Year Low": "7.7800", "Year Close": "10.1875", "Annual % Change": "16.03%"}, "1986": {"Average Stock Price": "9.0344", "Year Open": "7.8600", "Year High": "10.3750", "Year Low": "7.4050", "Year Close": "8.7800", "Annual % Change": "9.54%"}, "1985": {"Average Stock Price": "6.6260", "Year Open": "5.7650", "Year High": "8.4688", "Year Low": "5.5938", "Year Close": "8.0150", "Annual % Change": "39.39%"}, "1984": {"Average Stock Price": "5.4856", "Year Open": "5.6400", "Year High": "6.0000", "Year Low": "4.6250", "Year Close": "5.7500", "Annual % Change": "3.09%"}}}, "market cap": {"value": "$55.96B"}, "income statement": {"Revenue": {"2020-09-30": "8856.30000", "2019-09-30": "8918.90000", "2018-09-30": "8930.20000", "2017-09-30": "8187.60000", "2016-09-30": "7503.70000", "2015-09-30": "7824.30000", "2014-09-30": "10439.00000", "2013-09-30": "10180.40000", "2012-09-30": "9611.70000", "2011-09-30": "9673.70000", "2010-09-30": "8616.10000", "2009-09-30": "8256.20000", "2008-09-30": "10414.50000", "2007-09-30": "9148.20000", "2006-09-30": "7885.00000", "2005-09-30": "7673.00000"}, "Cost Of Goods Sold": {"2020-09-30": "5858.10000", "2019-09-30": "5975.50000", "2018-09-30": "6189.50000", "2017-09-30": "5751.50000", "2016-09-30": "5177.30000", "2015-09-30": "5598.20000", "2014-09-30": "7629.90000", "2013-09-30": "7472.10000", "2012-09-30": "7051.90000", "2011-09-30": "7098.30000", "2010-09-30": "6288.90000", "2009-09-30": "6042.10000", "2008-09-30": "7693.10000", "2007-09-30": "6698.90000", "2006-09-30": "5817.00000", "2005-09-30": "5571.50000"}, "Gross Profit": {"2020-09-30": "2998.20000", "2019-09-30": "2943.40000", "2018-09-30": "2740.70000", "2017-09-30": "2436.10000", "2016-09-30": "2326.40000", "2015-09-30": "2226.10000", "2014-09-30": "2809.10000", "2013-09-30": "2708.30000", "2012-09-30": "2559.80000", "2011-09-30": "2575.40000", "2010-09-30": "2327.20000", "2009-09-30": "2214.10000", "2008-09-30": "2721.40000", "2007-09-30": "2449.30000", "2006-09-30": "2068.00000", "2005-09-30": "2101.50000"}, "Research And Development Expenses": {"2020-09-30": "83.90000", "2019-09-30": "72.90000", "2018-09-30": "64.50000", "2017-09-30": "57.60000", "2016-09-30": "71.80000", "2015-09-30": "76.40000", "2014-09-30": "139.80000", "2013-09-30": "133.70000", "2012-09-30": "126.40000", "2011-09-30": "118.80000", "2010-09-30": "114.70000", "2009-09-30": "116.30000", "2008-09-30": "130.70000", "2007-09-30": "129.00000", "2006-09-30": "139.90000", "2005-09-30": "132.30000"}, "SG&A Expenses": {"2020-09-30": "775.90000", "2019-09-30": "750.00000", "2018-09-30": "760.80000", "2017-09-30": "713.50000", "2016-09-30": "683.80000", "2015-09-30": "773.00000", "2014-09-30": "1054.70000", "2013-09-30": "1066.30000", "2012-09-30": "946.80000", "2011-09-30": "941.70000", "2010-09-30": "886.60000", "2009-09-30": "943.40000", "2008-09-30": "1090.40000", "2007-09-30": "999.80000", "2006-09-30": "891.50000", "2005-09-30": "1008.10000"}, "Other Operating Income Or Expenses": {"2020-09-30": "99.20000", "2019-09-30": "23.70000", "2018-09-30": "50.20000", "2017-09-30": "-30.40000", "2016-09-30": "49.40000", "2015-09-30": "63.40000", "2014-09-30": "52.80000", "2013-09-30": "60.10000", "2012-09-30": "123.20000", "2011-09-30": "-6.80000", "2010-09-30": "-46.70000", "2009-09-30": "-297.40000", "2008-09-30": "25.80000", "2007-09-30": "65.40000", "2006-09-30": "5.30000", "2005-09-30": "29.70000"}, "Operating Expenses": {"2020-09-30": "6618.70000", "2019-09-30": "6774.70000", "2018-09-30": "6964.60000", "2017-09-30": "6747.60000", "2016-09-30": "5968.60000", "2015-09-30": "6591.10000", "2014-09-30": "9099.90000", "2013-09-30": "8856.00100", "2012-09-30": "8329.30000", "2011-09-30": "8165.60000", "2010-09-30": "7348.40000", "2009-09-30": "7409.90000", "2008-09-30": "8918.70000", "2007-09-30": "7772.60000", "2006-09-30": "6843.10000", "2005-09-30": "6682.20000"}, "Operating Income": {"2020-09-30": "2237.60000", "2019-09-30": "2144.20100", "2018-09-30": "1965.60100", "2017-09-30": "1440.00000", "2016-09-30": "1535.10100", "2015-09-30": "1233.20000", "2014-09-30": "1339.10000", "2013-09-30": "1324.39900", "2012-09-30": "1282.40000", "2011-09-30": "1508.10100", "2010-09-30": "1267.69900", "2009-09-30": "846.30030", "2008-09-30": "1495.80000", "2007-09-30": "1375.60100", "2006-09-30": "1041.90000", "2005-09-30": "990.80030"}, "Total Non-Operating Income/Expense": {"2020-09-30": "186.20000", "2019-09-30": "145.10000", "2018-09-30": "49.40000", "2017-09-30": "-23.90000", "2016-09-30": "19.50000", "2015-09-30": "32.90000", "2014-09-30": "26.30000", "2013-09-30": "26.00000", "2012-09-30": "30.10000", "2011-09-30": "38.80000", "2010-09-30": "5.00000", "2009-09-30": "-9.70000", "2008-09-30": "-17.00000", "2007-09-30": "-48.00000", "2006-09-30": "-26.90000", "2005-09-30": "-4.60000"}, "Pre-Tax Income": {"2020-09-30": "2423.80000", "2019-09-30": "2289.50000", "2018-09-30": "2015.00000", "2017-09-30": "1416.10000", "2016-09-30": "1554.60000", "2015-09-30": "1266.10000", "2014-09-30": "1365.40000", "2013-09-30": "1350.40000", "2012-09-30": "1312.50000", "2011-09-30": "1546.90000", "2010-09-30": "1272.70000", "2009-09-30": "836.60000", "2008-09-30": "1478.80000", "2007-09-30": "1327.60000", "2006-09-30": "1015.00000", "2005-09-30": "986.20000"}, "Income Taxes": {"2020-09-30": "478.40000", "2019-09-30": "480.10000", "2018-09-30": "524.30000", "2017-09-30": "260.90000", "2016-09-30": "432.60000", "2015-09-30": "300.20000", "2014-09-30": "369.40000", "2013-09-30": "307.90000", "2012-09-30": "287.30000", "2011-09-30": "375.30000", "2010-09-30": "305.70000", "2009-09-30": "185.30000", "2008-09-30": "365.30000", "2007-09-30": "287.20000", "2006-09-30": "262.00000", "2005-09-30": "258.90000"}, "Income After Taxes": {"2020-09-30": "1945.40000", "2019-09-30": "1809.40000", "2018-09-30": "1490.70000", "2017-09-30": "1155.20000", "2016-09-30": "1122.00000", "2015-09-30": "965.90000", "2014-09-30": "996.00000", "2013-09-30": "1042.50000", "2012-09-30": "1025.20000", "2011-09-30": "1171.60000", "2010-09-30": "966.99990", "2009-09-30": "651.30000", "2008-09-30": "1113.50000", "2007-09-30": "1040.40000", "2006-09-30": "753.00000", "2005-09-30": "727.30000"}, "Other Income": {"2020-09-30": "", "2019-09-30": "", "2018-09-30": "", "2017-09-30": "", "2016-09-30": "", "2015-09-30": "", "2014-09-30": "", "2013-09-30": "", "2012-09-30": "", "2011-09-30": "", "2010-09-30": "", "2009-09-30": "", "2008-09-30": "", "2007-09-30": "", "2006-09-30": "", "2005-09-30": ""}, "Income From Continuous Operations": {"2020-09-30": "1945.40000", "2019-09-30": "1809.40000", "2018-09-30": "1490.70000", "2017-09-30": "1155.20000", "2016-09-30": "1122.00000", "2015-09-30": "965.90000", "2014-09-30": "996.00000", "2013-09-30": "1042.50000", "2012-09-30": "1025.20000", "2011-09-30": "1171.60000", "2010-09-30": "967.00000", "2009-09-30": "651.30000", "2008-09-30": "1113.50000", "2007-09-30": "1019.60000", "2006-09-30": "734.10000", "2005-09-30": "704.60000"}, "Income From Discontinued Operations": {"2020-09-30": "-14.30000", "2019-09-30": "", "2018-09-30": "42.20000", "2017-09-30": "1866.00000", "2016-09-30": "-460.50000", "2015-09-30": "351.70000", "2014-09-30": "-2.90000", "2013-09-30": "-10.00000", "2012-09-30": "168.10000", "2011-09-30": "89.90000", "2010-09-30": "87.50000", "2009-09-30": "-8.60000", "2008-09-30": "-175.40000", "2007-09-30": "16.00000", "2006-09-30": "-4.50000", "2005-09-30": "7.10000"}, "Net Income": {"2020-09-30": "1886.70000", "2019-09-30": "1760.00000", "2018-09-30": "1497.80000", "2017-09-30": "3000.40000", "2016-09-30": "631.10000", "2015-09-30": "1277.90000", "2014-09-30": "991.70000", "2013-09-30": "994.20000", "2012-09-30": "1167.30000", "2011-09-30": "1224.20000", "2010-09-30": "1029.10000", "2009-09-30": "631.30000", "2008-09-30": "909.70000", "2007-09-30": "1035.60000", "2006-09-30": "723.40000", "2005-09-30": "711.70000"}, "EBITDA": {"2020-09-30": "3422.60000", "2019-09-30": "3227.00100", "2018-09-30": "2936.30100", "2017-09-30": "2305.80000", "2016-09-30": "2389.70100", "2015-09-30": "2091.70000", "2014-09-30": "2296.00000", "2013-09-30": "2231.39900", "2012-09-30": "2123.20000", "2011-09-30": "2342.40100", "2010-09-30": "2094.49900", "2009-09-30": "1686.60000", "2008-09-30": "2364.80000", "2007-09-30": "2165.40100", "2006-09-30": "1746.60000", "2005-09-30": "1690.40000"}, "EBIT": {"2020-09-30": "2237.60000", "2019-09-30": "2144.20100", "2018-09-30": "1965.60100", "2017-09-30": "1440.00000", "2016-09-30": "1535.10100", "2015-09-30": "1233.20000", "2014-09-30": "1339.10000", "2013-09-30": "1324.39900", "2012-09-30": "1282.40000", "2011-09-30": "1508.10100", "2010-09-30": "1267.69900", "2009-09-30": "846.30030", "2008-09-30": "1495.80000", "2007-09-30": "1375.60100", "2006-09-30": "1041.90000", "2005-09-30": "990.80030"}, "Basic Shares Outstanding": {"2020-09-30": "221.20000", "2019-09-30": "220.30000", "2018-09-30": "219.30000", "2017-09-30": "218.00000", "2016-09-30": "216.40000", "2015-09-30": "214.90000", "2014-09-30": "212.70000", "2013-09-30": "209.70000", "2012-09-30": "211.20000", "2011-09-30": "213.00000", "2010-09-30": "212.20000", "2009-09-30": "209.90000", "2008-09-30": "212.20000", "2007-09-30": "216.20000", "2006-09-30": "221.70000", "2005-09-30": "225.70000"}, "Shares Outstanding": {"2020-09-30": "222.30000", "2019-09-30": "221.60000", "2018-09-30": "220.80000", "2017-09-30": "219.80000", "2016-09-30": "218.30000", "2015-09-30": "217.30000", "2014-09-30": "215.20000", "2013-09-30": "212.30000", "2012-09-30": "214.70000", "2011-09-30": "217.60000", "2010-09-30": "217.10000", "2009-09-30": "213.50000", "2008-09-30": "219.20000", "2007-09-30": "223.20000", "2006-09-30": "227.50000", "2005-09-30": "231.40000"}, "Basic EPS": {"2020-09-30": "8.53000", "2019-09-30": "7.99000", "2018-09-30": "6.83000", "2017-09-30": "13.76000", "2016-09-30": "2.92000", "2015-09-30": "5.95000", "2014-09-30": "4.66000", "2013-09-30": "4.74000", "2012-09-30": "5.53000", "2011-09-30": "5.75000", "2010-09-30": "4.85000", "2009-09-30": "3.01000", "2008-09-30": "4.29000", "2007-09-30": "4.79000", "2006-09-30": "3.26000", "2005-09-30": "3.15000"}, "EPS - Earnings Per Share": {"2020-09-30": "8.49000", "2019-09-30": "7.94000", "2018-09-30": "6.78000", "2017-09-30": "13.65000", "2016-09-30": "2.89000", "2015-09-30": "5.88000", "2014-09-30": "4.61000", "2013-09-30": "4.68000", "2012-09-30": "5.44000", "2011-09-30": "5.63000", "2010-09-30": "4.74000", "2009-09-30": "2.96000", "2008-09-30": "4.15000", "2007-09-30": "4.64000", "2006-09-30": "3.18000", "2005-09-30": "3.08000"}}, "income statement, quarterly": {"Revenue": {"2020-12-31": "2375.20000", "2020-09-30": "2320.10000", "2020-06-30": "2065.20000", "2020-03-31": "2216.30000", "2019-12-31": "2254.70000", "2019-09-30": "2283.20000", "2019-06-30": "2224.00000", "2019-03-31": "2187.70000", "2018-12-31": "2224.00000", "2018-09-30": "2298.90000", "2018-06-30": "2259.00000", "2018-03-31": "2155.70000", "2017-12-31": "2216.60000", "2017-09-30": "2203.10000", "2017-06-30": "2121.90000", "2017-03-31": "1980.10000", "2016-12-31": "1882.50000", "2016-09-30": "1945.50000", "2016-06-30": "1914.50000", "2016-03-31": "1777.40000", "2015-12-31": "1866.30000", "2015-09-30": "378.79960", "2015-06-30": "2470.20000", "2015-03-31": "2414.50000", "2014-12-31": "2560.80000", "2014-09-30": "2677.00000", "2014-06-30": "2634.60000", "2014-03-31": "2581.90000", "2013-12-31": "2545.50000", "2013-09-30": "2586.50000", "2013-06-30": "2547.30000", "2013-03-31": "2484.20000", "2012-12-31": "2562.40000", "2012-09-30": "2605.80000", "2012-06-30": "2340.10000", "2012-03-31": "2344.30000", "2011-12-31": "2321.50000", "2011-09-30": "2407.00000", "2011-06-30": "2472.00000", "2011-03-31": "2403.00000", "2010-12-31": "2391.70000", "2010-09-30": "1941.30000", "2010-06-30": "2252.30000", "2010-03-31": "2249.00000", "2009-12-31": "2173.50000", "2009-09-30": "2129.30000", "2009-06-30": "1976.20000", "2009-03-31": "1955.40000", "2008-12-31": "2195.30000", "2008-09-30": "2714.70000", "2008-06-30": "2749.70000", "2008-03-31": "2542.70000", "2007-12-31": "2407.40000", "2007-09-30": "2166.20000", "2007-06-30": "2416.20000", "2007-03-31": "2298.00000", "2006-12-31": "2267.80000", "2006-09-30": "1394.00000", "2006-06-30": "2245.70000", "2006-03-31": "2229.50000", "2005-12-31": "2015.80000", "2005-09-30": "1600.30000", "2005-06-30": "2078.40000", "2005-03-31": "2003.30000"}, "Cost Of Goods Sold": {"2020-12-31": "1632.40000", "2020-09-30": "1566.50000", "2020-06-30": "1344.90000", "2020-03-31": "1460.10000", "2019-12-31": "1486.60000", "2019-09-30": "1490.80000", "2019-06-30": "1466.00000", "2019-03-31": "1474.70000", "2018-12-31": "1544.00000", "2018-09-30": "1565.80000", "2018-06-30": "1545.40000", "2018-03-31": "1506.50000", "2017-12-31": "1571.80000", "2017-09-30": "1545.00000", "2017-06-30": "1486.00000", "2017-03-31": "1403.80000", "2016-12-31": "1316.70000", "2016-09-30": "1348.20000", "2016-06-30": "1320.20000", "2016-03-31": "1213.00000", "2015-12-31": "1295.90000", "2015-09-30": "353.80030", "2015-06-30": "1715.20000", "2015-03-31": "1698.20000", "2014-12-31": "1831.00000", "2014-09-30": "1927.70000", "2014-06-30": "1918.70000", "2014-03-31": "1917.60000", "2013-12-31": "1865.90000", "2013-09-30": "1882.90000", "2013-06-30": "1875.50000", "2013-03-31": "1813.60000", "2012-12-31": "1900.10000", "2012-09-30": "1923.00000", "2012-06-30": "1690.80000", "2012-03-31": "1715.80000", "2011-12-31": "1722.30000", "2011-09-30": "1803.90000", "2011-06-30": "1825.70000", "2011-03-31": "1748.20000", "2010-12-31": "1720.50000", "2010-09-30": "1480.60000", "2010-06-30": "1611.00000", "2010-03-31": "1628.70000", "2009-12-31": "1568.60000", "2009-09-30": "1545.00000", "2009-06-30": "1427.50000", "2009-03-31": "1439.90000", "2008-12-31": "1629.70000", "2008-09-30": "2026.80000", "2008-06-30": "2041.10000", "2008-03-31": "1871.60000", "2007-12-31": "1753.60000", "2007-09-30": "1623.80000", "2007-06-30": "1749.50000", "2007-03-31": "1675.90000", "2006-12-31": "1649.70000", "2006-09-30": "1014.10000", "2006-06-30": "1643.50000", "2006-03-31": "1667.70000", "2005-12-31": "1491.70000", "2005-09-30": "1095.40000", "2005-06-30": "1531.70000", "2005-03-31": "1468.90000"}, "Gross Profit": {"2020-12-31": "742.79990", "2020-09-30": "753.59970", "2020-06-30": "720.29990", "2020-03-31": "756.20010", "2019-12-31": "768.10000", "2019-09-30": "792.40010", "2019-06-30": "758.00000", "2019-03-31": "713.00000", "2018-12-31": "680.00000", "2018-09-30": "733.09990", "2018-06-30": "713.60000", "2018-03-31": "649.20000", "2017-12-31": "644.80000", "2017-09-30": "658.10010", "2017-06-30": "635.89990", "2017-03-31": "576.29990", "2016-12-31": "565.80000", "2016-09-30": "597.30040", "2016-06-30": "594.30000", "2016-03-31": "564.40000", "2015-12-31": "570.40000", "2015-09-30": "24.99930", "2015-06-30": "755.00000", "2015-03-31": "716.30000", "2014-12-31": "729.80000", "2014-09-30": "749.29990", "2014-06-30": "715.90010", "2014-03-31": "664.29990", "2013-12-31": "679.60000", "2013-09-30": "703.60050", "2013-06-30": "671.80000", "2013-03-31": "670.60000", "2012-12-31": "662.29990", "2012-09-30": "682.80030", "2012-06-30": "649.30000", "2012-03-31": "628.50000", "2011-12-31": "599.20000", "2011-09-30": "603.10060", "2011-06-30": "646.30000", "2011-03-31": "654.80000", "2010-12-31": "671.20000", "2010-09-30": "460.69980", "2010-06-30": "641.30000", "2010-03-31": "620.30000", "2009-12-31": "604.90000", "2009-09-30": "584.29980", "2009-06-30": "548.70000", "2009-03-31": "515.50000", "2008-12-31": "565.60010", "2008-09-30": "687.89980", "2008-06-30": "708.60000", "2008-03-31": "671.10000", "2007-12-31": "653.79990", "2007-09-30": "542.39990", "2007-06-30": "666.70000", "2007-03-31": "622.10000", "2006-12-31": "618.10010", "2006-09-30": "379.89970", "2006-06-30": "602.20000", "2006-03-31": "561.80000", "2005-12-31": "524.10010", "2005-09-30": "504.90010", "2005-06-30": "546.70000", "2005-03-31": "534.40000"}, "Research And Development Expenses": {"2020-12-31": "23.50000", "2020-09-30": "27.10000", "2020-06-30": "19.90000", "2020-03-31": "19.20000", "2019-12-31": "17.70000", "2019-09-30": "22.90000", "2019-06-30": "18.10000", "2019-03-31": "16.90000", "2018-12-31": "15.00000", "2018-09-30": "20.40000", "2018-06-30": "15.00000", "2018-03-31": "14.50000", "2017-12-31": "14.60000", "2017-09-30": "13.20000", "2017-06-30": "14.60000", "2017-03-31": "14.80000", "2016-12-31": "15.00000", "2016-09-30": "18.00000", "2016-06-30": "18.70000", "2016-03-31": "18.20000", "2015-12-31": "16.90000", "2015-09-30": "-28.20000", "2015-06-30": "33.40000", "2015-03-31": "35.80000", "2014-12-31": "35.40000", "2014-09-30": "39.30000", "2014-06-30": "33.80000", "2014-03-31": "33.20000", "2013-12-31": "33.50000", "2013-09-30": "34.60000", "2013-06-30": "33.50000", "2013-03-31": "32.30000", "2012-12-31": "33.30000", "2012-09-30": "36.00000", "2012-06-30": "32.50000", "2012-03-31": "29.80000", "2011-12-31": "28.10000", "2011-09-30": "32.40000", "2011-06-30": "29.30000", "2011-03-31": "27.90000", "2010-12-31": "29.20000", "2010-09-30": "31.90000", "2010-06-30": "29.30000", "2010-03-31": "26.30000", "2009-12-31": "27.20000", "2009-09-30": "29.40000", "2009-06-30": "24.10000", "2009-03-31": "29.60000", "2008-12-31": "33.20000", "2008-09-30": "33.00000", "2008-06-30": "33.10000", "2008-03-31": "34.30000", "2007-12-31": "30.30000", "2007-09-30": "31.60000", "2007-06-30": "33.00000", "2007-03-31": "32.30000", "2006-12-31": "32.10000", "2006-09-30": "25.70000", "2006-06-30": "39.10000", "2006-03-31": "37.50000", "2005-12-31": "37.60000", "2005-09-30": "32.80000", "2005-06-30": "33.30000", "2005-03-31": "33.10000"}, "SG&A Expenses": {"2020-12-31": "202.70000", "2020-09-30": "195.60000", "2020-06-30": "176.90000", "2020-03-31": "201.70000", "2019-12-31": "201.70000", "2019-09-30": "181.90000", "2019-06-30": "188.50000", "2019-03-31": "190.00000", "2018-12-31": "189.60000", "2018-09-30": "185.99990", "2018-06-30": "188.60000", "2018-03-31": "194.60000", "2017-12-31": "191.60000", "2017-09-30": "187.10000", "2017-06-30": "184.10000", "2017-03-31": "177.60000", "2016-12-31": "164.70000", "2016-09-30": "173.70000", "2016-06-30": "168.40000", "2016-03-31": "167.80000", "2015-12-31": "173.90000", "2015-09-30": "33.00000", "2015-06-30": "241.50000", "2015-03-31": "240.30000", "2014-12-31": "258.20000", "2014-09-30": "238.39990", "2014-06-30": "272.00000", "2014-03-31": "263.40000", "2013-12-31": "280.90000", "2013-09-30": "260.20000", "2013-06-30": "271.30000", "2013-03-31": "266.60000", "2012-12-31": "268.20000", "2012-09-30": "248.10000", "2012-06-30": "230.40000", "2012-03-31": "237.30000", "2011-12-31": "231.00000", "2011-09-30": "220.60000", "2011-06-30": "234.50000", "2011-03-31": "242.00000", "2010-12-31": "244.60000", "2010-09-30": "160.90000", "2010-06-30": "241.20000", "2010-03-31": "240.40000", "2009-12-31": "244.10000", "2009-09-30": "233.50000", "2009-06-30": "232.30000", "2009-03-31": "230.60000", "2008-12-31": "247.00000", "2008-09-30": "275.40000", "2008-06-30": "284.40000", "2008-03-31": "272.10000", "2007-12-31": "258.50000", "2007-09-30": "145.80000", "2007-06-30": "295.00000", "2007-03-31": "283.60000", "2006-12-31": "275.40000", "2006-09-30": "88.80000", "2006-06-30": "280.00000", "2006-03-31": "271.80000", "2005-12-31": "250.90000", "2005-09-30": "237.00000", "2005-06-30": "261.10000", "2005-03-31": "257.20000"}, "Other Operating Income Or Expenses": {"2020-12-31": "22.50000", "2020-09-30": "29.30000", "2020-06-30": "15.70000", "2020-03-31": "41.90000", "2019-12-31": "12.30000", "2019-09-30": "15.40000", "2019-06-30": "18.30000", "2019-03-31": "10.40000", "2018-12-31": "-20.40000", "2018-09-30": "7.00000", "2018-06-30": "5.80000", "2018-03-31": "15.30000", "2017-12-31": "22.10000", "2017-09-30": "-103.40000", "2017-06-30": "26.30000", "2017-03-31": "22.00000", "2016-12-31": "24.70000", "2016-09-30": "20.10000", "2016-06-30": "11.10000", "2016-03-31": "13.30000", "2015-12-31": "4.90000", "2015-09-30": "28.00000", "2015-06-30": "4.50000", "2015-03-31": "4.70000", "2014-12-31": "26.20000", "2014-09-30": "11.70000", "2014-06-30": "3.70000", "2014-03-31": "17.00000", "2013-12-31": "20.40000", "2013-09-30": "14.40000", "2013-06-30": "16.10000", "2013-03-31": "18.00000", "2012-12-31": "11.60000", "2012-09-30": "-0.20000", "2012-06-30": "96.40000", "2012-03-31": "13.30000", "2011-12-31": "13.70000", "2011-09-30": "15.90000", "2011-06-30": "5.20000", "2011-03-31": "8.90000", "2010-12-31": "-36.80000", "2010-09-30": "-17.00000", "2010-06-30": "-28.10000", "2010-03-31": "-13.00000", "2009-12-31": "11.40000", "2009-09-30": "9.30000", "2009-06-30": "-140.50000", "2009-03-31": "5.10000", "2008-12-31": "-171.30000", "2008-09-30": "-4.80000", "2008-06-30": "3.60000", "2008-03-31": "10.20000", "2007-12-31": "16.80000", "2007-09-30": "42.50000", "2007-06-30": "13.70000", "2007-03-31": "2.40000", "2006-12-31": "6.80000", "2006-09-30": "-51.50000", "2006-06-30": "8.80000", "2006-03-31": "30.10000", "2005-12-31": "17.90000", "2005-09-30": "2.40000", "2005-06-30": "10.50000", "2005-03-31": "8.10000"}, "Operating Expenses": {"2020-12-31": "1836.10000", "2020-09-30": "1759.90000", "2020-06-30": "1526.00000", "2020-03-31": "1639.10000", "2019-12-31": "1693.70000", "2019-09-30": "1680.20000", "2019-06-30": "1654.30000", "2019-03-31": "1671.20000", "2018-12-31": "1769.00000", "2018-09-30": "1765.20000", "2018-06-30": "1743.20000", "2018-03-31": "1700.30000", "2017-12-31": "1755.90000", "2017-09-30": "1745.70000", "2017-06-30": "1863.20000", "2017-03-31": "1584.50000", "2016-12-31": "1554.20000", "2016-09-30": "1549.10000", "2016-06-30": "1519.90000", "2016-03-31": "1405.80000", "2015-12-31": "1493.80000", "2015-09-30": "377.30000", "2015-06-30": "2045.40000", "2015-03-31": "2037.60000", "2014-12-31": "2130.80000", "2014-09-30": "2522.00000", "2014-06-30": "2220.80000", "2014-03-31": "2197.20000", "2013-12-31": "2159.90000", "2013-09-30": "2407.30100", "2013-06-30": "2164.20000", "2013-03-31": "2094.50000", "2012-12-31": "2190.00000", "2012-09-30": "2447.89900", "2012-06-30": "1857.30000", "2012-03-31": "2056.40000", "2011-12-31": "1967.70000", "2011-09-30": "2041.00000", "2011-06-30": "2084.30000", "2011-03-31": "2009.20000", "2010-12-31": "2031.10000", "2010-09-30": "1695.60100", "2010-06-30": "1915.90000", "2010-03-31": "1908.40000", "2009-12-31": "1828.50000", "2009-09-30": "1801.30000", "2009-06-30": "1832.40000", "2009-03-31": "1695.00000", "2008-12-31": "2081.20000", "2008-09-30": "2341.60000", "2008-06-30": "2356.00000", "2008-03-31": "2194.10000", "2007-12-31": "2027.00000", "2007-09-30": "1769.00000", "2007-06-30": "2063.80000", "2007-03-31": "1989.40000", "2006-12-31": "1950.40000", "2006-09-30": "1180.10000", "2006-06-30": "1953.80000", "2006-03-31": "1946.90000", "2005-12-31": "1762.30000", "2005-09-30": "1362.79900", "2005-06-30": "1815.60000", "2005-03-31": "1751.10000"}, "Operating Income": {"2020-12-31": "539.10000", "2020-09-30": "560.19980", "2020-06-30": "539.19980", "2020-03-31": "577.20020", "2019-12-31": "561.00010", "2019-09-30": "603.00020", "2019-06-30": "569.70010", "2019-03-31": "516.50000", "2018-12-31": "455.00000", "2018-09-30": "533.70030", "2018-06-30": "515.80000", "2018-03-31": "455.40000", "2017-12-31": "460.70010", "2017-09-30": "457.39970", "2017-06-30": "258.70010", "2017-03-31": "395.59990", "2016-12-31": "328.30000", "2016-09-30": "396.40040", "2016-06-30": "394.60010", "2016-03-31": "371.60010", "2015-12-31": "372.50000", "2015-09-30": "1.49950", "2015-06-30": "424.80000", "2015-03-31": "376.89990", "2014-12-31": "430.00000", "2014-09-30": "154.99980", "2014-06-30": "413.80000", "2014-03-31": "384.70000", "2013-12-31": "385.59990", "2013-09-30": "179.19970", "2013-06-30": "383.10010", "2013-03-31": "389.70000", "2012-12-31": "372.39990", "2012-09-30": "157.90040", "2012-06-30": "482.80000", "2012-03-31": "287.89990", "2011-12-31": "353.79990", "2011-09-30": "366.00040", "2011-06-30": "387.70000", "2011-03-31": "393.80000", "2010-12-31": "360.60000", "2010-09-30": "245.69910", "2010-06-30": "336.40000", "2010-03-31": "340.60000", "2009-12-31": "345.00010", "2009-09-30": "328.00000", "2009-06-30": "143.79990", "2009-03-31": "260.40000", "2008-12-31": "114.10010", "2008-09-30": "373.09960", "2008-06-30": "393.70020", "2008-03-31": "348.59990", "2007-12-31": "380.39990", "2007-09-30": "397.20000", "2007-06-30": "352.39990", "2007-03-31": "308.60000", "2006-12-31": "317.40010", "2006-09-30": "213.89930", "2006-06-30": "291.90000", "2006-03-31": "282.60000", "2005-12-31": "253.50010", "2005-09-30": "237.50060", "2005-06-30": "262.79990", "2005-03-31": "252.20010"}, "Total Non-Operating Income/Expense": {"2020-12-31": "51.20000", "2020-09-30": "34.40000", "2020-06-30": "27.20000", "2020-03-31": "76.00000", "2019-12-31": "48.60000", "2019-09-30": "46.70000", "2019-06-30": "39.80000", "2019-03-31": "24.50000", "2018-12-31": "34.10000", "2018-09-30": "-4.80000", "2018-06-30": "36.00000", "2018-03-31": "24.40000", "2017-12-31": "-6.20000", "2017-09-30": "21.80000", "2017-06-30": "-63.00000", "2017-03-31": "9.00000", "2016-12-31": "8.30000", "2016-09-30": "-5.20000", "2016-06-30": "7.00000", "2016-03-31": "6.60000", "2015-12-31": "11.10000", "2015-09-30": "-4.90000", "2015-06-30": "14.20000", "2015-03-31": "9.60000", "2014-12-31": "14.00000", "2014-09-30": "10.70000", "2014-06-30": "11.80000", "2014-03-31": "-1.10000", "2013-12-31": "4.90000", "2013-09-30": "7.00000", "2013-06-30": "8.80000", "2013-03-31": "4.60000", "2012-12-31": "5.60000", "2012-09-30": "0.60000", "2012-06-30": "15.70000", "2012-03-31": "6.10000", "2011-12-31": "7.70000", "2011-09-30": "26.50000", "2011-06-30": "13.20000", "2011-03-31": "2.30000", "2010-12-31": "-3.20000", "2010-09-30": "4.50000", "2010-06-30": "2.50000", "2010-03-31": "2.70000", "2009-12-31": "-4.70000", "2009-09-30": "4.30000", "2009-06-30": "1.00000", "2009-03-31": "-3.00000", "2008-12-31": "-12.00000", "2008-09-30": "-12.00000", "2008-06-30": "7.00000", "2008-03-31": "3.50000", "2007-12-31": "-15.50000", "2007-09-30": "-11.70000", "2007-06-30": "-14.70000", "2007-03-31": "-9.80000", "2006-12-31": "-11.80000", "2006-09-30": "-23.90000", "2006-06-30": "-3.50000", "2006-03-31": "-1.00000", "2005-12-31": "1.50000", "2005-09-30": "1.90000", "2005-06-30": "0.40000", "2005-03-31": "-4.60000"}, "Pre-Tax Income": {"2020-12-31": "590.30000", "2020-09-30": "594.60000", "2020-06-30": "566.40000", "2020-03-31": "653.20000", "2019-12-31": "609.60000", "2019-09-30": "649.90000", "2019-06-30": "609.50000", "2019-03-31": "541.00000", "2018-12-31": "489.10000", "2018-09-30": "528.90000", "2018-06-30": "551.80000", "2018-03-31": "479.80000", "2017-12-31": "454.50000", "2017-09-30": "479.20000", "2017-06-30": "195.70000", "2017-03-31": "404.60000", "2016-12-31": "336.60000", "2016-09-30": "391.20000", "2016-06-30": "401.60000", "2016-03-31": "378.20000", "2015-12-31": "383.60000", "2015-09-30": "-3.40000", "2015-06-30": "439.00000", "2015-03-31": "386.50000", "2014-12-31": "444.00000", "2014-09-30": "165.70010", "2014-06-30": "425.60000", "2014-03-31": "383.60000", "2013-12-31": "390.50000", "2013-09-30": "186.20000", "2013-06-30": "391.90000", "2013-03-31": "394.30000", "2012-12-31": "378.00000", "2012-09-30": "158.50000", "2012-06-30": "498.50000", "2012-03-31": "294.00000", "2011-12-31": "361.50000", "2011-09-30": "392.50000", "2011-06-30": "400.90000", "2011-03-31": "396.10000", "2010-12-31": "357.40000", "2010-09-30": "250.20000", "2010-06-30": "338.90000", "2010-03-31": "343.30000", "2009-12-31": "340.30000", "2009-09-30": "332.30000", "2009-06-30": "144.80000", "2009-03-31": "257.40000", "2008-12-31": "102.10000", "2008-09-30": "361.10010", "2008-06-30": "400.70000", "2008-03-31": "352.10000", "2007-12-31": "364.90000", "2007-09-30": "385.50000", "2007-06-30": "337.70000", "2007-03-31": "298.80000", "2006-12-31": "305.60000", "2006-09-30": "190.00000", "2006-06-30": "288.40000", "2006-03-31": "281.60000", "2005-12-31": "255.00000", "2005-09-30": "239.40000", "2005-06-30": "263.20000", "2005-03-31": "247.60000"}, "Income Taxes": {"2020-12-31": "113.90000", "2020-09-30": "99.90000", "2020-06-30": "109.30000", "2020-03-31": "148.50000", "2019-12-31": "120.70000", "2019-09-30": "131.20000", "2019-06-30": "109.30000", "2019-03-31": "107.50000", "2018-12-31": "132.10000", "2018-09-30": "69.20000", "2018-06-30": "107.10000", "2018-03-31": "56.20000", "2017-12-31": "291.80000", "2017-09-30": "-1.30000", "2017-06-30": "89.30000", "2017-03-31": "94.50000", "2016-12-31": "78.40000", "2016-09-30": "96.80000", "2016-06-30": "145.90000", "2016-03-31": "93.50000", "2015-12-31": "96.40000", "2015-09-30": "1.90000", "2015-06-30": "104.10000", "2015-03-31": "87.70000", "2014-12-31": "106.50000", "2014-09-30": "80.70000", "2014-06-30": "102.10000", "2014-03-31": "92.10000", "2013-12-31": "94.50000", "2013-09-30": "25.80000", "2013-06-30": "94.10000", "2013-03-31": "95.80000", "2012-12-31": "92.20000", "2012-09-30": "17.80000", "2012-06-30": "133.30000", "2012-03-31": "8.80000", "2011-12-31": "127.40000", "2011-09-30": "95.20000", "2011-06-30": "95.40000", "2011-03-31": "103.20000", "2010-12-31": "81.50000", "2010-09-30": "59.70000", "2010-06-30": "77.60000", "2010-03-31": "84.90000", "2009-12-31": "83.50000", "2009-09-30": "86.30000", "2009-06-30": "25.40000", "2009-03-31": "66.50000", "2008-12-31": "7.10000", "2008-09-30": "82.90000", "2008-06-30": "98.10000", "2008-03-31": "87.80000", "2007-12-31": "96.50000", "2007-09-30": "73.00000", "2007-06-30": "57.10000", "2007-03-31": "77.60000", "2006-12-31": "79.50000", "2006-09-30": "44.50000", "2006-06-30": "75.50000", "2006-03-31": "74.90000", "2005-12-31": "67.10000", "2005-09-30": "61.90000", "2005-06-30": "64.30000", "2005-03-31": "67.80000"}, "Income After Taxes": {"2020-12-31": "476.40000", "2020-09-30": "494.70010", "2020-06-30": "457.10000", "2020-03-31": "504.70000", "2019-12-31": "488.90000", "2019-09-30": "518.70000", "2019-06-30": "500.20000", "2019-03-31": "433.50000", "2018-12-31": "357.00000", "2018-09-30": "459.70000", "2018-06-30": "444.70000", "2018-03-31": "423.60000", "2017-12-31": "162.70000", "2017-09-30": "480.49990", "2017-06-30": "106.40000", "2017-03-31": "310.10000", "2016-12-31": "258.20000", "2016-09-30": "294.40000", "2016-06-30": "255.70000", "2016-03-31": "284.70000", "2015-12-31": "287.20000", "2015-09-30": "-5.30000", "2015-06-30": "334.90000", "2015-03-31": "298.80000", "2014-12-31": "337.50000", "2014-09-30": "85.00000", "2014-06-30": "323.50000", "2014-03-31": "291.50000", "2013-12-31": "296.00000", "2013-09-30": "160.40000", "2013-06-30": "297.80000", "2013-03-31": "298.50000", "2012-12-31": "285.80000", "2012-09-30": "140.69990", "2012-06-30": "365.20000", "2012-03-31": "285.20000", "2011-12-31": "234.10000", "2011-09-30": "297.30010", "2011-06-30": "305.50000", "2011-03-31": "292.90000", "2010-12-31": "275.90000", "2010-09-30": "190.50000", "2010-06-30": "261.30000", "2010-03-31": "258.40000", "2009-12-31": "256.80000", "2009-09-30": "246.00000", "2009-06-30": "119.40000", "2009-03-31": "190.90000", "2008-12-31": "95.00000", "2008-09-30": "278.20000", "2008-06-30": "302.60000", "2008-03-31": "264.30000", "2007-12-31": "268.40000", "2007-09-30": "312.50000", "2007-06-30": "280.60000", "2007-03-31": "221.20000", "2006-12-31": "226.10000", "2006-09-30": "145.50000", "2006-06-30": "212.90000", "2006-03-31": "206.70000", "2005-12-31": "187.90000", "2005-09-30": "177.50000", "2005-06-30": "198.90000", "2005-03-31": "179.80000"}, "Other Income": {"2020-12-31": "", "2020-09-30": "", "2020-06-30": "", "2020-03-31": "", "2019-12-31": "", "2019-09-30": "", "2019-06-30": "", "2019-03-31": "", "2018-12-31": "", "2018-09-30": "", "2018-06-30": "", "2018-03-31": "", "2017-12-31": "", "2017-09-30": "", "2017-06-30": "", "2017-03-31": "", "2016-12-31": "", "2016-09-30": "", "2016-06-30": "", "2016-03-31": "", "2015-12-31": "", "2015-09-30": "", "2015-06-30": "", "2015-03-31": "", "2014-12-31": "", "2014-09-30": "", "2014-06-30": "", "2014-03-31": "", "2013-12-31": "", "2013-09-30": "", "2013-06-30": "", "2013-03-31": "", "2012-12-31": "", "2012-09-30": "", "2012-06-30": "", "2012-03-31": "", "2011-12-31": "", "2011-09-30": "", "2011-06-30": "", "2011-03-31": "", "2010-12-31": "", "2010-09-30": "", "2010-06-30": "", "2010-03-31": "", "2009-12-31": "", "2009-09-30": "", "2009-06-30": "", "2009-03-31": "", "2008-12-31": "", "2008-09-30": "", "2008-06-30": "", "2008-03-31": "", "2007-12-31": "", "2007-09-30": "", "2007-06-30": "", "2007-03-31": "", "2006-12-31": "", "2006-09-30": "", "2006-06-30": "", "2006-03-31": "", "2005-12-31": "", "2005-09-30": "", "2005-06-30": "", "2005-03-31": ""}, "Income From Continuous Operations": {"2020-12-31": "476.40000", "2020-09-30": "494.70000", "2020-06-30": "457.10000", "2020-03-31": "504.70000", "2019-12-31": "488.90000", "2019-09-30": "518.70000", "2019-06-30": "500.20000", "2019-03-31": "433.50000", "2018-12-31": "357.00000", "2018-09-30": "459.70000", "2018-06-30": "444.70000", "2018-03-31": "423.60000", "2017-12-31": "162.70000", "2017-09-30": "480.49990", "2017-06-30": "106.40000", "2017-03-31": "310.10000", "2016-12-31": "258.20000", "2016-09-30": "294.40000", "2016-06-30": "255.70000", "2016-03-31": "284.70000", "2015-12-31": "287.20000", "2015-09-30": "-5.30000", "2015-06-30": "334.90000", "2015-03-31": "298.80000", "2014-12-31": "337.50000", "2014-09-30": "85.00000", "2014-06-30": "323.50000", "2014-03-31": "291.50000", "2013-12-31": "296.00000", "2013-09-30": "160.40000", "2013-06-30": "297.80000", "2013-03-31": "298.50000", "2012-12-31": "285.80000", "2012-09-30": "140.69990", "2012-06-30": "365.20000", "2012-03-31": "285.20000", "2011-12-31": "234.10000", "2011-09-30": "297.30000", "2011-06-30": "305.50000", "2011-03-31": "292.90000", "2010-12-31": "275.90000", "2010-09-30": "190.50000", "2010-06-30": "261.30000", "2010-03-31": "258.40000", "2009-12-31": "256.80000", "2009-09-30": "246.00000", "2009-06-30": "119.40000", "2009-03-31": "190.90000", "2008-12-31": "95.00000", "2008-09-30": "296.40000", "2008-06-30": "295.00000", "2008-03-31": "259.80000", "2007-12-31": "262.30000", "2007-09-30": "306.30000", "2007-06-30": "275.50000", "2007-03-31": "216.80000", "2006-12-31": "221.00000", "2006-09-30": "149.30000", "2006-06-30": "206.50000", "2006-03-31": "196.50000", "2005-12-31": "181.80000", "2005-09-30": "171.90000", "2005-06-30": "190.60000", "2005-03-31": "175.30000"}, "Income From Discontinued Operations": {"2020-12-31": "10.30000", "2020-09-30": "", "2020-06-30": "", "2020-03-31": "-14.30000", "2019-12-31": "", "2019-09-30": "", "2019-06-30": "", "2019-03-31": "", "2018-12-31": "", "2018-09-30": "", "2018-06-30": "43.20000", "2018-03-31": "", "2017-12-31": "-1.00000", "2017-09-30": "-5.49990", "2017-06-30": "-2.30000", "2017-03-31": "1825.60000", "2016-12-31": "48.20000", "2016-09-30": "106.50000", "2016-06-30": "98.40000", "2016-03-31": "-750.20000", "2015-12-31": "84.80000", "2015-09-30": "355.30000", "2015-06-30": "-1.70000", "2015-03-31": "-1.90000", "2014-12-31": "", "2014-09-30": "-6.00000", "2014-06-30": "", "2014-03-31": "", "2013-12-31": "3.10000", "2013-09-30": "-13.10000", "2013-06-30": "0.60000", "2013-03-31": "1.10000", "2012-12-31": "1.40000", "2012-09-30": "1.60000", "2012-06-30": "127.30000", "2012-03-31": "17.00000", "2011-12-31": "22.20000", "2011-09-30": "41.80000", "2011-06-30": "29.50000", "2011-03-31": "18.60000", "2010-12-31": "", "2010-09-30": "", "2010-06-30": "0.00000", "2010-03-31": "", "2009-12-31": "", "2009-09-30": "-2.10000", "2009-06-30": "-1.40000", "2009-03-31": "16.30000", "2008-12-31": "-21.40000", "2008-09-30": "-6.40000", "2008-06-30": "-224.90000", "2008-03-31": "54.50000", "2007-12-31": "1.40000", "2007-09-30": "-13.50000", "2007-06-30": "9.40000", "2007-03-31": "10.80000", "2006-12-31": "9.30000", "2006-09-30": "-14.70000", "2006-06-30": "3.80000", "2006-03-31": "7.50000", "2005-12-31": "-1.10000", "2005-09-30": "", "2005-06-30": "", "2005-03-31": ""}, "Net Income": {"2020-12-31": "482.00000", "2020-09-30": "486.80000", "2020-06-30": "446.50000", "2020-03-31": "477.80000", "2019-12-31": "475.60000", "2019-09-30": "503.20000", "2019-06-30": "488.00000", "2019-03-31": "421.30000", "2018-12-31": "347.50000", "2018-09-30": "452.90000", "2018-06-30": "473.90000", "2018-03-31": "416.40000", "2017-12-31": "154.60000", "2017-09-30": "468.70000", "2017-06-30": "101.90000", "2017-03-31": "2130.00000", "2016-12-31": "299.80000", "2016-09-30": "394.00000", "2016-06-30": "346.80000", "2016-03-31": "-473.30000", "2015-12-31": "363.60000", "2015-09-30": "344.50000", "2015-06-30": "318.80000", "2015-03-31": "290.00000", "2014-12-31": "324.60000", "2014-09-30": "104.00000", "2014-06-30": "314.00000", "2014-03-31": "283.50000", "2013-12-31": "290.20000", "2013-09-30": "137.10010", "2013-06-30": "288.40000", "2013-03-31": "290.40000", "2012-12-31": "278.30000", "2012-09-30": "138.70000", "2012-06-30": "484.50000", "2012-03-31": "296.00000", "2011-12-31": "248.10000", "2011-09-30": "324.80000", "2011-06-30": "326.50000", "2011-03-31": "304.30000", "2010-12-31": "268.60000", "2010-09-30": "272.10000", "2010-06-30": "253.20000", "2010-03-31": "252.00000", "2009-12-31": "251.80000", "2009-09-30": "243.90000", "2009-06-30": "113.20000", "2009-03-31": "205.60000", "2008-12-31": "68.60000", "2008-09-30": "261.60000", "2008-06-30": "70.10000", "2008-03-31": "314.30000", "2007-12-31": "263.70000", "2007-09-30": "292.80000", "2007-06-30": "284.90000", "2007-03-31": "227.60000", "2006-12-31": "230.30000", "2006-09-30": "128.40000", "2006-06-30": "210.30000", "2006-03-31": "204.00000", "2005-12-31": "180.70000", "2005-09-30": "179.00000", "2005-06-30": "190.60000", "2005-03-31": "175.30000"}, "EBITDA": {"2020-12-31": "862.80000", "2020-09-30": "870.69980", "2020-06-30": "829.79980", "2020-03-31": "871.90020", "2019-12-31": "850.20010", "2019-09-30": "896.60030", "2019-06-30": "838.80010", "2019-03-31": "778.60000", "2018-12-31": "713.00000", "2018-09-30": "790.90030", "2018-06-30": "761.40000", "2018-03-31": "695.40000", "2017-12-31": "688.60010", "2017-09-30": "688.39970", "2017-06-30": "475.60010", "2017-03-31": "607.39980", "2016-12-31": "534.40000", "2016-09-30": "608.90040", "2016-06-30": "608.10010", "2016-03-31": "585.50010", "2015-12-31": "587.20000", "2015-09-30": "158.19950", "2015-06-30": "657.80000", "2015-03-31": "610.19990", "2014-12-31": "665.50000", "2014-09-30": "409.59980", "2014-06-30": "652.80000", "2014-03-31": "613.79990", "2013-12-31": "619.79990", "2013-09-30": "411.79970", "2013-06-30": "612.80010", "2013-03-31": "615.90000", "2012-12-31": "590.89990", "2012-09-30": "378.20040", "2012-06-30": "695.00010", "2012-03-31": "493.19990", "2011-12-31": "556.79990", "2011-09-30": "572.70040", "2011-06-30": "599.99990", "2011-03-31": "591.50000", "2010-12-31": "578.20000", "2010-09-30": "423.69910", "2010-06-30": "550.80000", "2010-03-31": "557.90000", "2009-12-31": "562.10010", "2009-09-30": "553.50000", "2009-06-30": "360.89990", "2009-03-31": "457.50000", "2008-12-31": "314.70010", "2008-09-30": "594.29960", "2008-06-30": "613.40010", "2008-03-31": "565.69980", "2007-12-31": "591.39990", "2007-09-30": "604.90000", "2007-06-30": "547.59990", "2007-03-31": "503.40000", "2006-12-31": "509.50020", "2006-09-30": "355.89930", "2006-06-30": "487.00000", "2006-03-31": "467.70000", "2005-12-31": "436.00010", "2005-09-30": "399.00060", "2005-06-30": "444.39990", "2005-03-31": "429.30010"}, "EBIT": {"2020-12-31": "539.10000", "2020-09-30": "560.20000", "2020-06-30": "539.19980", "2020-03-31": "577.20020", "2019-12-31": "561.00010", "2019-09-30": "603.00060", "2019-06-30": "569.70010", "2019-03-31": "516.50000", "2018-12-31": "455.00000", "2018-09-30": "533.70040", "2018-06-30": "515.80000", "2018-03-31": "455.40000", "2017-12-31": "460.70010", "2017-09-30": "457.40000", "2017-06-30": "258.70010", "2017-03-31": "395.59990", "2016-12-31": "328.30000", "2016-09-30": "396.40040", "2016-06-30": "394.60010", "2016-03-31": "371.60010", "2015-12-31": "372.50000", "2015-09-30": "1.49980", "2015-06-30": "424.80000", "2015-03-31": "376.89990", "2014-12-31": "430.00000", "2014-09-30": "154.99980", "2014-06-30": "413.80000", "2014-03-31": "384.70000", "2013-12-31": "385.59990", "2013-09-30": "179.19950", "2013-06-30": "383.10010", "2013-03-31": "389.70000", "2012-12-31": "372.39990", "2012-09-30": "157.90050", "2012-06-30": "482.80000", "2012-03-31": "287.89990", "2011-12-31": "353.79990", "2011-09-30": "366.00060", "2011-06-30": "387.70000", "2011-03-31": "393.80000", "2010-12-31": "360.60000", "2010-09-30": "245.69910", "2010-06-30": "336.40000", "2010-03-31": "340.60000", "2009-12-31": "345.00010", "2009-09-30": "328.00020", "2009-06-30": "143.79990", "2009-03-31": "260.40000", "2008-12-31": "114.10010", "2008-09-30": "373.09990", "2008-06-30": "393.70020", "2008-03-31": "348.59990", "2007-12-31": "380.39990", "2007-09-30": "397.20060", "2007-06-30": "352.39990", "2007-03-31": "308.60000", "2006-12-31": "317.40010", "2006-09-30": "213.89980", "2006-06-30": "291.90000", "2006-03-31": "282.60000", "2005-12-31": "253.50010", "2005-09-30": "237.50040", "2005-06-30": "262.79990", "2005-03-31": "252.20010"}, "Basic Shares Outstanding": {"2020-12-31": "221.50000", "2020-09-30": "221.20000", "2020-06-30": "221.20000", "2020-03-31": "221.20000", "2019-12-31": "220.90000", "2019-09-30": "220.30000", "2019-06-30": "220.60000", "2019-03-31": "220.20000", "2018-12-31": "219.90000", "2018-09-30": "219.30000", "2018-06-30": "219.50000", "2018-03-31": "219.40000", "2017-12-31": "218.90000", "2017-09-30": "218.00000", "2017-06-30": "218.10000", "2017-03-31": "217.90000", "2016-12-31": "217.70000", "2016-09-30": "216.40000", "2016-06-30": "216.60000", "2016-03-31": "216.10000", "2015-12-31": "215.80000", "2015-09-30": "214.90000", "2015-06-30": "215.20000", "2015-03-31": "214.90000", "2014-12-31": "214.20000", "2014-09-30": "212.70000", "2014-06-30": "212.90000", "2014-03-31": "212.40000", "2013-12-31": "211.80000", "2013-09-30": "209.70000", "2013-06-30": "209.40000", "2013-03-31": "208.40000", "2012-12-31": "210.00000", "2012-09-30": "211.20000", "2012-06-30": "211.50000", "2012-03-31": "211.10000", "2011-12-31": "210.30000", "2011-09-30": "213.00000", "2011-06-30": "212.50000", "2011-03-31": "213.80000", "2010-12-31": "214.20000", "2010-09-30": "212.20000", "2010-06-30": "212.30000", "2010-03-31": "212.10000", "2009-12-31": "211.70000", "2009-09-30": "209.90000", "2009-06-30": "209.80000", "2009-03-31": "209.60000", "2008-12-31": "209.40000", "2008-09-30": "212.20000", "2008-06-30": "211.20000", "2008-03-31": "212.30000", "2007-12-31": "214.80000", "2007-09-30": "216.20000", "2007-06-30": "216.10000", "2007-03-31": "216.50000", "2006-12-31": "216.70000", "2006-09-30": "221.70000", "2006-06-30": "223.00000", "2006-03-31": "222.80000", "2005-12-31": "222.00000", "2005-09-30": "225.70000", "2005-06-30": "226.70000", "2005-03-31": "228.10000"}, "Shares Outstanding": {"2020-12-31": "222.60000", "2020-09-30": "222.30000", "2020-06-30": "222.40000", "2020-03-31": "222.30000", "2019-12-31": "222.20000", "2019-09-30": "221.60000", "2019-06-30": "221.90000", "2019-03-31": "221.40000", "2018-12-31": "221.00000", "2018-09-30": "220.80000", "2018-06-30": "220.90000", "2018-03-31": "220.80000", "2017-12-31": "220.40000", "2017-09-30": "219.80000", "2017-06-30": "219.80000", "2017-03-31": "219.70000", "2016-12-31": "219.70000", "2016-09-30": "218.30000", "2016-06-30": "218.50000", "2016-03-31": "217.90000", "2015-12-31": "217.60000", "2015-09-30": "217.30000", "2015-06-30": "217.40000", "2015-03-31": "217.40000", "2014-12-31": "216.60000", "2014-09-30": "215.20000", "2014-06-30": "215.40000", "2014-03-31": "214.90000", "2013-12-31": "214.30000", "2013-09-30": "212.30000", "2013-06-30": "211.90000", "2013-03-31": "211.00000", "2012-12-31": "212.60000", "2012-09-30": "214.70000", "2012-06-30": "214.70000", "2012-03-31": "215.00000", "2011-12-31": "213.90000", "2011-09-30": "217.60000", "2011-06-30": "217.30000", "2011-03-31": "218.80000", "2010-12-31": "219.20000", "2010-09-30": "217.10000", "2010-06-30": "216.90000", "2010-03-31": "216.90000", "2009-12-31": "217.00000", "2009-09-30": "213.50000", "2009-06-30": "214.00000", "2009-03-31": "212.30000", "2008-12-31": "212.10000", "2008-09-30": "219.20000", "2008-06-30": "218.20000", "2008-03-31": "219.20000", "2007-12-31": "222.30000", "2007-09-30": "223.20000", "2007-06-30": "223.10000", "2007-03-31": "223.40000", "2006-12-31": "223.40000", "2006-09-30": "227.50000", "2006-06-30": "229.20000", "2006-03-31": "228.50000", "2005-12-31": "227.10000", "2005-09-30": "231.40000", "2005-06-30": "232.40000", "2005-03-31": "234.30000"}, "Basic EPS": {"2020-12-31": "2.18000", "2020-09-30": "2.20000", "2020-06-30": "2.02000", "2020-03-31": "2.16000", "2019-12-31": "2.15000", "2019-09-30": "2.29000", "2019-06-30": "2.21000", "2019-03-31": "1.91000", "2018-12-31": "1.58000", "2018-09-30": "2.06000", "2018-06-30": "2.16000", "2018-03-31": "1.90000", "2017-12-31": "0.71000", "2017-09-30": "2.13000", "2017-06-30": "0.47000", "2017-03-31": "9.78000", "2016-12-31": "1.38000", "2016-09-30": "1.83000", "2016-06-30": "1.60000", "2016-03-31": "-2.19000", "2015-12-31": "1.68000", "2015-09-30": "1.60000", "2015-06-30": "1.48000", "2015-03-31": "1.35000", "2014-12-31": "1.52000", "2014-09-30": "0.49000", "2014-06-30": "1.47000", "2014-03-31": "1.33000", "2013-12-31": "1.37000", "2013-09-30": "0.64000", "2013-06-30": "1.38000", "2013-03-31": "1.39000", "2012-12-31": "1.33000", "2012-09-30": "0.66000", "2012-06-30": "2.29000", "2012-03-31": "1.40000", "2011-12-31": "1.18000", "2011-09-30": "1.54000", "2011-06-30": "1.54000", "2011-03-31": "1.42000", "2010-12-31": "1.25000", "2010-09-30": "1.28000", "2010-06-30": "1.19000", "2010-03-31": "1.19000", "2009-12-31": "1.19000", "2009-09-30": "1.16000", "2009-06-30": "0.54000", "2009-03-31": "0.98000", "2008-12-31": "0.33000", "2008-09-30": "1.25000", "2008-06-30": "0.33000", "2008-03-31": "1.48000", "2007-12-31": "1.23000", "2007-09-30": "1.36000", "2007-06-30": "1.32000", "2007-03-31": "1.05000", "2006-12-31": "1.06000", "2006-09-30": "0.59000", "2006-06-30": "0.94000", "2006-03-31": "0.92000", "2005-12-31": "0.81000", "2005-09-30": "0.80000", "2005-06-30": "0.84000", "2005-03-31": "0.77000"}, "EPS - Earnings Per Share": {"2020-12-31": "2.17000", "2020-09-30": "2.19000", "2020-06-30": "2.01000", "2020-03-31": "2.15000", "2019-12-31": "2.14000", "2019-09-30": "2.27000", "2019-06-30": "2.20000", "2019-03-31": "1.90000", "2018-12-31": "1.57000", "2018-09-30": "2.04000", "2018-06-30": "2.15000", "2018-03-31": "1.89000", "2017-12-31": "0.70000", "2017-09-30": "2.12000", "2017-06-30": "0.46000", "2017-03-31": "9.70000", "2016-12-31": "1.37000", "2016-09-30": "1.80000", "2016-06-30": "1.59000", "2016-03-31": "-2.17000", "2015-12-31": "1.67000", "2015-09-30": "1.58000", "2015-06-30": "1.47000", "2015-03-31": "1.33000", "2014-12-31": "1.50000", "2014-09-30": "0.48000", "2014-06-30": "1.46000", "2014-03-31": "1.32000", "2013-12-31": "1.35000", "2013-09-30": "0.63000", "2013-06-30": "1.36000", "2013-03-31": "1.38000", "2012-12-31": "1.31000", "2012-09-30": "0.64000", "2012-06-30": "2.26000", "2012-03-31": "1.38000", "2011-12-31": "1.16000", "2011-09-30": "1.51000", "2011-06-30": "1.50000", "2011-03-31": "1.39000", "2010-12-31": "1.23000", "2010-09-30": "1.25000", "2010-06-30": "1.17000", "2010-03-31": "1.16000", "2009-12-31": "1.16000", "2009-09-30": "1.14000", "2009-06-30": "0.53000", "2009-03-31": "0.97000", "2008-12-31": "0.32000", "2008-09-30": "1.21000", "2008-06-30": "0.32000", "2008-03-31": "1.43000", "2007-12-31": "1.19000", "2007-09-30": "1.31000", "2007-06-30": "1.28000", "2007-03-31": "1.02000", "2006-12-31": "1.03000", "2006-09-30": "0.57000", "2006-06-30": "0.92000", "2006-03-31": "0.89000", "2005-12-31": "0.80000", "2005-09-30": "0.79000", "2005-06-30": "0.82000", "2005-03-31": "0.75000"}}, "balance sheet": {"Cash On Hand": {"2020-09-30": "6357.90000", "2019-09-30": "2414.70000", "2018-09-30": "2976.00000", "2017-09-30": "3677.60000", "2016-09-30": "1293.20000", "2015-09-30": "206.40000", "2014-09-30": "336.60000", "2013-09-30": "450.40000", "2012-09-30": "454.40000", "2011-09-30": "421.40000", "2010-09-30": "374.30000", "2009-09-30": "488.20000", "2008-09-30": "103.50000", "2007-09-30": "40.50000", "2006-09-30": "35.20000", "2005-09-30": "55.80000"}, "Receivables": {"2020-09-30": "1757.70000", "2019-09-30": "1737.90000", "2018-09-30": "1580.50000", "2017-09-30": "1577.30000", "2016-09-30": "1684.40000", "2015-09-30": "1749.70000", "2014-09-30": "2009.00000", "2013-09-30": "1976.70000", "2012-09-30": "1886.70000", "2011-09-30": "1361.60000", "2010-09-30": "1854.00000", "2009-09-30": "1363.20000", "2008-09-30": "1924.60000", "2007-09-30": "1751.70000", "2006-09-30": "1806.30000", "2005-09-30": "1722.30000"}, "Inventory": {"2020-09-30": "404.80000", "2019-09-30": "388.30000", "2018-09-30": "396.10000", "2017-09-30": "335.40000", "2016-09-30": "255.00000", "2015-09-30": "657.80000", "2014-09-30": "706.00000", "2013-09-30": "706.10000", "2012-09-30": "786.60000", "2011-09-30": "670.20000", "2010-09-30": "571.60000", "2009-09-30": "509.60000", "2008-09-30": "503.70000", "2007-09-30": "476.70000", "2006-09-30": "492.30000", "2005-09-30": "453.50000"}, "Pre-Paid Expenses": {"2020-09-30": "164.50000", "2019-09-30": "77.40000", "2018-09-30": "129.60000", "2017-09-30": "191.40000", "2016-09-30": "93.90000", "2015-09-30": "67.00000", "2014-09-30": "87.80000", "2013-09-30": "121.10000", "2012-09-30": "81.70000", "2011-09-30": "77.50000", "2010-09-30": "70.30000", "2009-09-30": "99.70000", "2008-09-30": "107.70000", "2007-09-30": "105.70000", "2006-09-30": "55.00000", "2005-09-30": ""}, "Other Current Assets": {"2020-09-30": "", "2019-09-30": "", "2018-09-30": "", "2017-09-30": "84.80000", "2016-09-30": "64.60000", "2015-09-30": "110.80000", "2014-09-30": "155.40000", "2013-09-30": "182.30000", "2012-09-30": "190.80000", "2011-09-30": "415.90000", "2010-09-30": "163.60000", "2009-09-30": "537.10000", "2008-09-30": "152.00000", "2007-09-30": "259.60000", "2006-09-30": "191.60000", "2005-09-30": "82.40000"}, "Total Current Assets": {"2020-09-30": "8684.90000", "2019-09-30": "4618.30000", "2018-09-30": "5082.20000", "2017-09-30": "5876.70000", "2016-09-30": "4317.30000", "2015-09-30": "2793.50000", "2014-09-30": "3294.80000", "2013-09-30": "3439.10000", "2012-09-30": "3415.80000", "2011-09-30": "3189.80000", "2010-09-30": "3033.80000", "2009-09-30": "2997.80000", "2008-09-30": "2848.10000", "2007-09-30": "2858.40000", "2006-09-30": "2612.60000", "2005-09-30": "2414.70000"}, "Property, Plant, And Equipment": {"2020-09-30": "11964.70000", "2019-09-30": "10337.60000", "2018-09-30": "9923.70000", "2017-09-30": "8440.20000", "2016-09-30": "8259.70000", "2015-09-30": "8745.10000", "2014-09-30": "9532.10000", "2013-09-30": "8974.00000", "2012-09-30": "8240.60000", "2011-09-30": "7222.70000", "2010-09-30": "7051.30000", "2009-09-30": "6859.60000", "2008-09-30": "6614.80000", "2007-09-30": "6528.80000", "2006-09-30": "6111.70000", "2005-09-30": "5777.70000"}, "Long-Term Investments": {"2020-09-30": "1432.20000", "2019-09-30": "1276.20000", "2018-09-30": "1277.20000", "2017-09-30": "1286.90000", "2016-09-30": "1283.60000", "2015-09-30": "1265.70000", "2014-09-30": "1257.90000", "2013-09-30": "1195.50000", "2012-09-30": "1175.70000", "2011-09-30": "1011.60000", "2010-09-30": "912.80000", "2009-09-30": "868.10000", "2008-09-30": "822.60000", "2007-09-30": "778.10000", "2006-09-30": "728.30000", "2005-09-30": "663.70000"}, "Goodwill And Intangible Assets": {"2020-09-30": "1327.30000", "2019-09-30": "1216.60000", "2018-09-30": "1227.40000", "2017-09-30": "1089.80000", "2016-09-30": "1233.00000", "2015-09-30": "1639.60000", "2014-09-30": "1853.10000", "2013-09-30": "2371.10000", "2012-09-30": "2360.00000", "2011-09-30": "1056.70000", "2010-09-30": "1200.30000", "2009-09-30": "1178.60000", "2008-09-30": "1217.70000", "2007-09-30": "1167.30000", "2006-09-30": "1096.90000", "2005-09-30": "977.00000"}, "Other Long-Term Assets": {"2020-09-30": "943.10000", "2019-09-30": "604.10000", "2018-09-30": "654.50000", "2017-09-30": "641.80000", "2016-09-30": "671.00000", "2015-09-30": "648.60000", "2014-09-30": "426.30000", "2013-09-30": "393.50000", "2012-09-30": "393.60000", "2011-09-30": "478.20000", "2010-09-30": "537.30000", "2009-09-30": "438.00000", "2008-09-30": "504.10000", "2007-09-30": "311.80000", "2006-09-30": "574.60000", "2005-09-30": "442.20000"}, "Total Long-Term Assets": {"2020-09-30": "16483.60000", "2019-09-30": "14324.50000", "2018-09-30": "14096.10000", "2017-09-30": "12590.50000", "2016-09-30": "13711.30000", "2015-09-30": "14541.00000", "2014-09-30": "14484.30000", "2013-09-30": "14411.00000", "2012-09-30": "13526.00000", "2011-09-30": "11100.90000", "2010-09-30": "10472.10000", "2009-09-30": "10031.30000", "2008-09-30": "9723.19900", "2007-09-30": "9801.10000", "2006-09-30": "8568.10000", "2005-09-30": "7994.10100"}, "Total Assets": {"2020-09-30": "25168.50000", "2019-09-30": "18942.80000", "2018-09-30": "19178.30000", "2017-09-30": "18467.20000", "2016-09-30": "18028.60000", "2015-09-30": "17334.50000", "2014-09-30": "17779.10000", "2013-09-30": "17850.10000", "2012-09-30": "16941.80000", "2011-09-30": "14290.70000", "2010-09-30": "13505.90000", "2009-09-30": "13029.10000", "2008-09-30": "12571.30000", "2007-09-30": "12659.50000", "2006-09-30": "11180.70000", "2005-09-30": "10408.80000"}, "Total Current Liabilities": {"2020-09-30": "2416.70000", "2019-09-30": "1820.90000", "2018-09-30": "2338.30000", "2017-09-30": "2489.00000", "2016-09-30": "3283.10000", "2015-09-30": "3644.40000", "2014-09-30": "2963.00000", "2013-09-30": "3227.60000", "2012-09-30": "2689.90000", "2011-09-30": "2342.00000", "2010-09-30": "2244.10000", "2009-09-30": "2503.60000", "2008-09-30": "2212.00000", "2007-09-30": "2422.70000", "2006-09-30": "2323.40000", "2005-09-30": "1943.20000"}, "Long Term Debt": {"2020-09-30": "7430.10000", "2019-09-30": "3227.40000", "2018-09-30": "3351.70000", "2017-09-30": "3402.40000", "2016-09-30": "3909.70000", "2015-09-30": "3949.10000", "2014-09-30": "4824.50000", "2013-09-30": "5056.30000", "2012-09-30": "4584.20000", "2011-09-30": "3927.50000", "2010-09-30": "3659.80000", "2009-09-30": "3715.60000", "2008-09-30": "3515.40000", "2007-09-30": "2974.70000", "2006-09-30": "2280.20000", "2005-09-30": "2046.70000"}, "Other Non-Current Liabilities": {"2020-09-30": "1916.00000", "2019-09-30": "1712.40000", "2018-09-30": "1536.90000", "2017-09-30": "1611.90000", "2016-09-30": "1816.50000", "2015-09-30": "1554.00000", "2014-09-30": "1187.50000", "2013-09-30": "1164.30000", "2012-09-30": "1980.90000", "2011-09-30": "1500.00000", "2010-09-30": "1569.30000", "2009-09-30": "", "2008-09-30": "", "2007-09-30": "", "2006-09-30": "", "2005-09-30": "30.00000"}, "Total Long Term Liabilities": {"2020-09-30": "10308.70000", "2019-09-30": "5733.60000", "2018-09-30": "5663.70000", "2017-09-30": "5792.70000", "2016-09-30": "7532.10000", "2015-09-30": "6309.00000", "2014-09-30": "7294.70000", "2013-09-30": "7423.60000", "2012-09-30": "7628.60000", "2011-09-30": "6010.00000", "2010-09-30": "5564.20000", "2009-09-30": "5595.50000", "2008-09-30": "5328.60000", "2007-09-30": "4741.20000", "2006-09-30": "3933.30000", "2005-09-30": "3920.10000"}, "Total Liabilities": {"2020-09-30": "12725.40000", "2019-09-30": "7554.50000", "2018-09-30": "8002.00000", "2017-09-30": "8281.70000", "2016-09-30": "10815.20000", "2015-09-30": "9953.40000", "2014-09-30": "10257.70000", "2013-09-30": "10651.20000", "2012-09-30": "10318.50000", "2011-09-30": "8352.00000", "2010-09-30": "7808.30000", "2009-09-30": "8099.10000", "2008-09-30": "7540.60000", "2007-09-30": "7163.90000", "2006-09-30": "6256.70000", "2005-09-30": "5863.30000"}, "Common Stock Net": {"2020-09-30": "249.40000", "2019-09-30": "249.40000", "2018-09-30": "249.40000", "2017-09-30": "249.40000", "2016-09-30": "249.40000", "2015-09-30": "249.40000", "2014-09-30": "249.40000", "2013-09-30": "249.40000", "2012-09-30": "249.40000", "2011-09-30": "249.40000", "2010-09-30": "249.40000", "2009-09-30": "249.40000", "2008-09-30": "249.40000", "2007-09-30": "249.40000", "2006-09-30": "249.40000", "2005-09-30": "249.40000"}, "Retained Earnings (Accumulated Deficit)": {"2020-09-30": "14875.70000", "2019-09-30": "14138.40000", "2018-09-30": "13409.90000", "2017-09-30": "12846.60000", "2016-09-30": "10475.50000", "2015-09-30": "10580.40000", "2014-09-30": "9993.20000", "2013-09-30": "9646.40000", "2012-09-30": "9234.50000", "2011-09-30": "8599.50000", "2010-09-30": "7852.20000", "2009-09-30": "7234.60000", "2008-09-30": "6990.20000", "2007-09-30": "6458.50000", "2006-09-30": "5743.50000", "2005-09-30": "5317.20000"}, "Comprehensive Income": {"2020-09-30": "-2140.10000", "2019-09-30": "-2375.60000", "2018-09-30": "-1741.90000", "2017-09-30": "-1847.40000", "2016-09-30": "-2388.30000", "2015-09-30": "-2125.90000", "2014-09-30": "-1241.90000", "2013-09-30": "-1020.60000", "2012-09-30": "-1348.80000", "2011-09-30": "-1253.40000", "2010-09-30": "-1159.40000", "2009-09-30": "-1161.80000", "2008-09-30": "-549.30000", "2007-09-30": "-142.90000", "2006-09-30": "-221.70000", "2005-09-30": "-433.20000"}, "Other Share Holders Equity": {"2020-09-30": "", "2019-09-30": "", "2018-09-30": "", "2017-09-30": "", "2016-09-30": "", "2015-09-30": "0.00000", "2014-09-30": "0.00000", "2013-09-30": "0.00000", "2012-09-30": "0.00000", "2011-09-30": "0.00000", "2010-09-30": "0.00000", "2009-09-30": "0.00000", "2008-09-30": "", "2007-09-30": "", "2006-09-30": "", "2005-09-30": ""}, "Share Holder Equity": {"2020-09-30": "12443.10000", "2019-09-30": "11388.30000", "2018-09-30": "11176.30000", "2017-09-30": "10185.50000", "2016-09-30": "7213.40000", "2015-09-30": "7381.10000", "2014-09-30": "7521.40000", "2013-09-30": "7198.90000", "2012-09-30": "6623.30000", "2011-09-30": "5938.70000", "2010-09-30": "5697.60000", "2009-09-30": "4930.00000", "2008-09-30": "5030.70000", "2007-09-30": "5495.60000", "2006-09-30": "4924.00000", "2005-09-30": "4545.50000"}, "Total Liabilities And Share Holders Equity": {"2020-09-30": "25168.50000", "2019-09-30": "18942.80000", "2018-09-30": "19178.30000", "2017-09-30": "18467.20000", "2016-09-30": "18028.60000", "2015-09-30": "17334.50000", "2014-09-30": "17779.10000", "2013-09-30": "17850.10000", "2012-09-30": "16941.80000", "2011-09-30": "14290.70000", "2010-09-30": "13505.90000", "2009-09-30": "13029.10000", "2008-09-30": "12571.30000", "2007-09-30": "12659.50000", "2006-09-30": "11180.70000", "2005-09-30": "10408.80000"}}, "balance sheet, quarterly": {"Cash On Hand": {"2020-12-31": "6200.00000", "2020-09-30": "6357.90000", "2020-06-30": "6437.10000", "2020-03-31": "2220.10000", "2019-12-31": "2406.10000", "2019-09-30": "2414.70000", "2019-06-30": "2696.80000", "2019-03-31": "2738.50000", "2018-12-31": "2935.60000", "2018-09-30": "2976.00000", "2018-06-30": "2993.80000", "2018-03-31": "3203.90000", "2017-12-31": "3129.70000", "2017-09-30": "3677.60000", "2017-06-30": "3348.70000", "2017-03-31": "3292.50000", "2016-12-31": "655.50000", "2016-09-30": "1293.20000", "2016-06-30": "514.80000", "2016-03-31": "313.10000", "2015-12-31": "279.10000", "2015-09-30": "206.40000", "2015-06-30": "215.30000", "2015-03-31": "195.70000", "2014-12-31": "238.80000", "2014-09-30": "336.60000", "2014-06-30": "337.60000", "2014-03-31": "356.90000", "2013-12-31": "387.60000", "2013-09-30": "450.40000", "2013-06-30": "418.80000", "2013-03-31": "401.60000", "2012-12-31": "545.60000", "2012-09-30": "454.40000", "2012-06-30": "361.20000", "2012-03-31": "319.50000", "2011-12-31": "407.30000", "2011-09-30": "421.40000", "2011-06-30": "430.10000", "2011-03-31": "270.30000", "2010-12-31": "247.20000", "2010-09-30": "374.30000", "2010-06-30": "405.30000", "2010-03-31": "230.90000", "2009-12-31": "323.00000", "2009-09-30": "488.20000", "2009-06-30": "70.30000", "2009-03-31": "79.70000", "2008-12-31": "118.50000", "2008-09-30": "103.50000", "2008-06-30": "126.20000", "2008-03-31": "138.80000", "2007-12-31": "96.50000", "2007-09-30": "40.50000", "2007-06-30": "31.70000", "2007-03-31": "37.30000", "2006-12-31": "64.50000", "2006-09-30": "35.20000", "2006-06-30": "60.50000", "2006-03-31": "73.90000", "2005-12-31": "70.70000", "2005-09-30": "55.80000", "2005-06-30": "82.10000", "2005-03-31": "410.90000"}, "Receivables": {"2020-12-31": "2008.40000", "2020-09-30": "1757.70000", "2020-06-30": "1972.60000", "2020-03-31": "1939.10000", "2019-12-31": "1814.70000", "2019-09-30": "1737.90000", "2019-06-30": "1712.90000", "2019-03-31": "1646.00000", "2018-12-31": "1676.00000", "2018-09-30": "1580.50000", "2018-06-30": "1541.60000", "2018-03-31": "1622.80000", "2017-12-31": "1605.10000", "2017-09-30": "1577.30000", "2017-06-30": "1532.90000", "2017-03-31": "1538.30000", "2016-12-31": "1063.30000", "2016-09-30": "1684.40000", "2016-06-30": "2042.90000", "2016-03-31": "1818.20000", "2015-12-31": "1646.00000", "2015-09-30": "1749.70000", "2015-06-30": "1992.70000", "2015-03-31": "1951.30000", "2014-12-31": "1969.30000", "2014-09-30": "2009.00000", "2014-06-30": "2038.90000", "2014-03-31": "2044.90000", "2013-12-31": "1977.40000", "2013-09-30": "1976.70000", "2013-06-30": "2044.30000", "2013-03-31": "1907.00000", "2012-12-31": "1917.70000", "2012-09-30": "1886.70000", "2012-06-30": "1718.80000", "2012-03-31": "1755.10000", "2011-12-31": "1823.90000", "2011-09-30": "1361.60000", "2011-06-30": "1960.30000", "2011-03-31": "1606.10000", "2010-12-31": "1485.70000", "2010-09-30": "1854.00000", "2010-06-30": "1847.50000", "2010-03-31": "1865.50000", "2009-12-31": "1664.40000", "2009-09-30": "1363.20000", "2009-06-30": "1778.20000", "2009-03-31": "1668.80000", "2008-12-31": "1885.00000", "2008-09-30": "1924.60000", "2008-06-30": "2160.10000", "2008-03-31": "2039.00000", "2007-12-31": "1865.30000", "2007-09-30": "1751.70000", "2007-06-30": "2084.10000", "2007-03-31": "1926.90000", "2006-12-31": "1905.00000", "2006-09-30": "1806.30000", "2006-06-30": "1845.10000", "2006-03-31": "1814.10000", "2005-12-31": "1736.80000", "2005-09-30": "1722.30000", "2005-06-30": "1485.20000", "2005-03-31": "1490.90000"}, "Inventory": {"2020-12-31": "422.90000", "2020-09-30": "404.80000", "2020-06-30": "410.90000", "2020-03-31": "399.70000", "2019-12-31": "400.60000", "2019-09-30": "388.30000", "2019-06-30": "408.30000", "2019-03-31": "408.30000", "2018-12-31": "403.40000", "2018-09-30": "396.10000", "2018-06-30": "322.10000", "2018-03-31": "339.90000", "2017-12-31": "347.40000", "2017-09-30": "335.40000", "2017-06-30": "293.30000", "2017-03-31": "322.80000", "2016-12-31": "330.70000", "2016-09-30": "255.00000", "2016-06-30": "611.10000", "2016-03-31": "649.80000", "2015-12-31": "665.60000", "2015-09-30": "657.80000", "2015-06-30": "681.90000", "2015-03-31": "693.30000", "2014-12-31": "709.70000", "2014-09-30": "706.00000", "2014-06-30": "690.20000", "2014-03-31": "665.30000", "2013-12-31": "693.40000", "2013-09-30": "706.10000", "2013-06-30": "705.90000", "2013-03-31": "728.10000", "2012-12-31": "746.50000", "2012-09-30": "786.60000", "2012-06-30": "699.50000", "2012-03-31": "696.00000", "2011-12-31": "704.10000", "2011-09-30": "670.20000", "2011-06-30": "639.60000", "2011-03-31": "597.20000", "2010-12-31": "584.50000", "2010-09-30": "571.60000", "2010-06-30": "499.20000", "2010-03-31": "504.70000", "2009-12-31": "522.60000", "2009-09-30": "509.60000", "2009-06-30": "495.80000", "2009-03-31": "506.60000", "2008-12-31": "521.20000", "2008-09-30": "503.70000", "2008-06-30": "534.60000", "2008-03-31": "533.70000", "2007-12-31": "517.30000", "2007-09-30": "476.70000", "2007-06-30": "541.10000", "2007-03-31": "530.70000", "2006-12-31": "536.40000", "2006-09-30": "492.30000", "2006-06-30": "581.10000", "2006-03-31": "567.80000", "2005-12-31": "552.40000", "2005-09-30": "453.50000", "2005-06-30": "516.70000", "2005-03-31": "525.40000"}, "Pre-Paid Expenses": {"2020-12-31": "178.50000", "2020-09-30": "164.50000", "2020-06-30": "185.90000", "2020-03-31": "129.60000", "2019-12-31": "98.30000", "2019-09-30": "77.40000", "2019-06-30": "97.20000", "2019-03-31": "102.40000", "2018-12-31": "74.90000", "2018-09-30": "129.60000", "2018-06-30": "104.10000", "2018-03-31": "131.20000", "2017-12-31": "177.70000", "2017-09-30": "191.40000", "2017-06-30": "79.00000", "2017-03-31": "61.90000", "2016-12-31": "68.60000", "2016-09-30": "93.90000", "2016-06-30": "80.30000", "2016-03-31": "85.10000", "2015-12-31": "59.20000", "2015-09-30": "67.00000", "2015-06-30": "63.40000", "2015-03-31": "114.90000", "2014-12-31": "76.40000", "2014-09-30": "87.80000", "2014-06-30": "115.60000", "2014-03-31": "98.10000", "2013-12-31": "119.70000", "2013-09-30": "121.10000", "2013-06-30": "137.10000", "2013-03-31": "100.10000", "2012-12-31": "125.50000", "2012-09-30": "81.70000", "2012-06-30": "75.00000", "2012-03-31": "105.20000", "2011-12-31": "85.00000", "2011-09-30": "77.50000", "2011-06-30": "101.20000", "2011-03-31": "112.60000", "2010-12-31": "70.30000", "2010-09-30": "70.30000", "2010-06-30": "72.80000", "2010-03-31": "109.80000", "2009-12-31": "136.80000", "2009-09-30": "99.70000", "2009-06-30": "96.00000", "2009-03-31": "172.20000", "2008-12-31": "115.80000", "2008-09-30": "107.70000", "2008-06-30": "117.00000", "2008-03-31": "85.70000", "2007-12-31": "61.30000", "2007-09-30": "105.70000", "2007-06-30": "139.40000", "2007-03-31": "227.20000", "2006-12-31": "", "2006-09-30": "55.00000", "2006-06-30": "", "2006-03-31": "", "2005-12-31": "", "2005-09-30": "", "2005-06-30": "", "2005-03-31": ""}, "Other Current Assets": {"2020-12-31": "", "2020-09-30": "", "2020-06-30": "", "2020-03-31": "", "2019-12-31": "", "2019-09-30": "", "2019-06-30": "", "2019-03-31": "", "2018-12-31": "", "2018-09-30": "", "2018-06-30": "93.90000", "2018-03-31": "98.50000", "2017-12-31": "85.40000", "2017-09-30": "84.80000", "2017-06-30": "83.30000", "2017-03-31": "68.80000", "2016-12-31": "570.50000", "2016-09-30": "64.60000", "2016-06-30": "110.90000", "2016-03-31": "144.60000", "2015-12-31": "129.10000", "2015-09-30": "110.80000", "2015-06-30": "149.00000", "2015-03-31": "159.30000", "2014-12-31": "143.00000", "2014-09-30": "155.40000", "2014-06-30": "157.50000", "2014-03-31": "134.70000", "2013-12-31": "152.00000", "2013-09-30": "182.30000", "2013-06-30": "166.20000", "2013-03-31": "229.30000", "2012-12-31": "214.30000", "2012-09-30": "190.80000", "2012-06-30": "162.70000", "2012-03-31": "149.80000", "2011-12-31": "155.90000", "2011-09-30": "415.90000", "2011-06-30": "145.30000", "2011-03-31": "390.30000", "2010-12-31": "482.50000", "2010-09-30": "163.60000", "2010-06-30": "120.60000", "2010-03-31": "111.10000", "2009-12-31": "132.20000", "2009-09-30": "537.10000", "2009-06-30": "115.30000", "2009-03-31": "123.70000", "2008-12-31": "143.90000", "2008-09-30": "152.00000", "2008-06-30": "180.70000", "2008-03-31": "170.60000", "2007-12-31": "214.90000", "2007-09-30": "259.60000", "2007-06-30": "218.60000", "2007-03-31": "186.60000", "2006-12-31": "144.20000", "2006-09-30": "191.60000", "2006-06-30": "125.80000", "2006-03-31": "107.20000", "2005-12-31": "103.10000", "2005-09-30": "82.40000", "2005-06-30": "338.50000", "2005-03-31": "344.00000"}, "Total Current Assets": {"2020-12-31": "8809.80000", "2020-09-30": "8684.90000", "2020-06-30": "9006.50000", "2020-03-31": "4688.50000", "2019-12-31": "4719.70000", "2019-09-30": "4618.30000", "2019-06-30": "4915.20000", "2019-03-31": "4895.20000", "2018-12-31": "5089.90000", "2018-09-30": "5082.20000", "2018-06-30": "5055.50000", "2018-03-31": "5396.30000", "2017-12-31": "5355.50000", "2017-09-30": "5876.70000", "2017-06-30": "5347.00000", "2017-03-31": "5294.10000", "2016-12-31": "3548.80000", "2016-09-30": "4317.30000", "2016-06-30": "3378.80000", "2016-03-31": "3031.20000", "2015-12-31": "2779.00000", "2015-09-30": "2793.50000", "2015-06-30": "3102.30000", "2015-03-31": "3114.50000", "2014-12-31": "3137.20000", "2014-09-30": "3294.80000", "2014-06-30": "3339.80000", "2014-03-31": "3299.90000", "2013-12-31": "3330.10000", "2013-09-30": "3439.10000", "2013-06-30": "3480.70000", "2013-03-31": "3379.20000", "2012-12-31": "3563.10000", "2012-09-30": "3415.80000", "2012-06-30": "3033.10000", "2012-03-31": "3342.90000", "2011-12-31": "3176.20000", "2011-09-30": "3189.80000", "2011-06-30": "3276.50000", "2011-03-31": "2976.50000", "2010-12-31": "2870.20000", "2010-09-30": "3033.80000", "2010-06-30": "2945.40000", "2010-03-31": "2822.00000", "2009-12-31": "2783.20000", "2009-09-30": "2997.80000", "2009-06-30": "2571.10000", "2009-03-31": "2596.40000", "2008-12-31": "2833.40000", "2008-09-30": "2848.10000", "2008-06-30": "3121.60000", "2008-03-31": "2991.50000", "2007-12-31": "2863.80000", "2007-09-30": "2858.40000", "2007-06-30": "3014.90000", "2007-03-31": "2908.70000", "2006-12-31": "2650.10000", "2006-09-30": "2612.60000", "2006-06-30": "2612.50000", "2006-03-31": "2563.00000", "2005-12-31": "2463.00000", "2005-09-30": "2414.70000", "2005-06-30": "2422.50000", "2005-03-31": "2771.20000"}, "Property, Plant, And Equipment": {"2020-12-31": "12517.10000", "2020-09-30": "11964.70000", "2020-06-30": "11468.90000", "2020-03-31": "10623.70000", "2019-12-31": "10692.20000", "2019-09-30": "10337.60000", "2019-06-30": "10427.60000", "2019-03-31": "10193.80000", "2018-12-31": "9959.80000", "2018-09-30": "9923.70000", "2018-06-30": "9902.00000", "2018-03-31": "8817.70000", "2017-12-31": "8631.90000", "2017-09-30": "8440.20000", "2017-06-30": "8317.00000", "2017-03-31": "8198.20000", "2016-12-31": "8030.30000", "2016-09-30": "8259.70000", "2016-06-30": "8798.60000", "2016-03-31": "8854.10000", "2015-12-31": "9619.00000", "2015-09-30": "8745.10000", "2015-06-30": "9720.80000", "2015-03-31": "9485.90000", "2014-12-31": "9607.60000", "2014-09-30": "9532.10000", "2014-06-30": "9579.10000", "2014-03-31": "9312.30000", "2013-12-31": "9152.00000", "2013-09-30": "8974.00000", "2013-06-30": "8665.70000", "2013-03-31": "8488.80000", "2012-12-31": "8482.30000", "2012-09-30": "8240.60000", "2012-06-30": "7708.10000", "2012-03-31": "7644.90000", "2011-12-31": "7525.90000", "2011-09-30": "7222.70000", "2011-06-30": "7524.20000", "2011-03-31": "7361.80000", "2010-12-31": "7157.50000", "2010-09-30": "7051.30000", "2010-06-30": "6770.80000", "2010-03-31": "6941.50000", "2009-12-31": "6945.20000", "2009-09-30": "6859.60000", "2009-06-30": "6675.00000", "2009-03-31": "6410.10000", "2008-12-31": "6459.00000", "2008-09-30": "6614.80000", "2008-06-30": "6859.30000", "2008-03-31": "6856.40000", "2007-12-31": "6700.30000", "2007-09-30": "6528.80000", "2007-06-30": "6626.40000", "2007-03-31": "6335.70000", "2006-12-31": "6264.20000", "2006-09-30": "6111.70000", "2006-06-30": "6284.40000", "2006-03-31": "6155.10000", "2005-12-31": "5989.00000", "2005-09-30": "5777.70000", "2005-06-30": "5796.70000", "2005-03-31": "5846.00000"}, "Long-Term Investments": {"2020-12-31": "1520.40000", "2020-09-30": "1432.20000", "2020-06-30": "1346.10000", "2020-03-31": "1314.60000", "2019-12-31": "1339.90000", "2019-09-30": "1276.20000", "2019-06-30": "1290.40000", "2019-03-31": "1279.30000", "2018-12-31": "1242.40000", "2018-09-30": "1277.20000", "2018-06-30": "1259.30000", "2018-03-31": "1305.60000", "2017-12-31": "1258.00000", "2017-09-30": "1286.90000", "2017-06-30": "1244.70000", "2017-03-31": "1296.30000", "2016-12-31": "1254.70000", "2016-09-30": "1283.60000", "2016-06-30": "1270.40000", "2016-03-31": "1264.30000", "2015-12-31": "1262.40000", "2015-09-30": "1265.70000", "2015-06-30": "1244.20000", "2015-03-31": "1223.90000", "2014-12-31": "1252.20000", "2014-09-30": "1257.90000", "2014-06-30": "1256.30000", "2014-03-31": "1230.50000", "2013-12-31": "1212.70000", "2013-09-30": "1195.50000", "2013-06-30": "1203.30000", "2013-03-31": "1198.20000", "2012-12-31": "1185.20000", "2012-09-30": "1175.70000", "2012-06-30": "1135.00000", "2012-03-31": "1051.50000", "2011-12-31": "1007.20000", "2011-09-30": "1011.60000", "2011-06-30": "1035.60000", "2011-03-31": "979.30000", "2010-12-31": "912.00000", "2010-09-30": "912.80000", "2010-06-30": "856.90000", "2010-03-31": "893.60000", "2009-12-31": "878.20000", "2009-09-30": "868.10000", "2009-06-30": "820.60000", "2009-03-31": "756.50000", "2008-12-31": "763.30000", "2008-09-30": "822.60000", "2008-06-30": "865.00000", "2008-03-31": "842.90000", "2007-12-31": "791.60000", "2007-09-30": "778.10000", "2007-06-30": "817.90000", "2007-03-31": "796.20000", "2006-12-31": "765.60000", "2006-09-30": "728.30000", "2006-06-30": "736.40000", "2006-03-31": "718.20000", "2005-12-31": "679.40000", "2005-09-30": "663.70000", "2005-06-30": "661.30000", "2005-03-31": "672.80000"}, "Goodwill And Intangible Assets": {"2020-12-31": "1376.40000", "2020-09-30": "1327.30000", "2020-06-30": "1180.20000", "2020-03-31": "1163.20000", "2019-12-31": "1232.00000", "2019-09-30": "1216.60000", "2019-06-30": "1261.50000", "2019-03-31": "1230.50000", "2018-12-31": "1197.30000", "2018-09-30": "1227.40000", "2018-06-30": "1243.10000", "2018-03-31": "1259.40000", "2017-12-31": "1219.90000", "2017-09-30": "1089.80000", "2017-06-30": "1068.90000", "2017-03-31": "1204.80000", "2016-12-31": "1187.80000", "2016-09-30": "1233.00000", "2016-06-30": "1626.40000", "2016-03-31": "1650.50000", "2015-12-31": "1606.40000", "2015-09-30": "1639.60000", "2015-06-30": "1705.30000", "2015-03-31": "1708.80000", "2014-12-31": "1785.90000", "2014-09-30": "1853.10000", "2014-06-30": "2278.10000", "2014-03-31": "2288.10000", "2013-12-31": "2343.40000", "2013-09-30": "2371.10000", "2013-06-30": "2332.00000", "2013-03-31": "2330.00000", "2012-12-31": "2365.50000", "2012-09-30": "2360.00000", "2012-06-30": "1284.70000", "2012-03-31": "1107.80000", "2011-12-31": "1127.30000", "2011-09-30": "1056.70000", "2011-06-30": "1264.10000", "2011-03-31": "1234.30000", "2010-12-31": "1189.30000", "2010-09-30": "1200.30000", "2010-06-30": "1106.40000", "2010-03-31": "1207.60000", "2009-12-31": "1171.70000", "2009-09-30": "1178.60000", "2009-06-30": "1124.10000", "2009-03-31": "1026.20000", "2008-12-31": "1109.90000", "2008-09-30": "1217.70000", "2008-06-30": "1294.90000", "2008-03-31": "1586.60000", "2007-12-31": "1519.00000", "2007-09-30": "1167.30000", "2007-06-30": "1424.40000", "2007-03-31": "1121.10000", "2006-12-31": "1121.70000", "2006-09-30": "1096.90000", "2006-06-30": "1146.00000", "2006-03-31": "1100.20000", "2005-12-31": "1008.90000", "2005-09-30": "977.00000", "2005-06-30": "999.40000", "2005-03-31": "1019.30000"}, "Other Long-Term Assets": {"2020-12-31": "1048.20000", "2020-09-30": "943.10000", "2020-06-30": "959.80000", "2020-03-31": "870.40000", "2019-12-31": "784.60000", "2019-09-30": "604.10000", "2019-06-30": "698.80000", "2019-03-31": "671.00000", "2018-12-31": "666.70000", "2018-09-30": "654.50000", "2018-06-30": "687.90000", "2018-03-31": "603.60000", "2017-12-31": "617.50000", "2017-09-30": "641.80000", "2017-06-30": "736.90000", "2017-03-31": "730.20000", "2016-12-31": "772.00000", "2016-09-30": "671.00000", "2016-06-30": "763.70000", "2016-03-31": "719.20000", "2015-12-31": "674.10000", "2015-09-30": "648.60000", "2015-06-30": "523.80000", "2015-03-31": "586.80000", "2014-12-31": "454.90000", "2014-09-30": "426.30000", "2014-06-30": "426.30000", "2014-03-31": "392.60000", "2013-12-31": "398.90000", "2013-09-30": "393.50000", "2013-06-30": "348.30000", "2013-03-31": "373.30000", "2012-12-31": "360.10000", "2012-09-30": "393.60000", "2012-06-30": "444.20000", "2012-03-31": "367.20000", "2011-12-31": "448.00000", "2011-09-30": "478.20000", "2011-06-30": "403.00000", "2011-03-31": "386.40000", "2010-12-31": "520.00000", "2010-09-30": "537.30000", "2010-06-30": "581.80000", "2010-03-31": "540.40000", "2009-12-31": "418.50000", "2009-09-30": "438.00000", "2009-06-30": "478.90000", "2009-03-31": "550.30000", "2008-12-31": "558.60000", "2008-09-30": "504.10000", "2008-06-30": "935.10000", "2008-03-31": "931.90000", "2007-12-31": "867.00000", "2007-09-30": "311.80000", "2007-06-30": "685.20000", "2007-03-31": "716.30000", "2006-12-31": "698.40000", "2006-09-30": "574.60000", "2006-06-30": "511.50000", "2006-03-31": "496.00000", "2005-12-31": "484.60000", "2005-09-30": "442.20000", "2005-06-30": "429.90000", "2005-03-31": "398.00000"}, "Total Long-Term Assets": {"2020-12-31": "17278.30000", "2020-09-30": "16483.60000", "2020-06-30": "15775.60000", "2020-03-31": "14812.70000", "2019-12-31": "14931.90000", "2019-09-30": "14324.50000", "2019-06-30": "14616.70000", "2019-03-31": "14349.30000", "2018-12-31": "14052.10000", "2018-09-30": "14096.10000", "2018-06-30": "14150.50000", "2018-03-31": "13114.80000", "2017-12-31": "12853.30000", "2017-09-30": "12590.50000", "2017-06-30": "12506.80000", "2017-03-31": "12577.40000", "2016-12-31": "12407.40000", "2016-09-30": "13711.30000", "2016-06-30": "13704.70000", "2016-03-31": "13779.60000", "2015-12-31": "14481.30000", "2015-09-30": "14541.00000", "2015-06-30": "14569.20000", "2015-03-31": "14379.30000", "2014-12-31": "14498.20000", "2014-09-30": "14484.30000", "2014-06-30": "14976.40000", "2014-03-31": "14663.10000", "2013-12-31": "14585.10000", "2013-09-30": "14411.00000", "2013-06-30": "14010.60000", "2013-03-31": "13842.00000", "2012-12-31": "13830.00000", "2012-09-30": "13526.00000", "2012-06-30": "11847.80000", "2012-03-31": "11612.90000", "2011-12-31": "11215.10000", "2011-09-30": "11100.90000", "2011-06-30": "11175.00000", "2011-03-31": "10844.20000", "2010-12-31": "10589.50000", "2010-09-30": "10472.10000", "2010-06-30": "10054.00000", "2010-03-31": "10330.60000", "2009-12-31": "10131.30000", "2009-09-30": "10031.30000", "2009-06-30": "9672.40000", "2009-03-31": "9282.50000", "2008-12-31": "9420.20000", "2008-09-30": "9723.19900", "2008-06-30": "9954.30000", "2008-03-31": "10236.90000", "2007-12-31": "10150.50000", "2007-09-30": "9801.10000", "2007-06-30": "9553.90000", "2007-03-31": "8969.30000", "2006-12-31": "8849.90000", "2006-09-30": "8568.10000", "2006-06-30": "8678.30000", "2006-03-31": "8469.50000", "2005-12-31": "8161.90000", "2005-09-30": "7994.10100", "2005-06-30": "7887.30000", "2005-03-31": "7936.10000"}, "Total Assets": {"2020-12-31": "26088.10000", "2020-09-30": "25168.50000", "2020-06-30": "24782.10000", "2020-03-31": "19501.20000", "2019-12-31": "19651.60000", "2019-09-30": "18942.80000", "2019-06-30": "19531.90000", "2019-03-31": "19244.50000", "2018-12-31": "19142.00000", "2018-09-30": "19178.30000", "2018-06-30": "19206.00000", "2018-03-31": "18511.10000", "2017-12-31": "18208.80000", "2017-09-30": "18467.20000", "2017-06-30": "17853.80000", "2017-03-31": "17871.50000", "2016-12-31": "15956.20000", "2016-09-30": "18028.60000", "2016-06-30": "17083.50000", "2016-03-31": "16810.80000", "2015-12-31": "17260.30000", "2015-09-30": "17334.50000", "2015-06-30": "17671.50000", "2015-03-31": "17493.80000", "2014-12-31": "17635.40000", "2014-09-30": "17779.10000", "2014-06-30": "18316.20000", "2014-03-31": "17963.00000", "2013-12-31": "17915.20000", "2013-09-30": "17850.10000", "2013-06-30": "17491.30000", "2013-03-31": "17221.20000", "2012-12-31": "17393.10000", "2012-09-30": "16941.80000", "2012-06-30": "14880.90000", "2012-03-31": "14955.80000", "2011-12-31": "14391.30000", "2011-09-30": "14290.70000", "2011-06-30": "14451.50000", "2011-03-31": "13820.70000", "2010-12-31": "13459.70000", "2010-09-30": "13505.90000", "2010-06-30": "12999.40000", "2010-03-31": "13152.60000", "2009-12-31": "12914.50000", "2009-09-30": "13029.10000", "2009-06-30": "12243.50000", "2009-03-31": "11878.90000", "2008-12-31": "12253.60000", "2008-09-30": "12571.30000", "2008-06-30": "13075.90000", "2008-03-31": "13228.40000", "2007-12-31": "13014.30000", "2007-09-30": "12659.50000", "2007-06-30": "12568.80000", "2007-03-31": "11878.00000", "2006-12-31": "11500.00000", "2006-09-30": "11180.70000", "2006-06-30": "11290.80000", "2006-03-31": "11032.50000", "2005-12-31": "10624.90000", "2005-09-30": "10408.80000", "2005-06-30": "10309.80000", "2005-03-31": "10707.30000"}, "Total Current Liabilities": {"2020-12-31": "2985.90000", "2020-09-30": "2416.70000", "2020-06-30": "2591.00000", "2020-03-31": "1806.90000", "2019-12-31": "1819.00000", "2019-09-30": "1820.90000", "2019-06-30": "2155.20000", "2019-03-31": "2073.00000", "2018-12-31": "2303.50000", "2018-09-30": "2338.30000", "2018-06-30": "2109.80000", "2018-03-31": "1752.30000", "2017-12-31": "1831.60000", "2017-09-30": "2489.00000", "2017-06-30": "2433.20000", "2017-03-31": "2602.30000", "2016-12-31": "2929.80000", "2016-09-30": "3283.10000", "2016-06-30": "3658.90000", "2016-03-31": "3839.10000", "2015-12-31": "3572.40000", "2015-09-30": "3644.40000", "2015-06-30": "2918.90000", "2015-03-31": "3081.30000", "2014-12-31": "3001.90000", "2014-09-30": "2963.00000", "2014-06-30": "3156.10000", "2014-03-31": "3110.30000", "2013-12-31": "3145.20000", "2013-09-30": "3227.60000", "2013-06-30": "3357.70000", "2013-03-31": "3221.60000", "2012-12-31": "2966.90000", "2012-09-30": "2689.90000", "2012-06-30": "2135.40000", "2012-03-31": "2539.40000", "2011-12-31": "2337.20000", "2011-09-30": "2342.00000", "2011-06-30": "2103.80000", "2011-03-31": "2211.30000", "2010-12-31": "1937.10000", "2010-09-30": "2244.10000", "2010-06-30": "2312.80000", "2010-03-31": "2345.70000", "2009-12-31": "2144.90000", "2009-09-30": "2503.60000", "2009-06-30": "1792.80000", "2009-03-31": "1996.30000", "2008-12-31": "2221.90000", "2008-09-30": "2212.00000", "2008-06-30": "2128.50000", "2008-03-31": "2453.70000", "2007-12-31": "2224.60000", "2007-09-30": "2422.70000", "2007-06-30": "2723.50000", "2007-03-31": "2262.30000", "2006-12-31": "2406.00000", "2006-09-30": "2323.40000", "2006-06-30": "2061.20000", "2006-03-31": "1894.00000", "2005-12-31": "1729.70000", "2005-09-30": "1943.20000", "2005-06-30": "1810.00000", "2005-03-31": "1845.40000"}, "Long Term Debt": {"2020-12-31": "7091.60000", "2020-09-30": "7430.10000", "2020-06-30": "7358.80000", "2020-03-31": "3245.20000", "2019-12-31": "3265.60000", "2019-09-30": "3227.40000", "2019-06-30": "3273.30000", "2019-03-31": "3302.20000", "2018-12-31": "3314.60000", "2018-09-30": "3351.70000", "2018-06-30": "3775.80000", "2018-03-31": "3442.40000", "2017-12-31": "3414.90000", "2017-09-30": "3402.40000", "2017-06-30": "3366.60000", "2017-03-31": "3300.40000", "2016-12-31": "3289.00000", "2016-09-30": "3909.70000", "2016-06-30": "3925.60000", "2016-03-31": "3573.20000", "2015-12-31": "3870.50000", "2015-09-30": "3949.10000", "2015-06-30": "4690.50000", "2015-03-31": "4511.50000", "2014-12-31": "4751.30000", "2014-09-30": "4824.50000", "2014-06-30": "4951.00000", "2014-03-31": "4993.20000", "2013-12-31": "5020.80000", "2013-09-30": "5056.30000", "2013-06-30": "4648.20000", "2013-03-31": "4644.70000", "2012-12-31": "5107.30000", "2012-09-30": "4584.20000", "2012-06-30": "3795.50000", "2012-03-31": "3879.80000", "2011-12-31": "3884.20000", "2011-09-30": "3927.50000", "2011-06-30": "4054.30000", "2011-03-31": "3711.80000", "2010-12-31": "3617.40000", "2010-09-30": "3659.80000", "2010-06-30": "3366.40000", "2010-03-31": "3468.50000", "2009-12-31": "3705.10000", "2009-09-30": "3715.60000", "2009-06-30": "3755.80000", "2009-03-31": "3456.60000", "2008-12-31": "3595.20000", "2008-09-30": "3515.40000", "2008-06-30": "3647.20000", "2008-03-31": "3646.40000", "2007-12-31": "3415.60000", "2007-09-30": "2974.70000", "2007-06-30": "2749.30000", "2007-03-31": "2704.50000", "2006-12-31": "2336.00000", "2006-09-30": "2280.20000", "2006-06-30": "2406.70000", "2006-03-31": "2349.20000", "2005-12-31": "2272.40000", "2005-09-30": "2046.70000", "2005-06-30": "2061.30000", "2005-03-31": "2115.00000"}, "Other Non-Current Liabilities": {"2020-12-31": "1935.70000", "2020-09-30": "1916.00000", "2020-06-30": "1866.90000", "2020-03-31": "1881.00000", "2019-12-31": "1826.70000", "2019-09-30": "1712.40000", "2019-06-30": "1553.60000", "2019-03-31": "1560.50000", "2018-12-31": "1551.60000", "2018-09-30": "1536.90000", "2018-06-30": "1831.80000", "2018-03-31": "1923.50000", "2017-12-31": "1921.90000", "2017-09-30": "1611.90000", "2017-06-30": "1910.00000", "2017-03-31": "1897.90000", "2016-12-31": "1797.30000", "2016-09-30": "1816.50000", "2016-06-30": "1414.20000", "2016-03-31": "1462.80000", "2015-12-31": "1487.20000", "2015-09-30": "1554.00000", "2015-06-30": "1022.50000", "2015-03-31": "1042.90000", "2014-12-31": "1070.70000", "2014-09-30": "1187.50000", "2014-06-30": "1153.20000", "2014-03-31": "1161.60000", "2013-12-31": "1136.20000", "2013-09-30": "1164.30000", "2013-06-30": "1707.50000", "2013-03-31": "1723.50000", "2012-12-31": "1752.80000", "2012-09-30": "1980.90000", "2012-06-30": "1627.20000", "2012-03-31": "1453.70000", "2011-12-31": "1513.30000", "2011-09-30": "1500.00000", "2011-06-30": "1425.60000", "2011-03-31": "1492.20000", "2010-12-31": "1535.70000", "2010-09-30": "1569.30000", "2010-06-30": "", "2010-03-31": "", "2009-12-31": "", "2009-09-30": "", "2009-06-30": "", "2009-03-31": "", "2008-12-31": "", "2008-09-30": "", "2008-06-30": "", "2008-03-31": "", "2007-12-31": "", "2007-09-30": "", "2007-06-30": "", "2007-03-31": "", "2006-12-31": "", "2006-09-30": "", "2006-06-30": "", "2006-03-31": "40.00000", "2005-12-31": "34.30000", "2005-09-30": "30.00000", "2005-06-30": "", "2005-03-31": ""}, "Total Long Term Liabilities": {"2020-12-31": "10030.30000", "2020-09-30": "10308.70000", "2020-06-30": "10167.70000", "2020-03-31": "5970.60000", "2019-12-31": "5902.80000", "2019-09-30": "5733.60000", "2019-06-30": "5650.10000", "2019-03-31": "5668.10000", "2018-12-31": "5635.10000", "2018-09-30": "5663.70000", "2018-06-30": "6286.20000", "2018-03-31": "6065.60000", "2017-12-31": "6056.00000", "2017-09-30": "5792.70000", "2017-06-30": "5910.70000", "2017-03-31": "5849.00000", "2016-12-31": "5765.30000", "2016-09-30": "7532.10000", "2016-06-30": "6244.40000", "2016-03-31": "5918.60000", "2015-12-31": "6188.90000", "2015-09-30": "6309.00000", "2015-06-30": "7021.30000", "2015-03-31": "6936.20000", "2014-12-31": "7130.20000", "2014-09-30": "7294.70000", "2014-06-30": "7303.89900", "2014-03-31": "7324.90000", "2013-12-31": "7347.30000", "2013-09-30": "7423.60000", "2013-06-30": "7442.20000", "2013-03-31": "7482.20000", "2012-12-31": "7975.00000", "2012-09-30": "7628.60000", "2012-06-30": "6098.10000", "2012-03-31": "6009.00000", "2011-12-31": "5997.00000", "2011-09-30": "6010.00000", "2011-06-30": "5950.70000", "2011-03-31": "5610.20000", "2010-12-31": "5545.40000", "2010-09-30": "5564.20000", "2010-06-30": "5314.70000", "2010-03-31": "5388.60000", "2009-12-31": "5585.50000", "2009-09-30": "5595.50000", "2009-06-30": "5522.40000", "2009-03-31": "5244.50000", "2008-12-31": "5305.60000", "2008-09-30": "5328.60000", "2008-06-30": "5378.70000", "2008-03-31": "5250.40000", "2007-12-31": "5186.70000", "2007-09-30": "4741.20000", "2007-06-30": "4389.00000", "2007-03-31": "4339.20000", "2006-12-31": "3982.50000", "2006-09-30": "3933.30000", "2006-06-30": "4183.00000", "2006-03-31": "4170.80000", "2005-12-31": "4186.40000", "2005-09-30": "3920.10000", "2005-06-30": "3884.90000", "2005-03-31": "3951.80000"}, "Total Liabilities": {"2020-12-31": "13016.20000", "2020-09-30": "12725.40000", "2020-06-30": "12758.70000", "2020-03-31": "7777.50000", "2019-12-31": "7721.80000", "2019-09-30": "7554.50000", "2019-06-30": "7805.30000", "2019-03-31": "7741.10000", "2018-12-31": "7938.60000", "2018-09-30": "8002.00000", "2018-06-30": "8396.00000", "2018-03-31": "7817.90000", "2017-12-31": "7887.60000", "2017-09-30": "8281.70000", "2017-06-30": "8343.90000", "2017-03-31": "8451.30000", "2016-12-31": "8695.10000", "2016-09-30": "10815.20000", "2016-06-30": "9903.30000", "2016-03-31": "9757.70000", "2015-12-31": "9761.30000", "2015-09-30": "9953.40000", "2015-06-30": "9940.20000", "2015-03-31": "10017.50000", "2014-12-31": "10132.10000", "2014-09-30": "10257.70000", "2014-06-30": "10460.00000", "2014-03-31": "10435.20000", "2013-12-31": "10492.50000", "2013-09-30": "10651.20000", "2013-06-30": "10799.90000", "2013-03-31": "10703.80000", "2012-12-31": "10941.90000", "2012-09-30": "10318.50000", "2012-06-30": "8233.50000", "2012-03-31": "8548.40000", "2011-12-31": "8334.20000", "2011-09-30": "8352.00000", "2011-06-30": "8054.50000", "2011-03-31": "7821.50000", "2010-12-31": "7482.50000", "2010-09-30": "7808.30000", "2010-06-30": "7627.50000", "2010-03-31": "7734.30000", "2009-12-31": "7730.40000", "2009-09-30": "8099.10000", "2009-06-30": "7315.20000", "2009-03-31": "7240.80000", "2008-12-31": "7527.50000", "2008-09-30": "7540.60000", "2008-06-30": "7507.20000", "2008-03-31": "7704.10000", "2007-12-31": "7411.30000", "2007-09-30": "7163.90000", "2007-06-30": "7112.50000", "2007-03-31": "6601.50000", "2006-12-31": "6388.50000", "2006-09-30": "6256.70000", "2006-06-30": "6244.20000", "2006-03-31": "6064.80000", "2005-12-31": "5916.10000", "2005-09-30": "5863.30000", "2005-06-30": "5694.90000", "2005-03-31": "5797.20000"}, "Common Stock Net": {"2020-12-31": "249.40000", "2020-09-30": "249.40000", "2020-06-30": "249.40000", "2020-03-31": "249.40000", "2019-12-31": "249.40000", "2019-09-30": "249.40000", "2019-06-30": "249.40000", "2019-03-31": "249.40000", "2018-12-31": "249.40000", "2018-09-30": "249.40000", "2018-06-30": "249.40000", "2018-03-31": "249.40000", "2017-12-31": "249.40000", "2017-09-30": "249.40000", "2017-06-30": "249.40000", "2017-03-31": "249.40000", "2016-12-31": "249.40000", "2016-09-30": "249.40000", "2016-06-30": "249.40000", "2016-03-31": "249.40000", "2015-12-31": "249.40000", "2015-09-30": "249.40000", "2015-06-30": "249.40000", "2015-03-31": "249.40000", "2014-12-31": "249.40000", "2014-09-30": "249.40000", "2014-06-30": "249.40000", "2014-03-31": "249.40000", "2013-12-31": "249.40000", "2013-09-30": "249.40000", "2013-06-30": "249.40000", "2013-03-31": "249.40000", "2012-12-31": "249.40000", "2012-09-30": "249.40000", "2012-06-30": "249.40000", "2012-03-31": "249.40000", "2011-12-31": "249.40000", "2011-09-30": "249.40000", "2011-06-30": "249.40000", "2011-03-31": "249.40000", "2010-12-31": "249.40000", "2010-09-30": "249.40000", "2010-06-30": "249.40000", "2010-03-31": "249.40000", "2009-12-31": "249.40000", "2009-09-30": "249.40000", "2009-06-30": "249.40000", "2009-03-31": "249.40000", "2008-12-31": "249.40000", "2008-09-30": "249.40000", "2008-06-30": "249.40000", "2008-03-31": "249.40000", "2007-12-31": "249.40000", "2007-09-30": "249.40000", "2007-06-30": "249.40000", "2007-03-31": "249.40000", "2006-12-31": "249.40000", "2006-09-30": "249.40000", "2006-06-30": "249.40000", "2006-03-31": "249.40000", "2005-12-31": "249.40000", "2005-09-30": "249.40000", "2005-06-30": "249.40000", "2005-03-31": "249.40000"}, "Retained Earnings (Accumulated Deficit)": {"2020-12-31": "15060.50000", "2020-09-30": "14875.70000", "2020-06-30": "14686.60000", "2020-03-31": "14537.20000", "2019-12-31": "14356.90000", "2019-09-30": "14138.40000", "2019-06-30": "13891.90000", "2019-03-31": "13662.00000", "2018-12-31": "13497.90000", "2018-09-30": "13409.90000", "2018-06-30": "13200.20000", "2018-03-31": "12966.50000", "2017-12-31": "12792.30000", "2017-09-30": "12846.60000", "2017-06-30": "12584.20000", "2017-03-31": "12692.50000", "2016-12-31": "10771.70000", "2016-09-30": "10475.50000", "2016-06-30": "10268.70000", "2016-03-31": "10108.80000", "2015-12-31": "10768.70000", "2015-09-30": "10580.40000", "2015-06-30": "10411.10000", "2015-03-31": "10267.20000", "2014-12-31": "10152.00000", "2014-09-30": "9993.20000", "2014-06-30": "10053.50000", "2014-03-31": "9904.40000", "2013-12-31": "9785.40000", "2013-09-30": "9646.40000", "2013-06-30": "9660.10000", "2013-03-31": "9521.40000", "2012-12-31": "9379.70000", "2012-09-30": "9234.50000", "2012-06-30": "9232.60000", "2012-03-31": "8882.60000", "2011-12-31": "8723.80000", "2011-09-30": "8599.50000", "2011-06-30": "8397.40000", "2011-03-31": "8195.20000", "2010-12-31": "8014.60000", "2010-09-30": "7852.20000", "2010-06-30": "7685.50000", "2010-03-31": "7537.00000", "2009-12-31": "7389.80000", "2009-09-30": "7234.60000", "2009-06-30": "7086.60000", "2009-03-31": "7068.70000", "2008-12-31": "6957.70000", "2008-09-30": "6990.20000", "2008-06-30": "6821.00000", "2008-03-31": "6846.00000", "2007-12-31": "6625.50000", "2007-09-30": "6458.50000", "2007-06-30": "6247.60000", "2007-03-31": "6054.40000", "2006-12-31": "5901.40000", "2006-09-30": "5743.50000", "2006-06-30": "5688.30000", "2006-03-31": "5553.70000", "2005-12-31": "5426.40000", "2005-09-30": "5317.20000", "2005-06-30": "5216.10000", "2005-03-31": "5096.90000"}, "Comprehensive Income": {"2020-12-31": "-1713.30000", "2020-09-30": "-2140.10000", "2020-06-30": "-2353.10000", "2020-03-31": "-2478.20000", "2019-12-31": "-2088.60000", "2019-09-30": "-2375.60000", "2019-06-30": "-1781.40000", "2019-03-31": "-1744.80000", "2018-12-31": "-1811.20000", "2018-09-30": "-1741.90000", "2018-06-30": "-1877.80000", "2018-03-31": "-1535.30000", "2017-12-31": "-1695.60000", "2017-09-30": "-1847.40000", "2017-06-30": "-2217.10000", "2017-03-31": "-2393.70000", "2016-12-31": "-2611.70000", "2016-09-30": "-2388.30000", "2016-06-30": "-2125.70000", "2016-03-31": "-2046.70000", "2015-12-31": "-2208.60000", "2015-09-30": "-2125.90000", "2015-06-30": "-1578.40000", "2015-03-31": "-1662.10000", "2014-12-31": "-1470.60000", "2014-09-30": "-1241.90000", "2014-06-30": "-924.50000", "2014-03-31": "-1034.60000", "2013-12-31": "-966.90000", "2013-09-30": "-1020.60000", "2013-06-30": "-1433.30000", "2013-03-31": "-1377.10000", "2012-12-31": "-1245.40000", "2012-09-30": "-1348.80000", "2012-06-30": "-1253.80000", "2012-03-31": "-1128.10000", "2011-12-31": "-1275.60000", "2011-09-30": "-1253.40000", "2011-06-30": "-865.40000", "2011-03-31": "-982.20000", "2010-12-31": "-1107.30000", "2010-09-30": "-1159.40000", "2010-06-30": "-1230.50000", "2010-03-31": "-1054.40000", "2009-12-31": "-1115.20000", "2009-09-30": "-1161.80000", "2009-06-30": "-803.60000", "2009-03-31": "-1051.00000", "2008-12-31": "-835.30000", "2008-09-30": "-549.30000", "2008-06-30": "-51.10000", "2008-03-31": "-47.10000", "2007-12-31": "-82.90000", "2007-09-30": "-142.90000", "2007-06-30": "-62.40000", "2007-03-31": "-102.70000", "2006-12-31": "-127.10000", "2006-09-30": "-221.70000", "2006-06-30": "-296.30000", "2006-03-31": "-351.40000", "2005-12-31": "-408.30000", "2005-09-30": "-433.20000", "2005-06-30": "-379.00000", "2005-03-31": "-331.80000"}, "Other Share Holders Equity": {"2020-12-31": "", "2020-09-30": "", "2020-06-30": "", "2020-03-31": "", "2019-12-31": "", "2019-09-30": "", "2019-06-30": "", "2019-03-31": "", "2018-12-31": "", "2018-09-30": "", "2018-06-30": "", "2018-03-31": "", "2017-12-31": "", "2017-09-30": "", "2017-06-30": "", "2017-03-31": "", "2016-12-31": "0.00000", "2016-09-30": "", "2016-06-30": "0.00000", "2016-03-31": "0.00000", "2015-12-31": "0.00000", "2015-09-30": "", "2015-06-30": "0.00000", "2015-03-31": "0.00000", "2014-12-31": "0.00000", "2014-09-30": "", "2014-06-30": "0.00000", "2014-03-31": "0.00000", "2013-12-31": "0.00000", "2013-09-30": "", "2013-06-30": "0.00000", "2013-03-31": "0.00000", "2012-12-31": "0.00000", "2012-09-30": "", "2012-06-30": "0.00000", "2012-03-31": "0.00000", "2011-12-31": "0.00000", "2011-09-30": "", "2011-06-30": "0.00000", "2011-03-31": "0.00000", "2010-12-31": "0.00000", "2010-09-30": "", "2010-06-30": "0.00000", "2010-03-31": "0.00000", "2009-12-31": "0.00000", "2009-09-30": "", "2009-06-30": "", "2009-03-31": "", "2008-12-31": "", "2008-09-30": "", "2008-06-30": "", "2008-03-31": "", "2007-12-31": "", "2007-09-30": "", "2007-06-30": "", "2007-03-31": "", "2006-12-31": "", "2006-09-30": "", "2006-06-30": "", "2006-03-31": "", "2005-12-31": "", "2005-09-30": "", "2005-06-30": "", "2005-03-31": ""}, "Share Holder Equity": {"2020-12-31": "13071.90000", "2020-09-30": "12443.10000", "2020-06-30": "12023.40000", "2020-03-31": "11723.70000", "2019-12-31": "11929.80000", "2019-09-30": "11388.30000", "2019-06-30": "11726.60000", "2019-03-31": "11503.40000", "2018-12-31": "11203.40000", "2018-09-30": "11176.30000", "2018-06-30": "10810.00000", "2018-03-31": "10693.20000", "2017-12-31": "10321.20000", "2017-09-30": "10185.50000", "2017-06-30": "9509.90000", "2017-03-31": "9420.20000", "2016-12-31": "7261.10000", "2016-09-30": "7213.40000", "2016-06-30": "7180.20000", "2016-03-31": "7053.10000", "2015-12-31": "7499.00000", "2015-09-30": "7381.10000", "2015-06-30": "7731.30000", "2015-03-31": "7476.30000", "2014-12-31": "7503.30000", "2014-09-30": "7521.40000", "2014-06-30": "7856.20000", "2014-03-31": "7527.80000", "2013-12-31": "7422.70000", "2013-09-30": "7198.90000", "2013-06-30": "6691.40000", "2013-03-31": "6517.40000", "2012-12-31": "6451.20000", "2012-09-30": "6623.30000", "2012-06-30": "6647.40000", "2012-03-31": "6407.40000", "2011-12-31": "6057.10000", "2011-09-30": "5938.70000", "2011-06-30": "6397.00000", "2011-03-31": "5999.20000", "2010-12-31": "5977.20000", "2010-09-30": "5697.60000", "2010-06-30": "5371.90000", "2010-03-31": "5418.30000", "2009-12-31": "5184.10000", "2009-09-30": "4930.00000", "2009-06-30": "4928.30000", "2009-03-31": "4638.10000", "2008-12-31": "4726.10000", "2008-09-30": "5030.70000", "2008-06-30": "5568.70000", "2008-03-31": "5524.30000", "2007-12-31": "5603.00000", "2007-09-30": "5495.60000", "2007-06-30": "5456.30000", "2007-03-31": "5276.50000", "2006-12-31": "5111.50000", "2006-09-30": "4924.00000", "2006-06-30": "5046.60000", "2006-03-31": "4967.70000", "2005-12-31": "4708.80000", "2005-09-30": "4545.50000", "2005-06-30": "4614.90000", "2005-03-31": "4910.10000"}, "Total Liabilities And Share Holders Equity": {"2020-12-31": "26088.10000", "2020-09-30": "25168.50000", "2020-06-30": "24782.10000", "2020-03-31": "19501.20000", "2019-12-31": "19651.60000", "2019-09-30": "18942.80000", "2019-06-30": "19531.90000", "2019-03-31": "19244.50000", "2018-12-31": "19142.00000", "2018-09-30": "19178.30000", "2018-06-30": "19206.00000", "2018-03-31": "18511.10000", "2017-12-31": "18208.80000", "2017-09-30": "18467.20000", "2017-06-30": "17853.80000", "2017-03-31": "17871.50000", "2016-12-31": "15956.20000", "2016-09-30": "18028.60000", "2016-06-30": "17083.50000", "2016-03-31": "16810.80000", "2015-12-31": "17260.30000", "2015-09-30": "17334.50000", "2015-06-30": "17671.50000", "2015-03-31": "17493.80000", "2014-12-31": "17635.40000", "2014-09-30": "17779.10000", "2014-06-30": "18316.20000", "2014-03-31": "17963.00000", "2013-12-31": "17915.20000", "2013-09-30": "17850.10000", "2013-06-30": "17491.30000", "2013-03-31": "17221.20000", "2012-12-31": "17393.10000", "2012-09-30": "16941.80000", "2012-06-30": "14880.90000", "2012-03-31": "14955.80000", "2011-12-31": "14391.30000", "2011-09-30": "14290.70000", "2011-06-30": "14451.50000", "2011-03-31": "13820.70000", "2010-12-31": "13459.70000", "2010-09-30": "13505.90000", "2010-06-30": "12999.40000", "2010-03-31": "13152.60000", "2009-12-31": "12914.50000", "2009-09-30": "13029.10000", "2009-06-30": "12243.50000", "2009-03-31": "11878.90000", "2008-12-31": "12253.60000", "2008-09-30": "12571.30000", "2008-06-30": "13075.90000", "2008-03-31": "13228.40000", "2007-12-31": "13014.30000", "2007-09-30": "12659.50000", "2007-06-30": "12568.80000", "2007-03-31": "11878.00000", "2006-12-31": "11500.00000", "2006-09-30": "11180.70000", "2006-06-30": "11290.80000", "2006-03-31": "11032.50000", "2005-12-31": "10624.90000", "2005-09-30": "10408.80000", "2005-06-30": "10309.80000", "2005-03-31": "10707.30000"}}, "cash flow statement": {"Net Income/Loss": {"2020-09-30": "1886.70000", "2019-09-30": "1760.00000", "2018-09-30": "1497.80000", "2017-09-30": "3000.40000", "2016-09-30": "631.10000", "2015-09-30": "1277.90000", "2014-09-30": "993.10000", "2013-09-30": "1032.50000", "2012-09-30": "1167.30000", "2011-09-30": "1224.20000", "2010-09-30": "1029.10000", "2009-09-30": "631.30000", "2008-09-30": "909.70000", "2007-09-30": "1035.60000", "2006-09-30": "723.40000", "2005-09-30": "711.70000"}, "Total Depreciation And Amortization - Cash Flow": {"2020-09-30": "1185.00000", "2019-09-30": "1082.80000", "2018-09-30": "970.70000", "2017-09-30": "865.80000", "2016-09-30": "854.60000", "2015-09-30": "858.50000", "2014-09-30": "956.90000", "2013-09-30": "907.00000", "2012-09-30": "840.80000", "2011-09-30": "834.30000", "2010-09-30": "826.80000", "2009-09-30": "840.30000", "2008-09-30": "869.00000", "2007-09-30": "789.80000", "2006-09-30": "704.70000", "2005-09-30": "699.60000"}, "Other Non-Cash Items": {"2020-09-30": "233.10000", "2019-09-30": "152.40000", "2018-09-30": "344.10000", "2017-09-30": "-1385.80000", "2016-09-30": "751.90000", "2015-09-30": "-345.40000", "2014-09-30": "490.10000", "2013-09-30": "-178.60000", "2012-09-30": "-467.60000", "2011-09-30": "-233.50000", "2010-09-30": "-8.30000", "2009-09-30": "-95.50000", "2008-09-30": "19.20000", "2007-09-30": "-85.10000", "2006-09-30": "106.40000", "2005-09-30": "53.30000"}, "Total Non-Cash Items": {"2020-09-30": "1418.10000", "2019-09-30": "1235.20000", "2018-09-30": "1314.80000", "2017-09-30": "-520.00000", "2016-09-30": "1606.50000", "2015-09-30": "513.10000", "2014-09-30": "1447.00000", "2013-09-30": "728.40000", "2012-09-30": "373.20000", "2011-09-30": "600.79990", "2010-09-30": "818.49990", "2009-09-30": "744.80000", "2008-09-30": "888.20000", "2007-09-30": "704.70000", "2006-09-30": "811.10000", "2005-09-30": "752.90000"}, "Change In Accounts Receivable": {"2020-09-30": "43.20000", "2019-09-30": "-69.00000", "2018-09-30": "-42.80000", "2017-09-30": "-73.60000", "2016-09-30": "-44.80000", "2015-09-30": "-40.70000", "2014-09-30": "-2.70000", "2013-09-30": "4.80000", "2012-09-30": "-55.10000", "2011-09-30": "-53.80000", "2010-09-30": "-104.90000", "2009-09-30": "159.00000", "2008-09-30": "-97.40000", "2007-09-30": "-0.20000", "2006-09-30": "-82.80000", "2005-09-30": "-82.80000"}, "Change In Inventories": {"2020-09-30": "-5.20000", "2019-09-30": "-3.00000", "2018-09-30": "-64.20000", "2017-09-30": "6.40000", "2016-09-30": "32.20000", "2015-09-30": "38.00000", "2014-09-30": "-23.50000", "2013-09-30": "75.00000", "2012-09-30": "1.30000", "2011-09-30": "-107.50000", "2010-09-30": "-62.90000", "2009-09-30": "-17.70000", "2008-09-30": "-34.90000", "2007-09-30": "-6.00000", "2006-09-30": "-41.70000", "2005-09-30": "9.20000"}, "Change In Accounts Payable": {"2020-09-30": "", "2019-09-30": "", "2018-09-30": "", "2017-09-30": "", "2016-09-30": "", "2015-09-30": "", "2014-09-30": "", "2013-09-30": "", "2012-09-30": "", "2011-09-30": "", "2010-09-30": "", "2009-09-30": "", "2008-09-30": "", "2007-09-30": "", "2006-09-30": "", "2005-09-30": ""}, "Change In Assets/Liabilities": {"2020-09-30": "-46.20000", "2019-09-30": "88.50000", "2018-09-30": "119.30000", "2017-09-30": "-48.60000", "2016-09-30": "-26.30000", "2015-09-30": "123.80000", "2014-09-30": "14.10000", "2013-09-30": "-157.30000", "2012-09-30": "28.70000", "2011-09-30": "76.50000", "2010-09-30": "86.50000", "2009-09-30": "94.80000", "2008-09-30": "-43.00000", "2007-09-30": "-14.70000", "2006-09-30": "-162.10000", "2005-09-30": "-17.30000"}, "Total Change In Assets/Liabilities": {"2020-09-30": "-40.10000", "2019-09-30": "-25.30000", "2018-09-30": "-265.40000", "2017-09-30": "48.00000", "2016-09-30": "21.20000", "2015-09-30": "256.00000", "2014-09-30": "-250.00000", "2013-09-30": "-207.80000", "2012-09-30": "224.60000", "2011-09-30": "-114.60000", "2010-09-30": "-362.60000", "2009-09-30": "-46.70000", "2008-09-30": "-139.10000", "2007-09-30": "-240.40000", "2006-09-30": "-187.00000", "2005-09-30": "-160.80000"}, "Cash Flow From Operating Activities": {"2020-09-30": "3264.70000", "2019-09-30": "2969.90000", "2018-09-30": "2547.20000", "2017-09-30": "2528.40000", "2016-09-30": "2258.80000", "2015-09-30": "2047.00000", "2014-09-30": "2190.10000", "2013-09-30": "1553.10000", "2012-09-30": "1765.10000", "2011-09-30": "1710.40000", "2010-09-30": "1485.00000", "2009-09-30": "1329.40000", "2008-09-30": "1658.80000", "2007-09-30": "1499.90000", "2006-09-30": "1347.50000", "2005-09-30": "1303.80000"}, "Net Change In Property, Plant, And Equipment": {"2020-09-30": "-2428.70000", "2019-09-30": "-1978.60000", "2018-09-30": "-1519.60000", "2017-09-30": "-997.20000", "2016-09-30": "-863.10000", "2015-09-30": "-1107.10000", "2014-09-30": "-1317.10000", "2013-09-30": "-1471.40000", "2012-09-30": "-1468.50000", "2011-09-30": "-1227.70000", "2010-09-30": "-936.30000", "2009-09-30": "-1121.20000", "2008-09-30": "-1065.50000", "2007-09-30": "-916.00000", "2006-09-30": "-994.49990", "2005-09-30": "-857.50000"}, "Net Change In Intangible Assets": {"2020-09-30": "", "2019-09-30": "", "2018-09-30": "", "2017-09-30": "", "2016-09-30": "", "2015-09-30": "", "2014-09-30": "", "2013-09-30": "", "2012-09-30": "", "2011-09-30": "", "2010-09-30": "", "2009-09-30": "", "2008-09-30": "", "2007-09-30": "", "2006-09-30": "", "2005-09-30": ""}, "Net Acquisitions/Divestitures": {"2020-09-30": "-183.30000", "2019-09-30": "-123.20000", "2018-09-30": "-345.40000", "2017-09-30": "-8.20000", "2016-09-30": "", "2015-09-30": "-34.50000", "2014-09-30": "", "2013-09-30": "-224.90000", "2012-09-30": "-863.40000", "2011-09-30": "-10.80000", "2010-09-30": "-37.20000", "2009-09-30": "18.30000", "2008-09-30": "351.00000", "2007-09-30": "-539.10000", "2006-09-30": "84.20000", "2005-09-30": "-97.20000"}, "Net Change In Short-term Investments": {"2020-09-30": "-927.50000", "2019-09-30": "18.40000", "2018-09-30": "217.90000", "2017-09-30": "-401.90010", "2016-09-30": "", "2015-09-30": "", "2014-09-30": "", "2013-09-30": "", "2012-09-30": "", "2011-09-30": "", "2010-09-30": "", "2009-09-30": "", "2008-09-30": "", "2007-09-30": "", "2006-09-30": "", "2005-09-30": ""}, "Net Change In Long-Term Investments": {"2020-09-30": "-24.40000", "2019-09-30": "-15.70000", "2018-09-30": "", "2017-09-30": "-8.10000", "2016-09-30": "", "2015-09-30": "-4.30000", "2014-09-30": "2.00000", "2013-09-30": "1.30000", "2012-09-30": "-175.40000", "2011-09-30": "48.90000", "2010-09-30": "-74.40000", "2009-09-30": "-24.50000", "2008-09-30": "-2.20000", "2007-09-30": "-0.20000", "2006-09-30": "-22.50000", "2005-09-30": "-10.50000"}, "Net Change In Investments - Total": {"2020-09-30": "-951.90000", "2019-09-30": "2.70000", "2018-09-30": "217.90000", "2017-09-30": "-410.00010", "2016-09-30": "", "2015-09-30": "-4.30000", "2014-09-30": "2.00000", "2013-09-30": "1.30000", "2012-09-30": "-175.40000", "2011-09-30": "48.90000", "2010-09-30": "-74.40000", "2009-09-30": "-24.50000", "2008-09-30": "-2.20000", "2007-09-30": "-0.20000", "2006-09-30": "-22.50000", "2005-09-30": "-10.50000"}, "Investing Activities - Other": {"2020-09-30": "3.90000", "2019-09-30": "-14.30000", "2018-09-30": "5.50000", "2017-09-30": "3.40000", "2016-09-30": "-1.70000", "2015-09-30": "-0.80000", "2014-09-30": "-1.40000", "2013-09-30": "-2.00000", "2012-09-30": "72.10000", "2011-09-30": "19.80000", "2010-09-30": "33.60000", "2009-09-30": "87.00000", "2008-09-30": "-203.10000", "2007-09-30": "-27.80000", "2006-09-30": "-13.90000", "2005-09-30": "4.00000"}, "Cash Flow From Investing Activities": {"2020-09-30": "-3560.00000", "2019-09-30": "-2113.40000", "2018-09-30": "-1641.60000", "2017-09-30": "-1412.00000", "2016-09-30": "-864.80000", "2015-09-30": "-1146.70000", "2014-09-30": "-1316.50000", "2013-09-30": "-1697.00000", "2012-09-30": "-2435.20000", "2011-09-30": "-1169.80000", "2010-09-30": "-1014.30000", "2009-09-30": "-1040.40000", "2008-09-30": "-919.80000", "2007-09-30": "-1483.10000", "2006-09-30": "-946.70000", "2005-09-30": "-961.20000"}, "Net Long-Term Debt": {"2020-09-30": "4489.20000", "2019-09-30": "-428.60000", "2018-09-30": "-418.20000", "2017-09-30": "-481.50000", "2016-09-30": "-93.50000", "2015-09-30": "-359.10000", "2014-09-30": "-145.20000", "2013-09-30": "489.70000", "2012-09-30": "409.80000", "2011-09-30": "222.70000", "2010-09-30": "-210.20000", "2009-09-30": "527.60000", "2008-09-30": "484.40000", "2007-09-30": "426.50000", "2006-09-30": "133.70000", "2005-09-30": "-123.30000"}, "Net Current Debt": {"2020-09-30": "-54.90000", "2019-09-30": "3.90000", "2018-09-30": "-78.50000", "2017-09-30": "-798.60000", "2016-09-30": "-144.20000", "2015-09-30": "285.20000", "2014-09-30": "148.70000", "2013-09-30": "437.70000", "2012-09-30": "9.80000", "2011-09-30": "234.30000", "2010-09-30": "-74.20000", "2009-09-30": "-122.70000", "2008-09-30": "-178.90000", "2007-09-30": "178.50000", "2006-09-30": "109.90000", "2005-09-30": "292.20000"}, "Debt Issuance/Retirement Net - Total": {"2020-09-30": "4434.30000", "2019-09-30": "-424.70000", "2018-09-30": "-496.70000", "2017-09-30": "-1280.10000", "2016-09-30": "-237.70000", "2015-09-30": "-73.90000", "2014-09-30": "3.50000", "2013-09-30": "927.40000", "2012-09-30": "419.60000", "2011-09-30": "457.00000", "2010-09-30": "-284.40000", "2009-09-30": "404.90000", "2008-09-30": "305.50000", "2007-09-30": "605.00000", "2006-09-30": "243.60000", "2005-09-30": "168.90000"}, "Net Common Equity Issued/Repurchased": {"2020-09-30": "34.10000", "2019-09-30": "68.10000", "2018-09-30": "76.20000", "2017-09-30": "68.40000", "2016-09-30": "141.30000", "2015-09-30": "121.30000", "2014-09-30": "141.60000", "2013-09-30": "-235.20000", "2012-09-30": "71.20000", "2011-09-30": "-501.00000", "2010-09-30": "88.10000", "2009-09-30": "54.40000", "2008-09-30": "-706.00000", "2007-09-30": "-372.40000", "2006-09-30": "-379.40000", "2005-09-30": "-362.50000"}, "Net Total Equity Issued/Repurchased": {"2020-09-30": "34.10000", "2019-09-30": "68.10000", "2018-09-30": "76.20000", "2017-09-30": "68.40000", "2016-09-30": "141.30000", "2015-09-30": "121.30000", "2014-09-30": "141.60000", "2013-09-30": "-235.20000", "2012-09-30": "71.20000", "2011-09-30": "-501.00000", "2010-09-30": "88.10000", "2009-09-30": "54.40000", "2008-09-30": "-706.00000", "2007-09-30": "-372.40000", "2006-09-30": "-379.40000", "2005-09-30": "-362.50000"}, "Total Common And Preferred Stock Dividends Paid": {"2020-09-30": "-1103.60000", "2019-09-30": "-994.00000", "2018-09-30": "-897.80000", "2017-09-30": "-787.90000", "2016-09-30": "-721.20000", "2015-09-30": "-677.50000", "2014-09-30": "-627.70000", "2013-09-30": "-565.60000", "2012-09-30": "-514.90000", "2011-09-30": "-456.70000", "2010-09-30": "-398.70000", "2009-09-30": "-373.30000", "2008-09-30": "-349.30000", "2007-09-30": "-312.00000", "2006-09-30": "-293.60000", "2005-09-30": "-276.20000"}, "Financial Activities - Other": {"2020-09-30": "-80.10000", "2019-09-30": "-19.90000", "2018-09-30": "-41.50000", "2017-09-30": "-41.30000", "2016-09-30": "-42.60000", "2015-09-30": "-330.30000", "2014-09-30": "-21.70000", "2013-09-30": "-11.20000", "2012-09-30": "-54.30000", "2011-09-30": "16.10000", "2010-09-30": "15.70000", "2009-09-30": "9.00000", "2008-09-30": "72.10000", "2007-09-30": "64.50000", "2006-09-30": "6.80000", "2005-09-30": ""}, "Cash Flow From Financial Activities": {"2020-09-30": "3284.70000", "2019-09-30": "-1370.50000", "2018-09-30": "-1359.80000", "2017-09-30": "-2040.90000", "2016-09-30": "-860.20000", "2015-09-30": "-960.40000", "2014-09-30": "-504.30000", "2013-09-30": "115.40000", "2012-09-30": "-78.40000", "2011-09-30": "-484.60000", "2010-09-30": "-579.30000", "2009-09-30": "95.00000", "2008-09-30": "-677.70000", "2007-09-30": "-14.90000", "2006-09-30": "-422.60000", "2005-09-30": "-469.80000"}, "Net Cash Flow": {"2020-09-30": "3004.30000", "2019-09-30": "-542.60000", "2018-09-30": "-482.30000", "2017-09-30": "1942.80000", "2016-09-30": "1294.90000", "2015-09-30": "-130.20000", "2014-09-30": "-113.80000", "2013-09-30": "-4.00000", "2012-09-30": "31.90000", "2011-09-30": "48.20000", "2010-09-30": "-113.90000", "2009-09-30": "384.70000", "2008-09-30": "63.00000", "2007-09-30": "9.50000", "2006-09-30": "-19.30000", "2005-09-30": "-90.50000"}, "Stock-Based Compensation": {"2020-09-30": "53.50000", "2019-09-30": "41.20000", "2018-09-30": "38.80000", "2017-09-30": "39.90000", "2016-09-30": "31.00000", "2015-09-30": "39.50000", "2014-09-30": "44.00000", "2013-09-30": "43.50000", "2012-09-30": "43.80000", "2011-09-30": "44.80000", "2010-09-30": "48.60000", "2009-09-30": "60.40000", "2008-09-30": "61.40000", "2007-09-30": "70.90000", "2006-09-30": "76.20000", "2005-09-30": "18.00000"}, "Common Stock Dividends Paid": {"2020-09-30": "-1103.60000", "2019-09-30": "-994.00000", "2018-09-30": "-897.80000", "2017-09-30": "-787.90000", "2016-09-30": "-721.20000", "2015-09-30": "-677.50000", "2014-09-30": "-627.70000", "2013-09-30": "-565.60000", "2012-09-30": "-514.90000", "2011-09-30": "-456.70000", "2010-09-30": "-398.70000", "2009-09-30": "-373.30000", "2008-09-30": "-349.30000", "2007-09-30": "-312.00000", "2006-09-30": "-293.60000", "2005-09-30": "-276.20000"}}, "cash flow statement, quarterly": {"Net Income/Loss": {"2020-12-31": "482.00000", "2020-09-30": 472.5, "2020-06-30": 460.8, "2020-03-31": 477.8, "2019-12-31": "475.60000", "2019-09-30": 503.2, "2019-06-30": 488, "2019-03-31": 421.3, "2018-12-31": "347.50000", "2018-09-30": 495.1, "2018-06-30": 431.7, "2018-03-31": 416.4, "2017-12-31": "154.60000", "2017-09-30": 2340.2, "2017-06-30": -1769.6, "2017-03-31": 2130, "2016-12-31": "299.80000", "2016-09-30": 394, "2016-06-30": 346.8, "2016-03-31": -473.3, "2015-12-31": "363.60000", "2015-09-30": 344.5, "2015-06-30": 318.8, "2015-03-31": 290, "2014-12-31": "324.60000", "2014-09-30": 105.4, "2014-06-30": 314, "2014-03-31": 283.5, "2013-12-31": "290.20000", "2013-09-30": 175.4, "2013-06-30": 270.3, "2013-03-31": 299.6, "2012-12-31": "287.20000", "2012-09-30": 116.3, "2012-06-30": 492.5, "2012-03-31": 302.2, "2011-12-31": "256.30000", "2011-09-30": 301.8, "2011-06-30": 335, "2011-03-31": 311.5, "2010-12-31": "275.90000", "2010-09-30": 272.1, "2010-06-30": 241.8, "2010-03-31": 258.4, "2009-12-31": "256.80000", "2009-09-30": 232.5, "2009-06-30": 118, "2009-03-31": 212.2, "2008-12-31": "68.60000", "2008-09-30": 261.6, "2008-06-30": 70.1, "2008-03-31": 314.3, "2007-12-31": "263.70000", "2007-09-30": 292.8, "2007-06-30": 284.9, "2007-03-31": 227.6, "2006-12-31": "230.30000", "2006-09-30": 128.4, "2006-06-30": 210.3, "2006-03-31": 204, "2005-12-31": "180.70000", "2005-09-30": 179, "2005-06-30": 190.6, "2005-03-31": 342.1}, "Total Depreciation And Amortization - Cash Flow": {"2020-12-31": "323.70000", "2020-09-30": 310.5, "2020-06-30": 290.6, "2020-03-31": 294.7, "2019-12-31": "289.20000", "2019-09-30": 293.6, "2019-06-30": 269.1, "2019-03-31": 262.1, "2018-12-31": "258.00000", "2018-09-30": 257.2, "2018-06-30": 245.6, "2018-03-31": 240, "2017-12-31": "227.90000", "2017-09-30": 231, "2017-06-30": 216.9, "2017-03-31": 211.8, "2016-12-31": "206.10000", "2016-09-30": 212.5, "2016-06-30": 213.5, "2016-03-31": 213.9, "2015-12-31": "214.70000", "2015-09-30": 156.7, "2015-06-30": 233, "2015-03-31": 233.3, "2014-12-31": "235.50000", "2014-09-30": 254.6, "2014-06-30": 239, "2014-03-31": 229.1, "2013-12-31": "234.20000", "2013-09-30": 232.6, "2013-06-30": 229.7, "2013-03-31": 226.2, "2012-12-31": "218.50000", "2012-09-30": 220.3, "2012-06-30": 212.2, "2012-03-31": 205.3, "2011-12-31": "203.00000", "2011-09-30": 206.7, "2011-06-30": 212.3, "2011-03-31": 197.7, "2010-12-31": "217.60000", "2010-09-30": 178, "2010-06-30": 214.4, "2010-03-31": 217.3, "2009-12-31": "217.10000", "2009-09-30": 225.5, "2009-06-30": 217.1, "2009-03-31": 197.1, "2008-12-31": "200.60000", "2008-09-30": 221.2, "2008-06-30": 219.7, "2008-03-31": 217.1, "2007-12-31": "211.00000", "2007-09-30": 207.7, "2007-06-30": 195.2, "2007-03-31": 194.8, "2006-12-31": "192.10000", "2006-09-30": 142, "2006-06-30": 195.1, "2006-03-31": 185.1, "2005-12-31": "182.50000", "2005-09-30": 161.5, "2005-06-30": 181.6, "2005-03-31": 356.5}, "Other Non-Cash Items": {"2020-12-31": "76.40000", "2020-09-30": 4.9, "2020-06-30": 173, "2020-03-31": -10.1, "2019-12-31": "65.30000", "2019-09-30": 8.6, "2019-06-30": 5.3, "2019-03-31": 17.2, "2018-12-31": "121.30000", "2018-09-30": 79.8, "2018-06-30": -63.6, "2018-03-31": 23.6, "2017-12-31": "304.30000", "2017-09-30": -1773.6, "2017-06-30": 2224.6, "2017-03-31": -1840.8, "2016-12-31": "4.00000", "2016-09-30": -53.8, "2016-06-30": -28.9, "2016-03-31": 925.2, "2015-12-31": "-90.60000", "2015-09-30": -274, "2015-06-30": -9.9, "2015-03-31": 18.2, "2014-12-31": "-79.70000", "2014-09-30": 313, "2014-06-30": 63.5, "2014-03-31": 80.4, "2013-12-31": "33.20000", "2013-09-30": -45.1, "2013-06-30": -18.6, "2013-03-31": -58.7, "2012-12-31": "-56.20000", "2012-09-30": -5.3, "2012-06-30": -272.6, "2012-03-31": -139.2, "2011-12-31": "-50.50000", "2011-09-30": -26.5, "2011-06-30": -70.1, "2011-03-31": -175.6, "2010-12-31": "38.70000", "2010-09-30": -100.4, "2010-06-30": -10.4, "2010-03-31": -7.5, "2009-12-31": "110.00000", "2009-09-30": -84, "2009-06-30": -48.8, "2009-03-31": -8.8, "2008-12-31": "46.10000", "2008-09-30": -15.8, "2008-06-30": 222.8, "2008-03-31": -136.9, "2007-12-31": "-50.90000", "2007-09-30": -96.3, "2007-06-30": 25.3, "2007-03-31": 45.5, "2006-12-31": "-59.60000", "2006-09-30": 172, "2006-06-30": -35, "2006-03-31": -66.2, "2005-12-31": "35.60000", "2005-09-30": 24.8, "2005-06-30": 33.1, "2005-03-31": -4.6}, "Total Non-Cash Items": {"2020-12-31": "400.10000", "2020-09-30": 315.4, "2020-06-30": 463.6, "2020-03-31": 284.6, "2019-12-31": "354.50000", "2019-09-30": 302.2, "2019-06-30": 274.4, "2019-03-31": 279.3, "2018-12-31": "379.30000", "2018-09-30": 337, "2018-06-30": 182, "2018-03-31": 263.6, "2017-12-31": "532.20000", "2017-09-30": -1542.6, "2017-06-30": 2441.5, "2017-03-31": -1629, "2016-12-31": "210.10000", "2016-09-30": 158.7, "2016-06-30": 184.6, "2016-03-31": 1139.1, "2015-12-31": "124.10000", "2015-09-30": -117.3, "2015-06-30": 223.1, "2015-03-31": 251.5, "2014-12-31": "155.80000", "2014-09-30": 567.6, "2014-06-30": 302.5, "2014-03-31": 309.5, "2013-12-31": "267.40000", "2013-09-30": 187.4999, "2013-06-30": 211.1001, "2013-03-31": 167.5, "2012-12-31": "162.30000", "2012-09-30": 215, "2012-06-30": -60.4, "2012-03-31": 66.1, "2011-12-31": "152.50000", "2011-09-30": 180.1999, "2011-06-30": 142.2, "2011-03-31": 22.1, "2010-12-31": "256.30000", "2010-09-30": 77.5999, "2010-06-30": 204, "2010-03-31": 209.8, "2009-12-31": "327.10000", "2009-09-30": 141.5, "2009-06-30": 168.3, "2009-03-31": 188.3, "2008-12-31": "246.70000", "2008-09-30": 205.4, "2008-06-30": 442.5, "2008-03-31": 80.2, "2007-12-31": "160.10000", "2007-09-30": 111.4, "2007-06-30": 220.5, "2007-03-31": 240.3, "2006-12-31": "132.50000", "2006-09-30": 314, "2006-06-30": 160.1, "2006-03-31": 118.9, "2005-12-31": "218.10000", "2005-09-30": 186.3, "2005-06-30": 214.7, "2005-03-31": 351.9}, "Change In Accounts Receivable": {"2020-12-31": "-44.10000", "2020-09-30": 149.4, "2020-06-30": 5.7, "2020-03-31": -112.8, "2019-12-31": "0.90000", "2019-09-30": 70.5, "2019-06-30": -84.1, "2019-03-31": 18.2, "2018-12-31": "-73.60000", "2018-09-30": 7.7, "2018-06-30": -20.3, "2018-03-31": 4, "2017-12-31": "-34.20000", "2017-09-30": -47.9, "2017-06-30": 28.1, "2017-03-31": -96.1, "2016-12-31": "42.30000", "2016-09-30": 129, "2016-06-30": -219.9, "2016-03-31": -37.6, "2015-12-31": "83.70000", "2015-09-30": -17.5, "2015-06-30": -46.8, "2015-03-31": 1.3, "2014-12-31": "22.30000", "2014-09-30": 74.4, "2014-06-30": 4.9, "2014-03-31": -64.3, "2013-12-31": "-17.70000", "2013-09-30": 93.7, "2013-06-30": -106.7, "2013-03-31": -33.2, "2012-12-31": "51.00000", "2012-09-30": 16.8, "2012-06-30": -58, "2012-03-31": -71.5, "2011-12-31": "57.60000", "2011-09-30": 25.9, "2011-06-30": -4.6, "2011-03-31": -63.6, "2010-12-31": "-11.50000", "2010-09-30": 46.4, "2010-06-30": -21.4, "2010-03-31": -102.9, "2009-12-31": "-27.00000", "2009-09-30": -1, "2009-06-30": -6.3, "2009-03-31": 64.6, "2008-12-31": "101.70000", "2008-09-30": 98.5, "2008-06-30": -42.6, "2008-03-31": -83.8, "2007-12-31": "-69.50000", "2007-09-30": 102.3, "2007-06-30": -36.2, "2007-03-31": -29.7, "2006-12-31": "-36.60000", "2006-09-30": -52.7, "2006-06-30": -33.4, "2006-03-31": 13.4, "2005-12-31": "-10.10000", "2005-09-30": -48.7, "2005-06-30": -38.7, "2005-03-31": 4.6}, "Change In Inventories": {"2020-12-31": "-9.90000", "2020-09-30": 20.1, "2020-06-30": -8.8, "2020-03-31": -8.1, "2019-12-31": "-8.40000", "2019-09-30": 10.5, "2019-06-30": 0.7, "2019-03-31": -3.8, "2018-12-31": "-10.40000", "2018-09-30": -80.2, "2018-06-30": 10.5, "2018-03-31": 13.9, "2017-12-31": "-8.40000", "2017-09-30": -38.4, "2017-06-30": 24.1, "2017-03-31": 10.8, "2016-12-31": "9.90000", "2016-09-30": 18.6, "2016-06-30": 14.7, "2016-03-31": 17.9, "2015-12-31": "-19.00000", "2015-09-30": 35.6, "2015-06-30": 16.4, "2015-03-31": 2, "2014-12-31": "-16.00000", "2014-09-30": -36.1, "2014-06-30": -21, "2014-03-31": 21.7, "2013-12-31": "11.90000", "2013-09-30": 6.5, "2013-06-30": 15.4, "2013-03-31": 10.6, "2012-12-31": "42.50000", "2012-09-30": 20.1, "2012-06-30": 1.1, "2012-03-31": 4.3, "2011-12-31": "-24.20000", "2011-09-30": -59.3, "2011-06-30": -29.4, "2011-03-31": -8.6, "2010-12-31": "-10.20000", "2010-09-30": -53.4, "2010-06-30": -5.6, "2010-03-31": 14.2, "2009-12-31": "-18.10000", "2009-09-30": -6.9, "2009-06-30": 30.9, "2009-03-31": 12, "2008-12-31": "-53.70000", "2008-09-30": 4.6, "2008-06-30": -2.9, "2008-03-31": -7.3, "2007-12-31": "-29.30000", "2007-09-30": 10.2, "2007-06-30": -2.2, "2007-03-31": 2, "2006-12-31": "-16.00000", "2006-09-30": 31, "2006-06-30": -9.4, "2006-03-31": 1.2, "2005-12-31": "-64.50000", "2005-09-30": 39.6, "2005-06-30": -17.6, "2005-03-31": -12.8}, "Change In Accounts Payable": {"2020-12-31": "-30.10000", "2020-09-30": 0, "2020-06-30": 0, "2020-03-31": -1.4, "2019-12-31": "1.40000", "2019-09-30": 0, "2019-06-30": 0, "2019-03-31": 0, "2018-12-31": "", "2018-09-30": 0, "2018-06-30": 0, "2018-03-31": 0, "2017-12-31": "", "2017-09-30": 0, "2017-06-30": 0, "2017-03-31": 0, "2016-12-31": "", "2016-09-30": 0, "2016-06-30": 0, "2016-03-31": 0, "2015-12-31": "", "2015-09-30": 0, "2015-06-30": 0, "2015-03-31": 0, "2014-12-31": "", "2014-09-30": 0, "2014-06-30": 0, "2014-03-31": 0, "2013-12-31": "", "2013-09-30": 0, "2013-06-30": 0, "2013-03-31": 0, "2012-12-31": "", "2012-09-30": 0, "2012-06-30": 0, "2012-03-31": 0, "2011-12-31": "", "2011-09-30": 0, "2011-06-30": 0, "2011-03-31": 0, "2010-12-31": "", "2010-09-30": 0, "2010-06-30": 0, "2010-03-31": 0, "2009-12-31": "", "2009-09-30": 0, "2009-06-30": 0, "2009-03-31": 0, "2008-12-31": "", "2008-09-30": 0, "2008-06-30": 0, "2008-03-31": 0, "2007-12-31": "", "2007-09-30": 0, "2007-06-30": 0, "2007-03-31": 0, "2006-12-31": "", "2006-09-30": 0, "2006-06-30": 0, "2006-03-31": 0, "2005-12-31": "", "2005-09-30": 0, "2005-06-30": 0, "2005-03-31": 0}, "Change In Assets/Liabilities": {"2020-12-31": "-47.50000", "2020-09-30": 141.3, "2020-06-30": -73.7, "2020-03-31": -72.2, "2019-12-31": "-41.60000", "2019-09-30": 27.1, "2019-06-30": 7.9, "2019-03-31": -14.3, "2018-12-31": "67.80000", "2018-09-30": 44.2, "2018-06-30": 50.8, "2018-03-31": -5, "2017-12-31": "29.30000", "2017-09-30": -60, "2017-06-30": -50.6, "2017-03-31": 60.2, "2016-12-31": "1.80000", "2016-09-30": 37.2, "2016-06-30": 53.5, "2016-03-31": -62.5, "2015-12-31": "-54.50000", "2015-09-30": 182, "2015-06-30": 75.3, "2015-03-31": -128.4, "2014-12-31": "-5.10000", "2014-09-30": 7.1, "2014-06-30": -45.5, "2014-03-31": -7.1, "2013-12-31": "59.60000", "2013-09-30": 29.3, "2013-06-30": 52.4, "2013-03-31": 32.9, "2012-12-31": "-271.90000", "2012-09-30": -67.4, "2012-06-30": 114.1, "2012-03-31": -54.9, "2011-12-31": "36.90000", "2011-09-30": 33.1, "2011-06-30": -19, "2011-03-31": 7, "2010-12-31": "55.40000", "2010-09-30": 74.5, "2010-06-30": 55.2, "2010-03-31": 11.8, "2009-12-31": "-55.00000", "2009-09-30": 67.9, "2009-06-30": 150.4, "2009-03-31": -2.3, "2008-12-31": "-121.20000", "2008-09-30": -97.7, "2008-06-30": -48.2, "2008-03-31": -31.9, "2007-12-31": "134.80000", "2007-09-30": 128.3, "2007-06-30": -14.9, "2007-03-31": -193.2, "2006-12-31": "65.10000", "2006-09-30": -123.3, "2006-06-30": -62.1, "2006-03-31": 29, "2005-12-31": "-5.70000", "2005-09-30": -63.9, "2005-06-30": 10.3, "2005-03-31": 36.3}, "Total Change In Assets/Liabilities": {"2020-12-31": "-107.40000", "2020-09-30": 463.6, "2020-06-30": -149.7, "2020-03-31": -190.9, "2019-12-31": "-163.10000", "2019-09-30": 161.1, "2019-06-30": -44.8, "2019-03-31": -70, "2018-12-31": "-71.60000", "2018-09-30": -141.1, "2018-06-30": 136.5, "2018-03-31": -134, "2017-12-31": "-126.80000", "2017-09-30": 117.4, "2017-06-30": 80.3, "2017-03-31": -214.1, "2016-12-31": "64.40000", "2016-09-30": 183.9, "2016-06-30": 100.8, "2016-03-31": -173, "2015-12-31": "-90.50000", "2015-09-30": 145.3, "2015-06-30": 145.5, "2015-03-31": -41, "2014-12-31": "6.20000", "2014-09-30": -66.9, "2014-06-30": -57.2, "2014-03-31": -114.5, "2013-12-31": "-11.40000", "2013-09-30": 139, "2013-06-30": -28.4, "2013-03-31": -147.3, "2012-12-31": "-171.10000", "2012-09-30": 189.2, "2012-06-30": 81.3, "2012-03-31": -61.4, "2011-12-31": "15.50000", "2011-09-30": 131.3, "2011-06-30": 13.2, "2011-03-31": -63.5, "2010-12-31": "-195.60000", "2010-09-30": 102.1, "2010-06-30": 44.7, "2010-03-31": -119.4, "2009-12-31": "-390.00000", "2009-09-30": 90.4, "2009-06-30": 119.4, "2009-03-31": -140.4, "2008-12-31": "-116.10000", "2008-09-30": 62.3, "2008-06-30": -14.2, "2008-03-31": -130.1, "2007-12-31": "-57.10000", "2007-09-30": 285.8, "2007-06-30": -82.3, "2007-03-31": -231.5, "2006-12-31": "-212.40000", "2006-09-30": 32.9, "2006-06-30": -44.6, "2006-03-31": -30.4, "2005-12-31": "-144.90000", "2005-09-30": -4, "2005-06-30": -132.9, "2005-03-31": -23.9}, "Cash Flow From Operating Activities": {"2020-12-31": "774.70000", "2020-09-30": 1251.5, "2020-06-30": 774.7, "2020-03-31": 571.5, "2019-12-31": "667.00000", "2019-09-30": 966.5, "2019-06-30": 717.6, "2019-03-31": 630.6, "2018-12-31": "655.20000", "2018-09-30": 691, "2018-06-30": 750.2, "2018-03-31": 546, "2017-12-31": "560.00000", "2017-09-30": 915, "2017-06-30": 752.2, "2017-03-31": 286.9, "2016-12-31": "574.30000", "2016-09-30": 736.6, "2016-06-30": 632.2, "2016-03-31": 492.8, "2015-12-31": "397.20000", "2015-09-30": 372.5, "2015-06-30": 687.4, "2015-03-31": 500.5, "2014-12-31": "486.60000", "2014-09-30": 606.1, "2014-06-30": 559.3, "2014-03-31": 478.5, "2013-12-31": "546.20000", "2013-09-30": 501.9, "2013-06-30": 453, "2013-03-31": 319.8, "2012-12-31": "278.40000", "2012-09-30": 520.5, "2012-06-30": 513.4, "2012-03-31": 306.9, "2011-12-31": "424.30000", "2011-09-30": 613.3, "2011-06-30": 490.4, "2011-03-31": 270.1, "2010-12-31": "336.60000", "2010-09-30": 451.8, "2010-06-30": 490.5, "2010-03-31": 348.8, "2009-12-31": "193.90000", "2009-09-30": 464.4, "2009-06-30": 405.7, "2009-03-31": 260.1, "2008-12-31": "199.20000", "2008-09-30": 529.3, "2008-06-30": 498.4, "2008-03-31": 264.4, "2007-12-31": "366.70000", "2007-09-30": 690, "2007-06-30": 423.1, "2007-03-31": 236.4, "2006-12-31": "150.40000", "2006-09-30": 475.3, "2006-06-30": 325.8, "2006-03-31": 292.5, "2005-12-31": "253.90000", "2005-09-30": 361.3, "2005-06-30": 272.4, "2005-03-31": 670.1}, "Net Change In Property, Plant, And Equipment": {"2020-12-31": "-661.60000", "2020-09-30": -383.5, "2020-06-30": -1182.6, "2020-03-31": -430.1, "2019-12-31": "-432.50000", "2019-09-30": -471, "2019-06-30": -547.9, "2019-03-31": -557.4, "2018-12-31": "-402.30000", "2018-09-30": -407.3, "2018-06-30": -574.2, "2018-03-31": -292.1, "2017-12-31": "-246.00000", "2017-09-30": -211.1, "2017-06-30": -267.4, "2017-03-31": -290.9, "2016-12-31": "-227.80000", "2016-09-30": -206.3, "2016-06-30": -222.9, "2016-03-31": -216.3, "2015-12-31": "-217.60000", "2015-09-30": -173.6, "2015-06-30": -315.8, "2015-03-31": -174.9, "2014-12-31": "-442.80000", "2014-09-30": -86.2, "2014-06-30": -439.9, "2014-03-31": -405.4, "2013-12-31": "-385.60000", "2013-09-30": -381.4, "2013-06-30": -389.1, "2013-03-31": -346.7, "2012-12-31": "-354.20000", "2012-09-30": -315.5, "2012-06-30": -430.6, "2012-03-31": -392, "2011-12-31": "-330.40000", "2011-09-30": -356.5, "2011-06-30": -330.5, "2011-03-31": -267, "2010-12-31": "-273.70000", "2010-09-30": -211.7, "2010-06-30": -229.7, "2010-03-31": -219.2, "2009-12-31": "-275.70000", "2009-09-30": -252, "2009-06-30": -278.4, "2009-03-31": -318, "2008-12-31": "-272.80000", "2008-09-30": -292.5, "2008-06-30": -265, "2008-03-31": -248.2, "2007-12-31": "-259.80000", "2007-09-30": -230.7, "2007-06-30": -212.2, "2007-03-31": -253.5, "2006-12-31": "-219.60000", "2006-09-30": -151.7999, "2006-06-30": -227, "2006-03-31": -329.3, "2005-12-31": "-286.40000", "2005-09-30": -226.4, "2005-06-30": -237.5, "2005-03-31": -393.6}, "Net Change In Intangible Assets": {"2020-12-31": "", "2020-09-30": 0, "2020-06-30": 0, "2020-03-31": 0, "2019-12-31": "", "2019-09-30": 0, "2019-06-30": 0, "2019-03-31": 0, "2018-12-31": "", "2018-09-30": 0, "2018-06-30": 0, "2018-03-31": 0, "2017-12-31": "", "2017-09-30": 0, "2017-06-30": 0, "2017-03-31": 0, "2016-12-31": "", "2016-09-30": 0, "2016-06-30": 0, "2016-03-31": 0, "2015-12-31": "", "2015-09-30": 0, "2015-06-30": 0, "2015-03-31": 0, "2014-12-31": "", "2014-09-30": 0, "2014-06-30": 0, "2014-03-31": 0, "2013-12-31": "", "2013-09-30": 0, "2013-06-30": 0, "2013-03-31": 0, "2012-12-31": "", "2012-09-30": 0, "2012-06-30": 0, "2012-03-31": 0, "2011-12-31": "", "2011-09-30": 0, "2011-06-30": 0, "2011-03-31": 0, "2010-12-31": "", "2010-09-30": 0, "2010-06-30": 0, "2010-03-31": 0, "2009-12-31": "", "2009-09-30": 0, "2009-06-30": 0, "2009-03-31": 0, "2008-12-31": "", "2008-09-30": 0, "2008-06-30": 0, "2008-03-31": 0, "2007-12-31": "", "2007-09-30": 0, "2007-06-30": 0, "2007-03-31": 0, "2006-12-31": "", "2006-09-30": 0, "2006-06-30": 0, "2006-03-31": 0, "2005-12-31": "", "2005-09-30": 0, "2005-06-30": 0, "2005-03-31": 0}, "Net Acquisitions/Divestitures": {"2020-12-31": "", "2020-09-30": -183.3, "2020-06-30": 0, "2020-03-31": 0, "2019-12-31": "", "2019-09-30": -16.2, "2019-06-30": -0.7, "2019-03-31": -106.3, "2018-12-31": "", "2018-09-30": -25.2, "2018-06-30": -48.8, "2018-03-31": -34.3, "2017-12-31": "-237.10000", "2017-09-30": -8.2, "2017-06-30": 0, "2017-03-31": 0, "2016-12-31": "", "2016-09-30": 0, "2016-06-30": 0, "2016-03-31": 0, "2015-12-31": "", "2015-09-30": 0, "2015-06-30": 0, "2015-03-31": -11.9, "2014-12-31": "-22.60000", "2014-09-30": 0, "2014-06-30": 0, "2014-03-31": 0, "2013-12-31": "", "2013-09-30": -99.3, "2013-06-30": -125.6, "2013-03-31": 0, "2012-12-31": "", "2012-09-30": -689.6, "2012-06-30": -147.4, "2012-03-31": -26.4, "2011-12-31": "", "2011-09-30": -0.9, "2011-06-30": -9.9, "2011-03-31": 0, "2010-12-31": "", "2010-09-30": 0, "2010-06-30": -2.3, "2010-03-31": -25, "2009-12-31": "-9.90000", "2009-09-30": 9.1, "2009-06-30": 9.9, "2009-03-31": 0, "2008-12-31": "-0.70000", "2008-09-30": -66.5, "2008-06-30": 90.6, "2008-03-31": 257.8, "2007-12-31": "69.10000", "2007-09-30": -12, "2007-06-30": -507.1, "2007-03-31": -20, "2006-12-31": "", "2006-09-30": 211.2, "2006-06-30": 0, "2006-03-31": -127, "2005-12-31": "", "2005-09-30": -24.5, "2005-06-30": -14.1, "2005-03-31": -58.6}, "Net Change In Short-term Investments": {"2020-12-31": "696.50000", "2020-09-30": 1411, "2020-06-30": -2515.5, "2020-03-31": 0, "2019-12-31": "177.00000", "2019-09-30": -166.8, "2019-06-30": 2.6, "2019-03-31": 9.9, "2018-12-31": "172.70000", "2018-09-30": -177.5, "2018-06-30": 128.2, "2018-03-31": 270.5, "2017-12-31": "-3.30000", "2017-09-30": 613.1999, "2017-06-30": 408.1, "2017-03-31": -1423.2, "2016-12-31": "", "2016-09-30": 0, "2016-06-30": 0, "2016-03-31": 0, "2015-12-31": "", "2015-09-30": 0, "2015-06-30": 0, "2015-03-31": 0, "2014-12-31": "", "2014-09-30": 0, "2014-06-30": 0, "2014-03-31": 0, "2013-12-31": "", "2013-09-30": 0, "2013-06-30": 0, "2013-03-31": 0, "2012-12-31": "", "2012-09-30": 0, "2012-06-30": 0, "2012-03-31": 0, "2011-12-31": "", "2011-09-30": 0, "2011-06-30": 0, "2011-03-31": 0, "2010-12-31": "", "2010-09-30": 0, "2010-06-30": 0, "2010-03-31": 0, "2009-12-31": "", "2009-09-30": 0, "2009-06-30": 0, "2009-03-31": 0, "2008-12-31": "", "2008-09-30": 0, "2008-06-30": 0, "2008-03-31": 0, "2007-12-31": "", "2007-09-30": 0, "2007-06-30": 0, "2007-03-31": 0, "2006-12-31": "", "2006-09-30": 0, "2006-06-30": 0, "2006-03-31": 0, "2005-12-31": "", "2005-09-30": 0, "2005-06-30": 0, "2005-03-31": 0}, "Net Change In Long-Term Investments": {"2020-12-31": "-20.00000", "2020-09-30": -74.3, "2020-06-30": 72.6, "2020-03-31": -15.6, "2019-12-31": "-7.10000", "2019-09-30": -8.8, "2019-06-30": -5.5, "2019-03-31": -1.4, "2018-12-31": "", "2018-09-30": 0, "2018-06-30": 0, "2018-03-31": 0, "2017-12-31": "", "2017-09-30": 0, "2017-06-30": 0.8, "2017-03-31": -0.1, "2016-12-31": "-8.80000", "2016-09-30": 0, "2016-06-30": 1.5, "2016-03-31": -2.8, "2015-12-31": "1.30000", "2015-09-30": -4.3, "2015-06-30": 0, "2015-03-31": 0, "2014-12-31": "", "2014-09-30": -0.3, "2014-06-30": 2.3, "2014-03-31": 0, "2013-12-31": "", "2013-09-30": 1.3, "2013-06-30": 0, "2013-03-31": 0, "2012-12-31": "", "2012-09-30": 0, "2012-06-30": -154.2, "2012-03-31": 0, "2011-12-31": "-21.20000", "2011-09-30": 0.2, "2011-06-30": -21.8, "2011-03-31": 70.5, "2010-12-31": "", "2010-09-30": -0.1, "2010-06-30": -0.2, "2010-03-31": -71.1, "2009-12-31": "-3.00000", "2009-09-30": -23.4, "2009-06-30": -1, "2009-03-31": 0, "2008-12-31": "-0.10000", "2008-09-30": -0.4, "2008-06-30": -1.8, "2008-03-31": 0, "2007-12-31": "", "2007-09-30": 0.2, "2007-06-30": 1.1, "2007-03-31": 0, "2006-12-31": "-1.50000", "2006-09-30": -4.4, "2006-06-30": -9.8, "2006-03-31": -8.3, "2005-12-31": "", "2005-09-30": -3.2, "2005-06-30": -2.6, "2005-03-31": -4.7}, "Net Change In Investments - Total": {"2020-12-31": "676.50000", "2020-09-30": 1336.7, "2020-06-30": -2442.9, "2020-03-31": -15.6, "2019-12-31": "169.90000", "2019-09-30": -175.6, "2019-06-30": -2.9, "2019-03-31": 8.5, "2018-12-31": "172.70000", "2018-09-30": -177.5, "2018-06-30": 128.2, "2018-03-31": 270.5, "2017-12-31": "-3.30000", "2017-09-30": 613.1999, "2017-06-30": 408.9, "2017-03-31": -1423.3, "2016-12-31": "-8.80000", "2016-09-30": 0, "2016-06-30": 1.5, "2016-03-31": -2.8, "2015-12-31": "1.30000", "2015-09-30": -4.3, "2015-06-30": 0, "2015-03-31": 0, "2014-12-31": "", "2014-09-30": -0.3, "2014-06-30": 2.3, "2014-03-31": 0, "2013-12-31": "", "2013-09-30": 1.3, "2013-06-30": 0, "2013-03-31": 0, "2012-12-31": "", "2012-09-30": 0, "2012-06-30": -154.2, "2012-03-31": 0, "2011-12-31": "-21.20000", "2011-09-30": 0.2, "2011-06-30": -21.8, "2011-03-31": 70.5, "2010-12-31": "", "2010-09-30": -0.1, "2010-06-30": -0.2, "2010-03-31": -71.1, "2009-12-31": "-3.00000", "2009-09-30": -23.4, "2009-06-30": -1, "2009-03-31": 0, "2008-12-31": "-0.10000", "2008-09-30": -0.4, "2008-06-30": -1.8, "2008-03-31": 0, "2007-12-31": "", "2007-09-30": 0.2, "2007-06-30": 1.1, "2007-03-31": 0, "2006-12-31": "-1.50000", "2006-09-30": -4.4, "2006-06-30": -9.8, "2006-03-31": -8.3, "2005-12-31": "", "2005-09-30": -3.2, "2005-06-30": -2.6, "2005-03-31": -4.7}, "Investing Activities - Other": {"2020-12-31": "3.30000", "2020-09-30": 1, "2020-06-30": 1, "2020-03-31": 0, "2019-12-31": "1.90000", "2019-09-30": -15.1, "2019-06-30": -1.9, "2019-03-31": -0.4, "2018-12-31": "3.10000", "2018-09-30": 0.2, "2018-06-30": 3.8, "2018-03-31": -4.1, "2017-12-31": "5.60000", "2017-09-30": 4.9, "2017-06-30": 0.1, "2017-03-31": -0.1, "2016-12-31": "-1.50000", "2016-09-30": 0, "2016-06-30": -0.7, "2016-03-31": -1.6, "2015-12-31": "0.60000", "2015-09-30": 4.1, "2015-06-30": -6.4, "2015-03-31": -0.7, "2014-12-31": "2.20000", "2014-09-30": 0.1, "2014-06-30": -1.1, "2014-03-31": -0.4, "2013-12-31": "", "2013-09-30": 0.6, "2013-06-30": -1.3, "2013-03-31": 0.3, "2012-12-31": "-1.60000", "2012-09-30": 11.2, "2012-06-30": 54.5, "2012-03-31": 4.4, "2011-12-31": "2.00000", "2011-09-30": 6.8, "2011-06-30": 2.6, "2011-03-31": 13.5, "2010-12-31": "-3.10000", "2010-09-30": 5.4, "2010-06-30": 3, "2010-03-31": 12, "2009-12-31": "13.20000", "2009-09-30": 4.8, "2009-06-30": 41.5, "2009-03-31": 72.4, "2008-12-31": "-31.70000", "2008-09-30": -49.7, "2008-06-30": -2.5, "2008-03-31": -7.3, "2007-12-31": "-143.60000", "2007-09-30": -38, "2007-06-30": -5.4, "2007-03-31": 1.1, "2006-12-31": "14.50000", "2006-09-30": -60.2, "2006-06-30": 12.7, "2006-03-31": 6.3, "2005-12-31": "27.30000", "2005-09-30": 0.3, "2005-06-30": 3.4, "2005-03-31": 0.3}, "Cash Flow From Investing Activities": {"2020-12-31": "18.20000", "2020-09-30": 770.9, "2020-06-30": -3624.5, "2020-03-31": -445.7, "2019-12-31": "-260.70000", "2019-09-30": -677.9, "2019-06-30": -553.4, "2019-03-31": -655.6, "2018-12-31": "-226.50000", "2018-09-30": -609.8, "2018-06-30": -491, "2018-03-31": -60, "2017-12-31": "-480.80000", "2017-09-30": 398.8, "2017-06-30": 141.6, "2017-03-31": -1714.3, "2016-12-31": "-238.10000", "2016-09-30": -206.3, "2016-06-30": -222.1, "2016-03-31": -220.7, "2015-12-31": "-215.70000", "2015-09-30": -173.8, "2015-06-30": -322.2, "2015-03-31": -187.5, "2014-12-31": "-463.20000", "2014-09-30": -86.4, "2014-06-30": -438.7, "2014-03-31": -405.8, "2013-12-31": "-385.60000", "2013-09-30": -478.8, "2013-06-30": -516, "2013-03-31": -346.4, "2012-12-31": "-355.80000", "2012-09-30": -993.9, "2012-06-30": -677.7, "2012-03-31": -414, "2011-12-31": "-349.60000", "2011-09-30": -350.4, "2011-06-30": -359.6, "2011-03-31": -183, "2010-12-31": "-276.80000", "2010-09-30": -206.4, "2010-06-30": -229.2, "2010-03-31": -303.3, "2009-12-31": "-275.40000", "2009-09-30": -261.5, "2009-06-30": -228, "2009-03-31": -245.6, "2008-12-31": "-305.30000", "2008-09-30": -409.1, "2008-06-30": -178.7, "2008-03-31": 2.3, "2007-12-31": "-334.30000", "2007-09-30": -280.5, "2007-06-30": -723.6, "2007-03-31": -272.4, "2006-12-31": "-206.60000", "2006-09-30": -5.2, "2006-06-30": -224.1, "2006-03-31": -458.3, "2005-12-31": "-259.10000", "2005-09-30": -253.8, "2005-06-30": -250.8, "2005-03-31": -456.6}, "Net Long-Term Debt": {"2020-12-31": "-1.10000", "2020-09-30": -403.1, "2020-06-30": 4895.7, "2020-03-31": -0.6, "2019-12-31": "-2.80000", "2019-09-30": -423.2, "2019-06-30": -2.7, "2019-03-31": -0.1, "2018-12-31": "-2.60000", "2018-09-30": -0.5, "2018-06-30": -9, "2018-03-31": -0.1, "2017-12-31": "-408.60000", "2017-09-30": -0.2, "2017-06-30": -12.9, "2017-03-31": -455.2, "2016-12-31": "-13.20000", "2016-09-30": -360.1, "2016-06-30": 332.2, "2016-03-31": -0.1, "2015-12-31": "-65.50000", "2015-09-30": -137.9, "2015-06-30": -173.9, "2015-03-31": -9.7, "2014-12-31": "-37.60000", "2014-09-30": 389.2, "2014-06-30": -82.4, "2014-03-31": -19.4, "2013-12-31": "-432.60000", "2013-09-30": 383.3, "2013-06-30": -5.6, "2013-03-31": 99.7, "2012-12-31": "12.30000", "2012-09-30": 477.8, "2012-06-30": -459.5, "2012-03-31": -5.3, "2011-12-31": "396.80000", "2011-09-30": 345.9, "2011-06-30": 5.8, "2011-03-31": -29.9, "2010-12-31": "-99.10000", "2010-09-30": -211.3, "2010-06-30": 16.7, "2010-03-31": -42.7, "2009-12-31": "27.10000", "2009-09-30": 476.7, "2009-06-30": -19.2, "2009-03-31": 2.5, "2008-12-31": "67.60000", "2008-09-30": 101.3, "2008-06-30": 15.9, "2008-03-31": 248.1, "2007-12-31": "119.10000", "2007-09-30": -9.8, "2007-06-30": 23, "2007-03-31": 395.7, "2006-12-31": "17.60000", "2006-09-30": -6, "2006-06-30": -13.6, "2006-03-31": -10.9, "2005-12-31": "164.20000", "2005-09-30": -35.4, "2005-06-30": -149.2, "2005-03-31": 61.3}, "Net Current Debt": {"2020-12-31": "4.50000", "2020-09-30": -6.9, "2020-06-30": -14.7, "2020-03-31": -22.9, "2019-12-31": "-10.40000", "2019-09-30": -33.8, "2019-06-30": 44.3, "2019-03-31": 31.4, "2018-12-31": "-38.00000", "2018-09-30": -32.4, "2018-06-30": -23.7, "2018-03-31": 18.3, "2017-12-31": "-40.70000", "2017-09-30": 0.6, "2017-06-30": 17.4, "2017-03-31": -44.4, "2016-12-31": "-772.20000", "2016-09-30": 290.1, "2016-06-30": -432.7, "2016-03-31": -47.6, "2015-12-31": "46.00000", "2015-09-30": 163.2, "2015-06-30": 67.7, "2015-03-31": 0.3, "2014-12-31": "54.00000", "2014-09-30": -274, "2014-06-30": 51.8, "2014-03-31": 31.8, "2013-12-31": "339.10000", "2013-09-30": -343.1, "2013-06-30": 176.4, "2013-03-31": -104.7, "2012-12-31": "709.10000", "2012-09-30": 181.3, "2012-06-30": 18.7, "2012-03-31": 126.2, "2011-12-31": "-316.40000", "2011-09-30": -176.3, "2011-06-30": 69.7, "2011-03-31": 374.2, "2010-12-31": "-33.30000", "2010-09-30": -24.2, "2010-06-30": 5.6, "2010-03-31": -4, "2009-12-31": "-51.60000", "2009-09-30": -221.9, "2009-06-30": -84, "2009-03-31": 37.5, "2008-12-31": "145.70000", "2008-09-30": 57.1, "2008-06-30": -320.9, "2008-03-31": -35.2, "2007-12-31": "120.10000", "2007-09-30": -210.9, "2007-06-30": 427.8, "2007-03-31": -264.6, "2006-12-31": "226.20000", "2006-09-30": -105.9, "2006-06-30": 112.2, "2006-03-31": 181.9, "2005-12-31": "-78.30000", "2005-09-30": 54.2, "2005-06-30": 232.9, "2005-03-31": 5.1}, "Debt Issuance/Retirement Net - Total": {"2020-12-31": "3.40000", "2020-09-30": -410, "2020-06-30": 4881, "2020-03-31": -23.5, "2019-12-31": "-13.20000", "2019-09-30": -457, "2019-06-30": 41.6, "2019-03-31": 31.3, "2018-12-31": "-40.60000", "2018-09-30": -32.9, "2018-06-30": -32.7, "2018-03-31": 18.2, "2017-12-31": "-449.30000", "2017-09-30": 0.4, "2017-06-30": 4.5, "2017-03-31": -499.6, "2016-12-31": "-785.40000", "2016-09-30": -70, "2016-06-30": -100.5, "2016-03-31": -47.7, "2015-12-31": "-19.50000", "2015-09-30": 25.3, "2015-06-30": -106.2, "2015-03-31": -9.4, "2014-12-31": "16.40000", "2014-09-30": 115.2, "2014-06-30": -30.6, "2014-03-31": 12.4, "2013-12-31": "-93.50000", "2013-09-30": 40.2, "2013-06-30": 170.8, "2013-03-31": -5, "2012-12-31": "721.40000", "2012-09-30": 659.1, "2012-06-30": -440.8, "2012-03-31": 120.9, "2011-12-31": "80.40000", "2011-09-30": 169.6, "2011-06-30": 75.5, "2011-03-31": 344.3, "2010-12-31": "-132.40000", "2010-09-30": -235.5, "2010-06-30": 22.3, "2010-03-31": -46.7, "2009-12-31": "-24.50000", "2009-09-30": 254.8, "2009-06-30": -103.2, "2009-03-31": 40, "2008-12-31": "213.30000", "2008-09-30": 158.4, "2008-06-30": -305, "2008-03-31": 212.9, "2007-12-31": "239.20000", "2007-09-30": -220.7, "2007-06-30": 450.8, "2007-03-31": 131.1, "2006-12-31": "243.80000", "2006-09-30": -111.9, "2006-06-30": 98.6, "2006-03-31": 171, "2005-12-31": "85.90000", "2005-09-30": 18.8, "2005-06-30": 83.7, "2005-03-31": 66.4}, "Net Common Equity Issued/Repurchased": {"2020-12-31": "1.60000", "2020-09-30": 10.9, "2020-06-30": 3, "2020-03-31": 14.7, "2019-12-31": "5.50000", "2019-09-30": 4.8, "2019-06-30": 17.9, "2019-03-31": 40.7, "2018-12-31": "4.70000", "2018-09-30": 18, "2018-06-30": 5.5, "2018-03-31": 18.3, "2017-12-31": "34.40000", "2017-09-30": 30.2, "2017-06-30": 18.3, "2017-03-31": 9.2, "2016-12-31": "10.70000", "2016-09-30": 65.1, "2016-06-30": 40.7, "2016-03-31": 25.2, "2015-12-31": "10.30000", "2015-09-30": 28.8, "2015-06-30": 15.3, "2015-03-31": 35.1, "2014-12-31": "42.10000", "2014-09-30": 35.1, "2014-06-30": 48.8, "2014-03-31": 37.8, "2013-12-31": "19.90000", "2013-09-30": 93.3, "2013-06-30": 70.4, "2013-03-31": 35.7, "2012-12-31": "-434.60000", "2012-09-30": 35.6, "2012-06-30": 12.8, "2012-03-31": 14.9, "2011-12-31": "7.90000", "2011-09-30": -275.4, "2011-06-30": 51.8, "2011-03-31": -314.2, "2010-12-31": "36.80000", "2010-09-30": 45.8, "2010-06-30": 6.9, "2010-03-31": 7.7, "2009-12-31": "27.70000", "2009-09-30": 39.5, "2009-06-30": 8.1, "2009-03-31": 5.7, "2008-12-31": "1.10000", "2008-09-30": -226.7, "2008-06-30": 39.1, "2008-03-31": -361.7, "2007-12-31": "-156.70000", "2007-09-30": -136.9, "2007-06-30": -84.2, "2007-03-31": -54.8, "2006-12-31": "-96.50000", "2006-09-30": -276.2, "2006-06-30": -164, "2006-03-31": 47.8, "2005-12-31": "13.00000", "2005-09-30": -118.7, "2005-06-30": -357.5, "2005-03-31": 113.7}, "Net Total Equity Issued/Repurchased": {"2020-12-31": "1.60000", "2020-09-30": 10.9, "2020-06-30": 3, "2020-03-31": 14.7, "2019-12-31": "5.50000", "2019-09-30": 4.8, "2019-06-30": 17.9, "2019-03-31": 40.7, "2018-12-31": "4.70000", "2018-09-30": 18, "2018-06-30": 5.5, "2018-03-31": 18.3, "2017-12-31": "34.40000", "2017-09-30": 30.2, "2017-06-30": 18.3, "2017-03-31": 9.2, "2016-12-31": "10.70000", "2016-09-30": 65.1, "2016-06-30": 40.7, "2016-03-31": 25.2, "2015-12-31": "10.30000", "2015-09-30": 28.8, "2015-06-30": 15.3, "2015-03-31": 35.1, "2014-12-31": "42.10000", "2014-09-30": 35.1, "2014-06-30": 48.8, "2014-03-31": 37.8, "2013-12-31": "19.90000", "2013-09-30": 93.3, "2013-06-30": 70.4, "2013-03-31": 35.7, "2012-12-31": "-434.60000", "2012-09-30": 35.6, "2012-06-30": 12.8, "2012-03-31": 14.9, "2011-12-31": "7.90000", "2011-09-30": -275.4, "2011-06-30": 51.8, "2011-03-31": -314.2, "2010-12-31": "36.80000", "2010-09-30": 45.8, "2010-06-30": 6.9, "2010-03-31": 7.7, "2009-12-31": "27.70000", "2009-09-30": 39.5, "2009-06-30": 8.1, "2009-03-31": 5.7, "2008-12-31": "1.10000", "2008-09-30": -226.7, "2008-06-30": 39.1, "2008-03-31": -361.7, "2007-12-31": "-156.70000", "2007-09-30": -136.9, "2007-06-30": -84.2, "2007-03-31": -54.8, "2006-12-31": "-96.50000", "2006-09-30": -276.2, "2006-06-30": -164, "2006-03-31": 47.8, "2005-12-31": "13.00000", "2005-09-30": -118.7, "2005-06-30": -357.5, "2005-03-31": 113.7}, "Total Common And Preferred Stock Dividends Paid": {"2020-12-31": "-296.20000", "2020-09-30": -296, "2020-06-30": -295.9, "2020-03-31": -256, "2019-12-31": "-255.70000", "2019-09-30": -255.6, "2019-06-30": -255.3, "2019-03-31": -241.6, "2018-12-31": "-241.50000", "2018-09-30": -241.2, "2018-06-30": -241.1, "2018-03-31": -208, "2017-12-31": "-207.50000", "2017-09-30": -207, "2017-06-30": -206.9, "2017-03-31": -187.1, "2016-12-31": "-186.90000", "2016-09-30": -186.3, "2016-06-30": -185.8, "2016-03-31": -174.7, "2015-12-31": "-174.40000", "2015-09-30": -174.1, "2015-06-30": -174, "2015-03-31": -165, "2014-12-31": "-164.40000", "2014-09-30": -164, "2014-06-30": -163.5, "2014-03-31": -150.3, "2013-12-31": "-149.90000", "2013-09-30": -148.8, "2013-06-30": -147.9, "2013-03-31": -132.9, "2012-12-31": "-136.00000", "2012-09-30": -135.5, "2012-06-30": -135.3, "2012-03-31": -122.2, "2011-12-31": "-121.90000", "2011-09-30": -123.7, "2011-06-30": -122.9, "2011-03-31": -105.3, "2010-12-31": "-104.80000", "2010-09-30": -104.1, "2010-06-30": -104.1, "2010-03-31": -95.4, "2009-12-31": "-95.10000", "2009-09-30": -94.5, "2009-06-30": -94.5, "2009-03-31": -92.2, "2008-12-31": "-92.10000", "2008-09-30": -93.2, "2008-06-30": -92.7, "2008-03-31": -81.5, "2007-12-31": "-81.90000", "2007-09-30": -82.1, "2007-06-30": -82.4, "2007-03-31": -73.6, "2006-12-31": "-73.90000", "2006-09-30": -75.4, "2006-06-30": -76, "2006-03-31": -71.2, "2005-12-31": "-71.00000", "2005-09-30": -71.5, "2005-06-30": -73.4, "2005-03-31": -131.3}, "Financial Activities - Other": {"2020-12-31": "-15.90000", "2020-09-30": -25.7, "2020-06-30": -44.8, "2020-03-31": -2.7, "2019-12-31": "-6.90000", "2019-09-30": -1.9, "2019-06-30": -5.2, "2019-03-31": -0.4, "2018-12-31": "-12.40000", "2018-09-30": -5.9, "2018-06-30": -13.9, "2018-03-31": -3, "2017-12-31": "-18.70000", "2017-09-30": -10.1, "2017-06-30": -8.5, "2017-03-31": -9.8, "2016-12-31": "-12.90000", "2016-09-30": -13.1, "2016-06-30": -8.5, "2016-03-31": -4.4, "2015-12-31": "-16.60000", "2015-09-30": -311.7, "2015-06-30": -7.2, "2015-03-31": -5.4, "2014-12-31": "-6.00000", "2014-09-30": -7.9, "2014-06-30": 0.3, "2014-03-31": 0.6, "2013-12-31": "-14.70000", "2013-09-30": 5.6, "2013-06-30": -10.9, "2013-03-31": -12.2, "2012-12-31": "6.30000", "2012-09-30": 0, "2012-06-30": -1.2, "2012-03-31": 2.6, "2011-12-31": "-55.70000", "2011-09-30": -21.4, "2011-06-30": 18.1, "2011-03-31": 9.6, "2010-12-31": "9.80000", "2010-09-30": 14.5, "2010-06-30": -6, "2010-03-31": -1, "2009-12-31": "8.20000", "2009-09-30": 12.7, "2009-06-30": -0.3, "2009-03-31": -4, "2008-12-31": "0.60000", "2008-09-30": 22, "2008-06-30": 24.6, "2008-03-31": 4.2, "2007-12-31": "21.30000", "2007-09-30": 29.8, "2007-06-30": 12.1, "2007-03-31": 15.9, "2006-12-31": "6.70000", "2006-09-30": -7.8, "2006-06-30": 5.4, "2006-03-31": 8.4, "2005-12-31": "0.80000", "2005-09-30": 0, "2005-06-30": 0, "2005-03-31": 0}, "Cash Flow From Financial Activities": {"2020-12-31": "-307.10000", "2020-09-30": -720.8, "2020-06-30": 4543.3, "2020-03-31": -267.5, "2019-12-31": "-270.30000", "2019-09-30": -709.7, "2019-06-30": -201, "2019-03-31": -170, "2018-12-31": "-289.80000", "2018-09-30": -262, "2018-06-30": -282.2, "2018-03-31": -174.5, "2017-12-31": "-641.10000", "2017-09-30": -186.5, "2017-06-30": -192.6, "2017-03-31": -687.3, "2016-12-31": "-974.50000", "2016-09-30": -204.3, "2016-06-30": -254.1, "2016-03-31": -201.6, "2015-12-31": "-200.20000", "2015-09-30": -431.7, "2015-06-30": -272.1, "2015-03-31": -144.7, "2014-12-31": "-111.90000", "2014-09-30": -21.6, "2014-06-30": -145, "2014-03-31": -99.5, "2013-12-31": "-238.20000", "2013-09-30": -9.7, "2013-06-30": 82.4, "2013-03-31": -114.4, "2012-12-31": "157.10000", "2012-09-30": 559.2, "2012-06-30": -564.5, "2012-03-31": 16.2, "2011-12-31": "-89.30000", "2011-09-30": -250.9, "2011-06-30": 22.5, "2011-03-31": -65.6, "2010-12-31": "-190.60000", "2010-09-30": -279.3, "2010-06-30": -80.9, "2010-03-31": -135.4, "2009-12-31": "-83.70000", "2009-09-30": 212.5, "2009-06-30": -189.9, "2009-03-31": -50.5, "2008-12-31": "122.90000", "2008-09-30": -139.5, "2008-06-30": -334, "2008-03-31": -226.1, "2007-12-31": "21.90000", "2007-09-30": -409.9, "2007-06-30": 296.3, "2007-03-31": 18.6, "2006-12-31": "80.10000", "2006-09-30": -471.3, "2006-06-30": -136, "2006-03-31": 156, "2005-12-31": "28.70000", "2005-09-30": -171.4, "2005-06-30": -347.2, "2005-03-31": 48.8}, "Net Cash Flow": {"2020-12-31": "535.00000", "2020-09-30": 1331.6, "2020-06-30": 1701.3, "2020-03-31": -186, "2019-12-31": "157.40000", "2019-09-30": -448.1, "2019-06-30": -39.1, "2019-03-31": -187.4, "2018-12-31": "132.00000", "2018-09-30": -195.2, "2018-06-30": -80.4, "2018-03-31": 344.3, "2017-12-31": "-551.00000", "2017-09-30": 941, "2017-06-30": 463.3, "2017-03-31": 1202.5, "2016-12-31": "-664.00000", "2016-09-30": 986.5, "2016-06-30": 201.7, "2016-03-31": 34, "2015-12-31": "72.70000", "2015-09-30": -8.9, "2015-06-30": 19.6, "2015-03-31": -43.1, "2014-12-31": "-97.80000", "2014-09-30": -1, "2014-06-30": -19.3, "2014-03-31": -30.7, "2013-12-31": "-62.80000", "2013-09-30": 31.6, "2013-06-30": 17.2, "2013-03-31": -144, "2012-12-31": "91.20000", "2012-09-30": 93.2, "2012-06-30": 28.2, "2012-03-31": -74.3, "2011-12-31": "-15.20000", "2011-09-30": -7.6, "2011-06-30": 159.8, "2011-03-31": 23.1, "2010-12-31": "-127.10000", "2010-09-30": -31, "2010-06-30": 174.4, "2010-03-31": -92.1, "2009-12-31": "-165.20000", "2009-09-30": 417.9, "2009-06-30": -9.4, "2009-03-31": -38.8, "2008-12-31": "15.00000", "2008-09-30": -22.7, "2008-06-30": -12.6, "2008-03-31": 42.3, "2007-12-31": "56.00000", "2007-09-30": 10.6, "2007-06-30": -6.5, "2007-03-31": -20.9, "2006-12-31": "26.30000", "2006-09-30": -24, "2006-06-30": -13.4, "2006-03-31": 3.2, "2005-12-31": "14.90000", "2005-09-30": -26.3, "2005-06-30": -328.8, "2005-03-31": 264.6}, "Stock-Based Compensation": {"2020-12-31": "9.80000", "2020-09-30": 14.1, "2020-06-30": 12.5, "2020-03-31": 13, "2019-12-31": "13.90000", "2019-09-30": 10.2, "2019-06-30": 9.8, "2019-03-31": 11.9, "2018-12-31": "9.30000", "2018-09-30": 8.4, "2018-06-30": 7.9, "2018-03-31": 10.7, "2017-12-31": "11.80000", "2017-09-30": 12.5, "2017-06-30": 8.9, "2017-03-31": 9.5, "2016-12-31": "9.00000", "2016-09-30": 7.1, "2016-06-30": 7.5, "2016-03-31": 8.1, "2015-12-31": "8.30000", "2015-09-30": 2.2, "2015-06-30": 12.5, "2015-03-31": 12.9, "2014-12-31": "11.90000", "2014-09-30": 11.5, "2014-06-30": 9.1, "2014-03-31": 11.6, "2013-12-31": "11.80000", "2013-09-30": 10.5, "2013-06-30": 10.6, "2013-03-31": 12.3, "2012-12-31": "10.10000", "2012-09-30": 7.6, "2012-06-30": 8.8, "2012-03-31": 15.6, "2011-12-31": "11.80000", "2011-09-30": 11.7, "2011-06-30": 11.2, "2011-03-31": 11.7, "2010-12-31": "10.20000", "2010-09-30": 12, "2010-06-30": 13.9, "2010-03-31": 15, "2009-12-31": "7.70000", "2009-09-30": 15.3, "2009-06-30": 15, "2009-03-31": 12.6, "2008-12-31": "17.50000", "2008-09-30": 14.3, "2008-06-30": 14.1, "2008-03-31": 15.9, "2007-12-31": "17.10000", "2007-09-30": 21.7, "2007-06-30": 17.8, "2007-03-31": 14.8, "2006-12-31": "16.60000", "2006-09-30": 22, "2006-06-30": 17.2, "2006-03-31": 19.8, "2005-12-31": "17.20000", "2005-09-30": 8.1, "2005-06-30": 3, "2005-03-31": 6.9}, "Common Stock Dividends Paid": {"2020-12-31": "-296.20000", "2020-09-30": -296, "2020-06-30": -295.9, "2020-03-31": -256, "2019-12-31": "-255.70000", "2019-09-30": -255.6, "2019-06-30": -255.3, "2019-03-31": -241.6, "2018-12-31": "-241.50000", "2018-09-30": -241.2, "2018-06-30": -241.1, "2018-03-31": -208, "2017-12-31": "-207.50000", "2017-09-30": -207, "2017-06-30": -206.9, "2017-03-31": -187.1, "2016-12-31": "-186.90000", "2016-09-30": -186.3, "2016-06-30": -185.8, "2016-03-31": -174.7, "2015-12-31": "-174.40000", "2015-09-30": -174.1, "2015-06-30": -174, "2015-03-31": -165, "2014-12-31": "-164.40000", "2014-09-30": -164, "2014-06-30": -163.5, "2014-03-31": -150.3, "2013-12-31": "-149.90000", "2013-09-30": -148.8, "2013-06-30": -147.9, "2013-03-31": -132.9, "2012-12-31": "-136.00000", "2012-09-30": -135.5, "2012-06-30": -135.3, "2012-03-31": -122.2, "2011-12-31": "-121.90000", "2011-09-30": -123.7, "2011-06-30": -122.9, "2011-03-31": -105.3, "2010-12-31": "-104.80000", "2010-09-30": -104.1, "2010-06-30": -104.1, "2010-03-31": -95.4, "2009-12-31": "-95.10000", "2009-09-30": -94.5, "2009-06-30": -94.5, "2009-03-31": -92.2, "2008-12-31": "-92.10000", "2008-09-30": -93.2, "2008-06-30": -92.7, "2008-03-31": -81.5, "2007-12-31": "-81.90000", "2007-09-30": -82.1, "2007-06-30": -82.4, "2007-03-31": -73.6, "2006-12-31": "-73.90000", "2006-09-30": -75.4, "2006-06-30": -76, "2006-03-31": -71.2, "2005-12-31": "-71.00000", "2005-09-30": -71.5, "2005-06-30": -73.4, "2005-03-31": -131.3}}, "financial ratios": {"Current Ratio": {"2020-09-30": "3.59370", "2019-09-30": "2.53630", "2018-09-30": "2.17350", "2017-09-30": "2.36110", "2016-09-30": "1.31500", "2015-09-30": "0.76650", "2014-09-30": "1.11200", "2013-09-30": "1.06550", "2012-09-30": "1.26990", "2011-09-30": "1.36200", "2010-09-30": "1.35190", "2009-09-30": "1.19740", "2008-09-30": "1.28760", "2007-09-30": "1.17980", "2006-09-30": "1.12450", "2005-09-30": "1.24260"}, "Long-term Debt / Capital": {"2020-09-30": "0.37390", "2019-09-30": "0.22080", "2018-09-30": "0.23070", "2017-09-30": "0.25040", "2016-09-30": "0.35150", "2015-09-30": "0.34850", "2014-09-30": "0.39080", "2013-09-30": "0.41260", "2012-09-30": "0.40900", "2011-09-30": "0.39810", "2010-09-30": "0.39110", "2009-09-30": "0.42980", "2008-09-30": "0.41130", "2007-09-30": "0.35120", "2006-09-30": "0.31650", "2005-09-30": "0.31050"}, "Debt/Equity Ratio": {"2020-09-30": "0.63550", "2019-09-30": "0.29210", "2018-09-30": "0.34110", "2017-09-30": "0.38910", "2016-09-30": "0.72240", "2015-09-30": "0.79650", "2014-09-30": "0.81350", "2013-09-30": "0.87150", "2012-09-30": "0.79900", "2011-09-30": "0.76810", "2010-09-30": "0.72460", "2009-09-30": "0.91310", "2008-09-30": "0.78850", "2007-09-30": "0.66740", "2006-09-30": "0.57880", "2005-09-30": "0.54860"}, "Gross Margin": {"2020-09-30": "33.85390", "2019-09-30": "33.00180", "2018-09-30": "30.69020", "2017-09-30": "29.75350", "2016-09-30": "31.00340", "2015-09-30": "28.45110", "2014-09-30": "26.90970", "2013-09-30": "26.60310", "2012-09-30": "26.63210", "2011-09-30": "26.62270", "2010-09-30": "27.00990", "2009-09-30": "26.81740", "2008-09-30": "26.13090", "2007-09-30": "26.77360", "2006-09-30": "26.22700", "2005-09-30": "27.38820"}, "Operating Margin": {"2020-09-30": "25.26560", "2019-09-30": "24.04110", "2018-09-30": "22.01070", "2017-09-30": "17.58760", "2016-09-30": "20.45790", "2015-09-30": "15.76120", "2014-09-30": "12.82790", "2013-09-30": "13.00930", "2012-09-30": "13.34210", "2011-09-30": "15.58970", "2010-09-30": "14.71310", "2009-09-30": "10.25050", "2008-09-30": "14.36270", "2007-09-30": "15.03680", "2006-09-30": "13.21370", "2005-09-30": "12.91280"}, "EBIT Margin": {"2020-09-30": "25.26560", "2019-09-30": "24.04110", "2018-09-30": "22.01070", "2017-09-30": "17.58760", "2016-09-30": "20.45790", "2015-09-30": "15.76120", "2014-09-30": "12.82790", "2013-09-30": "13.00930", "2012-09-30": "13.34210", "2011-09-30": "15.58970", "2010-09-30": "14.71310", "2009-09-30": "10.25050", "2008-09-30": "14.36270", "2007-09-30": "15.03680", "2006-09-30": "13.21370", "2005-09-30": "12.91280"}, "EBITDA Margin": {"2020-09-30": "38.64590", "2019-09-30": "36.18160", "2018-09-30": "32.88060", "2017-09-30": "28.16210", "2016-09-30": "31.84700", "2015-09-30": "26.73340", "2014-09-30": "21.99440", "2013-09-30": "21.91860", "2012-09-30": "22.08980", "2011-09-30": "24.21410", "2010-09-30": "24.30910", "2009-09-30": "20.42830", "2008-09-30": "22.70680", "2007-09-30": "23.67020", "2006-09-30": "22.15090", "2005-09-30": "22.03050"}, "Pre-Tax Profit Margin": {"2020-09-30": "27.36810", "2019-09-30": "25.67020", "2018-09-30": "22.56390", "2017-09-30": "17.29570", "2016-09-30": "20.71780", "2015-09-30": "16.18160", "2014-09-30": "13.07980", "2013-09-30": "13.26470", "2012-09-30": "13.65520", "2011-09-30": "15.99080", "2010-09-30": "14.77120", "2009-09-30": "10.13300", "2008-09-30": "14.19940", "2007-09-30": "14.51210", "2006-09-30": "12.87250", "2005-09-30": "12.85290"}, "Net Profit Margin": {"2020-09-30": "21.30350", "2019-09-30": "19.73340", "2018-09-30": "16.77230", "2017-09-30": "36.64570", "2016-09-30": "8.41050", "2015-09-30": "16.33250", "2014-09-30": "9.50000", "2013-09-30": "9.76580", "2012-09-30": "12.14460", "2011-09-30": "12.65490", "2010-09-30": "11.94390", "2009-09-30": "7.64640", "2008-09-30": "8.73490", "2007-09-30": "11.32030", "2006-09-30": "9.17440", "2005-09-30": "9.27540"}, "Asset Turnover": {"2020-09-30": "0.35190", "2019-09-30": "0.47080", "2018-09-30": "0.46560", "2017-09-30": "0.44340", "2016-09-30": "0.41620", "2015-09-30": "0.45140", "2014-09-30": "0.58720", "2013-09-30": "0.57030", "2012-09-30": "0.56730", "2011-09-30": "0.67690", "2010-09-30": "0.63800", "2009-09-30": "0.63370", "2008-09-30": "0.82840", "2007-09-30": "0.72260", "2006-09-30": "0.70520", "2005-09-30": "0.73720"}, "Inventory Turnover Ratio": {"2020-09-30": "14.47160", "2019-09-30": "15.38890", "2018-09-30": "15.62610", "2017-09-30": "17.14820", "2016-09-30": "20.30310", "2015-09-30": "8.51050", "2014-09-30": "10.80720", "2013-09-30": "10.58220", "2012-09-30": "8.96500", "2011-09-30": "10.59130", "2010-09-30": "11.00230", "2009-09-30": "11.85660", "2008-09-30": "15.27320", "2007-09-30": "14.05270", "2006-09-30": "11.81600", "2005-09-30": "12.28560"}, "Receiveable Turnover": {"2020-09-30": "5.03860", "2019-09-30": "5.13200", "2018-09-30": "5.65020", "2017-09-30": "5.19090", "2016-09-30": "4.45480", "2015-09-30": "4.47180", "2014-09-30": "5.19610", "2013-09-30": "5.15020", "2012-09-30": "5.09450", "2011-09-30": "7.10470", "2010-09-30": "4.64730", "2009-09-30": "6.05650", "2008-09-30": "5.41130", "2007-09-30": "5.22250", "2006-09-30": "4.36530", "2005-09-30": "4.45510"}, "Days Sales In Receivables": {"2020-09-30": "72.44120", "2019-09-30": "71.12240", "2018-09-30": "64.59910", "2017-09-30": "70.31540", "2016-09-30": "81.93370", "2015-09-30": "81.62270", "2014-09-30": "70.24480", "2013-09-30": "70.87100", "2012-09-30": "71.64660", "2011-09-30": "51.37480", "2010-09-30": "78.54020", "2009-09-30": "60.26600", "2008-09-30": "67.45200", "2007-09-30": "69.89030", "2006-09-30": "83.61440", "2005-09-30": "81.92880"}, "ROE - Return On Equity": {"2020-09-30": "15.63440", "2019-09-30": "15.88820", "2018-09-30": "13.33810", "2017-09-30": "11.34160", "2016-09-30": "15.55440", "2015-09-30": "13.08610", "2014-09-30": "13.24220", "2013-09-30": "14.48140", "2012-09-30": "15.47870", "2011-09-30": "19.72820", "2010-09-30": "16.97210", "2009-09-30": "13.21100", "2008-09-30": "22.13410", "2007-09-30": "18.55300", "2006-09-30": "14.90860", "2005-09-30": "15.50100"}, "Return On Tangible Equity": {"2020-09-30": "17.50120", "2019-09-30": "17.78860", "2018-09-30": "14.98360", "2017-09-30": "12.70050", "2016-09-30": "18.76130", "2015-09-30": "16.82310", "2014-09-30": "17.57140", "2013-09-30": "21.59370", "2012-09-30": "24.04710", "2011-09-30": "23.99840", "2010-09-30": "21.50180", "2009-09-30": "17.36150", "2008-09-30": "29.20270", "2007-09-30": "23.55660", "2006-09-30": "19.18160", "2005-09-30": "19.74500"}, "ROA - Return On Assets": {"2020-09-30": "7.72950", "2019-09-30": "9.55190", "2018-09-30": "7.77280", "2017-09-30": "6.25540", "2016-09-30": "6.22340", "2015-09-30": "5.57210", "2014-09-30": "5.60210", "2013-09-30": "5.84030", "2012-09-30": "6.05130", "2011-09-30": "8.19830", "2010-09-30": "7.15980", "2009-09-30": "4.99880", "2008-09-30": "8.85750", "2007-09-30": "8.05400", "2006-09-30": "6.56580", "2005-09-30": "6.76930"}, "ROI - Return On Investment": {"2020-09-30": "9.78910", "2019-09-30": "12.37980", "2018-09-30": "10.26090", "2017-09-30": "8.50170", "2016-09-30": "10.08710", "2015-09-30": "8.52500", "2014-09-30": "8.06750", "2013-09-30": "8.50660", "2012-09-30": "9.14740", "2011-09-30": "11.87490", "2010-09-30": "10.33410", "2009-09-30": "7.53330", "2008-09-30": "13.02930", "2007-09-30": "12.03740", "2006-09-30": "10.18990", "2005-09-30": "10.68840"}, "Book Value Per Share": {"2020-09-30": "56.29930", "2019-09-30": "51.66750", "2018-09-30": "50.91360", "2017-09-30": "46.64840", "2016-09-30": "33.18780", "2015-09-30": "34.27350", "2014-09-30": "35.22280", "2013-09-30": "34.08910", "2012-09-30": "31.17200", "2011-09-30": "28.25460", "2010-09-30": "26.64880", "2009-09-30": "23.33620", "2008-09-30": "24.03180", "2007-09-30": "25.51870", "2006-09-30": "22.66500", "2005-09-30": "20.48460"}, "Operating Cash Flow Per Share": {"2020-09-30": 1.2839, "2019-09-30": 1.8659, "2018-09-30": 0.033, "2017-09-30": 1.156, "2016-09-30": 0.927, "2015-09-30": -0.7568, "2014-09-30": 2.8614, "2013-09-30": -0.9056, "2012-09-30": 0.3609, "2011-09-30": 1.0201, "2010-09-30": 0.6135, "2009-09-30": -1.3408, "2008-09-30": 0.8475, "2007-09-30": 0.7969, "2006-09-30": 0.2887, "2005-09-30": 5.6344}, "Free Cash Flow Per Share": {"2020-09-30": -0.7127, "2019-09-30": -0.1806, "2018-09-30": -2.3123, "2017-09-30": 0.5728, "2016-09-30": 2.0681, "2015-09-30": 0.2687, "2014-09-30": 3.6719, "2013-09-30": -0.9967, "2012-09-30": -0.8368, "2011-09-30": -0.3091, "2010-09-30": 1.5522, "2009-09-30": -1.7315, "2008-09-30": 0.0907, "2007-09-30": 1.0644, "2006-09-30": -0.3771, "2005-09-30": 1.9287}}, "financial ratios, quarterly": {"Current Ratio": {"2020-12-31": "2.95050", "2020-09-30": "3.59370", "2020-06-30": "3.47610", "2020-03-31": "2.59480", "2019-12-31": "2.59470", "2019-09-30": "2.53630", "2019-06-30": "2.28060", "2019-03-31": "2.36140", "2018-12-31": "2.20960", "2018-09-30": "2.17350", "2018-06-30": "2.39620", "2018-03-31": "3.07960", "2017-12-31": "2.92390", "2017-09-30": "2.36110", "2017-06-30": "2.19750", "2017-03-31": "2.03440", "2016-12-31": "1.21130", "2016-09-30": "1.31500", "2016-06-30": "0.92340", "2016-03-31": "0.78960", "2015-12-31": "0.77790", "2015-09-30": "0.76650", "2015-06-30": "1.06280", "2015-03-31": "1.01080", "2014-12-31": "1.04510", "2014-09-30": "1.11200", "2014-06-30": "1.05820", "2014-03-31": "1.06100", "2013-12-31": "1.05880", "2013-09-30": "1.06550", "2013-06-30": "1.03660", "2013-03-31": "1.04890", "2012-12-31": "1.20100", "2012-09-30": "1.26990", "2012-06-30": "1.42040", "2012-03-31": "1.31640", "2011-12-31": "1.35900", "2011-09-30": "1.36200", "2011-06-30": "1.55740", "2011-03-31": "1.34600", "2010-12-31": "1.48170", "2010-09-30": "1.35190", "2010-06-30": "1.27350", "2010-03-31": "1.20310", "2009-12-31": "1.29760", "2009-09-30": "1.19740", "2009-06-30": "1.43410", "2009-03-31": "1.30060", "2008-12-31": "1.27520", "2008-09-30": "1.28760", "2008-06-30": "1.46660", "2008-03-31": "1.21920", "2007-12-31": "1.28730", "2007-09-30": "1.17980", "2007-06-30": "1.10700", "2007-03-31": "1.28570", "2006-12-31": "1.10150", "2006-09-30": "1.12450", "2006-06-30": "1.26750", "2006-03-31": "1.35320", "2005-12-31": "1.42390", "2005-09-30": "1.24260", "2005-06-30": "1.33840", "2005-03-31": "1.50170"}, "Long-term Debt / Capital": {"2020-12-31": "0.35170", "2020-09-30": "0.37390", "2020-06-30": "0.37970", "2020-03-31": "0.21680", "2019-12-31": "0.21490", "2019-09-30": "0.22080", "2019-06-30": "0.21820", "2019-03-31": "0.22300", "2018-12-31": "0.22830", "2018-09-30": "0.23070", "2018-06-30": "0.25890", "2018-03-31": "0.24350", "2017-12-31": "0.24860", "2017-09-30": "0.25040", "2017-06-30": "0.26150", "2017-03-31": "0.25950", "2016-12-31": "0.31180", "2016-09-30": "0.35150", "2016-06-30": "0.35350", "2016-03-31": "0.33630", "2015-12-31": "0.34040", "2015-09-30": "0.34850", "2015-06-30": "0.37760", "2015-03-31": "0.37630", "2014-12-31": "0.38770", "2014-09-30": "0.39080", "2014-06-30": "0.38660", "2014-03-31": "0.39880", "2013-12-31": "0.40350", "2013-09-30": "0.41260", "2013-06-30": "0.40990", "2013-03-31": "0.41610", "2012-12-31": "0.44190", "2012-09-30": "0.40900", "2012-06-30": "0.36350", "2012-03-31": "0.37710", "2011-12-31": "0.39070", "2011-09-30": "0.39810", "2011-06-30": "0.38790", "2011-03-31": "0.38220", "2010-12-31": "0.37700", "2010-09-30": "0.39110", "2010-06-30": "0.38520", "2010-03-31": "0.39030", "2009-12-31": "0.41680", "2009-09-30": "0.42980", "2009-06-30": "0.43250", "2009-03-31": "0.42700", "2008-12-31": "0.43200", "2008-09-30": "0.41130", "2008-06-30": "0.39580", "2008-03-31": "0.39760", "2007-12-31": "0.37870", "2007-09-30": "0.35120", "2007-06-30": "0.33510", "2007-03-31": "0.33890", "2006-12-31": "0.31370", "2006-09-30": "0.31650", "2006-06-30": "0.32290", "2006-03-31": "0.32110", "2005-12-31": "0.32550", "2005-09-30": "0.31050", "2005-06-30": "0.30880", "2005-03-31": "0.30110"}, "Debt/Equity Ratio": {"2020-12-31": "0.61250", "2020-09-30": "0.63550", "2020-06-30": "0.68180", "2020-03-31": "0.28260", "2019-12-31": "0.28010", "2019-09-30": "0.29210", "2019-06-30": "0.32570", "2019-03-31": "0.32950", "2018-12-31": "0.33630", "2018-09-30": "0.34110", "2018-06-30": "0.35810", "2018-03-31": "0.33350", "2017-12-31": "0.34040", "2017-09-30": "0.38910", "2017-06-30": "0.41280", "2017-03-31": "0.40800", "2016-12-31": "0.59470", "2016-09-30": "0.72240", "2016-06-30": "0.79160", "2016-03-31": "0.82490", "2015-12-31": "0.77580", "2015-09-30": "0.79650", "2015-06-30": "0.75840", "2015-03-31": "0.79320", "2014-12-31": "0.81150", "2014-09-30": "0.81350", "2014-06-30": "0.78100", "2014-03-31": "0.81920", "2013-12-31": "0.83100", "2013-09-30": "0.87150", "2013-06-30": "0.91610", "2013-03-31": "0.91770", "2012-12-31": "0.93560", "2012-09-30": "0.79900", "2012-06-30": "0.63440", "2012-03-31": "0.73970", "2011-12-31": "0.76210", "2011-09-30": "0.76810", "2011-06-30": "0.70310", "2011-03-31": "0.73270", "2010-12-31": "0.66790", "2010-09-30": "0.72460", "2010-06-30": "0.77960", "2010-03-31": "0.80160", "2009-12-31": "0.85240", "2009-09-30": "0.91310", "2009-06-30": "0.84110", "2009-03-31": "0.88450", "2008-12-31": "0.88220", "2008-09-30": "0.78850", "2008-06-30": "0.72370", "2008-03-31": "0.79410", "2007-12-31": "0.70950", "2007-09-30": "0.66740", "2007-06-30": "0.69260", "2007-03-31": "0.62800", "2006-12-31": "0.61630", "2006-09-30": "0.57880", "2006-06-30": "0.59040", "2006-03-31": "0.56420", "2005-12-31": "0.55390", "2005-09-30": "0.54860", "2005-06-30": "0.54500", "2005-03-31": "0.51150"}, "Gross Margin": {"2020-12-31": "31.27320", "2020-09-30": "32.48140", "2020-06-30": "34.87800", "2020-03-31": "34.11990", "2019-12-31": "34.06660", "2019-09-30": "34.70570", "2019-06-30": "34.08270", "2019-03-31": "32.59130", "2018-12-31": "30.57550", "2018-09-30": "31.88920", "2018-06-30": "31.58920", "2018-03-31": "30.11550", "2017-12-31": "29.08960", "2017-09-30": "29.87160", "2017-06-30": "29.96840", "2017-03-31": "29.10460", "2016-12-31": "30.05580", "2016-09-30": "30.70160", "2016-06-30": "31.04210", "2016-03-31": "31.75430", "2015-12-31": "30.56320", "2015-09-30": "6.59970", "2015-06-30": "30.56430", "2015-03-31": "29.66660", "2014-12-31": "28.49890", "2014-09-30": "27.99030", "2014-06-30": "27.17300", "2014-03-31": "25.72910", "2013-12-31": "26.69810", "2013-09-30": "27.20280", "2013-06-30": "26.37300", "2013-03-31": "26.99460", "2012-12-31": "25.84690", "2012-09-30": "26.20310", "2012-06-30": "27.74670", "2012-03-31": "26.80970", "2011-12-31": "25.81090", "2011-09-30": "25.05610", "2011-06-30": "26.14480", "2011-03-31": "27.24930", "2010-12-31": "28.06370", "2010-09-30": "23.73150", "2010-06-30": "28.47310", "2010-03-31": "27.58120", "2009-12-31": "27.83070", "2009-09-30": "27.44090", "2009-06-30": "27.76540", "2009-03-31": "26.36290", "2008-12-31": "25.76410", "2008-09-30": "25.33980", "2008-06-30": "25.77010", "2008-03-31": "26.39320", "2007-12-31": "27.15790", "2007-09-30": "25.03930", "2007-06-30": "27.59290", "2007-03-31": "27.07140", "2006-12-31": "27.25550", "2006-09-30": "27.25250", "2006-06-30": "26.81570", "2006-03-31": "25.19850", "2005-12-31": "25.99960", "2005-09-30": "31.55030", "2005-06-30": "26.30390", "2005-03-31": "26.67600"}, "Operating Margin": {"2020-12-31": "22.69700", "2020-09-30": "24.14550", "2020-06-30": "26.10880", "2020-03-31": "26.04340", "2019-12-31": "24.88140", "2019-09-30": "26.41030", "2019-06-30": "25.61600", "2019-03-31": "23.60930", "2018-12-31": "20.45860", "2018-09-30": "23.21550", "2018-06-30": "22.83310", "2018-03-31": "21.12540", "2017-12-31": "20.78410", "2017-09-30": "20.76160", "2017-06-30": "12.19190", "2017-03-31": "19.97880", "2016-12-31": "17.43960", "2016-09-30": "20.37520", "2016-06-30": "20.61110", "2016-03-31": "20.90700", "2015-12-31": "19.95930", "2015-09-30": "0.39590", "2015-06-30": "17.19700", "2015-03-31": "15.60990", "2014-12-31": "16.79160", "2014-09-30": "5.79010", "2014-06-30": "15.70640", "2014-03-31": "14.89990", "2013-12-31": "15.14830", "2013-09-30": "6.92830", "2013-06-30": "15.03950", "2013-03-31": "15.68710", "2012-12-31": "14.53330", "2012-09-30": "6.05960", "2012-06-30": "20.63160", "2012-03-31": "12.28090", "2011-12-31": "15.24010", "2011-09-30": "15.20570", "2011-06-30": "15.68370", "2011-03-31": "16.38790", "2010-12-31": "15.07710", "2010-09-30": "12.65640", "2010-06-30": "14.93580", "2010-03-31": "15.14450", "2009-12-31": "15.87300", "2009-09-30": "15.40410", "2009-06-30": "7.27660", "2009-03-31": "13.31700", "2008-12-31": "5.19750", "2008-09-30": "13.74370", "2008-06-30": "14.31790", "2008-03-31": "13.70980", "2007-12-31": "15.80130", "2007-09-30": "18.33630", "2007-06-30": "14.58490", "2007-03-31": "13.42910", "2006-12-31": "13.99600", "2006-09-30": "15.34430", "2006-06-30": "12.99820", "2006-03-31": "12.67550", "2005-12-31": "12.57570", "2005-09-30": "14.84100", "2005-06-30": "12.64430", "2005-03-31": "12.58920"}, "EBIT Margin": {"2020-12-31": "22.69700", "2020-09-30": "24.14550", "2020-06-30": "26.10880", "2020-03-31": "26.04340", "2019-12-31": "24.88140", "2019-09-30": "26.41030", "2019-06-30": "25.61600", "2019-03-31": "23.60930", "2018-12-31": "20.45860", "2018-09-30": "23.21550", "2018-06-30": "22.83310", "2018-03-31": "21.12540", "2017-12-31": "20.78410", "2017-09-30": "20.76170", "2017-06-30": "12.19190", "2017-03-31": "19.97880", "2016-12-31": "17.43960", "2016-09-30": "20.37520", "2016-06-30": "20.61110", "2016-03-31": "20.90700", "2015-12-31": "19.95930", "2015-09-30": "0.39590", "2015-06-30": "17.19700", "2015-03-31": "15.60990", "2014-12-31": "16.79160", "2014-09-30": "5.79010", "2014-06-30": "15.70640", "2014-03-31": "14.89990", "2013-12-31": "15.14830", "2013-09-30": "6.92830", "2013-06-30": "15.03950", "2013-03-31": "15.68710", "2012-12-31": "14.53330", "2012-09-30": "6.05960", "2012-06-30": "20.63160", "2012-03-31": "12.28090", "2011-12-31": "15.24010", "2011-09-30": "15.20570", "2011-06-30": "15.68370", "2011-03-31": "16.38790", "2010-12-31": "15.07710", "2010-09-30": "12.65640", "2010-06-30": "14.93580", "2010-03-31": "15.14450", "2009-12-31": "15.87300", "2009-09-30": "15.40410", "2009-06-30": "7.27660", "2009-03-31": "13.31700", "2008-12-31": "5.19750", "2008-09-30": "13.74370", "2008-06-30": "14.31790", "2008-03-31": "13.70980", "2007-12-31": "15.80130", "2007-09-30": "18.33630", "2007-06-30": "14.58490", "2007-03-31": "13.42910", "2006-12-31": "13.99600", "2006-09-30": "15.34430", "2006-06-30": "12.99820", "2006-03-31": "12.67550", "2005-12-31": "12.57570", "2005-09-30": "14.84100", "2005-06-30": "12.64430", "2005-03-31": "12.58920"}, "EBITDA Margin": {"2020-12-31": "", "2020-09-30": "", "2020-06-30": "", "2020-03-31": "", "2019-12-31": "", "2019-09-30": "", "2019-06-30": "", "2019-03-31": "", "2018-12-31": "", "2018-09-30": "", "2018-06-30": "", "2018-03-31": "", "2017-12-31": "", "2017-09-30": "", "2017-06-30": "", "2017-03-31": "", "2016-12-31": "", "2016-09-30": "", "2016-06-30": "", "2016-03-31": "", "2015-12-31": "", "2015-09-30": "", "2015-06-30": "", "2015-03-31": "", "2014-12-31": "", "2014-09-30": "", "2014-06-30": "", "2014-03-31": "", "2013-12-31": "", "2013-09-30": "", "2013-06-30": "", "2013-03-31": "", "2012-12-31": "", "2012-09-30": "", "2012-06-30": "", "2012-03-31": "", "2011-12-31": "", "2011-09-30": "", "2011-06-30": "", "2011-03-31": "", "2010-12-31": "", "2010-09-30": "", "2010-06-30": "", "2010-03-31": "", "2009-12-31": "", "2009-09-30": "", "2009-06-30": "", "2009-03-31": "", "2008-12-31": "", "2008-09-30": "", "2008-06-30": "", "2008-03-31": "", "2007-12-31": "", "2007-09-30": "", "2007-06-30": "", "2007-03-31": "", "2006-12-31": "", "2006-09-30": "", "2006-06-30": "", "2006-03-31": "", "2005-12-31": "", "2005-09-30": "", "2005-06-30": "", "2005-03-31": ""}, "Pre-Tax Profit Margin": {"2020-12-31": "24.85260", "2020-09-30": "25.62820", "2020-06-30": "27.42590", "2020-03-31": "29.47260", "2019-12-31": "27.03690", "2019-09-30": "28.46440", "2019-06-30": "27.40560", "2019-03-31": "24.72920", "2018-12-31": "21.99190", "2018-09-30": "23.00670", "2018-06-30": "24.42670", "2018-03-31": "22.25730", "2017-12-31": "20.50440", "2017-09-30": "21.75120", "2017-06-30": "9.22290", "2017-03-31": "20.43330", "2016-12-31": "17.88050", "2016-09-30": "20.10790", "2016-06-30": "20.97680", "2016-03-31": "21.27830", "2015-12-31": "20.55400", "2015-09-30": "-0.89760", "2015-06-30": "17.77180", "2015-03-31": "16.00750", "2014-12-31": "17.33830", "2014-09-30": "6.18980", "2014-06-30": "16.15430", "2014-03-31": "14.85730", "2013-12-31": "15.34080", "2013-09-30": "7.19890", "2013-06-30": "15.38490", "2013-03-31": "15.87230", "2012-12-31": "14.75180", "2012-09-30": "6.08260", "2012-06-30": "21.30250", "2012-03-31": "12.54110", "2011-12-31": "15.57180", "2011-09-30": "16.30660", "2011-06-30": "16.21760", "2011-03-31": "16.48360", "2010-12-31": "14.94340", "2010-09-30": "12.88830", "2010-06-30": "15.04680", "2010-03-31": "15.26460", "2009-12-31": "15.65680", "2009-09-30": "15.60610", "2009-06-30": "7.32720", "2009-03-31": "13.16360", "2008-12-31": "4.65080", "2008-09-30": "13.30170", "2008-06-30": "14.57250", "2008-03-31": "13.84750", "2007-12-31": "15.15740", "2007-09-30": "17.79610", "2007-06-30": "13.97650", "2007-03-31": "13.00260", "2006-12-31": "13.47560", "2006-09-30": "13.62980", "2006-06-30": "12.84230", "2006-03-31": "12.63060", "2005-12-31": "12.65010", "2005-09-30": "14.95970", "2005-06-30": "12.66360", "2005-03-31": "12.35960"}, "Net Profit Margin": {"2020-12-31": "20.29300", "2020-09-30": "20.98190", "2020-06-30": "21.62020", "2020-03-31": "21.55850", "2019-12-31": "21.09370", "2019-09-30": "22.03920", "2019-06-30": "21.94250", "2019-03-31": "19.25770", "2018-12-31": "15.62500", "2018-09-30": "19.70070", "2018-06-30": "20.97830", "2018-03-31": "19.31620", "2017-12-31": "6.97460", "2017-09-30": "21.27460", "2017-06-30": "4.80230", "2017-03-31": "107.57030", "2016-12-31": "15.92560", "2016-09-30": "20.25190", "2016-06-30": "18.11440", "2016-03-31": "-26.62880", "2015-12-31": "19.48240", "2015-09-30": "90.94520", "2015-06-30": "12.90580", "2015-03-31": "12.01080", "2014-12-31": "12.67570", "2014-09-30": "3.88490", "2014-06-30": "11.91830", "2014-03-31": "10.98030", "2013-12-31": "11.40050", "2013-09-30": "5.30060", "2013-06-30": "11.32180", "2013-03-31": "11.68990", "2012-12-31": "10.86090", "2012-09-30": "5.32270", "2012-06-30": "20.70420", "2012-03-31": "12.62640", "2011-12-31": "10.68710", "2011-09-30": "13.49400", "2011-06-30": "13.20790", "2011-03-31": "12.66330", "2010-12-31": "11.23050", "2010-09-30": "14.01640", "2010-06-30": "11.24180", "2010-03-31": "11.20500", "2009-12-31": "11.58500", "2009-09-30": "11.45450", "2009-06-30": "5.72820", "2009-03-31": "10.51450", "2008-12-31": "3.12490", "2008-09-30": "9.63640", "2008-06-30": "2.54940", "2008-03-31": "12.36090", "2007-12-31": "10.95370", "2007-09-30": "13.51680", "2007-06-30": "11.79120", "2007-03-31": "9.90430", "2006-12-31": "10.15520", "2006-09-30": "9.21090", "2006-06-30": "9.36460", "2006-03-31": "9.15000", "2005-12-31": "8.96420", "2005-09-30": "11.18540", "2005-06-30": "9.17050", "2005-03-31": "8.75060"}, "Asset Turnover": {"2020-12-31": "0.09100", "2020-09-30": "0.09220", "2020-06-30": "0.08330", "2020-03-31": "0.11360", "2019-12-31": "0.11470", "2019-09-30": "0.12050", "2019-06-30": "0.11390", "2019-03-31": "0.11370", "2018-12-31": "0.11620", "2018-09-30": "0.11990", "2018-06-30": "0.11760", "2018-03-31": "0.11650", "2017-12-31": "0.12170", "2017-09-30": "0.11930", "2017-06-30": "0.11880", "2017-03-31": "0.11080", "2016-12-31": "0.11800", "2016-09-30": "0.10790", "2016-06-30": "0.11210", "2016-03-31": "0.10570", "2015-12-31": "0.10810", "2015-09-30": "0.02190", "2015-06-30": "0.13980", "2015-03-31": "0.13800", "2014-12-31": "0.14520", "2014-09-30": "0.15060", "2014-06-30": "0.14380", "2014-03-31": "0.14370", "2013-12-31": "0.14210", "2013-09-30": "0.14490", "2013-06-30": "0.14560", "2013-03-31": "0.14430", "2012-12-31": "0.14730", "2012-09-30": "0.15380", "2012-06-30": "0.15730", "2012-03-31": "0.15670", "2011-12-31": "0.16130", "2011-09-30": "0.16840", "2011-06-30": "0.17110", "2011-03-31": "0.17390", "2010-12-31": "0.17770", "2010-09-30": "0.14370", "2010-06-30": "0.17330", "2010-03-31": "0.17100", "2009-12-31": "0.16830", "2009-09-30": "0.16340", "2009-06-30": "0.16140", "2009-03-31": "0.16460", "2008-12-31": "0.17920", "2008-09-30": "0.21590", "2008-06-30": "0.21030", "2008-03-31": "0.19220", "2007-12-31": "0.18500", "2007-09-30": "0.17110", "2007-06-30": "0.19220", "2007-03-31": "0.19350", "2006-12-31": "0.19720", "2006-09-30": "0.12470", "2006-06-30": "0.19890", "2006-03-31": "0.20210", "2005-12-31": "0.18970", "2005-09-30": "0.15370", "2005-06-30": "0.20160", "2005-03-31": "0.18710"}, "Inventory Turnover Ratio": {"2020-12-31": "3.86000", "2020-09-30": "3.86980", "2020-06-30": "3.27310", "2020-03-31": "3.65300", "2019-12-31": "3.71090", "2019-09-30": "3.83930", "2019-06-30": "3.59050", "2019-03-31": "3.61180", "2018-12-31": "3.82750", "2018-09-30": "3.95300", "2018-06-30": "4.79790", "2018-03-31": "4.43220", "2017-12-31": "4.52450", "2017-09-30": "4.60640", "2017-06-30": "5.06650", "2017-03-31": "4.34880", "2016-12-31": "3.98160", "2016-09-30": "5.28710", "2016-06-30": "2.16040", "2016-03-31": "1.86670", "2015-12-31": "1.94700", "2015-09-30": "0.53790", "2015-06-30": "2.51530", "2015-03-31": "2.44940", "2014-12-31": "2.58000", "2014-09-30": "2.73050", "2014-06-30": "2.77990", "2014-03-31": "2.88230", "2013-12-31": "2.69090", "2013-09-30": "2.66660", "2013-06-30": "2.65690", "2013-03-31": "2.49090", "2012-12-31": "2.54530", "2012-09-30": "2.44470", "2012-06-30": "2.41720", "2012-03-31": "2.46520", "2011-12-31": "2.44610", "2011-09-30": "2.69160", "2011-06-30": "2.85440", "2011-03-31": "2.92730", "2010-12-31": "2.94350", "2010-09-30": "2.59030", "2010-06-30": "3.22720", "2010-03-31": "3.22710", "2009-12-31": "3.00150", "2009-09-30": "3.03180", "2009-06-30": "2.87920", "2009-03-31": "2.84230", "2008-12-31": "3.12680", "2008-09-30": "4.02380", "2008-06-30": "3.81800", "2008-03-31": "3.50680", "2007-12-31": "3.38990", "2007-09-30": "3.40630", "2007-06-30": "3.23320", "2007-03-31": "3.15790", "2006-12-31": "3.07550", "2006-09-30": "2.05990", "2006-06-30": "2.82830", "2006-03-31": "2.93710", "2005-12-31": "2.70040", "2005-09-30": "2.41540", "2005-06-30": "2.96440", "2005-03-31": "2.79580"}, "Receiveable Turnover": {"2020-12-31": "1.18260", "2020-09-30": "1.32000", "2020-06-30": "1.04690", "2020-03-31": "1.14300", "2019-12-31": "1.24250", "2019-09-30": "1.31380", "2019-06-30": "1.29840", "2019-03-31": "1.32910", "2018-12-31": "1.32700", "2018-09-30": "1.45450", "2018-06-30": "1.46540", "2018-03-31": "1.32840", "2017-12-31": "1.38100", "2017-09-30": "1.39680", "2017-06-30": "1.38420", "2017-03-31": "1.28720", "2016-12-31": "1.77040", "2016-09-30": "1.15500", "2016-06-30": "0.93710", "2016-03-31": "0.97760", "2015-12-31": "1.13380", "2015-09-30": "0.21650", "2015-06-30": "1.23960", "2015-03-31": "1.23740", "2014-12-31": "1.30040", "2014-09-30": "1.33250", "2014-06-30": "1.29220", "2014-03-31": "1.26260", "2013-12-31": "1.28730", "2013-09-30": "1.30850", "2013-06-30": "1.24610", "2013-03-31": "1.30270", "2012-12-31": "1.33620", "2012-09-30": "1.38110", "2012-06-30": "1.36150", "2012-03-31": "1.33570", "2011-12-31": "1.27280", "2011-09-30": "1.76780", "2011-06-30": "1.26100", "2011-03-31": "1.49620", "2010-12-31": "1.60980", "2010-09-30": "1.04710", "2010-06-30": "1.21910", "2010-03-31": "1.20560", "2009-12-31": "1.30590", "2009-09-30": "1.56200", "2009-06-30": "1.11130", "2009-03-31": "1.17170", "2008-12-31": "1.16460", "2008-09-30": "1.41050", "2008-06-30": "1.27300", "2008-03-31": "1.24700", "2007-12-31": "1.29060", "2007-09-30": "1.23660", "2007-06-30": "1.15930", "2007-03-31": "1.19260", "2006-12-31": "1.19040", "2006-09-30": "0.77170", "2006-06-30": "1.21710", "2006-03-31": "1.22900", "2005-12-31": "1.16060", "2005-09-30": "0.92920", "2005-06-30": "1.39940", "2005-03-31": "1.34370"}, "Days Sales In Receivables": {"2020-12-31": "76.10140", "2020-09-30": "68.18370", "2020-06-30": "85.96460", "2020-03-31": "78.74340", "2019-12-31": "72.43670", "2019-09-30": "68.50520", "2019-06-30": "69.31700", "2019-03-31": "67.71500", "2018-12-31": "67.82370", "2018-09-30": "61.87530", "2018-06-30": "61.41830", "2018-03-31": "67.75160", "2017-12-31": "65.17140", "2017-09-30": "64.43510", "2017-06-30": "65.01770", "2017-03-31": "69.91920", "2016-12-31": "50.83510", "2016-09-30": "77.92130", "2016-06-30": "96.03600", "2016-03-31": "92.06590", "2015-12-31": "79.37630", "2015-09-30": "415.71590", "2015-06-30": "72.60260", "2015-03-31": "72.73430", "2014-12-31": "69.21160", "2014-09-30": "67.54200", "2014-06-30": "69.65040", "2014-03-31": "71.28120", "2013-12-31": "69.91400", "2013-09-30": "68.78140", "2013-06-30": "72.22820", "2013-03-31": "69.08870", "2012-12-31": "67.35600", "2012-09-30": "65.16350", "2012-06-30": "66.10490", "2012-03-31": "67.38000", "2011-12-31": "70.70900", "2011-09-30": "50.91150", "2011-06-30": "71.37020", "2011-03-31": "60.15360", "2010-12-31": "55.90710", "2010-09-30": "85.95270", "2010-06-30": "73.82450", "2010-03-31": "74.65320", "2009-12-31": "68.91930", "2009-09-30": "57.61890", "2009-06-30": "80.98270", "2009-03-31": "76.80880", "2008-12-31": "77.27870", "2008-09-30": "63.80600", "2008-06-30": "70.70190", "2008-03-31": "72.17130", "2007-12-31": "69.73370", "2007-09-30": "72.77860", "2007-06-30": "77.62980", "2007-03-31": "75.46610", "2006-12-31": "75.60190", "2006-09-30": "116.61910", "2006-06-30": "73.94530", "2006-03-31": "73.23120", "2005-12-31": "77.54340", "2005-09-30": "96.86120", "2005-06-30": "64.31290", "2005-03-31": "66.98000"}, "ROE - Return On Equity": {"2020-12-31": "3.64450", "2020-09-30": "3.97570", "2020-06-30": "3.80180", "2020-03-31": "4.30500", "2019-12-31": "4.09810", "2019-09-30": "4.55470", "2019-06-30": "4.26550", "2019-03-31": "3.76850", "2018-12-31": "3.18650", "2018-09-30": "4.11320", "2018-06-30": "4.11380", "2018-03-31": "3.96140", "2017-12-31": "1.57640", "2017-09-30": "4.71750", "2017-06-30": "1.11880", "2017-03-31": "3.29190", "2016-12-31": "3.55590", "2016-09-30": "4.08130", "2016-06-30": "3.56120", "2016-03-31": "4.03650", "2015-12-31": "3.82980", "2015-09-30": "-0.07180", "2015-06-30": "4.33170", "2015-03-31": "3.99660", "2014-12-31": "4.49800", "2014-09-30": "1.13010", "2014-06-30": "4.11780", "2014-03-31": "3.87230", "2013-12-31": "3.98780", "2013-09-30": "2.22810", "2013-06-30": "4.45050", "2013-03-31": "4.58000", "2012-12-31": "4.43020", "2012-09-30": "2.12430", "2012-06-30": "5.49390", "2012-03-31": "4.45110", "2011-12-31": "3.86490", "2011-09-30": "5.00610", "2011-06-30": "4.77570", "2011-03-31": "4.88230", "2010-12-31": "4.61590", "2010-09-30": "3.34350", "2010-06-30": "4.86420", "2010-03-31": "4.76900", "2009-12-31": "4.95360", "2009-09-30": "4.98990", "2009-06-30": "2.42270", "2009-03-31": "4.11590", "2008-12-31": "2.01010", "2008-09-30": "5.89180", "2008-06-30": "5.29750", "2008-03-31": "4.70290", "2007-12-31": "4.68140", "2007-09-30": "5.57350", "2007-06-30": "5.04920", "2007-03-31": "4.10880", "2006-12-31": "4.32360", "2006-09-30": "3.03210", "2006-06-30": "4.09190", "2006-03-31": "3.95560", "2005-12-31": "3.86090", "2005-09-30": "3.78180", "2005-06-30": "4.13010", "2005-03-31": "3.57020"}, "Return On Tangible Equity": {"2020-12-31": "4.07340", "2020-09-30": "4.45040", "2020-06-30": "4.21550", "2020-03-31": "4.77910", "2019-12-31": "4.57010", "2019-09-30": "5.09940", "2019-06-30": "4.77970", "2019-03-31": "4.21980", "2018-12-31": "3.56780", "2018-09-30": "4.62060", "2018-06-30": "4.64830", "2018-03-31": "4.49020", "2017-12-31": "1.78770", "2017-09-30": "5.28270", "2017-06-30": "1.26050", "2017-03-31": "3.77460", "2016-12-31": "4.25140", "2016-09-30": "4.92270", "2016-06-30": "4.60410", "2016-03-31": "5.26970", "2015-12-31": "4.87390", "2015-09-30": "-0.09230", "2015-06-30": "5.55760", "2015-03-31": "5.18080", "2014-12-31": "5.90300", "2014-09-30": "1.49960", "2014-06-30": "5.79950", "2014-03-31": "5.56330", "2013-12-31": "5.82760", "2013-09-30": "3.32240", "2013-06-30": "6.83120", "2013-03-31": "7.12850", "2012-12-31": "6.99510", "2012-09-30": "3.30030", "2012-06-30": "6.81000", "2012-03-31": "5.38150", "2011-12-31": "4.74870", "2011-09-30": "6.08970", "2011-06-30": "5.95180", "2011-03-31": "6.14700", "2010-12-31": "5.76240", "2010-09-30": "4.23590", "2010-06-30": "6.12590", "2010-03-31": "6.13670", "2009-12-31": "6.40020", "2009-09-30": "6.55760", "2009-06-30": "3.13860", "2009-03-31": "5.28530", "2008-12-31": "2.62710", "2008-09-30": "7.77340", "2008-06-30": "6.90250", "2008-03-31": "6.59780", "2007-12-31": "6.42260", "2007-09-30": "7.07670", "2007-06-30": "6.83300", "2007-03-31": "5.21730", "2006-12-31": "5.53910", "2006-09-30": "3.90110", "2006-06-30": "5.29410", "2006-03-31": "5.08080", "2005-12-31": "4.91360", "2005-09-30": "4.81720", "2005-06-30": "5.27170", "2005-03-31": "4.50550"}, "ROA - Return On Assets": {"2020-12-31": "1.82610", "2020-09-30": "1.96560", "2020-06-30": "1.84450", "2020-03-31": "2.58800", "2019-12-31": "2.48780", "2019-09-30": "2.73820", "2019-06-30": "2.56090", "2019-03-31": "2.25260", "2018-12-31": "1.86500", "2018-09-30": "2.39700", "2018-06-30": "2.31540", "2018-03-31": "2.28840", "2017-12-31": "0.89350", "2017-09-30": "2.60190", "2017-06-30": "0.59600", "2017-03-31": "1.73520", "2016-12-31": "1.61820", "2016-09-30": "1.63300", "2016-06-30": "1.49680", "2016-03-31": "1.69360", "2015-12-31": "1.66390", "2015-09-30": "-0.03060", "2015-06-30": "1.89510", "2015-03-31": "1.70800", "2014-12-31": "1.91380", "2014-09-30": "0.47810", "2014-06-30": "1.76620", "2014-03-31": "1.62280", "2013-12-31": "1.65220", "2013-09-30": "0.89860", "2013-06-30": "1.70260", "2013-03-31": "1.73330", "2012-12-31": "1.64320", "2012-09-30": "0.83050", "2012-06-30": "2.45420", "2012-03-31": "1.90700", "2011-12-31": "1.62670", "2011-09-30": "2.08040", "2011-06-30": "2.11400", "2011-03-31": "2.11930", "2010-12-31": "2.04980", "2010-09-30": "1.41050", "2010-06-30": "2.01010", "2010-03-31": "1.96460", "2009-12-31": "1.98850", "2009-09-30": "1.88810", "2009-06-30": "0.97520", "2009-03-31": "1.60710", "2008-12-31": "0.77530", "2008-09-30": "2.35780", "2008-06-30": "2.25610", "2008-03-31": "1.96400", "2007-12-31": "2.01550", "2007-09-30": "2.41950", "2007-06-30": "2.19190", "2007-03-31": "1.82520", "2006-12-31": "1.92170", "2006-09-30": "1.33530", "2006-06-30": "1.82890", "2006-03-31": "1.78110", "2005-12-31": "1.71110", "2005-09-30": "1.65150", "2005-06-30": "1.84870", "2005-03-31": "1.63720"}, "ROI - Return On Investment": {"2020-12-31": "2.36270", "2020-09-30": "2.48930", "2020-06-30": "2.35830", "2020-03-31": "3.37170", "2019-12-31": "3.21740", "2019-09-30": "3.54890", "2019-06-30": "3.33470", "2019-03-31": "2.92790", "2018-12-31": "2.45900", "2018-09-30": "3.16420", "2018-06-30": "3.04890", "2018-03-31": "2.99670", "2017-12-31": "1.18450", "2017-09-30": "3.53620", "2017-06-30": "0.82630", "2017-03-31": "2.43780", "2016-12-31": "2.44740", "2016-09-30": "2.64670", "2016-06-30": "2.30240", "2016-03-31": "2.67920", "2015-12-31": "2.52610", "2015-09-30": "-0.04680", "2015-06-30": "2.69610", "2015-03-31": "2.49250", "2014-12-31": "2.75410", "2014-09-30": "0.68850", "2014-06-30": "2.52590", "2014-03-31": "2.32810", "2013-12-31": "2.37880", "2013-09-30": "1.30880", "2013-06-30": "2.62620", "2013-03-31": "2.67420", "2012-12-31": "2.47260", "2012-09-30": "1.25540", "2012-06-30": "3.49710", "2012-03-31": "2.77240", "2011-12-31": "2.35480", "2011-09-30": "3.01330", "2011-06-30": "2.92310", "2011-03-31": "3.01620", "2010-12-31": "2.87560", "2010-09-30": "2.03580", "2010-06-30": "2.99030", "2010-03-31": "2.90770", "2009-12-31": "2.88890", "2009-09-30": "2.84540", "2009-06-30": "1.37490", "2009-03-31": "2.35830", "2008-12-31": "1.14160", "2008-09-30": "3.46820", "2008-06-30": "3.20100", "2008-03-31": "2.83290", "2007-12-31": "2.90840", "2007-09-30": "3.61620", "2007-06-30": "3.35750", "2007-03-31": "2.71650", "2006-12-31": "2.96740", "2006-09-30": "2.07240", "2006-06-30": "2.77060", "2006-03-31": "2.68560", "2005-12-31": "2.60410", "2005-09-30": "2.60760", "2005-06-30": "2.85490", "2005-03-31": "2.49530"}, "Book Value Per Share": {"2020-12-31": "590.74020", "2020-09-30": "562.98520", "2020-06-30": "54.43060", "2020-03-31": "53.08330", "2019-12-31": "54.05980", "2019-09-30": "51.66750", "2019-06-30": "53.21690", "2019-03-31": "52.25660", "2018-12-31": "51.01010", "2018-09-30": "50.91360", "2018-06-30": "49.29950", "2018-03-31": "48.78420", "2017-12-31": "47.14190", "2017-09-30": "46.64840", "2017-06-30": "43.63200", "2017-03-31": "43.26670", "2016-12-31": "33.37060", "2016-09-30": "33.18780", "2016-06-30": "33.15720", "2016-03-31": "32.64100", "2015-12-31": "34.77390", "2015-09-30": "34.27350", "2015-06-30": "35.96260", "2015-03-31": "34.81150", "2014-12-31": "35.01730", "2014-09-30": "35.22280", "2014-06-30": "36.88080", "2014-03-31": "35.46250", "2013-12-31": "35.06680", "2013-09-30": "34.08910", "2013-06-30": "31.91760", "2013-03-31": "31.28390", "2012-12-31": "31.07140", "2012-09-30": "31.17200", "2012-06-30": "31.39920", "2012-03-31": "30.30480", "2011-12-31": "28.76050", "2011-09-30": "28.25460", "2011-06-30": "30.01410", "2011-03-31": "28.31190", "2010-12-31": "27.81130", "2010-09-30": "26.64880", "2010-06-30": "25.27530", "2010-03-31": "25.51550", "2009-12-31": "24.43580", "2009-09-30": "23.33620", "2009-06-30": "23.45890", "2009-03-31": "22.10420", "2008-12-31": "22.54250", "2008-09-30": "24.03180", "2008-06-30": "26.28750", "2008-03-31": "26.22340", "2007-12-31": "26.12760", "2007-09-30": "25.51870", "2007-06-30": "25.25210", "2007-03-31": "24.36240", "2006-12-31": "23.61540", "2006-09-30": "22.66500", "2006-06-30": "22.80120", "2006-03-31": "22.20230", "2005-12-31": "21.17810", "2005-09-30": "20.48460", "2005-06-30": "20.67350", "2005-03-31": "21.42400"}, "Operating Cash Flow Per Share": {"2020-12-31": "3.48020", "2020-09-30": 5.6338, "2020-06-30": 3.4809, "2020-03-31": 2.5695, "2019-12-31": "3.00180", "2019-09-30": 4.3737, "2019-06-30": 3.2208, "2019-03-31": 2.8429, "2018-12-31": "2.96470", "2018-09-30": 3.1333, "2018-06-30": 3.3938, "2018-03-31": 2.4683, "2017-12-31": "2.54080", "2017-09-30": 4.1629, "2017-06-30": 3.4204, "2017-03-31": 1.3059, "2016-12-31": "2.61400", "2016-09-30": 3.3806, "2016-06-30": 2.8822, "2016-03-31": 2.259, "2015-12-31": "1.82540", "2015-09-30": 1.7178, "2015-06-30": 3.1619, "2015-03-31": 2.294, "2014-12-31": "2.24650", "2014-09-30": 2.8232, "2014-06-30": 2.5855, "2014-03-31": 2.2195, "2013-12-31": "2.54880", "2013-09-30": 2.3548, "2013-06-30": 2.1257, "2013-03-31": 1.5256, "2012-12-31": "1.30950", "2012-09-30": 2.4243, "2012-06-30": 2.396, "2012-03-31": 1.4173, "2011-12-31": "1.98360", "2011-09-30": 2.8115, "2011-06-30": 2.2759, "2011-03-31": 1.2373, "2010-12-31": "1.53560", "2010-09-30": 2.0767, "2010-06-30": 2.2614, "2010-03-31": 1.6086, "2009-12-31": "0.89350", "2009-09-30": 2.1846, "2009-06-30": 1.8787, "2009-03-31": 1.2242, "2008-12-31": "0.93920", "2008-09-30": 2.3911, "2008-06-30": 2.2973, "2008-03-31": 1.2295, "2007-12-31": "1.64960", "2007-09-30": 3.0898, "2007-06-30": 1.8988, "2007-03-31": 1.0582, "2006-12-31": "0.67320", "2006-09-30": 2.1177, "2006-06-30": 1.4142, "2006-03-31": 1.2732, "2005-12-31": "1.11800", "2005-09-30": 1.5789, "2005-06-30": 1.1955, "2005-03-31": 2.86}, "Free Cash Flow Per Share": {"2020-12-31": "0.50810", "2020-09-30": 3.9046, "2020-06-30": -1.8349, "2020-03-31": 0.6356, "2019-12-31": "1.05540", "2019-09-30": 2.2391, "2019-06-30": 0.7614, "2019-03-31": 0.3286, "2018-12-31": "1.14430", "2018-09-30": 1.2864, "2018-06-30": 0.7956, "2018-03-31": 1.1473, "2017-12-31": "1.42470", "2017-09-30": 3.2024, "2017-06-30": 2.205, "2017-03-31": -0.0183, "2016-12-31": "1.57720", "2016-09-30": 2.4329, "2016-06-30": 1.8674, "2016-03-31": 1.2678, "2015-12-31": "0.82540", "2015-09-30": 0.9169, "2015-06-30": 1.7093, "2015-03-31": 1.497, "2014-12-31": "0.20220", "2014-09-30": 2.4174, "2014-06-30": 0.5518, "2014-03-31": 0.3381, "2013-12-31": "0.74940", "2013-09-30": 0.5679, "2013-06-30": 0.3036, "2013-03-31": -0.1302, "2012-12-31": "-0.35650", "2012-09-30": 0.9549, "2012-06-30": 0.3857, "2012-03-31": -0.3981, "2011-12-31": "0.43900", "2011-09-30": 1.1787, "2011-06-30": 0.738, "2011-03-31": 0.0146, "2010-12-31": "0.28700", "2010-09-30": 1.1046, "2010-06-30": 1.2024, "2010-03-31": 0.5974, "2009-12-31": "-0.37700", "2009-09-30": 0.9948, "2009-06-30": 0.5998, "2009-03-31": -0.2724, "2008-12-31": "-0.34700", "2008-09-30": 1.0729, "2008-06-30": 1.0722, "2008-03-31": 0.0807, "2007-12-31": "0.48090", "2007-09-30": 2.0575, "2007-06-30": 0.9448, "2007-03-31": -0.0765, "2006-12-31": "-0.30980", "2006-09-30": 1.4229, "2006-06-30": 0.432, "2006-03-31": -0.1602, "2005-12-31": "-0.14310", "2005-09-30": 0.5888, "2005-06-30": 0.1598, "2005-03-31": 1.1801}}, "revenue": {"Air Products And Chemicals Annual Revenue (Millions of US $)": {"2020": "$8,856", "2019": "$8,919", "2018": "$8,930", "2017": "$8,188", "2016": "$7,504", "2015": "$7,824", "2014": "$10,439", "2013": "$10,180", "2012": "$9,612", "2011": "$9,674", "2010": "$8,616", "2009": "$8,256", "2008": "$10,415", "2007": "$9,148", "2006": "$7,885", "2005": "$7,673"}, "Air Products And Chemicals Quarterly Revenue (Millions of US $)": {"2020-12-31": "$2,375", "2020-09-30": "$2,320", "2020-06-30": "$2,065", "2020-03-31": "$2,216", "2019-12-31": "$2,255", "2019-09-30": "$2,283", "2019-06-30": "$2,224", "2019-03-31": "$2,188", "2018-12-31": "$2,224", "2018-09-30": "$2,299", "2018-06-30": "$2,259", "2018-03-31": "$2,156", "2017-12-31": "$2,217", "2017-09-30": "$2,203", "2017-06-30": "$2,122", "2017-03-31": "$1,980", "2016-12-31": "$1,883", "2016-09-30": "$1,946", "2016-06-30": "$1,915", "2016-03-31": "$1,777", "2015-12-31": "$1,866", "2015-09-30": "$379", "2015-06-30": "$2,470", "2015-03-31": "$2,415", "2014-12-31": "$2,561", "2014-09-30": "$2,677", "2014-06-30": "$2,635", "2014-03-31": "$2,582", "2013-12-31": "$2,546", "2013-09-30": "$2,587", "2013-06-30": "$2,547", "2013-03-31": "$2,484", "2012-12-31": "$2,562", "2012-09-30": "$2,606", "2012-06-30": "$2,340", "2012-03-31": "$2,344", "2011-12-31": "$2,322", "2011-09-30": "$2,407", "2011-06-30": "$2,472", "2011-03-31": "$2,403", "2010-12-31": "$2,392", "2010-09-30": "$1,941", "2010-06-30": "$2,252", "2010-03-31": "$2,249", "2009-12-31": "$2,174", "2009-09-30": "$2,129", "2009-06-30": "$1,976", "2009-03-31": "$1,955", "2008-12-31": "$2,195", "2008-09-30": "$2,715", "2008-06-30": "$2,750", "2008-03-31": "$2,543", "2007-12-31": "$2,407", "2007-09-30": "$2,166", "2007-06-30": "$2,416", "2007-03-31": "$2,298", "2006-12-31": "$2,268", "2006-09-30": "$1,394", "2006-06-30": "$2,246", "2006-03-31": "$2,230", "2005-12-31": "$2,016", "2005-09-30": "$1,600", "2005-06-30": "$2,078", "2005-03-31": "$2,003"}}, "gross-profit": {"Air Products And Chemicals Annual Gross Profit (Millions of US $)": {"2020": "$2,998", "2019": "$2,943", "2018": "$2,741", "2017": "$2,436", "2016": "$2,326", "2015": "$2,226", "2014": "$2,809", "2013": "$2,708", "2012": "$2,560", "2011": "$2,575", "2010": "$2,327", "2009": "$2,214", "2008": "$2,721", "2007": "$2,449", "2006": "$2,068", "2005": "$2,102"}, "Air Products And Chemicals Quarterly Gross Profit (Millions of US $)": {"2020-12-31": "$743", "2020-09-30": "$754", "2020-06-30": "$720", "2020-03-31": "$756", "2019-12-31": "$768", "2019-09-30": "$792", "2019-06-30": "$758", "2019-03-31": "$713", "2018-12-31": "$680", "2018-09-30": "$733", "2018-06-30": "$714", "2018-03-31": "$649", "2017-12-31": "$645", "2017-09-30": "$658", "2017-06-30": "$636", "2017-03-31": "$576", "2016-12-31": "$566", "2016-09-30": "$597", "2016-06-30": "$594", "2016-03-31": "$564", "2015-12-31": "$570", "2015-09-30": "$25", "2015-06-30": "$755", "2015-03-31": "$716", "2014-12-31": "$730", "2014-09-30": "$749", "2014-06-30": "$716", "2014-03-31": "$664", "2013-12-31": "$680", "2013-09-30": "$704", "2013-06-30": "$672", "2013-03-31": "$671", "2012-12-31": "$662", "2012-09-30": "$683", "2012-06-30": "$649", "2012-03-31": "$629", "2011-12-31": "$599", "2011-09-30": "$603", "2011-06-30": "$646", "2011-03-31": "$655", "2010-12-31": "$671", "2010-09-30": "$461", "2010-06-30": "$641", "2010-03-31": "$620", "2009-12-31": "$605", "2009-09-30": "$584", "2009-06-30": "$549", "2009-03-31": "$516", "2008-12-31": "$566", "2008-09-30": "$688", "2008-06-30": "$709", "2008-03-31": "$671", "2007-12-31": "$654", "2007-09-30": "$542", "2007-06-30": "$667", "2007-03-31": "$622", "2006-12-31": "$618", "2006-09-30": "$380", "2006-06-30": "$602", "2006-03-31": "$562", "2005-12-31": "$524", "2005-09-30": "$505", "2005-06-30": "$547", "2005-03-31": "$534"}}, "operating-income": {"Air Products And Chemicals Annual Operating Income (Millions of US $)": {"2020": "$2,238", "2019": "$2,144", "2018": "$1,966", "2017": "$1,440", "2016": "$1,535", "2015": "$1,233", "2014": "$1,339", "2013": "$1,324", "2012": "$1,282", "2011": "$1,508", "2010": "$1,268", "2009": "$846", "2008": "$1,496", "2007": "$1,376", "2006": "$1,042", "2005": "$991"}, "Air Products And Chemicals Quarterly Operating Income (Millions of US $)": {"2020-12-31": "$539", "2020-09-30": "$560", "2020-06-30": "$539", "2020-03-31": "$577", "2019-12-31": "$561", "2019-09-30": "$603", "2019-06-30": "$570", "2019-03-31": "$517", "2018-12-31": "$455", "2018-09-30": "$534", "2018-06-30": "$516", "2018-03-31": "$455", "2017-12-31": "$461", "2017-09-30": "$457", "2017-06-30": "$259", "2017-03-31": "$396", "2016-12-31": "$328", "2016-09-30": "$396", "2016-06-30": "$395", "2016-03-31": "$372", "2015-12-31": "$373", "2015-09-30": "$2", "2015-06-30": "$425", "2015-03-31": "$377", "2014-12-31": "$430", "2014-09-30": "$155", "2014-06-30": "$414", "2014-03-31": "$385", "2013-12-31": "$386", "2013-09-30": "$179", "2013-06-30": "$383", "2013-03-31": "$390", "2012-12-31": "$372", "2012-09-30": "$158", "2012-06-30": "$483", "2012-03-31": "$288", "2011-12-31": "$354", "2011-09-30": "$366", "2011-06-30": "$388", "2011-03-31": "$394", "2010-12-31": "$361", "2010-09-30": "$246", "2010-06-30": "$336", "2010-03-31": "$341", "2009-12-31": "$345", "2009-09-30": "$328", "2009-06-30": "$144", "2009-03-31": "$260", "2008-12-31": "$114", "2008-09-30": "$373", "2008-06-30": "$394", "2008-03-31": "$349", "2007-12-31": "$380", "2007-09-30": "$397", "2007-06-30": "$352", "2007-03-31": "$309", "2006-12-31": "$317", "2006-09-30": "$214", "2006-06-30": "$292", "2006-03-31": "$283", "2005-12-31": "$254", "2005-09-30": "$238", "2005-06-30": "$263", "2005-03-31": "$252"}}, "ebitda": {"Air Products And Chemicals Annual EBITDA (Millions of US $)": {"2020": "$3,423", "2019": "$3,227", "2018": "$2,936", "2017": "$2,306", "2016": "$2,390", "2015": "$2,092", "2014": "$2,296", "2013": "$2,231", "2012": "$2,123", "2011": "$2,342", "2010": "$2,094", "2009": "$1,687", "2008": "$2,365", "2007": "$2,165", "2006": "$1,747", "2005": "$1,690"}, "Air Products And Chemicals Quarterly EBITDA (Millions of US $)": {"2020-12-31": "$863", "2020-09-30": "$871", "2020-06-30": "$830", "2020-03-31": "$872", "2019-12-31": "$850", "2019-09-30": "$897", "2019-06-30": "$839", "2019-03-31": "$779", "2018-12-31": "$713", "2018-09-30": "$791", "2018-06-30": "$761", "2018-03-31": "$695", "2017-12-31": "$689", "2017-09-30": "$688", "2017-06-30": "$476", "2017-03-31": "$607", "2016-12-31": "$534", "2016-09-30": "$609", "2016-06-30": "$608", "2016-03-31": "$586", "2015-12-31": "$587", "2015-09-30": "$158", "2015-06-30": "$658", "2015-03-31": "$610", "2014-12-31": "$666", "2014-09-30": "$410", "2014-06-30": "$653", "2014-03-31": "$614", "2013-12-31": "$620", "2013-09-30": "$412", "2013-06-30": "$613", "2013-03-31": "$616", "2012-12-31": "$591", "2012-09-30": "$378", "2012-06-30": "$695", "2012-03-31": "$493", "2011-12-31": "$557", "2011-09-30": "$573", "2011-06-30": "$600", "2011-03-31": "$592", "2010-12-31": "$578", "2010-09-30": "$424", "2010-06-30": "$551", "2010-03-31": "$558", "2009-12-31": "$562", "2009-09-30": "$554", "2009-06-30": "$361", "2009-03-31": "$458", "2008-12-31": "$315", "2008-09-30": "$594", "2008-06-30": "$613", "2008-03-31": "$566", "2007-12-31": "$591", "2007-09-30": "$605", "2007-06-30": "$548", "2007-03-31": "$503", "2006-12-31": "$510", "2006-09-30": "$356", "2006-06-30": "$487", "2006-03-31": "$468", "2005-12-31": "$436", "2005-09-30": "$399", "2005-06-30": "$444", "2005-03-31": "$429"}}, "net-income": {"Air Products And Chemicals Annual Net Income (Millions of US $)": {"2020": "$1,887", "2019": "$1,760", "2018": "$1,498", "2017": "$3,000", "2016": "$631", "2015": "$1,278", "2014": "$992", "2013": "$994", "2012": "$1,167", "2011": "$1,224", "2010": "$1,029", "2009": "$631", "2008": "$910", "2007": "$1,036", "2006": "$723", "2005": "$712"}, "Air Products And Chemicals Quarterly Net Income (Millions of US $)": {"2020-12-31": "$482", "2020-09-30": "$487", "2020-06-30": "$447", "2020-03-31": "$478", "2019-12-31": "$476", "2019-09-30": "$503", "2019-06-30": "$488", "2019-03-31": "$421", "2018-12-31": "$348", "2018-09-30": "$453", "2018-06-30": "$474", "2018-03-31": "$416", "2017-12-31": "$155", "2017-09-30": "$469", "2017-06-30": "$102", "2017-03-31": "$2,130", "2016-12-31": "$300", "2016-09-30": "$394", "2016-06-30": "$347", "2016-03-31": "$-473", "2015-12-31": "$364", "2015-09-30": "$345", "2015-06-30": "$319", "2015-03-31": "$290", "2014-12-31": "$325", "2014-09-30": "$104", "2014-06-30": "$314", "2014-03-31": "$284", "2013-12-31": "$290", "2013-09-30": "$137", "2013-06-30": "$288", "2013-03-31": "$290", "2012-12-31": "$278", "2012-09-30": "$139", "2012-06-30": "$485", "2012-03-31": "$296", "2011-12-31": "$248", "2011-09-30": "$325", "2011-06-30": "$327", "2011-03-31": "$304", "2010-12-31": "$269", "2010-09-30": "$272", "2010-06-30": "$253", "2010-03-31": "$252", "2009-12-31": "$252", "2009-09-30": "$244", "2009-06-30": "$113", "2009-03-31": "$206", "2008-12-31": "$69", "2008-09-30": "$262", "2008-06-30": "$70", "2008-03-31": "$314", "2007-12-31": "$264", "2007-09-30": "$293", "2007-06-30": "$285", "2007-03-31": "$228", "2006-12-31": "$230", "2006-09-30": "$128", "2006-06-30": "$210", "2006-03-31": "$204", "2005-12-31": "$181", "2005-09-30": "$179", "2005-06-30": "$191", "2005-03-31": "$175"}}, "eps-earnings-per-share-diluted": {"Air Products And Chemicals Annual EPS": {"2020": "$8.49", "2019": "$7.94", "2018": "$6.78", "2017": "$13.65", "2016": "$2.89", "2015": "$5.88", "2014": "$4.61", "2013": "$4.68", "2012": "$5.44", "2011": "$5.63", "2010": "$4.74", "2009": "$2.96", "2008": "$4.15", "2007": "$4.64", "2006": "$3.18", "2005": "$3.08"}, "Air Products And Chemicals Quarterly EPS": {"2020-12-31": "$2.17", "2020-09-30": "$2.19", "2020-06-30": "$2.01", "2020-03-31": "$2.15", "2019-12-31": "$2.14", "2019-09-30": "$2.27", "2019-06-30": "$2.20", "2019-03-31": "$1.90", "2018-12-31": "$1.57", "2018-09-30": "$2.04", "2018-06-30": "$2.15", "2018-03-31": "$1.89", "2017-12-31": "$0.70", "2017-09-30": "$2.12", "2017-06-30": "$0.46", "2017-03-31": "$9.70", "2016-12-31": "$1.37", "2016-09-30": "$1.80", "2016-06-30": "$1.59", "2016-03-31": "$-2.17", "2015-12-31": "$1.67", "2015-09-30": "$1.58", "2015-06-30": "$1.47", "2015-03-31": "$1.33", "2014-12-31": "$1.50", "2014-09-30": "$0.48", "2014-06-30": "$1.46", "2014-03-31": "$1.32", "2013-12-31": "$1.35", "2013-09-30": "$0.63", "2013-06-30": "$1.36", "2013-03-31": "$1.38", "2012-12-31": "$1.31", "2012-09-30": "$0.64", "2012-06-30": "$2.26", "2012-03-31": "$1.38", "2011-12-31": "$1.16", "2011-09-30": "$1.51", "2011-06-30": "$1.50", "2011-03-31": "$1.39", "2010-12-31": "$1.23", "2010-09-30": "$1.25", "2010-06-30": "$1.17", "2010-03-31": "$1.16", "2009-12-31": "$1.16", "2009-09-30": "$1.14", "2009-06-30": "$0.53", "2009-03-31": "$0.97", "2008-12-31": "$0.32", "2008-09-30": "$1.21", "2008-06-30": "$0.32", "2008-03-31": "$1.43", "2007-12-31": "$1.19", "2007-09-30": "$1.31", "2007-06-30": "$1.28", "2007-03-31": "$1.02", "2006-12-31": "$1.03", "2006-09-30": "$0.57", "2006-06-30": "$0.92", "2006-03-31": "$0.89", "2005-12-31": "$0.80", "2005-09-30": "$0.79", "2005-06-30": "$0.82", "2005-03-31": "$0.75"}}, "shares-outstanding": {"Air Products And Chemicals Annual Shares Outstanding (Millions of Shares)": {"2020": "222", "2019": "222", "2018": "221", "2017": "220", "2016": "218", "2015": "217", "2014": "215", "2013": "212", "2012": "215", "2011": "218", "2010": "217", "2009": "214", "2008": "219", "2007": "223", "2006": "228", "2005": "231"}, "Air Products And Chemicals Quarterly Shares Outstanding (Millions of Shares)": {"2020-12-31": "223", "2020-09-30": "222", "2020-06-30": "222", "2020-03-31": "222", "2019-12-31": "222", "2019-09-30": "222", "2019-06-30": "222", "2019-03-31": "221", "2018-12-31": "221", "2018-09-30": "221", "2018-06-30": "221", "2018-03-31": "221", "2017-12-31": "220", "2017-09-30": "220", "2017-06-30": "220", "2017-03-31": "220", "2016-12-31": "220", "2016-09-30": "218", "2016-06-30": "219", "2016-03-31": "218", "2015-12-31": "218", "2015-09-30": "217", "2015-06-30": "217", "2015-03-31": "217", "2014-12-31": "217", "2014-09-30": "215", "2014-06-30": "215", "2014-03-31": "215", "2013-12-31": "214", "2013-09-30": "212", "2013-06-30": "212", "2013-03-31": "211", "2012-12-31": "213", "2012-09-30": "215", "2012-06-30": "215", "2012-03-31": "215", "2011-12-31": "214", "2011-09-30": "218", "2011-06-30": "217", "2011-03-31": "219", "2010-12-31": "219", "2010-09-30": "217", "2010-06-30": "217", "2010-03-31": "217", "2009-12-31": "217", "2009-09-30": "214", "2009-06-30": "214", "2009-03-31": "212", "2008-12-31": "212", "2008-09-30": "219", "2008-06-30": "218", "2008-03-31": "219", "2007-12-31": "222", "2007-09-30": "223", "2007-06-30": "223", "2007-03-31": "223", "2006-12-31": "223", "2006-09-30": "228", "2006-06-30": "229", "2006-03-31": "229", "2005-12-31": "227", "2005-09-30": "231", "2005-06-30": "232", "2005-03-31": "234"}}, "total-assets": {"Air Products And Chemicals Annual Total Assets (Millions of US $)": {"2020": "$25,169", "2019": "$18,943", "2018": "$19,178", "2017": "$18,467", "2016": "$18,029", "2015": "$17,335", "2014": "$17,779", "2013": "$17,850", "2012": "$16,942", "2011": "$14,291", "2010": "$13,506", "2009": "$13,029", "2008": "$12,571", "2007": "$12,660", "2006": "$11,181", "2005": "$10,409"}, "Air Products And Chemicals Quarterly Total Assets (Millions of US $)": {"2020-12-31": "$26,088", "2020-09-30": "$25,169", "2020-06-30": "$24,782", "2020-03-31": "$19,501", "2019-12-31": "$19,652", "2019-09-30": "$18,943", "2019-06-30": "$19,532", "2019-03-31": "$19,245", "2018-12-31": "$19,142", "2018-09-30": "$19,178", "2018-06-30": "$19,206", "2018-03-31": "$18,511", "2017-12-31": "$18,209", "2017-09-30": "$18,467", "2017-06-30": "$17,854", "2017-03-31": "$17,872", "2016-12-31": "$15,956", "2016-09-30": "$18,029", "2016-06-30": "$17,084", "2016-03-31": "$16,811", "2015-12-31": "$17,260", "2015-09-30": "$17,335", "2015-06-30": "$17,672", "2015-03-31": "$17,494", "2014-12-31": "$17,635", "2014-09-30": "$17,779", "2014-06-30": "$18,316", "2014-03-31": "$17,963", "2013-12-31": "$17,915", "2013-09-30": "$17,850", "2013-06-30": "$17,491", "2013-03-31": "$17,221", "2012-12-31": "$17,393", "2012-09-30": "$16,942", "2012-06-30": "$14,881", "2012-03-31": "$14,956", "2011-12-31": "$14,391", "2011-09-30": "$14,291", "2011-06-30": "$14,452", "2011-03-31": "$13,821", "2010-12-31": "$13,460", "2010-09-30": "$13,506", "2010-06-30": "$12,999", "2010-03-31": "$13,153", "2009-12-31": "$12,915", "2009-09-30": "$13,029", "2009-06-30": "$12,244", "2009-03-31": "$11,879", "2008-12-31": "$12,254", "2008-09-30": "$12,571", "2008-06-30": "$13,076", "2008-03-31": "$13,228", "2007-12-31": "$13,014", "2007-09-30": "$12,660", "2007-06-30": "$12,569", "2007-03-31": "$11,878", "2006-12-31": "$11,500", "2006-09-30": "$11,181", "2006-06-30": "$11,291", "2006-03-31": "$11,033", "2005-12-31": "$10,625", "2005-09-30": "$10,409", "2005-06-30": "$10,310", "2005-03-31": "$10,707"}}, "cash-on-hand": {"Air Products And Chemicals Annual Cash on Hand (Millions of US $)": {"2020": "$6,358", "2019": "$2,415", "2018": "$2,976", "2017": "$3,678", "2016": "$1,293", "2015": "$206", "2014": "$337", "2013": "$450", "2012": "$454", "2011": "$421", "2010": "$374", "2009": "$488", "2008": "$104", "2007": "$41", "2006": "$35", "2005": "$56"}, "Air Products And Chemicals Quarterly Cash on Hand (Millions of US $)": {"2020-12-31": "$6,200", "2020-09-30": "$6,358", "2020-06-30": "$6,437", "2020-03-31": "$2,220", "2019-12-31": "$2,406", "2019-09-30": "$2,415", "2019-06-30": "$2,697", "2019-03-31": "$2,739", "2018-12-31": "$2,936", "2018-09-30": "$2,976", "2018-06-30": "$2,994", "2018-03-31": "$3,204", "2017-12-31": "$3,130", "2017-09-30": "$3,678", "2017-06-30": "$3,349", "2017-03-31": "$3,293", "2016-12-31": "$656", "2016-09-30": "$1,293", "2016-06-30": "$515", "2016-03-31": "$313", "2015-12-31": "$279", "2015-09-30": "$206", "2015-06-30": "$215", "2015-03-31": "$196", "2014-12-31": "$239", "2014-09-30": "$337", "2014-06-30": "$338", "2014-03-31": "$357", "2013-12-31": "$388", "2013-09-30": "$450", "2013-06-30": "$419", "2013-03-31": "$402", "2012-12-31": "$546", "2012-09-30": "$454", "2012-06-30": "$361", "2012-03-31": "$320", "2011-12-31": "$407", "2011-09-30": "$421", "2011-06-30": "$430", "2011-03-31": "$270", "2010-12-31": "$247", "2010-09-30": "$374", "2010-06-30": "$405", "2010-03-31": "$231", "2009-12-31": "$323", "2009-09-30": "$488", "2009-06-30": "$70", "2009-03-31": "$80", "2008-12-31": "$119", "2008-09-30": "$104", "2008-06-30": "$126", "2008-03-31": "$139", "2007-12-31": "$97", "2007-09-30": "$41", "2007-06-30": "$32", "2007-03-31": "$37", "2006-12-31": "$65", "2006-09-30": "$35", "2006-06-30": "$61", "2006-03-31": "$74", "2005-12-31": "$71", "2005-09-30": "$56", "2005-06-30": "$82", "2005-03-31": "$411"}}, "long-term-debt": {"Air Products And Chemicals Annual Long Term Debt (Millions of US $)": {"2020": "$7,430", "2019": "$3,227", "2018": "$3,352", "2017": "$3,402", "2016": "$3,910", "2015": "$3,949", "2014": "$4,825", "2013": "$5,056", "2012": "$4,584", "2011": "$3,928", "2010": "$3,660", "2009": "$3,716", "2008": "$3,515", "2007": "$2,975", "2006": "$2,280", "2005": "$2,047"}, "Air Products And Chemicals Quarterly Long Term Debt (Millions of US $)": {"2020-12-31": "$7,092", "2020-09-30": "$7,430", "2020-06-30": "$7,359", "2020-03-31": "$3,245", "2019-12-31": "$3,266", "2019-09-30": "$3,227", "2019-06-30": "$3,273", "2019-03-31": "$3,302", "2018-12-31": "$3,315", "2018-09-30": "$3,352", "2018-06-30": "$3,776", "2018-03-31": "$3,442", "2017-12-31": "$3,415", "2017-09-30": "$3,402", "2017-06-30": "$3,367", "2017-03-31": "$3,300", "2016-12-31": "$3,289", "2016-09-30": "$3,910", "2016-06-30": "$3,926", "2016-03-31": "$3,573", "2015-12-31": "$3,871", "2015-09-30": "$3,949", "2015-06-30": "$4,691", "2015-03-31": "$4,512", "2014-12-31": "$4,751", "2014-09-30": "$4,825", "2014-06-30": "$4,951", "2014-03-31": "$4,993", "2013-12-31": "$5,021", "2013-09-30": "$5,056", "2013-06-30": "$4,648", "2013-03-31": "$4,645", "2012-12-31": "$5,107", "2012-09-30": "$4,584", "2012-06-30": "$3,796", "2012-03-31": "$3,880", "2011-12-31": "$3,884", "2011-09-30": "$3,928", "2011-06-30": "$4,054", "2011-03-31": "$3,712", "2010-12-31": "$3,617", "2010-09-30": "$3,660", "2010-06-30": "$3,366", "2010-03-31": "$3,469", "2009-12-31": "$3,705", "2009-09-30": "$3,716", "2009-06-30": "$3,756", "2009-03-31": "$3,457", "2008-12-31": "$3,595", "2008-09-30": "$3,515", "2008-06-30": "$3,647", "2008-03-31": "$3,646", "2007-12-31": "$3,416", "2007-09-30": "$2,975", "2007-06-30": "$2,749", "2007-03-31": "$2,705", "2006-12-31": "$2,336", "2006-09-30": "$2,280", "2006-06-30": "$2,407", "2006-03-31": "$2,349", "2005-12-31": "$2,272", "2005-09-30": "$2,047", "2005-06-30": "$2,061", "2005-03-31": "$2,115"}}, "total-liabilities": {"Air Products And Chemicals Annual Total Liabilities (Millions of US $)": {"2020": "$12,725", "2019": "$7,555", "2018": "$8,002", "2017": "$8,282", "2016": "$10,815", "2015": "$9,953", "2014": "$10,258", "2013": "$10,651", "2012": "$10,319", "2011": "$8,352", "2010": "$7,808", "2009": "$8,099", "2008": "$7,541", "2007": "$7,164", "2006": "$6,257", "2005": "$5,863"}, "Air Products And Chemicals Quarterly Total Liabilities (Millions of US $)": {"2020-12-31": "$13,016", "2020-09-30": "$12,725", "2020-06-30": "$12,759", "2020-03-31": "$7,778", "2019-12-31": "$7,722", "2019-09-30": "$7,555", "2019-06-30": "$7,805", "2019-03-31": "$7,741", "2018-12-31": "$7,939", "2018-09-30": "$8,002", "2018-06-30": "$8,396", "2018-03-31": "$7,818", "2017-12-31": "$7,888", "2017-09-30": "$8,282", "2017-06-30": "$8,344", "2017-03-31": "$8,451", "2016-12-31": "$8,695", "2016-09-30": "$10,815", "2016-06-30": "$9,903", "2016-03-31": "$9,758", "2015-12-31": "$9,761", "2015-09-30": "$9,953", "2015-06-30": "$9,940", "2015-03-31": "$10,018", "2014-12-31": "$10,132", "2014-09-30": "$10,258", "2014-06-30": "$10,460", "2014-03-31": "$10,435", "2013-12-31": "$10,493", "2013-09-30": "$10,651", "2013-06-30": "$10,800", "2013-03-31": "$10,704", "2012-12-31": "$10,942", "2012-09-30": "$10,319", "2012-06-30": "$8,234", "2012-03-31": "$8,548", "2011-12-31": "$8,334", "2011-09-30": "$8,352", "2011-06-30": "$8,055", "2011-03-31": "$7,822", "2010-12-31": "$7,483", "2010-09-30": "$7,808", "2010-06-30": "$7,628", "2010-03-31": "$7,734", "2009-12-31": "$7,730", "2009-09-30": "$8,099", "2009-06-30": "$7,315", "2009-03-31": "$7,241", "2008-12-31": "$7,528", "2008-09-30": "$7,541", "2008-06-30": "$7,507", "2008-03-31": "$7,704", "2007-12-31": "$7,411", "2007-09-30": "$7,164", "2007-06-30": "$7,113", "2007-03-31": "$6,602", "2006-12-31": "$6,389", "2006-09-30": "$6,257", "2006-06-30": "$6,244", "2006-03-31": "$6,065", "2005-12-31": "$5,916", "2005-09-30": "$5,863", "2005-06-30": "$5,695", "2005-03-31": "$5,797"}}, "total-share-holder-equity": {"Air Products And Chemicals Annual Share Holder Equity (Millions of US $)": {"2020": "$12,443", "2019": "$11,388", "2018": "$11,176", "2017": "$10,186", "2016": "$7,213", "2015": "$7,381", "2014": "$7,521", "2013": "$7,199", "2012": "$6,623", "2011": "$5,939", "2010": "$5,698", "2009": "$4,930", "2008": "$5,031", "2007": "$5,496", "2006": "$4,924", "2005": "$4,546"}, "Air Products And Chemicals Quarterly Share Holder Equity (Millions of US $)": {"2020-12-31": "$13,072", "2020-09-30": "$12,443", "2020-06-30": "$12,023", "2020-03-31": "$11,724", "2019-12-31": "$11,930", "2019-09-30": "$11,388", "2019-06-30": "$11,727", "2019-03-31": "$11,503", "2018-12-31": "$11,203", "2018-09-30": "$11,176", "2018-06-30": "$10,810", "2018-03-31": "$10,693", "2017-12-31": "$10,321", "2017-09-30": "$10,186", "2017-06-30": "$9,510", "2017-03-31": "$9,420", "2016-12-31": "$7,261", "2016-09-30": "$7,213", "2016-06-30": "$7,180", "2016-03-31": "$7,053", "2015-12-31": "$7,499", "2015-09-30": "$7,381", "2015-06-30": "$7,731", "2015-03-31": "$7,476", "2014-12-31": "$7,503", "2014-09-30": "$7,521", "2014-06-30": "$7,856", "2014-03-31": "$7,528", "2013-12-31": "$7,423", "2013-09-30": "$7,199", "2013-06-30": "$6,691", "2013-03-31": "$6,517", "2012-12-31": "$6,451", "2012-09-30": "$6,623", "2012-06-30": "$6,647", "2012-03-31": "$6,407", "2011-12-31": "$6,057", "2011-09-30": "$5,939", "2011-06-30": "$6,397", "2011-03-31": "$5,999", "2010-12-31": "$5,977", "2010-09-30": "$5,698", "2010-06-30": "$5,372", "2010-03-31": "$5,418", "2009-12-31": "$5,184", "2009-09-30": "$4,930", "2009-06-30": "$4,928", "2009-03-31": "$4,638", "2008-12-31": "$4,726", "2008-09-30": "$5,031", "2008-06-30": "$5,569", "2008-03-31": "$5,524", "2007-12-31": "$5,603", "2007-09-30": "$5,496", "2007-06-30": "$5,456", "2007-03-31": "$5,277", "2006-12-31": "$5,112", "2006-09-30": "$4,924", "2006-06-30": "$5,047", "2006-03-31": "$4,968", "2005-12-31": "$4,709", "2005-09-30": "$4,546", "2005-06-30": "$4,615", "2005-03-31": "$4,910"}}, "profit-margins": {"current": "21.09%"}, "gross margin": {"2020-12-31": "33.12%", "2020-09-30": "33.85%", "2020-06-30": "34.43%", "2020-03-31": "34.24%", "2019-12-31": "33.87%", "2019-09-30": "33.00%", "2019-06-30": "32.28%", "2019-03-31": "31.66%", "2018-12-31": "31.06%", "2018-09-30": "30.69%", "2018-06-30": "30.18%", "2018-03-31": "29.75%", "2017-12-31": "29.51%", "2017-09-30": "29.75%", "2017-06-30": "29.95%", "2017-03-31": "30.20%", "2016-12-31": "30.86%", "2016-09-30": "30.98%", "2016-06-30": "29.53%", "2016-03-31": "29.48%", "2015-12-31": "28.98%", "2015-09-30": "28.45%", "2015-06-30": "29.14%", "2015-03-31": "28.30%", "2014-12-31": "27.35%", "2014-09-30": "26.91%", "2014-06-30": "26.71%", "2014-03-31": "26.51%", "2013-12-31": "26.83%", "2013-09-30": "26.61%", "2013-06-30": "26.36%", "2013-03-31": "26.67%", "2012-12-31": "26.62%", "2012-09-30": "26.63%", "2012-06-30": "26.35%", "2012-03-31": "25.95%", "2011-12-31": "26.06%", "2011-09-30": "26.62%", "2011-06-30": "26.42%", "2011-03-31": "27.01%", "2010-12-31": "27.09%", "2010-09-30": "27.01%", "2010-06-30": "27.83%", "2010-03-31": "27.65%", "2009-12-31": "27.37%", "2009-09-30": "26.83%", "2009-06-30": "26.23%", "2009-03-31": "25.78%", "2008-12-31": "25.82%", "2008-09-30": "26.14%", "2008-06-30": "26.11%", "2008-03-31": "26.58%", "2007-12-31": "26.76%", "2007-09-30": "26.77%", "2007-06-30": "27.30%", "2007-03-31": "27.08%", "2006-12-31": "26.57%", "2006-09-30": "26.22%", "2006-06-30": "27.10%", "2006-03-31": "26.98%", "2005-12-31": "27.41%"}, "operating margin": {"2020-12-31": "24.68%", "2020-09-30": "25.26%", "2020-06-30": "25.85%", "2020-03-31": "25.74%", "2019-12-31": "25.15%", "2019-09-30": "24.05%", "2019-06-30": "23.23%", "2019-03-31": "22.54%", "2018-12-31": "21.93%", "2018-09-30": "22.01%", "2018-06-30": "21.38%", "2018-03-31": "18.76%", "2017-12-31": "18.46%", "2017-09-30": "17.59%", "2017-06-30": "17.39%", "2017-03-31": "19.61%", "2016-12-31": "19.82%", "2016-09-30": "20.47%", "2016-06-30": "19.22%", "2016-03-31": "18.04%", "2015-12-31": "16.49%", "2015-09-30": "15.76%", "2015-06-30": "13.70%", "2015-03-31": "13.37%", "2014-12-31": "13.24%", "2014-09-30": "12.84%", "2014-06-30": "13.18%", "2014-03-31": "12.99%", "2013-12-31": "13.16%", "2013-09-30": "13.01%", "2013-06-30": "12.78%", "2013-03-31": "14.04%", "2012-12-31": "13.21%", "2012-09-30": "13.35%", "2012-06-30": "15.84%", "2012-03-31": "14.63%", "2011-12-31": "15.64%", "2011-09-30": "15.60%", "2011-06-30": "15.08%", "2011-03-31": "14.88%", "2010-12-31": "14.53%", "2010-09-30": "14.72%", "2010-06-30": "15.33%", "2010-03-31": "13.58%", "2009-12-31": "13.08%", "2009-09-30": "10.25%", "2009-06-30": "10.08%", "2009-03-31": "11.87%", "2008-12-31": "12.06%", "2008-09-30": "14.36%", "2008-06-30": "15.41%", "2008-03-31": "15.51%", "2007-12-31": "15.48%", "2007-09-30": "15.03%", "2007-06-30": "14.23%", "2007-03-31": "13.79%", "2006-12-31": "13.59%", "2006-09-30": "13.23%", "2006-06-30": "13.19%", "2006-03-31": "13.10%", "2005-12-31": "13.08%"}, "ebitda margin": {"2020-12-31": "38.28%", "2020-09-30": "38.65%", "2020-06-30": "39.11%", "2020-03-31": "38.52%", "2019-12-31": "37.60%", "2019-09-30": "36.19%", "2019-06-30": "34.94%", "2019-03-31": "33.94%", "2018-12-31": "33.12%", "2018-09-30": "32.87%", "2018-06-30": "32.07%", "2018-03-31": "29.29%", "2017-12-31": "28.87%", "2017-09-30": "28.15%", "2017-06-30": "28.07%", "2017-03-31": "30.53%", "2016-12-31": "31.07%", "2016-09-30": "31.85%", "2016-06-30": "32.66%", "2016-03-31": "30.64%", "2015-12-31": "28.23%", "2015-09-30": "26.73%", "2015-06-30": "23.16%", "2015-03-31": "22.74%", "2014-12-31": "22.41%", "2014-09-30": "22.00%", "2014-06-30": "22.21%", "2014-03-31": "22.01%", "2013-12-31": "22.25%", "2013-09-30": "21.93%", "2013-06-30": "21.55%", "2013-03-31": "22.82%", "2012-12-31": "21.89%", "2012-09-30": "22.09%", "2012-06-30": "24.63%", "2012-03-31": "23.29%", "2011-12-31": "24.18%", "2011-09-30": "24.22%", "2011-06-30": "23.83%", "2011-03-31": "23.87%", "2010-12-31": "23.90%", "2010-09-30": "24.32%", "2010-06-30": "25.27%", "2010-03-31": "23.86%", "2009-12-31": "23.50%", "2009-09-30": "20.45%", "2009-06-30": "19.55%", "2009-03-31": "20.59%", "2008-12-31": "20.46%", "2008-09-30": "22.70%", "2008-06-30": "24.07%", "2008-03-31": "24.23%", "2007-12-31": "24.20%", "2007-09-30": "23.68%", "2007-06-30": "22.89%", "2007-03-31": "22.62%", "2006-12-31": "22.38%", "2006-09-30": "22.15%", "2006-06-30": "22.12%", "2006-03-31": "22.05%", "2005-12-31": "22.19%"}, "pre tax profit margin": {"2020-12-31": "26.78%", "2020-09-30": "27.37%", "2020-06-30": "28.11%", "2020-03-31": "28.10%", "2019-12-31": "26.94%", "2019-09-30": "25.68%", "2019-06-30": "24.28%", "2019-03-31": "23.53%", "2018-12-31": "22.94%", "2018-09-30": "22.57%", "2018-06-30": "22.25%", "2018-03-31": "18.51%", "2017-12-31": "18.01%", "2017-09-30": "17.31%", "2017-06-30": "16.76%", "2017-03-31": "19.87%", "2016-12-31": "20.05%", "2016-09-30": "20.72%", "2016-06-30": "19.56%", "2016-03-31": "18.45%", "2015-12-31": "16.93%", "2015-09-30": "16.19%", "2015-06-30": "14.19%", "2015-03-31": "13.83%", "2014-12-31": "13.58%", "2014-09-30": "13.09%", "2014-06-30": "13.40%", "2014-03-31": "13.18%", "2013-12-31": "13.41%", "2013-09-30": "13.26%", "2013-06-30": "12.97%", "2013-03-31": "14.31%", "2012-12-31": "13.50%", "2012-09-30": "13.67%", "2012-06-30": "16.45%", "2012-03-31": "15.19%", "2011-12-31": "16.16%", "2011-09-30": "15.99%", "2011-06-30": "15.25%", "2011-03-31": "14.93%", "2010-12-31": "14.59%", "2010-09-30": "14.76%", "2010-06-30": "15.38%", "2010-03-31": "13.60%", "2009-12-31": "13.04%", "2009-09-30": "10.13%", "2009-06-30": "9.78%", "2009-03-31": "11.66%", "2008-12-31": "11.92%", "2008-09-30": "14.20%", "2008-06-30": "15.24%", "2008-03-31": "15.12%", "2007-12-31": "14.95%", "2007-09-30": "14.53%", "2007-06-30": "13.53%", "2007-03-31": "13.20%", "2006-12-31": "13.10%", "2006-09-30": "12.87%", "2006-06-30": "13.15%", "2006-03-31": "13.11%", "2005-12-31": "13.06%"}, "net profit margin": {"2020-12-31": "21.10%", "2020-09-30": "21.32%", "2020-06-30": "21.59%", "2020-03-31": "21.66%", "2019-12-31": "21.09%", "2019-09-30": "19.73%", "2019-06-30": "19.14%", "2019-03-31": "18.91%", "2018-12-31": "18.92%", "2018-09-30": "16.77%", "2018-06-30": "17.14%", "2018-03-31": "13.13%", "2017-12-31": "33.51%", "2017-09-30": "36.65%", "2017-06-30": "36.89%", "2017-03-31": "41.05%", "2016-12-31": "7.55%", "2016-09-30": "8.42%", "2016-06-30": "9.82%", "2016-03-31": "8.55%", "2015-12-31": "18.49%", "2015-09-30": "16.35%", "2015-06-30": "10.25%", "2015-03-31": "10.04%", "2014-12-31": "9.82%", "2014-09-30": "9.50%", "2014-06-30": "9.90%", "2014-03-31": "9.73%", "2013-12-31": "9.89%", "2013-09-30": "9.75%", "2013-06-30": "9.76%", "2013-03-31": "11.93%", "2012-12-31": "12.16%", "2012-09-30": "12.15%", "2012-06-30": "14.38%", "2012-03-31": "12.53%", "2011-12-31": "12.54%", "2011-09-30": "12.66%", "2011-06-30": "12.73%", "2011-03-31": "12.22%", "2010-12-31": "11.84%", "2010-09-30": "11.94%", "2010-06-30": "11.37%", "2010-03-31": "10.10%", "2009-12-31": "9.90%", "2009-09-30": "7.66%", "2009-06-30": "7.35%", "2009-03-31": "6.31%", "2008-12-31": "7.01%", "2008-09-30": "8.74%", "2008-06-30": "9.54%", "2008-03-31": "12.13%", "2007-12-31": "11.52%", "2007-09-30": "11.32%", "2007-06-30": "10.40%", "2007-03-31": "9.70%", "2006-12-31": "9.49%", "2006-09-30": "9.17%", "2006-06-30": "9.57%", "2006-03-31": "9.53%", "2005-12-31": "9.43%"}, "pe ratio": {"current": "30.28", "2021-02-05": "39.87", "2020-12-31": "43.03", "2020-09-30": "34.91", "2020-06-30": "27.91", "2020-03-31": "22.45", "2019-12-31": "27.02", "2019-09-30": "27.21", "2019-06-30": "28.41", "2019-03-31": "24.00", "2018-12-31": "20.02", "2018-09-30": "23.57", "2018-06-30": "21.57", "2018-03-31": "29.01", "2017-12-31": "11.86", "2017-09-30": "10.27", "2017-06-30": "9.95", "2017-03-31": "8.62", "2016-12-31": "50.80", "2016-09-30": "43.52", "2016-06-30": "44.51", "2016-03-31": "46.97", "2015-12-31": "17.78", "2015-09-30": "17.82", "2015-06-30": "23.37", "2015-03-31": "25.74", "2014-12-31": "24.46", "2014-09-30": "22.68", "2014-06-30": "21.53", "2014-03-31": "20.23", "2013-12-31": "18.63", "2013-09-30": "17.80", "2013-06-30": "15.16", "2013-03-31": "12.02", "2012-12-31": "11.49", "2012-09-30": "11.54", "2012-06-30": "9.65", "2012-03-31": "12.38", "2011-12-31": "11.39", "2011-09-30": "10.01", "2011-06-30": "13.04", "2011-03-31": "13.03", "2010-12-31": "13.68", "2010-09-30": "12.57", "2010-06-30": "10.04", "2010-03-31": "13.19", "2009-12-31": "15.09", "2009-09-30": "18.45", "2009-06-30": "14.87", "2009-03-31": "13.82", "2008-12-31": "10.53", "2008-09-30": "11.24", "2008-06-30": "15.74", "2008-03-31": "11.90", "2007-12-31": "13.78", "2007-09-30": "14.07", "2007-06-30": "13.71", "2007-03-31": "13.84", "2006-12-31": "13.58"}, "price sales": {"2021-02-05": "6.27", "2020-12-31": "6.77", "2020-09-30": "7.44", "2020-06-30": "6.02", "2020-03-31": "4.86", "2019-12-31": "5.70", "2019-09-30": "5.37", "2019-06-30": "5.43", "2019-03-31": "4.54", "2018-12-31": "3.79", "2018-09-30": "3.96", "2018-06-30": "3.70", "2018-03-31": "3.81", "2017-12-31": "3.97", "2017-09-30": "3.76", "2017-06-30": "3.67", "2017-03-31": "3.54", "2016-12-31": "3.82", "2016-09-30": "3.66", "2016-06-30": "4.36", "2016-03-31": "4.01", "2015-12-31": "3.28", "2015-09-30": "2.91", "2015-06-30": "2.39", "2015-03-31": "2.58", "2014-12-31": "2.40", "2014-09-30": "2.15", "2014-06-30": "2.13", "2014-03-31": "1.96", "2013-12-31": "1.84", "2013-09-30": "1.74", "2013-06-30": "1.49", "2013-03-31": "1.44", "2012-12-31": "1.40", "2012-09-30": "1.40", "2012-06-30": "1.39", "2012-03-31": "1.55", "2011-12-31": "1.43", "2011-09-30": "1.27", "2011-06-30": "1.66", "2011-03-31": "1.59", "2010-12-31": "1.62", "2010-09-30": "1.50", "2010-06-30": "1.14", "2010-03-31": "1.33", "2009-12-31": "1.49", "2009-09-30": "1.40", "2009-06-30": "1.09", "2009-03-31": "0.87", "2008-12-31": "0.74", "2008-09-30": "0.98", "2008-06-30": "1.50", "2008-03-31": "1.44", "2007-12-31": "1.59", "2007-09-30": "1.59", "2007-06-30": "1.43", "2007-03-31": "1.35", "2006-12-31": "1.29"}, "price book": {"current": "4.28", "2021-02-05": "0.43", "2020-12-31": "0.46", "2020-09-30": "0.53", "2020-06-30": "4.39", "2020-03-31": "3.70", "2019-12-31": "4.25", "2019-09-30": "4.18", "2019-06-30": "4.12", "2019-03-31": "3.52", "2018-12-31": "3.01", "2018-09-30": "3.14", "2018-06-30": "3.01", "2018-03-31": "3.08", "2017-12-31": "3.27", "2017-09-30": "3.01", "2017-06-30": "3.04", "2017-03-31": "2.88", "2016-12-31": "3.94", "2016-09-30": "3.79", "2016-06-30": "3.58", "2016-03-31": "3.67", "2015-12-31": "3.09", "2015-09-30": "3.06", "2015-06-30": "3.11", "2015-03-31": "3.53", "2014-12-31": "3.32", "2014-09-30": "2.97", "2014-06-30": "2.78", "2014-03-31": "2.66", "2013-12-31": "2.51", "2013-09-30": "2.45", "2013-06-30": "2.23", "2013-03-31": "2.15", "2012-12-31": "2.07", "2012-09-30": "2.02", "2012-06-30": "1.94", "2012-03-31": "2.27", "2011-12-31": "2.20", "2011-09-30": "1.99", "2011-06-30": "2.33", "2011-03-31": "2.32", "2010-12-31": "2.37", "2010-09-30": "2.24", "2010-06-30": "1.83", "2010-03-31": "2.06", "2009-12-31": "2.34", "2009-09-30": "2.33", "2009-06-30": "1.92", "2009-03-31": "1.76", "2008-12-31": "1.53", "2008-09-30": "1.94", "2008-06-30": "2.54", "2008-03-31": "2.36", "2007-12-31": "2.53", "2007-09-30": "2.56", "2007-06-30": "2.12", "2007-03-31": "2.01", "2006-12-31": "1.96", "2006-09-30": "1.92", "2006-06-30": "1.83", "2006-03-31": "1.96"}, "price fcf": {"2021-02-05": "", "2020-12-31": "$3.21", "2020-09-30": "$3.76", "2020-06-30": "$2.10", "2020-03-31": "$4.69", "2019-12-31": "$4.38", "2019-09-30": "$4.47", "2019-06-30": "$3.52", "2019-03-31": "$3.55", "2018-12-31": "$4.37", "2018-09-30": "$4.65", "2018-06-30": "$6.57", "2018-03-31": "$7.98", "2017-12-31": "$6.81", "2017-09-30": "$6.97", "2017-06-30": "$6.20", "2017-03-31": "$5.86", "2016-12-31": "$7.15", "2016-09-30": "$6.39", "2016-06-30": "$4.88", "2016-03-31": "$4.72", "2015-12-31": "$4.95", "2015-09-30": "$4.33", "2015-06-30": "$5.83", "2015-03-31": "$4.67", "2014-12-31": "$3.51", "2014-09-30": "$4.06", "2014-06-30": "$2.21", "2014-03-31": "$1.96", "2013-12-31": "$1.49", "2013-09-30": "$0.38", "2013-06-30": "$0.77", "2013-03-31": "$0.85", "2012-12-31": "$0.59", "2012-09-30": "$1.38", "2012-06-30": "$1.61", "2012-03-31": "$1.96", "2011-12-31": "$2.37", "2011-09-30": "$2.22", "2011-06-30": "$2.14", "2011-03-31": "$2.61", "2010-12-31": "$3.19", "2010-09-30": "$2.53", "2010-06-30": "$2.42", "2010-03-31": "$1.82", "2009-12-31": "$0.95", "2009-09-30": "$0.98", "2009-06-30": "$1.05", "2009-03-31": "$1.53", "2008-12-31": "$1.88", "2008-09-30": "$2.71", "2008-06-30": "$3.69", "2008-03-31": "$3.56", "2007-12-31": "$3.41", "2007-09-30": "$2.62", "2007-06-30": "$1.98", "2007-03-31": "$1.47", "2006-12-31": "$1.24"}, "net worth": {"value": "$55.96B"}, "current ratio": {"current": "2.95", "2020-12-31": "2.95", "2020-09-30": "3.59", "2020-06-30": "3.48", "2020-03-31": "2.60", "2019-12-31": "2.60", "2019-09-30": "2.54", "2019-06-30": "2.28", "2019-03-31": "2.36", "2018-12-31": "2.21", "2018-09-30": "2.17", "2018-06-30": "2.40", "2018-03-31": "3.08", "2017-12-31": "2.92", "2017-09-30": "2.36", "2017-06-30": "2.20", "2017-03-31": "2.03", "2016-12-31": "1.21", "2016-09-30": "1.32", "2016-06-30": "0.92", "2016-03-31": "0.79", "2015-12-31": "0.78", "2015-09-30": "0.77", "2015-06-30": "1.06", "2015-03-31": "1.01", "2014-12-31": "1.05", "2014-09-30": "1.11", "2014-06-30": "1.06", "2014-03-31": "1.06", "2013-12-31": "1.06", "2013-09-30": "1.07", "2013-06-30": "1.04", "2013-03-31": "1.05", "2012-12-31": "1.20", "2012-09-30": "1.27", "2012-06-30": "1.42", "2012-03-31": "1.32", "2011-12-31": "1.36", "2011-09-30": "1.36", "2011-06-30": "1.56", "2011-03-31": "1.35", "2010-12-31": "1.48", "2010-09-30": "1.35", "2010-06-30": "1.27", "2010-03-31": "1.20", "2009-12-31": "1.30", "2009-09-30": "1.20", "2009-06-30": "1.43", "2009-03-31": "1.30", "2008-12-31": "1.28", "2008-09-30": "1.29", "2008-06-30": "1.47", "2008-03-31": "1.22", "2007-12-31": "1.29", "2007-09-30": "1.18", "2007-06-30": "1.11", "2007-03-31": "1.29", "2006-12-31": "1.10", "2006-09-30": "1.12", "2006-06-30": "1.27", "2006-03-31": "1.35", "2005-12-31": "1.42", "2005-09-30": "1.24", "2005-06-30": "1.34", "2005-03-31": "1.50"}, "quick ratio": {"2020-12-31": "2.81", "2020-09-30": "3.43", "2020-06-30": "3.32", "2020-03-31": "2.37", "2019-12-31": "2.37", "2019-09-30": "2.32", "2019-06-30": "2.09", "2019-03-31": "2.16", "2018-12-31": "2.04", "2018-09-30": "2.00", "2018-06-30": "2.24", "2018-03-31": "2.89", "2017-12-31": "2.73", "2017-09-30": "2.23", "2017-06-30": "2.08", "2017-03-31": "1.91", "2016-12-31": "1.10", "2016-09-30": "1.24", "2016-06-30": "0.76", "2016-03-31": "0.62", "2015-12-31": "0.59", "2015-09-30": "0.59", "2015-06-30": "0.83", "2015-03-31": "0.79", "2014-12-31": "0.81", "2014-09-30": "0.87", "2014-06-30": "0.84", "2014-03-31": "0.85", "2013-12-31": "0.84", "2013-09-30": "0.85", "2013-06-30": "0.83", "2013-03-31": "0.82", "2012-12-31": "0.95", "2012-09-30": "0.98", "2012-06-30": "1.09", "2012-03-31": "1.04", "2011-12-31": "1.06", "2011-09-30": "1.08", "2011-06-30": "1.25", "2011-03-31": "1.08", "2010-12-31": "1.18", "2010-09-30": "1.10", "2010-06-30": "1.06", "2010-03-31": "0.99", "2009-12-31": "1.05", "2009-09-30": "0.99", "2009-06-30": "1.16", "2009-03-31": "1.05", "2008-12-31": "1.04", "2008-09-30": "1.06", "2008-06-30": "1.22", "2008-03-31": "1.00", "2007-12-31": "1.06", "2007-09-30": "0.98", "2007-06-30": "0.91", "2007-03-31": "1.05", "2006-12-31": "0.88", "2006-09-30": "0.91", "2006-06-30": "0.99", "2006-03-31": "1.05", "2005-12-31": "1.11", "2005-09-30": "1.01", "2005-06-30": "1.05", "2005-03-31": "1.22"}, "debt equity ratio": {"current": "0.54", "2020-12-31": "1.00", "2020-09-30": "1.02", "2020-06-30": "1.06", "2020-03-31": "0.66", "2019-12-31": "0.65", "2019-09-30": "0.66", "2019-06-30": "0.67", "2019-03-31": "0.67", "2018-12-31": "0.71", "2018-09-30": "0.72", "2018-06-30": "0.78", "2018-03-31": "0.73", "2017-12-31": "0.76", "2017-09-30": "0.81", "2017-06-30": "0.88", "2017-03-31": "0.90", "2016-12-31": "1.20", "2016-09-30": "1.50", "2016-06-30": "1.38", "2016-03-31": "1.38", "2015-12-31": "1.30", "2015-09-30": "1.35", "2015-06-30": "1.29", "2015-03-31": "1.34", "2014-12-31": "1.35", "2014-09-30": "1.36", "2014-06-30": "1.33", "2014-03-31": "1.39", "2013-12-31": "1.41", "2013-09-30": "1.48", "2013-06-30": "1.61", "2013-03-31": "1.64", "2012-12-31": "1.70", "2012-09-30": "1.56", "2012-06-30": "1.24", "2012-03-31": "1.33", "2011-12-31": "1.38", "2011-09-30": "1.41", "2011-06-30": "1.26", "2011-03-31": "1.30", "2010-12-31": "1.25", "2010-09-30": "1.37", "2010-06-30": "1.42", "2010-03-31": "1.43", "2009-12-31": "1.49", "2009-09-30": "1.64", "2009-06-30": "1.48", "2009-03-31": "1.56", "2008-12-31": "1.59", "2008-09-30": "1.50", "2008-06-30": "1.35", "2008-03-31": "1.40", "2007-12-31": "1.32", "2007-09-30": "1.30", "2007-06-30": "1.30", "2007-03-31": "1.25", "2006-12-31": "1.25", "2006-09-30": "1.27", "2006-06-30": "1.24", "2006-03-31": "1.22", "2005-12-31": "1.26", "2005-09-30": "1.29", "2005-06-30": "1.23", "2005-03-31": "1.18"}, "return on equity": {"2020-12-31": "15.38%", "2020-09-30": "15.69%", "2020-06-30": "16.18%", "2020-03-31": "16.63%", "2019-12-31": "16.22%", "2019-09-30": "15.36%", "2019-06-30": "15.00%", "2019-03-31": "15.18%", "2018-12-31": "15.41%", "2018-09-30": "13.93%", "2018-06-30": "14.42%", "2018-03-31": "11.22%", "2017-12-31": "28.97%", "2017-09-30": "33.00%", "2017-06-30": "35.04%", "2017-03-31": "40.82%", "2016-12-31": "7.91%", "2016-09-30": "8.73%", "2016-06-30": "8.01%", "2016-03-31": "7.48%", "2015-12-31": "17.52%", "2015-09-30": "17.00%", "2015-06-30": "13.73%", "2015-03-31": "13.61%", "2014-12-31": "13.51%", "2014-09-30": "13.08%", "2014-06-30": "13.66%", "2014-03-31": "13.86%", "2013-12-31": "14.44%", "2013-09-30": "14.79%", "2013-06-30": "15.14%", "2013-03-31": "18.17%", "2012-12-31": "18.34%", "2012-09-30": "18.15%", "2012-06-30": "21.62%", "2012-03-31": "19.29%", "2011-12-31": "19.74%", "2011-09-30": "20.15%", "2011-06-30": "19.48%", "2011-03-31": "19.06%", "2010-12-31": "18.62%", "2010-09-30": "18.99%", "2010-06-30": "19.15%", "2010-03-31": "16.83%", "2009-12-31": "16.57%", "2009-09-30": "13.15%", "2009-06-30": "13.46%", "2009-03-31": "12.16%", "2008-12-31": "13.72%", "2008-09-30": "16.75%", "2008-06-30": "16.96%", "2008-03-31": "20.94%", "2007-12-31": "19.60%", "2007-09-30": "19.42%", "2007-06-30": "16.78%", "2007-03-31": "15.64%", "2006-12-31": "15.40%", "2006-09-30": "14.72%", "2006-06-30": "16.07%", "2006-03-31": "16.03%", "2005-12-31": "15.46%"}, "return on assets": {"2020-12-31": "7.93%", "2020-09-30": "8.48%", "2020-06-30": "9.19%", "2020-03-31": "10.02%", "2019-12-31": "9.76%", "2019-09-30": "9.16%", "2019-06-30": "8.87%", "2019-03-31": "8.84%", "2018-12-31": "8.90%", "2018-09-30": "7.98%", "2018-06-30": "8.14%", "2018-03-31": "6.25%", "2017-12-31": "15.78%", "2017-09-30": "17.11%", "2017-06-30": "16.79%", "2017-03-31": "18.40%", "2016-12-31": "3.35%", "2016-09-30": "3.65%", "2016-06-30": "3.40%", "2016-03-31": "3.21%", "2015-12-31": "7.56%", "2015-09-30": "7.29%", "2015-06-30": "5.88%", "2015-03-31": "5.80%", "2014-12-31": "5.73%", "2014-09-30": "5.51%", "2014-06-30": "5.69%", "2014-03-31": "5.61%", "2013-12-31": "5.70%", "2013-09-30": "5.68%", "2013-06-30": "5.76%", "2013-03-31": "7.18%", "2012-12-31": "7.47%", "2012-09-30": "7.64%", "2012-06-30": "9.26%", "2012-03-31": "8.24%", "2011-12-31": "8.46%", "2011-09-30": "8.75%", "2011-06-30": "8.49%", "2011-03-31": "8.17%", "2010-12-31": "7.88%", "2010-09-30": "7.83%", "2010-06-30": "7.69%", "2010-03-31": "6.71%", "2009-12-31": "6.51%", "2009-09-30": "5.12%", "2009-06-30": "5.31%", "2009-03-31": "4.88%", "2008-12-31": "5.59%", "2008-09-30": "7.01%", "2008-06-30": "7.24%", "2008-03-31": "8.98%", "2007-12-31": "8.54%", "2007-09-30": "8.53%", "2007-06-30": "7.39%", "2007-03-31": "6.94%", "2006-12-31": "6.86%", "2006-09-30": "6.55%", "2006-06-30": "7.14%", "2006-03-31": "7.13%", "2005-12-31": "6.91%"}, "return on investments": {"2020-12-31": "11.91%", "2020-09-30": "12.89%", "2020-06-30": "14.21%", "2020-03-31": "15.46%", "2019-12-31": "15.10%", "2019-09-30": "14.56%", "2019-06-30": "14.11%", "2019-03-31": "13.84%", "2018-12-31": "13.57%", "2018-09-30": "13.80%", "2018-06-30": "13.48%", "2018-03-31": "12.01%", "2017-12-31": "11.89%", "2017-09-30": "11.58%", "2017-06-30": "11.67%", "2017-03-31": "13.32%", "2016-12-31": "13.74%", "2016-09-30": "13.89%", "2016-06-30": "10.27%", "2016-03-31": "10.24%", "2015-12-31": "9.99%", "2015-09-30": "10.28%", "2015-06-30": "11.32%", "2015-03-31": "11.14%", "2014-12-31": "11.09%", "2014-09-30": "10.69%", "2014-06-30": "10.91%", "2014-03-31": "10.98%", "2013-12-31": "11.34%", "2013-09-30": "11.43%", "2013-06-30": "11.51%", "2013-03-31": "12.65%", "2012-12-31": "11.96%", "2012-09-30": "12.25%", "2012-06-30": "14.71%", "2012-03-31": "13.77%", "2011-12-31": "15.03%", "2011-09-30": "15.23%", "2011-06-30": "14.20%", "2011-03-31": "14.30%", "2010-12-31": "14.04%", "2010-09-30": "14.14%", "2010-06-30": "15.36%", "2010-03-31": "13.19%", "2009-12-31": "12.55%", "2009-09-30": "10.03%", "2009-06-30": "10.59%", "2009-03-31": "13.35%", "2008-12-31": "13.96%", "2008-09-30": "16.64%", "2008-06-30": "16.95%", "2008-03-31": "16.96%", "2007-12-31": "17.08%", "2007-09-30": "17.13%", "2007-06-30": "15.46%", "2007-03-31": "15.05%", "2006-12-31": "15.04%", "2006-09-30": "14.41%", "2006-06-30": "15.06%", "2006-03-31": "15.06%", "2005-12-31": "14.77%"}, "return on tangible equity": {"2020-12-31": "17.13%", "2020-09-30": "17.47%", "2020-06-30": "18.02%", "2020-03-31": "18.57%", "2019-12-31": "18.15%", "2019-09-30": "17.21%", "2019-06-30": "16.81%", "2019-03-31": "17.05%", "2018-12-31": "17.36%", "2018-09-30": "15.75%", "2018-06-30": "16.28%", "2018-03-31": "12.66%", "2017-12-31": "32.78%", "2017-09-30": "37.72%", "2017-06-30": "40.77%", "2017-03-31": "49.12%", "2016-12-31": "9.87%", "2016-09-30": "11.07%", "2016-06-30": "10.32%", "2016-03-31": "9.63%", "2015-12-31": "22.50%", "2015-09-30": "22.00%", "2015-06-30": "17.91%", "2015-03-31": "18.18%", "2014-12-31": "18.50%", "2014-09-30": "18.40%", "2014-06-30": "19.78%", "2014-03-31": "20.49%", "2013-12-31": "21.79%", "2013-09-30": "22.75%", "2013-06-30": "23.56%", "2013-03-31": "26.64%", "2012-12-31": "25.21%", "2012-09-30": "23.53%", "2012-06-30": "26.45%", "2012-03-31": "23.63%", "2011-12-31": "24.43%", "2011-09-30": "25.04%", "2011-06-30": "24.44%", "2011-03-31": "23.98%", "2010-12-31": "23.56%", "2010-09-30": "24.23%", "2010-06-30": "24.66%", "2010-03-31": "21.83%", "2009-12-31": "21.48%", "2009-09-30": "17.10%", "2009-06-30": "17.51%", "2009-03-31": "15.85%", "2008-12-31": "18.29%", "2008-09-30": "22.60%", "2008-06-30": "22.64%", "2008-03-31": "28.23%", "2007-12-31": "25.78%", "2007-09-30": "25.11%", "2007-06-30": "21.77%", "2007-03-31": "20.06%", "2006-12-31": "19.81%", "2006-09-30": "18.91%", "2006-06-30": "20.59%", "2006-03-31": "20.47%", "2005-12-31": "19.65%"}, "dividend yield history": {"last payout": "$5.36", "last yield": "2.12%"}}