{"ticker": "AIZ", "price": {"title": "Assurant Historical Annual Stock Price Data", "value": 130.48, "historical": {"2020": {"Average Stock Price": "117.7732", "Year Open": "132.3600", "Year High": "142.5200", "Year Low": "80.4100", "Year Close": "136.2200", "Annual % Change": "3.92%"}, "2019": {"Average Stock Price": "110.9650", "Year Open": "90.1000", "Year High": "133.5500", "Year Low": "88.6600", "Year Close": "131.0800", "Annual % Change": "46.56%"}, "2018": {"Average Stock Price": "97.3225", "Year Open": "99.2300", "Year High": "110.3000", "Year Low": "82.6500", "Year Close": "89.4400", "Annual % Change": "-11.31%"}, "2017": {"Average Stock Price": "98.7700", "Year Open": "94.1200", "Year High": "106.2700", "Year Low": "87.7400", "Year Close": "100.8400", "Annual % Change": "8.59%"}, "2016": {"Average Stock Price": "83.7579", "Year Open": "78.5200", "Year High": "93.7400", "Year Low": "66.2300", "Year Close": "92.8600", "Annual % Change": "15.30%"}, "2015": {"Average Stock Price": "71.3531", "Year Open": "67.7700", "Year High": "86.8100", "Year Low": "59.8600", "Year Close": "80.5400", "Annual % Change": "17.70%"}, "2014": {"Average Stock Price": "66.0915", "Year Open": "65.3200", "Year High": "69.5200", "Year Low": "60.8100", "Year Close": "68.4300", "Annual % Change": "3.10%"}, "2013": {"Average Stock Price": "51.1752", "Year Open": "35.4800", "Year High": "66.3700", "Year Low": "35.1700", "Year Close": "66.3700", "Annual % Change": "91.27%"}, "2012": {"Average Stock Price": "37.4811", "Year Open": "41.4700", "Year High": "44.3900", "Year Low": "32.5700", "Year Close": "34.7000", "Annual % Change": "-15.49%"}, "2011": {"Average Stock Price": "37.2842", "Year Open": "38.6400", "Year High": "41.7100", "Year Low": "31.2300", "Year Close": "41.0600", "Annual % Change": "6.59%"}, "2010": {"Average Stock Price": "35.8514", "Year Open": "30.1600", "Year High": "41.6800", "Year Low": "29.7600", "Year Close": "38.5200", "Annual % Change": "30.66%"}, "2009": {"Average Stock Price": "26.7837", "Year Open": "30.2400", "Year High": "33.0400", "Year Low": "16.9500", "Year Close": "29.4800", "Annual % Change": "-1.73%"}, "2008": {"Average Stock Price": "54.2721", "Year Open": "65.7000", "Year High": "70.2800", "Year Low": "12.7700", "Year Close": "30.0000", "Annual % Change": "-55.16%"}, "2007": {"Average Stock Price": "57.0897", "Year Open": "55.8400", "Year High": "69.7400", "Year Low": "47.5000", "Year Close": "66.9000", "Annual % Change": "21.09%"}, "2006": {"Average Stock Price": "49.7594", "Year Open": "44.0700", "Year High": "56.4700", "Year Low": "43.2300", "Year Close": "55.2500", "Annual % Change": "27.04%"}, "2005": {"Average Stock Price": "36.4051", "Year Open": "30.7000", "Year High": "44.5000", "Year Low": "29.8500", "Year Close": "43.4900", "Annual % Change": "42.36%"}, "2004": {"Average Stock Price": "26.2077", "Year Open": "24.7000", "Year High": "31.0000", "Year Low": "23.7000", "Year Close": "30.5500", "Annual % Change": "0.00%"}}}, "market cap": {"value": "$8B"}, "income statement": {"Revenue": {"2019-12-31": "10086.80000", "2018-12-31": "8057.60000", "2017-12-31": "6415.00000", "2016-12-31": "7531.80000", "2015-12-31": "10325.50000", "2014-12-31": "10381.65000", "2013-12-31": "9047.65700", "2012-12-31": "8508.27000", "2011-12-31": "8272.80400", "2010-12-31": "8527.72200", "2009-12-31": "8700.50100", "2008-12-31": "8601.22800", "2007-12-31": "8453.51500", "2006-12-31": "8070.58400", "2005-12-31": "7497.67500"}, "Cost Of Goods Sold": {"2019-12-31": "2654.70000", "2018-12-31": "2342.60000", "2017-12-31": "1870.60000", "2016-12-31": "1808.50000", "2015-12-31": "4742.50000", "2014-12-31": "4405.33300", "2013-12-31": "3675.53200", "2012-12-31": "3655.40400", "2011-12-31": "3749.73400", "2010-12-31": "3635.99900", "2009-12-31": "3867.98200", "2008-12-31": "4019.14700", "2007-12-31": "3712.71100", "2006-12-31": "3535.52100", "2005-12-31": "3705.90400"}, "Gross Profit": {"2019-12-31": "7432.10000", "2018-12-31": "5715.00000", "2017-12-31": "4544.40000", "2016-12-31": "5723.30000", "2015-12-31": "5583.00000", "2014-12-31": "5976.32000", "2013-12-31": "5372.12500", "2012-12-31": "4852.86500", "2011-12-31": "4523.07000", "2010-12-31": "4891.72300", "2009-12-31": "4832.51900", "2008-12-31": "4582.08100", "2007-12-31": "4740.80400", "2006-12-31": "4535.06300", "2005-12-31": "3791.77100"}, "Research And Development Expenses": {"2019-12-31": "", "2018-12-31": "", "2017-12-31": "", "2016-12-31": "", "2015-12-31": "", "2014-12-31": "", "2013-12-31": "", "2012-12-31": "", "2011-12-31": "", "2010-12-31": "", "2009-12-31": "", "2008-12-31": "", "2007-12-31": "", "2006-12-31": "", "2005-12-31": ""}, "SG&A Expenses": {"2019-12-31": "6572.60000", "2018-12-31": "5281.20000", "2017-12-31": "4050.40000", "2016-12-31": "4794.10000", "2015-12-31": "5326.70000", "2014-12-31": "5173.78800", "2013-12-31": "4504.69100", "2012-12-31": "4034.80900", "2011-12-31": "3756.58300", "2010-12-31": "3918.19100", "2009-12-31": "3979.24400", "2008-12-31": "3957.85000", "2007-12-31": "3668.58600", "2006-12-31": "3378.07800", "2005-12-31": "3074.90500"}, "Other Operating Income Or Expenses": {"2019-12-31": "-31.40000", "2018-12-31": "", "2017-12-31": "", "2016-12-31": "-23.00000", "2015-12-31": "", "2014-12-31": "", "2013-12-31": "", "2012-12-31": "", "2011-12-31": "", "2010-12-31": "", "2009-12-31": "", "2008-12-31": "", "2007-12-31": "", "2006-12-31": "", "2005-12-31": ""}, "Operating Expenses": {"2019-12-31": "9369.30100", "2018-12-31": "7724.10000", "2017-12-31": "5970.50000", "2016-12-31": "6683.20000", "2015-12-31": "10124.30000", "2014-12-31": "9637.51600", "2013-12-31": "8257.95800", "2012-12-31": "7750.52000", "2011-12-31": "7566.67700", "2010-12-31": "7921.21700", "2009-12-31": "7990.89500", "2008-12-31": "8037.95000", "2007-12-31": "7442.47500", "2006-12-31": "6974.84200", "2005-12-31": "6842.06700"}, "Operating Income": {"2019-12-31": "717.49900", "2018-12-31": "333.50000", "2017-12-31": "444.50000", "2016-12-31": "848.59960", "2015-12-31": "201.19920", "2014-12-31": "744.13770", "2013-12-31": "789.69920", "2012-12-31": "757.75000", "2011-12-31": "706.12700", "2010-12-31": "606.50490", "2009-12-31": "709.60640", "2008-12-31": "563.27730", "2007-12-31": "1011.04000", "2006-12-31": "1095.74200", "2005-12-31": "655.60740"}, "Total Non-Operating Income/Expense": {"2019-12-31": "-163.00000", "2018-12-31": "", "2017-12-31": "", "2016-12-31": "", "2015-12-31": "", "2014-12-31": "", "2013-12-31": "", "2012-12-31": "", "2011-12-31": "", "2010-12-31": "", "2009-12-31": "", "2008-12-31": "", "2007-12-31": "", "2006-12-31": "", "2005-12-31": ""}, "Pre-Tax Income": {"2019-12-31": "554.50000", "2018-12-31": "333.50000", "2017-12-31": "444.50000", "2016-12-31": "848.60000", "2015-12-31": "201.20000", "2014-12-31": "744.13700", "2013-12-31": "789.69900", "2012-12-31": "757.75100", "2011-12-31": "706.12700", "2010-12-31": "606.50500", "2009-12-31": "709.60600", "2008-12-31": "563.27800", "2007-12-31": "1011.04000", "2006-12-31": "1095.74200", "2005-12-31": "655.60800"}, "Income Taxes": {"2019-12-31": "167.70000", "2018-12-31": "80.90000", "2017-12-31": "-75.10000", "2016-12-31": "283.20000", "2015-12-31": "59.60000", "2014-12-31": "273.23000", "2013-12-31": "300.79200", "2012-12-31": "274.04600", "2011-12-31": "167.17100", "2010-12-31": "327.89800", "2009-12-31": "279.03200", "2008-12-31": "115.48200", "2007-12-31": "357.29400", "2006-12-31": "379.87100", "2005-12-31": "176.25300"}, "Income After Taxes": {"2019-12-31": "386.80000", "2018-12-31": "252.60000", "2017-12-31": "519.60000", "2016-12-31": "565.40000", "2015-12-31": "141.60000", "2014-12-31": "470.90700", "2013-12-31": "488.90700", "2012-12-31": "483.70500", "2011-12-31": "538.95600", "2010-12-31": "278.60700", "2009-12-31": "430.57400", "2008-12-31": "447.79600", "2007-12-31": "653.74600", "2006-12-31": "715.87100", "2005-12-31": "479.35500"}, "Other Income": {"2019-12-31": "", "2018-12-31": "", "2017-12-31": "", "2016-12-31": "", "2015-12-31": "", "2014-12-31": "", "2013-12-31": "", "2012-12-31": "", "2011-12-31": "", "2010-12-31": "", "2009-12-31": "", "2008-12-31": "", "2007-12-31": "", "2006-12-31": "", "2005-12-31": ""}, "Income From Continuous Operations": {"2019-12-31": "386.80000", "2018-12-31": "252.60000", "2017-12-31": "519.60000", "2016-12-31": "565.40000", "2015-12-31": "141.60000", "2014-12-31": "470.90700", "2013-12-31": "488.90700", "2012-12-31": "483.70500", "2011-12-31": "538.95600", "2010-12-31": "278.60700", "2009-12-31": "430.57400", "2008-12-31": "447.79600", "2007-12-31": "653.74600", "2006-12-31": "715.87100", "2005-12-31": "479.35500"}, "Income From Discontinued Operations": {"2019-12-31": "", "2018-12-31": "", "2017-12-31": "", "2016-12-31": "", "2015-12-31": "", "2014-12-31": "", "2013-12-31": "", "2012-12-31": "", "2011-12-31": "", "2010-12-31": "", "2009-12-31": "", "2008-12-31": "", "2007-12-31": "", "2006-12-31": "", "2005-12-31": ""}, "Net Income": {"2019-12-31": "363.90000", "2018-12-31": "236.80000", "2017-12-31": "519.60000", "2016-12-31": "565.40000", "2015-12-31": "141.60000", "2014-12-31": "470.90700", "2013-12-31": "488.90700", "2012-12-31": "483.70500", "2011-12-31": "538.95600", "2010-12-31": "278.60700", "2009-12-31": "430.57400", "2008-12-31": "447.79600", "2007-12-31": "653.74600", "2006-12-31": "717.41800", "2005-12-31": "479.35500"}, "EBITDA": {"2019-12-31": "939.59900", "2018-12-31": "503.80000", "2017-12-31": "505.80000", "2016-12-31": "636.79960", "2015-12-31": "380.39920", "2014-12-31": "936.25570", "2013-12-31": "975.97520", "2012-12-31": "924.03000", "2011-12-31": "875.41690", "2010-12-31": "783.34690", "2009-12-31": "861.61350", "2008-12-31": "686.42740", "2007-12-31": "1133.38500", "2006-12-31": "1212.98900", "2005-12-31": "757.52640"}, "EBIT": {"2019-12-31": "828.09900", "2018-12-31": "433.80000", "2017-12-31": "494.00000", "2016-12-31": "906.19960", "2015-12-31": "256.29920", "2014-12-31": "802.53270", "2013-12-31": "867.43420", "2012-12-31": "818.05600", "2011-12-31": "766.48690", "2010-12-31": "667.15090", "2009-12-31": "770.27550", "2008-12-31": "624.23030", "2007-12-31": "1072.21800", "2006-12-31": "1156.98500", "2005-12-31": "716.86540"}, "Basic Shares Outstanding": {"2019-12-31": "61.94300", "2018-12-31": "59.23960", "2017-12-31": "54.98670", "2016-12-31": "61.26100", "2015-12-31": "68.16400", "2014-12-31": "72.18100", "2013-12-31": "76.64900", "2012-12-31": "84.27600", "2011-12-31": "96.62600", "2010-12-31": "110.63300", "2009-12-31": "118.03700", "2008-12-31": "118.00600", "2007-12-31": "119.93500", "2006-12-31": "126.84700", "2005-12-31": "135.77300"}, "Shares Outstanding": {"2019-12-31": "62.31350", "2018-12-31": "59.54550", "2017-12-31": "55.31100", "2016-12-31": "61.93500", "2015-12-31": "69.01700", "2014-12-31": "73.15200", "2013-12-31": "77.65500", "2012-12-31": "85.30700", "2011-12-31": "97.79500", "2010-12-31": "111.47300", "2009-12-31": "118.49600", "2008-12-31": "118.97500", "2007-12-31": "121.56000", "2006-12-31": "128.81300", "2005-12-31": "136.94500"}, "Basic EPS": {"2019-12-31": "5.87000", "2018-12-31": "4.00000", "2017-12-31": "9.45000", "2016-12-31": "9.23000", "2015-12-31": "2.08000", "2014-12-31": "6.52000", "2013-12-31": "6.38000", "2012-12-31": "5.74000", "2011-12-31": "5.58000", "2010-12-31": "2.52000", "2009-12-31": "3.65000", "2008-12-31": "3.79000", "2007-12-31": "5.45000", "2006-12-31": "5.66000", "2005-12-31": "3.53000"}, "EPS - Earnings Per Share": {"2019-12-31": "5.84000", "2018-12-31": "3.98000", "2017-12-31": "9.39000", "2016-12-31": "9.13000", "2015-12-31": "2.05000", "2014-12-31": "6.44000", "2013-12-31": "6.30000", "2012-12-31": "5.67000", "2011-12-31": "5.51000", "2010-12-31": "2.50000", "2009-12-31": "3.63000", "2008-12-31": "3.76000", "2007-12-31": "5.38000", "2006-12-31": "5.57000", "2005-12-31": "3.50000"}}, "income statement, quarterly": {"Revenue": {"2020-09-30": "2502.50000", "2020-06-30": "2471.60000", "2020-03-31": "2565.60000", "2019-12-31": "2606.40000", "2019-09-30": "2499.30000", "2019-06-30": "2545.50000", "2019-03-31": "2435.60000", "2018-12-31": "2317.00000", "2018-09-30": "2270.30000", "2018-06-30": "1831.70000", "2018-03-31": "1638.60000", "2017-12-31": "1676.60000", "2017-09-30": "1586.40000", "2017-06-30": "1600.50000", "2017-03-31": "1551.50000", "2016-12-31": "1752.40000", "2016-09-30": "1834.10000", "2016-06-30": "1797.80000", "2016-03-31": "2147.50000", "2015-12-31": "2547.84000", "2015-09-30": "2534.15600", "2015-06-30": "2644.89400", "2015-03-31": "2598.61000", "2014-12-31": "2622.69200", "2014-09-30": "2702.48800", "2014-06-30": "2608.10100", "2014-03-31": "2448.37200", "2013-12-31": "2400.61800", "2013-09-30": "2258.65000", "2013-06-30": "2237.76600", "2013-03-31": "2150.62300", "2012-12-31": "2160.97500", "2012-09-30": "2145.08000", "2012-06-30": "2129.29000", "2012-03-31": "2072.92400", "2011-12-31": "2111.53100", "2011-09-30": "2061.71500", "2011-06-30": "2062.88700", "2011-03-31": "2036.67100", "2010-12-31": "2105.60100", "2010-09-30": "2113.97100", "2010-06-30": "2140.29400", "2010-03-31": "2167.85600", "2009-12-31": "2182.14200", "2009-09-30": "2156.87300", "2009-06-30": "2273.60900", "2009-03-31": "2087.87700", "2008-12-31": "2220.60800", "2008-09-30": "1954.53500", "2008-06-30": "2248.76000", "2008-03-31": "2177.32500", "2007-12-31": "2183.33300", "2007-09-30": "2148.19200", "2007-06-30": "2064.72700", "2007-03-31": "2057.26300", "2006-12-31": "2207.63300", "2006-09-30": "1984.07900", "2006-06-30": "1949.09000", "2006-03-31": "1929.78200", "2005-12-31": "1881.57700", "2005-09-30": "1879.44100", "2005-06-30": "1874.30300", "2005-03-31": "1862.35400"}, "Cost Of Goods Sold": {"2020-09-30": "709.60000", "2020-06-30": "592.10000", "2020-03-31": "607.20000", "2019-12-31": "647.80000", "2019-09-30": "705.20000", "2019-06-30": "687.00000", "2019-03-31": "614.70000", "2018-12-31": "756.50010", "2018-09-30": "680.90000", "2018-06-30": "490.60000", "2018-03-31": "414.60000", "2017-12-31": "413.99990", "2017-09-30": "682.20000", "2017-06-30": "416.40000", "2017-03-31": "358.00000", "2016-12-31": "428.70010", "2016-09-30": "435.20000", "2016-06-30": "400.80000", "2016-03-31": "543.80000", "2015-12-31": "1009.85400", "2015-09-30": "1254.20500", "2015-06-30": "1267.71400", "2015-03-31": "1210.72700", "2014-12-31": "1123.99500", "2014-09-30": "1123.69300", "2014-06-30": "1149.61300", "2014-03-31": "1008.03200", "2013-12-31": "967.38900", "2013-09-30": "933.83200", "2013-06-30": "916.95000", "2013-03-31": "857.36100", "2012-12-31": "1031.53900", "2012-09-30": "895.48000", "2012-06-30": "872.02700", "2012-03-31": "856.35800", "2011-12-31": "872.43070", "2011-09-30": "997.43100", "2011-06-30": "986.84400", "2011-03-31": "893.02800", "2010-12-31": "889.43420", "2010-09-30": "913.25300", "2010-06-30": "905.31600", "2010-03-31": "927.99600", "2009-12-31": "977.09300", "2009-09-30": "941.14500", "2009-06-30": "989.40200", "2009-03-31": "960.34200", "2008-12-31": "988.43210", "2008-09-30": "1095.04800", "2008-06-30": "998.20800", "2008-03-31": "937.45900", "2007-12-31": "985.59110", "2007-09-30": "935.54500", "2007-06-30": "902.05300", "2007-03-31": "889.52200", "2006-12-31": "883.32110", "2006-09-30": "888.31700", "2006-06-30": "874.20400", "2006-03-31": "889.67900", "2005-12-31": "867.77310", "2005-09-30": "970.59600", "2005-06-30": "924.01100", "2005-03-31": "943.52400"}, "Gross Profit": {"2020-09-30": "1792.90000", "2020-06-30": "1879.50000", "2020-03-31": "1958.40000", "2019-12-31": "1958.60000", "2019-09-30": "1794.10000", "2019-06-30": "1858.50000", "2019-03-31": "1820.90000", "2018-12-31": "1560.50000", "2018-09-30": "1589.40000", "2018-06-30": "1341.10000", "2018-03-31": "1224.00000", "2017-12-31": "1262.60000", "2017-09-30": "904.20000", "2017-06-30": "1184.10000", "2017-03-31": "1193.50000", "2016-12-31": "1323.70000", "2016-09-30": "1398.90000", "2016-06-30": "1397.00000", "2016-03-31": "1603.70000", "2015-12-31": "1537.98600", "2015-09-30": "1279.95100", "2015-06-30": "1377.18000", "2015-03-31": "1387.88300", "2014-12-31": "1498.69700", "2014-09-30": "1578.79500", "2014-06-30": "1458.48800", "2014-03-31": "1440.34000", "2013-12-31": "1433.22900", "2013-09-30": "1324.81800", "2013-06-30": "1320.81600", "2013-03-31": "1293.26200", "2012-12-31": "1129.43600", "2012-09-30": "1249.60000", "2012-06-30": "1257.26300", "2012-03-31": "1216.56600", "2011-12-31": "1239.10100", "2011-09-30": "1064.28400", "2011-06-30": "1076.04300", "2011-03-31": "1143.64300", "2010-12-31": "1216.16700", "2010-09-30": "1200.71800", "2010-06-30": "1234.97800", "2010-03-31": "1239.86000", "2009-12-31": "1205.04900", "2009-09-30": "1215.72800", "2009-06-30": "1284.20700", "2009-03-31": "1127.53500", "2008-12-31": "1232.17600", "2008-09-30": "859.48710", "2008-06-30": "1250.55200", "2008-03-31": "1239.86600", "2007-12-31": "1197.74200", "2007-09-30": "1212.64700", "2007-06-30": "1162.67400", "2007-03-31": "1167.74100", "2006-12-31": "1324.31200", "2006-09-30": "1095.76200", "2006-06-30": "1074.88600", "2006-03-31": "1040.10300", "2005-12-31": "1013.80400", "2005-09-30": "908.84500", "2005-06-30": "950.29200", "2005-03-31": "918.83000"}, "Research And Development Expenses": {"2020-09-30": "", "2020-06-30": "", "2020-03-31": "", "2019-12-31": "", "2019-09-30": "", "2019-06-30": "", "2019-03-31": "", "2018-12-31": "", "2018-09-30": "", "2018-06-30": "", "2018-03-31": "", "2017-12-31": "", "2017-09-30": "", "2017-06-30": "", "2017-03-31": "", "2016-12-31": "", "2016-09-30": "", "2016-06-30": "", "2016-03-31": "", "2015-12-31": "", "2015-09-30": "", "2015-06-30": "", "2015-03-31": "", "2014-12-31": "", "2014-09-30": "", "2014-06-30": "", "2014-03-31": "", "2013-12-31": "", "2013-09-30": "", "2013-06-30": "", "2013-03-31": "", "2012-12-31": "", "2012-09-30": "", "2012-06-30": "", "2012-03-31": "", "2011-12-31": "", "2011-09-30": "", "2011-06-30": "", "2011-03-31": "", "2010-12-31": "", "2010-09-30": "", "2010-06-30": "", "2010-03-31": "", "2009-12-31": "", "2009-09-30": "", "2009-06-30": "", "2009-03-31": "", "2008-12-31": "", "2008-09-30": "", "2008-06-30": "", "2008-03-31": "", "2007-12-31": "", "2007-09-30": "", "2007-06-30": "", "2007-03-31": "", "2006-12-31": "", "2006-09-30": "", "2006-06-30": "", "2006-03-31": "", "2005-12-31": "", "2005-09-30": "", "2005-06-30": "", "2005-03-31": ""}, "SG&A Expenses": {"2020-09-30": "1633.70000", "2020-06-30": "1621.50000", "2020-03-31": "1822.30000", "2019-12-31": "1721.90000", "2019-09-30": "1634.00000", "2019-06-30": "1639.50000", "2019-03-31": "1577.20000", "2018-12-31": "1491.30000", "2018-09-30": "1487.10000", "2018-06-30": "1236.80000", "2018-03-31": "1066.00000", "2017-12-31": "1092.00000", "2017-09-30": "999.60000", "2017-06-30": "993.00000", "2017-03-31": "965.80000", "2016-12-31": "1232.20000", "2016-09-30": "1164.00000", "2016-06-30": "1146.30000", "2016-03-31": "1251.60000", "2015-12-31": "1413.98800", "2015-09-30": "1298.42300", "2015-06-30": "1323.37700", "2015-03-31": "1290.91200", "2014-12-31": "1394.57300", "2014-09-30": "1340.26800", "2014-06-30": "1250.92500", "2014-03-31": "1188.02200", "2013-12-31": "1234.32600", "2013-09-30": "1110.07600", "2013-06-30": "1088.52900", "2013-03-31": "1071.76000", "2012-12-31": "1079.53600", "2012-09-30": "1025.90300", "2012-06-30": "977.52800", "2012-03-31": "951.84200", "2011-12-31": "975.38780", "2011-09-30": "936.78300", "2011-06-30": "930.32600", "2011-03-31": "914.08610", "2010-12-31": "1016.67300", "2010-09-30": "958.82400", "2010-06-30": "966.36100", "2010-03-31": "976.33300", "2009-12-31": "1045.73400", "2009-09-30": "991.50200", "2009-06-30": "987.52910", "2009-03-31": "954.47900", "2008-12-31": "1025.53200", "2008-09-30": "1007.81700", "2008-06-30": "985.85100", "2008-03-31": "938.65000", "2007-12-31": "985.54210", "2007-09-30": "913.21400", "2007-06-30": "894.90410", "2007-03-31": "874.92600", "2006-12-31": "918.82390", "2006-09-30": "849.41400", "2006-06-30": "827.40800", "2006-03-31": "782.43200", "2005-12-31": "849.07700", "2005-09-30": "752.15600", "2005-06-30": "746.87900", "2005-03-31": "726.79300"}, "Other Operating Income Or Expenses": {"2020-09-30": "", "2020-06-30": "", "2020-03-31": "", "2019-12-31": "", "2019-09-30": "-31.40000", "2019-06-30": "", "2019-03-31": "", "2018-12-31": "", "2018-09-30": "", "2018-06-30": "", "2018-03-31": "", "2017-12-31": "", "2017-09-30": "", "2017-06-30": "", "2017-03-31": "", "2016-12-31": "", "2016-09-30": "", "2016-06-30": "", "2016-03-31": "", "2015-12-31": "", "2015-09-30": "", "2015-06-30": "", "2015-03-31": "", "2014-12-31": "", "2014-09-30": "", "2014-06-30": "", "2014-03-31": "", "2013-12-31": "", "2013-09-30": "", "2013-06-30": "", "2013-03-31": "", "2012-12-31": "", "2012-09-30": "", "2012-06-30": "", "2012-03-31": "", "2011-12-31": "", "2011-09-30": "", "2011-06-30": "", "2011-03-31": "", "2010-12-31": "", "2010-09-30": "", "2010-06-30": "", "2010-03-31": "", "2009-12-31": "", "2009-09-30": "", "2009-06-30": "", "2009-03-31": "", "2008-12-31": "", "2008-09-30": "", "2008-06-30": "", "2008-03-31": "", "2007-12-31": "", "2007-09-30": "", "2007-06-30": "", "2007-03-31": "", "2006-12-31": "", "2006-09-30": "", "2006-06-30": "", "2006-03-31": "", "2005-12-31": "", "2005-09-30": "", "2005-06-30": "", "2005-03-31": ""}, "Operating Expenses": {"2020-09-30": "2506.60000", "2020-06-30": "2240.30000", "2020-03-31": "2455.00000", "2019-12-31": "2395.10100", "2019-09-30": "2402.80000", "2019-06-30": "2353.00000", "2019-03-31": "2218.40000", "2018-12-31": "2274.10000", "2018-09-30": "2194.50000", "2018-06-30": "1753.40000", "2018-03-31": "1502.10000", "2017-12-31": "1518.30000", "2017-09-30": "1694.00000", "2017-06-30": "1421.80000", "2017-03-31": "1336.40000", "2016-12-31": "1697.80000", "2016-09-30": "1613.20000", "2016-06-30": "1562.30000", "2016-03-31": "1809.90000", "2015-12-31": "2437.60700", "2015-09-30": "2566.40700", "2015-06-30": "2604.86900", "2015-03-31": "2515.41700", "2014-12-31": "2532.34500", "2014-09-30": "2477.73700", "2014-06-30": "2414.31400", "2014-03-31": "2213.11900", "2013-12-31": "2222.08100", "2013-09-30": "2064.67900", "2013-06-30": "2026.99900", "2013-03-31": "1944.19900", "2012-12-31": "2126.15400", "2012-09-30": "1936.46100", "2012-06-30": "1864.62900", "2012-03-31": "1823.27600", "2011-12-31": "1862.89500", "2011-09-30": "1949.29200", "2011-06-30": "1932.24500", "2011-03-31": "1822.24500", "2010-12-31": "2227.65000", "2010-09-30": "1887.23900", "2010-06-30": "1886.83800", "2010-03-31": "1919.49000", "2009-12-31": "2120.98600", "2009-09-30": "1947.80700", "2009-06-30": "1992.09100", "2009-03-31": "1930.01000", "2008-12-31": "2029.15300", "2008-09-30": "2118.05500", "2008-06-30": "1999.34600", "2008-03-31": "1891.39700", "2007-12-31": "1986.43000", "2007-09-30": "1864.04700", "2007-06-30": "1812.25300", "2007-03-31": "1779.74500", "2006-12-31": "1817.45100", "2006-09-30": "1753.03800", "2006-06-30": "1716.92700", "2006-03-31": "1687.42600", "2005-12-31": "1732.16600", "2005-09-30": "1738.06700", "2005-06-30": "1686.20400", "2005-03-31": "1685.63100"}, "Operating Income": {"2020-09-30": "-4.10010", "2020-06-30": "231.30030", "2020-03-31": "110.60010", "2019-12-31": "211.29880", "2019-09-30": "96.50020", "2019-06-30": "192.50000", "2019-03-31": "217.20020", "2018-12-31": "42.89990", "2018-09-30": "75.80010", "2018-06-30": "78.29990", "2018-03-31": "136.50000", "2017-12-31": "158.30000", "2017-09-30": "-107.60000", "2017-06-30": "178.70000", "2017-03-31": "215.10010", "2016-12-31": "54.59960", "2016-09-30": "220.90000", "2016-06-30": "235.50000", "2016-03-31": "337.60010", "2015-12-31": "110.23220", "2015-09-30": "-32.25100", "2015-06-30": "40.02520", "2015-03-31": "83.19310", "2014-12-31": "90.34640", "2014-09-30": "224.75100", "2014-06-30": "193.78710", "2014-03-31": "235.25320", "2013-12-31": "178.53690", "2013-09-30": "193.97090", "2013-06-30": "210.76710", "2013-03-31": "206.42410", "2012-12-31": "34.82150", "2012-09-30": "208.61910", "2012-06-30": "264.66110", "2012-03-31": "249.64810", "2011-12-31": "248.63660", "2011-09-30": "112.42310", "2011-06-30": "130.64200", "2011-03-31": "214.42600", "2010-12-31": "-122.04860", "2010-09-30": "226.73190", "2010-06-30": "253.45590", "2010-03-31": "248.36600", "2009-12-31": "61.15580", "2009-09-30": "209.06600", "2009-06-30": "281.51780", "2009-03-31": "157.86690", "2008-12-31": "191.45510", "2008-09-30": "-163.51990", "2008-06-30": "249.41410", "2008-03-31": "285.92800", "2007-12-31": "196.90230", "2007-09-30": "284.14490", "2007-06-30": "252.47400", "2007-03-31": "277.51810", "2006-12-31": "390.18240", "2006-09-30": "231.04100", "2006-06-30": "232.16300", "2006-03-31": "242.35600", "2005-12-31": "149.41130", "2005-09-30": "141.37410", "2005-06-30": "188.09910", "2005-03-31": "176.72300"}, "Total Non-Operating Income/Expense": {"2020-09-30": "", "2020-06-30": "-4.50000", "2020-03-31": "-1.40000", "2019-12-31": "-32.50000", "2019-09-30": "-121.10000", "2019-06-30": "-9.20000", "2019-03-31": "-0.20000", "2018-12-31": "", "2018-09-30": "", "2018-06-30": "", "2018-03-31": "", "2017-12-31": "", "2017-09-30": "", "2017-06-30": "", "2017-03-31": "", "2016-12-31": "", "2016-09-30": "", "2016-06-30": "", "2016-03-31": "", "2015-12-31": "", "2015-09-30": "", "2015-06-30": "", "2015-03-31": "", "2014-12-31": "", "2014-09-30": "", "2014-06-30": "", "2014-03-31": "", "2013-12-31": "", "2013-09-30": "", "2013-06-30": "", "2013-03-31": "", "2012-12-31": "", "2012-09-30": "", "2012-06-30": "", "2012-03-31": "", "2011-12-31": "", "2011-09-30": "", "2011-06-30": "", "2011-03-31": "", "2010-12-31": "", "2010-09-30": "", "2010-06-30": "", "2010-03-31": "", "2009-12-31": "", "2009-09-30": "", "2009-06-30": "", "2009-03-31": "", "2008-12-31": "", "2008-09-30": "", "2008-06-30": "", "2008-03-31": "", "2007-12-31": "", "2007-09-30": "", "2007-06-30": "", "2007-03-31": "", "2006-12-31": "", "2006-09-30": "", "2006-06-30": "", "2006-03-31": "", "2005-12-31": "", "2005-09-30": "", "2005-06-30": "", "2005-03-31": ""}, "Pre-Tax Income": {"2020-09-30": "-4.10000", "2020-06-30": "226.80000", "2020-03-31": "109.20000", "2019-12-31": "178.80000", "2019-09-30": "-24.60000", "2019-06-30": "183.30000", "2019-03-31": "217.00000", "2018-12-31": "42.90000", "2018-09-30": "75.80000", "2018-06-30": "78.30000", "2018-03-31": "136.50000", "2017-12-31": "158.30000", "2017-09-30": "-107.60000", "2017-06-30": "178.70000", "2017-03-31": "215.10000", "2016-12-31": "54.60000", "2016-09-30": "220.90000", "2016-06-30": "235.50000", "2016-03-31": "337.60000", "2015-12-31": "110.23300", "2015-09-30": "-32.25100", "2015-06-30": "40.02500", "2015-03-31": "83.19300", "2014-12-31": "90.34600", "2014-09-30": "224.75100", "2014-06-30": "193.78700", "2014-03-31": "235.25300", "2013-12-31": "178.53700", "2013-09-30": "193.97100", "2013-06-30": "210.76700", "2013-03-31": "206.42400", "2012-12-31": "34.82300", "2012-09-30": "208.61900", "2012-06-30": "264.66100", "2012-03-31": "249.64800", "2011-12-31": "248.63600", "2011-09-30": "112.42300", "2011-06-30": "130.64200", "2011-03-31": "214.42600", "2010-12-31": "-122.04900", "2010-09-30": "226.73200", "2010-06-30": "253.45600", "2010-03-31": "248.36600", "2009-12-31": "61.15500", "2009-09-30": "209.06600", "2009-06-30": "281.51800", "2009-03-31": "157.86700", "2008-12-31": "191.45600", "2008-09-30": "-163.52000", "2008-06-30": "249.41400", "2008-03-31": "285.92800", "2007-12-31": "196.90300", "2007-09-30": "284.14500", "2007-06-30": "252.47400", "2007-03-31": "277.51800", "2006-12-31": "390.18190", "2006-09-30": "231.04100", "2006-06-30": "232.16300", "2006-03-31": "242.35600", "2005-12-31": "149.41200", "2005-09-30": "141.37400", "2005-06-30": "188.09900", "2005-03-31": "176.72300"}, "Income Taxes": {"2020-09-30": "26.40000", "2020-06-30": "48.40000", "2020-03-31": "-46.60000", "2019-12-31": "50.00000", "2019-09-30": "28.60000", "2019-06-30": "40.70000", "2019-03-31": "48.40000", "2018-12-31": "16.30000", "2018-09-30": "22.80000", "2018-06-30": "11.30000", "2018-03-31": "30.50000", "2017-12-31": "-154.60000", "2017-09-30": "-50.30000", "2017-06-30": "58.50000", "2017-03-31": "71.30000", "2016-12-31": "23.30000", "2016-09-30": "76.50000", "2016-06-30": "66.20000", "2016-03-31": "117.20000", "2015-12-31": "44.44400", "2015-09-30": "-25.22900", "2015-06-30": "7.23600", "2015-03-31": "33.14900", "2014-12-31": "40.59100", "2014-09-30": "84.45400", "2014-06-30": "50.17700", "2014-03-31": "98.00800", "2013-12-31": "69.72100", "2013-09-30": "65.18300", "2013-06-30": "77.24400", "2013-03-31": "88.64400", "2012-12-31": "9.83600", "2012-09-30": "82.33100", "2012-06-30": "95.49100", "2012-03-31": "86.38800", "2011-12-31": "89.48400", "2011-09-30": "38.38600", "2011-06-30": "-34.37400", "2011-03-31": "73.67500", "2010-12-31": "62.91200", "2010-09-30": "85.06200", "2010-06-30": "88.78100", "2010-03-31": "91.14300", "2009-12-31": "49.21400", "2009-09-30": "64.33600", "2009-06-30": "88.19600", "2009-03-31": "77.28600", "2008-12-31": "9.01500", "2008-09-30": "-52.09100", "2008-06-30": "59.46000", "2008-03-31": "99.09800", "2007-12-31": "76.08500", "2007-09-30": "96.95400", "2007-06-30": "86.19400", "2007-03-31": "98.06100", "2006-12-31": "137.67500", "2006-09-30": "79.73800", "2006-06-30": "81.02700", "2006-03-31": "81.43100", "2005-12-31": "12.36600", "2005-09-30": "41.08700", "2005-06-30": "60.47500", "2005-03-31": "62.32500"}, "Income After Taxes": {"2020-09-30": "-30.50000", "2020-06-30": "178.40000", "2020-03-31": "155.80000", "2019-12-31": "128.80000", "2019-09-30": "-53.20000", "2019-06-30": "142.60000", "2019-03-31": "168.60000", "2018-12-31": "26.60000", "2018-09-30": "53.00000", "2018-06-30": "67.00000", "2018-03-31": "106.00000", "2017-12-31": "312.90000", "2017-09-30": "-57.30000", "2017-06-30": "120.20000", "2017-03-31": "143.80000", "2016-12-31": "31.30000", "2016-09-30": "144.40000", "2016-06-30": "169.30000", "2016-03-31": "220.40000", "2015-12-31": "65.78900", "2015-09-30": "-7.02200", "2015-06-30": "32.78900", "2015-03-31": "50.04400", "2014-12-31": "49.75500", "2014-09-30": "140.29700", "2014-06-30": "143.61000", "2014-03-31": "137.24500", "2013-12-31": "108.81600", "2013-09-30": "128.78800", "2013-06-30": "133.52300", "2013-03-31": "117.78000", "2012-12-31": "24.98700", "2012-09-30": "126.28800", "2012-06-30": "169.17000", "2012-03-31": "163.26000", "2011-12-31": "159.15200", "2011-09-30": "74.03700", "2011-06-30": "165.01600", "2011-03-31": "140.75100", "2010-12-31": "-184.96100", "2010-09-30": "141.67000", "2010-06-30": "164.67500", "2010-03-31": "157.22300", "2009-12-31": "11.94100", "2009-09-30": "144.73000", "2009-06-30": "193.32200", "2009-03-31": "80.58100", "2008-12-31": "182.44100", "2008-09-30": "-111.42900", "2008-06-30": "189.95400", "2008-03-31": "186.83000", "2007-12-31": "120.81800", "2007-09-30": "187.19100", "2007-06-30": "166.28000", "2007-03-31": "179.45700", "2006-12-31": "252.50700", "2006-09-30": "151.30300", "2006-06-30": "151.13600", "2006-03-31": "160.92500", "2005-12-31": "137.04600", "2005-09-30": "100.28700", "2005-06-30": "127.62400", "2005-03-31": "114.39800"}, "Other Income": {"2020-09-30": "", "2020-06-30": "", "2020-03-31": "", "2019-12-31": "", "2019-09-30": "", "2019-06-30": "", "2019-03-31": "", "2018-12-31": "", "2018-09-30": "", "2018-06-30": "", "2018-03-31": "", "2017-12-31": "", "2017-09-30": "", "2017-06-30": "", "2017-03-31": "", "2016-12-31": "", "2016-09-30": "", "2016-06-30": "", "2016-03-31": "", "2015-12-31": "", "2015-09-30": "", "2015-06-30": "", "2015-03-31": "", "2014-12-31": "", "2014-09-30": "", "2014-06-30": "", "2014-03-31": "", "2013-12-31": "", "2013-09-30": "", "2013-06-30": "", "2013-03-31": "", "2012-12-31": "", "2012-09-30": "", "2012-06-30": "", "2012-03-31": "", "2011-12-31": "", "2011-09-30": "", "2011-06-30": "", "2011-03-31": "", "2010-12-31": "", "2010-09-30": "", "2010-06-30": "", "2010-03-31": "", "2009-12-31": "", "2009-09-30": "", "2009-06-30": "", "2009-03-31": "", "2008-12-31": "", "2008-09-30": "", "2008-06-30": "", "2008-03-31": "", "2007-12-31": "", "2007-09-30": "", "2007-06-30": "", "2007-03-31": "", "2006-12-31": "", "2006-09-30": "", "2006-06-30": "", "2006-03-31": "", "2005-12-31": "", "2005-09-30": "", "2005-06-30": "", "2005-03-31": ""}, "Income From Continuous Operations": {"2020-09-30": "-30.50000", "2020-06-30": "178.40000", "2020-03-31": "155.80000", "2019-12-31": "128.80000", "2019-09-30": "-53.20000", "2019-06-30": "142.60000", "2019-03-31": "168.60000", "2018-12-31": "26.60000", "2018-09-30": "53.00000", "2018-06-30": "67.00000", "2018-03-31": "106.00000", "2017-12-31": "312.90000", "2017-09-30": "-57.30000", "2017-06-30": "120.20000", "2017-03-31": "143.80000", "2016-12-31": "31.30000", "2016-09-30": "144.40000", "2016-06-30": "169.30000", "2016-03-31": "220.40000", "2015-12-31": "65.78900", "2015-09-30": "-7.02200", "2015-06-30": "32.78900", "2015-03-31": "50.04400", "2014-12-31": "49.75500", "2014-09-30": "140.29700", "2014-06-30": "143.61000", "2014-03-31": "137.24500", "2013-12-31": "108.81600", "2013-09-30": "128.78800", "2013-06-30": "133.52300", "2013-03-31": "117.78000", "2012-12-31": "24.98700", "2012-09-30": "126.28800", "2012-06-30": "169.17000", "2012-03-31": "163.26000", "2011-12-31": "159.15200", "2011-09-30": "74.03700", "2011-06-30": "165.01600", "2011-03-31": "140.75100", "2010-12-31": "-184.96100", "2010-09-30": "141.67000", "2010-06-30": "164.67500", "2010-03-31": "157.22300", "2009-12-31": "11.94100", "2009-09-30": "144.73000", "2009-06-30": "193.32200", "2009-03-31": "80.58100", "2008-12-31": "182.44100", "2008-09-30": "-111.42900", "2008-06-30": "189.95400", "2008-03-31": "186.83000", "2007-12-31": "120.81800", "2007-09-30": "187.19100", "2007-06-30": "166.28000", "2007-03-31": "179.45700", "2006-12-31": "252.50700", "2006-09-30": "151.30300", "2006-06-30": "151.13600", "2006-03-31": "160.92500", "2005-12-31": "137.04600", "2005-09-30": "100.28700", "2005-06-30": "127.62400", "2005-03-31": "114.39800"}, "Income From Discontinued Operations": {"2020-09-30": "", "2020-06-30": "", "2020-03-31": "", "2019-12-31": "", "2019-09-30": "", "2019-06-30": "", "2019-03-31": "", "2018-12-31": "", "2018-09-30": "", "2018-06-30": "", "2018-03-31": "", "2017-12-31": "", "2017-09-30": "", "2017-06-30": "", "2017-03-31": "", "2016-12-31": "", "2016-09-30": "", "2016-06-30": "", "2016-03-31": "", "2015-12-31": "", "2015-09-30": "", "2015-06-30": "", "2015-03-31": "", "2014-12-31": "", "2014-09-30": "", "2014-06-30": "", "2014-03-31": "", "2013-12-31": "", "2013-09-30": "", "2013-06-30": "", "2013-03-31": "", "2012-12-31": "", "2012-09-30": "", "2012-06-30": "", "2012-03-31": "", "2011-12-31": "", "2011-09-30": "", "2011-06-30": "", "2011-03-31": "", "2010-12-31": "", "2010-09-30": "", "2010-06-30": "", "2010-03-31": "", "2009-12-31": "", "2009-09-30": "", "2009-06-30": "", "2009-03-31": "", "2008-12-31": "", "2008-09-30": "", "2008-06-30": "", "2008-03-31": "", "2007-12-31": "", "2007-09-30": "", "2007-06-30": "", "2007-03-31": "", "2006-12-31": "", "2006-09-30": "", "2006-06-30": "", "2006-03-31": "", "2005-12-31": "", "2005-09-30": "", "2005-06-30": "", "2005-03-31": ""}, "Net Income": {"2020-09-30": "-34.90000", "2020-06-30": "173.50000", "2020-03-31": "150.00000", "2019-12-31": "122.90000", "2019-09-30": "-59.50000", "2019-06-30": "139.50000", "2019-03-31": "161.00000", "2018-12-31": "20.30000", "2018-09-30": "48.30000", "2018-06-30": "62.20000", "2018-03-31": "106.00000", "2017-12-31": "312.90000", "2017-09-30": "-57.30000", "2017-06-30": "120.20000", "2017-03-31": "143.80000", "2016-12-31": "31.30000", "2016-09-30": "144.40000", "2016-06-30": "169.30000", "2016-03-31": "220.40000", "2015-12-31": "65.78900", "2015-09-30": "-7.02200", "2015-06-30": "32.78900", "2015-03-31": "50.04400", "2014-12-31": "49.75500", "2014-09-30": "140.29700", "2014-06-30": "143.61000", "2014-03-31": "137.24500", "2013-12-31": "108.81600", "2013-09-30": "128.78800", "2013-06-30": "133.52300", "2013-03-31": "117.78000", "2012-12-31": "24.98700", "2012-09-30": "126.28800", "2012-06-30": "169.17000", "2012-03-31": "163.26000", "2011-12-31": "159.15200", "2011-09-30": "74.03700", "2011-06-30": "165.01600", "2011-03-31": "140.75100", "2010-12-31": "-184.96100", "2010-09-30": "141.67000", "2010-06-30": "164.67500", "2010-03-31": "157.22300", "2009-12-31": "11.94100", "2009-09-30": "144.73000", "2009-06-30": "193.32200", "2009-03-31": "80.58100", "2008-12-31": "182.44100", "2008-09-30": "-111.42900", "2008-06-30": "189.95400", "2008-03-31": "186.83000", "2007-12-31": "120.81800", "2007-09-30": "187.19100", "2007-06-30": "166.28000", "2007-03-31": "179.45700", "2006-12-31": "252.50710", "2006-09-30": "151.30300", "2006-06-30": "151.13600", "2006-03-31": "162.47200", "2005-12-31": "137.04600", "2005-09-30": "100.28700", "2005-06-30": "127.62400", "2005-03-31": "114.39800"}, "EBITDA": {"2020-09-30": "59.39990", "2020-06-30": "287.10030", "2020-03-31": "165.40010", "2019-12-31": "277.69880", "2019-09-30": "151.60030", "2019-06-30": "244.70000", "2019-03-31": "265.60020", "2018-12-31": "94.79990", "2018-09-30": "125.30000", "2018-06-30": "114.19990", "2018-03-31": "169.50000", "2017-12-31": "170.60010", "2017-09-30": "-95.40000", "2017-06-30": "191.09990", "2017-03-31": "227.70010", "2016-12-31": "68.49960", "2016-09-30": "234.90000", "2016-06-30": "250.70000", "2016-03-31": "352.10010", "2015-12-31": "123.99720", "2015-09-30": "-18.47200", "2015-06-30": "53.80320", "2015-03-31": "96.97110", "2014-12-31": "104.12440", "2014-09-30": "238.52700", "2014-06-30": "207.56310", "2014-03-31": "252.31820", "2013-12-31": "198.90290", "2013-09-30": "214.74190", "2013-06-30": "232.28710", "2013-03-31": "221.50210", "2012-12-31": "49.89950", "2012-09-30": "223.69710", "2012-06-30": "279.73510", "2012-03-31": "264.72410", "2011-12-31": "263.71260", "2011-09-30": "127.50110", "2011-06-30": "145.71700", "2011-03-31": "229.55700", "2010-12-31": "-106.88660", "2010-09-30": "241.89390", "2010-06-30": "268.61690", "2010-03-31": "263.52700", "2009-12-31": "76.31580", "2009-09-30": "224.22600", "2009-06-30": "296.67780", "2009-03-31": "173.05590", "2008-12-31": "206.64310", "2008-09-30": "-148.32990", "2008-06-30": "264.70100", "2008-03-31": "301.21600", "2007-12-31": "212.19930", "2007-09-30": "299.43290", "2007-06-30": "267.77000", "2007-03-31": "292.81510", "2006-12-31": "405.48840", "2006-09-30": "246.34800", "2006-06-30": "247.47800", "2006-03-31": "257.67100", "2005-12-31": "164.72630", "2005-09-30": "156.68910", "2005-06-30": "203.41310", "2005-03-31": "192.03700"}, "EBIT": {"2020-09-30": "21.39990", "2020-06-30": "258.00030", "2020-03-31": "136.10010", "2019-12-31": "236.69850", "2019-09-30": "128.70020", "2019-06-30": "219.00000", "2019-03-31": "243.70020", "2018-12-31": "69.20000", "2018-09-30": "102.30000", "2018-06-30": "104.29990", "2018-03-31": "158.00000", "2017-12-31": "170.59990", "2017-09-30": "-95.40000", "2017-06-30": "191.09990", "2017-03-31": "227.70010", "2016-12-31": "68.49950", "2016-09-30": "234.90000", "2016-06-30": "250.70000", "2016-03-31": "352.10010", "2015-12-31": "123.99690", "2015-09-30": "-18.47200", "2015-06-30": "53.80320", "2015-03-31": "96.97110", "2014-12-31": "104.12450", "2014-09-30": "238.52700", "2014-06-30": "207.56310", "2014-03-31": "252.31820", "2013-12-31": "198.90310", "2013-09-30": "214.74190", "2013-06-30": "232.28710", "2013-03-31": "221.50210", "2012-12-31": "49.89970", "2012-09-30": "223.69710", "2012-06-30": "279.73510", "2012-03-31": "264.72410", "2011-12-31": "263.71190", "2011-09-30": "127.50110", "2011-06-30": "145.71700", "2011-03-31": "229.55700", "2010-12-31": "-106.88700", "2010-09-30": "241.89390", "2010-06-30": "268.61690", "2010-03-31": "263.52700", "2009-12-31": "76.31570", "2009-09-30": "224.22600", "2009-06-30": "296.67780", "2009-03-31": "173.05590", "2008-12-31": "206.64320", "2008-09-30": "-148.32990", "2008-06-30": "264.70100", "2008-03-31": "301.21600", "2007-12-31": "212.19960", "2007-09-30": "299.43290", "2007-06-30": "267.77000", "2007-03-31": "292.81510", "2006-12-31": "405.48830", "2006-09-30": "246.34800", "2006-06-30": "247.47800", "2006-03-31": "257.67100", "2005-12-31": "164.72610", "2005-09-30": "156.68910", "2005-06-30": "203.41310", "2005-03-31": "192.03700"}, "Basic Shares Outstanding": {"2020-09-30": "60.19010", "2020-06-30": "60.36360", "2020-03-31": "60.60290", "2019-12-31": "61.94300", "2019-09-30": "61.80450", "2019-06-30": "62.22210", "2019-03-31": "62.59480", "2018-12-31": "59.23960", "2018-09-30": "63.62120", "2018-06-30": "57.06030", "2018-03-31": "53.16900", "2017-12-31": "54.98670", "2017-09-30": "54.52500", "2017-06-30": "55.23000", "2017-03-31": "56.20100", "2016-12-31": "61.26100", "2016-09-30": "60.26200", "2016-06-30": "62.24500", "2016-03-31": "65.08690", "2015-12-31": "68.16400", "2015-09-30": "67.63300", "2015-06-30": "68.55800", "2015-03-31": "69.77000", "2014-12-31": "72.18100", "2014-09-30": "72.18300", "2014-06-30": "72.66000", "2014-03-31": "72.84900", "2013-12-31": "76.64900", "2013-09-30": "75.54500", "2013-06-30": "77.50800", "2013-03-31": "79.98500", "2012-12-31": "84.27600", "2012-09-30": "82.15700", "2012-06-30": "86.28000", "2012-03-31": "88.77300", "2011-12-31": "96.62600", "2011-09-30": "95.35200", "2011-06-30": "97.71300", "2011-03-31": "101.19500", "2010-12-31": "110.63300", "2010-09-30": "107.80600", "2010-06-30": "111.89400", "2010-03-31": "116.81700", "2009-12-31": "118.03700", "2009-09-30": "118.18400", "2009-06-30": "118.48300", "2009-03-31": "117.89100", "2008-12-31": "118.00600", "2008-09-30": "117.98600", "2008-06-30": "118.30900", "2008-03-31": "118.10300", "2007-12-31": "119.93500", "2007-09-30": "118.44700", "2007-06-30": "120.65700", "2007-03-31": "122.15000", "2006-12-31": "126.84700", "2006-09-30": "125.79400", "2006-06-30": "128.48800", "2006-03-31": "129.99800", "2005-12-31": "135.77300", "2005-09-30": "134.70700", "2005-06-30": "137.70000", "2005-03-31": "139.73600"}, "Shares Outstanding": {"2020-09-30": "60.19010", "2020-06-30": "63.34720", "2020-03-31": "63.62690", "2019-12-31": "62.31350", "2019-09-30": "61.80450", "2019-06-30": "65.28840", "2019-03-31": "65.77800", "2018-12-31": "59.54550", "2018-09-30": "63.80040", "2018-06-30": "57.26440", "2018-03-31": "54.18900", "2017-12-31": "55.31100", "2017-09-30": "54.52500", "2017-06-30": "55.51000", "2017-03-31": "56.75700", "2016-12-31": "61.93500", "2016-09-30": "60.82800", "2016-06-30": "62.72300", "2016-03-31": "65.92060", "2015-12-31": "69.01700", "2015-09-30": "67.63000", "2015-06-30": "69.24400", "2015-03-31": "70.75800", "2014-12-31": "73.15200", "2014-09-30": "73.04700", "2014-06-30": "73.54400", "2014-03-31": "73.87400", "2013-12-31": "77.65500", "2013-09-30": "76.46000", "2013-06-30": "78.36600", "2013-03-31": "80.94700", "2012-12-31": "85.30700", "2012-09-30": "82.95900", "2012-06-30": "87.04500", "2012-03-31": "90.06900", "2011-12-31": "97.79500", "2011-09-30": "96.30300", "2011-06-30": "98.69000", "2011-03-31": "101.97500", "2010-12-31": "111.47300", "2010-09-30": "108.58400", "2010-06-30": "112.71500", "2010-03-31": "117.19500", "2009-12-31": "118.49600", "2009-09-30": "118.29200", "2009-06-30": "118.72800", "2009-03-31": "117.96800", "2008-12-31": "118.97500", "2008-09-30": "117.98600", "2008-06-30": "119.64100", "2008-03-31": "119.38700", "2007-12-31": "121.56000", "2007-09-30": "119.74100", "2007-06-30": "122.49200", "2007-03-31": "124.11200", "2006-12-31": "128.81300", "2006-09-30": "127.76600", "2006-06-30": "130.32800", "2006-03-31": "132.00000", "2005-12-31": "136.94500", "2005-09-30": "136.17700", "2005-06-30": "139.01900", "2005-03-31": "139.83300"}, "Basic EPS": {"2020-09-30": "-0.58000", "2020-06-30": "2.87000", "2020-03-31": "2.48000", "2019-12-31": "2.02000", "2019-09-30": "-0.96000", "2019-06-30": "2.24000", "2019-03-31": "2.57000", "2018-12-31": "0.16000", "2018-09-30": "0.76000", "2018-06-30": "1.09000", "2018-03-31": "1.99000", "2017-12-31": "5.76000", "2017-09-30": "-1.05000", "2017-06-30": "2.18000", "2017-03-31": "2.56000", "2016-12-31": "0.73000", "2016-09-30": "2.40000", "2016-06-30": "2.72000", "2016-03-31": "3.38000", "2015-12-31": "0.98000", "2015-09-30": "-0.10000", "2015-06-30": "0.48000", "2015-03-31": "0.72000", "2014-12-31": "0.72000", "2014-09-30": "1.94000", "2014-06-30": "1.98000", "2014-03-31": "1.88000", "2013-12-31": "1.49000", "2013-09-30": "1.70000", "2013-06-30": "1.72000", "2013-03-31": "1.47000", "2012-12-31": "0.40000", "2012-09-30": "1.54000", "2012-06-30": "1.96000", "2012-03-31": "1.84000", "2011-12-31": "1.72000", "2011-09-30": "0.78000", "2011-06-30": "1.69000", "2011-03-31": "1.39000", "2010-12-31": "-1.61000", "2010-09-30": "1.31000", "2010-06-30": "1.47000", "2010-03-31": "1.35000", "2009-12-31": "0.12000", "2009-09-30": "1.22000", "2009-06-30": "1.63000", "2009-03-31": "0.68000", "2008-12-31": "1.54000", "2008-09-30": "-0.94000", "2008-06-30": "1.61000", "2008-03-31": "1.58000", "2007-12-31": "1.02000", "2007-09-30": "1.58000", "2007-06-30": "1.38000", "2007-03-31": "1.47000", "2006-12-31": "2.03000", "2006-09-30": "1.20000", "2006-06-30": "1.18000", "2006-03-31": "1.25000", "2005-12-31": "1.04000", "2005-09-30": "0.74000", "2005-06-30": "0.93000", "2005-03-31": "0.82000"}, "EPS - Earnings Per Share": {"2020-09-30": "-0.58000", "2020-06-30": "2.81000", "2020-03-31": "2.43000", "2019-12-31": "2.07000", "2019-09-30": "-0.96000", "2019-06-30": "2.21000", "2019-03-31": "2.52000", "2018-12-31": "0.17000", "2018-09-30": "0.76000", "2018-06-30": "1.09000", "2018-03-31": "1.96000", "2017-12-31": "5.75000", "2017-09-30": "-1.05000", "2017-06-30": "2.16000", "2017-03-31": "2.53000", "2016-12-31": "0.72000", "2016-09-30": "2.37000", "2016-06-30": "2.70000", "2016-03-31": "3.34000", "2015-12-31": "0.97000", "2015-09-30": "-0.10000", "2015-06-30": "0.47000", "2015-03-31": "0.71000", "2014-12-31": "0.71000", "2014-09-30": "1.92000", "2014-06-30": "1.95000", "2014-03-31": "1.86000", "2013-12-31": "1.46000", "2013-09-30": "1.68000", "2013-06-30": "1.70000", "2013-03-31": "1.46000", "2012-12-31": "0.40000", "2012-09-30": "1.52000", "2012-06-30": "1.94000", "2012-03-31": "1.81000", "2011-12-31": "1.69000", "2011-09-30": "0.77000", "2011-06-30": "1.67000", "2011-03-31": "1.38000", "2010-12-31": "-1.60000", "2010-09-30": "1.30000", "2010-06-30": "1.46000", "2010-03-31": "1.34000", "2009-12-31": "0.10000", "2009-09-30": "1.22000", "2009-06-30": "1.63000", "2009-03-31": "0.68000", "2008-12-31": "1.55000", "2008-09-30": "-0.94000", "2008-06-30": "1.59000", "2008-03-31": "1.56000", "2007-12-31": "1.01000", "2007-09-30": "1.56000", "2007-06-30": "1.36000", "2007-03-31": "1.45000", "2006-12-31": "2.00000", "2006-09-30": "1.18000", "2006-06-30": "1.16000", "2006-03-31": "1.23000", "2005-12-31": "1.02000", "2005-09-30": "0.74000", "2005-06-30": "0.92000", "2005-03-31": "0.82000"}}, "balance sheet": {"Cash On Hand": {"2019-12-31": "1867.10000", "2018-12-31": "1254.00000", "2017-12-31": "996.80000", "2016-12-31": "1032.00000", "2015-12-31": "1288.30500", "2014-12-31": "1318.65600", "2013-12-31": "1717.18400", "2012-12-31": "909.40400", "2011-12-31": "1166.71300", "2010-12-31": "1150.51600", "2009-12-31": "1318.55200", "2008-12-31": "1040.68400", "2007-12-31": "804.96400", "2006-12-31": "987.67200", "2005-12-31": "855.56900"}, "Receivables": {"2019-12-31": "11286.20000", "2018-12-31": "10809.50000", "2017-12-31": "11027.50000", "2016-12-31": "10301.20000", "2015-12-31": "8731.12000", "2014-12-31": "8700.21500", "2013-12-31": "6832.30500", "2012-12-31": "6971.76400", "2011-12-31": "6060.18600", "2010-12-31": "5540.24300", "2009-12-31": "4739.66700", "2008-12-31": "4523.35100", "2007-12-31": "4484.72700", "2006-12-31": "4526.98300", "2005-12-31": "4902.59900"}, "Inventory": {"2019-12-31": "", "2018-12-31": "", "2017-12-31": "", "2016-12-31": "", "2015-12-31": "", "2014-12-31": "", "2013-12-31": "", "2012-12-31": "", "2011-12-31": "", "2010-12-31": "", "2009-12-31": "", "2008-12-31": "", "2007-12-31": "", "2006-12-31": "", "2005-12-31": ""}, "Pre-Paid Expenses": {"2019-12-31": "", "2018-12-31": "", "2017-12-31": "", "2016-12-31": "", "2015-12-31": "", "2014-12-31": "", "2013-12-31": "", "2012-12-31": "", "2011-12-31": "", "2010-12-31": "", "2009-12-31": "", "2008-12-31": "", "2007-12-31": "", "2006-12-31": "", "2005-12-31": ""}, "Other Current Assets": {"2019-12-31": "", "2018-12-31": "", "2017-12-31": "", "2016-12-31": "", "2015-12-31": "", "2014-12-31": "", "2013-12-31": "", "2012-12-31": "", "2011-12-31": "", "2010-12-31": "", "2009-12-31": "", "2008-12-31": "", "2007-12-31": "", "2006-12-31": "", "2005-12-31": ""}, "Total Current Assets": {"2019-12-31": "13153.30000", "2018-12-31": "12063.50000", "2017-12-31": "12024.30000", "2016-12-31": "11333.20000", "2015-12-31": "10019.42000", "2014-12-31": "10018.87000", "2013-12-31": "8549.48800", "2012-12-31": "7881.16700", "2011-12-31": "7226.89900", "2010-12-31": "6690.75900", "2009-12-31": "6058.21900", "2008-12-31": "5564.03500", "2007-12-31": "5289.69100", "2006-12-31": "5514.65500", "2005-12-31": "5758.16800"}, "Property, Plant, And Equipment": {"2019-12-31": "433.70000", "2018-12-31": "392.50000", "2017-12-31": "347.60000", "2016-12-31": "343.60000", "2015-12-31": "298.41400", "2014-12-31": "277.64500", "2013-12-31": "253.63000", "2012-12-31": "250.79600", "2011-12-31": "242.90800", "2010-12-31": "267.16900", "2009-12-31": "275.42000", "2008-12-31": "278.62100", "2007-12-31": "275.77900", "2006-12-31": "275.20100", "2005-12-31": "267.72000"}, "Long-Term Investments": {"2019-12-31": "16718.50000", "2018-12-31": "15214.80000", "2017-12-31": "12405.40000", "2016-12-31": "11589.10000", "2015-12-31": "13124.52000", "2014-12-31": "14270.32000", "2013-12-31": "14389.20000", "2012-12-31": "15125.35000", "2011-12-31": "14179.95000", "2010-12-31": "13666.92000", "2009-12-31": "13313.59000", "2008-12-31": "12211.47000", "2007-12-31": "13896.32000", "2006-12-31": "12566.95000", "2005-12-31": "12643.97000"}, "Goodwill And Intangible Assets": {"2019-12-31": "4887.90000", "2018-12-31": "6102.00000", "2017-12-31": "1230.70000", "2016-12-31": "1103.30000", "2015-12-31": "1151.82900", "2014-12-31": "1268.66100", "2013-12-31": "1192.74600", "2012-12-31": "965.81700", "2011-12-31": "1013.94300", "2010-12-31": "1013.49600", "2009-12-31": "1021.03000", "2008-12-31": "1110.10300", "2007-12-31": "958.26800", "2006-12-31": "924.95600", "2005-12-31": "956.37600"}, "Other Long-Term Assets": {"2019-12-31": "2429.80000", "2018-12-31": "2213.50000", "2017-12-31": "2350.50000", "2016-12-31": "2072.50000", "2015-12-31": "2291.28500", "2014-12-31": "2769.22900", "2013-12-31": "2200.68900", "2012-12-31": "1862.31300", "2011-12-31": "1819.02700", "2010-12-31": "2188.82500", "2009-12-31": "2520.51500", "2008-12-31": "2250.31200", "2007-12-31": "3434.91700", "2006-12-31": "3485.48200", "2005-12-31": "3716.90800"}, "Total Long-Term Assets": {"2019-12-31": "31137.90000", "2018-12-31": "29025.80000", "2017-12-31": "19818.70000", "2016-12-31": "18375.90000", "2015-12-31": "20016.98000", "2014-12-31": "21543.59000", "2013-12-31": "21165.20000", "2012-12-31": "21065.44000", "2011-12-31": "19792.96000", "2010-12-31": "19706.26000", "2009-12-31": "19802.45000", "2008-12-31": "18950.55000", "2007-12-31": "21460.63000", "2006-12-31": "19650.49000", "2005-12-31": "19607.29000"}, "Total Assets": {"2019-12-31": "44291.20000", "2018-12-31": "41089.30000", "2017-12-31": "31843.00000", "2016-12-31": "29709.10000", "2015-12-31": "30036.40000", "2014-12-31": "31562.47000", "2013-12-31": "29714.69000", "2012-12-31": "28946.61000", "2011-12-31": "27019.86000", "2010-12-31": "26397.02000", "2009-12-31": "25860.67000", "2008-12-31": "24514.59000", "2007-12-31": "26750.32000", "2006-12-31": "25165.15000", "2005-12-31": "25365.45000"}, "Total Current Liabilities": {"2019-12-31": "32756.10000", "2018-12-31": "30612.60000", "2017-12-31": "23774.90000", "2016-12-31": "22507.80000", "2015-12-31": "22362.93000", "2014-12-31": "23031.88000", "2013-12-31": "21026.68000", "2012-12-31": "20623.93000", "2011-12-31": "19154.53000", "2010-12-31": "18239.64000", "2009-12-31": "17571.87000", "2008-12-31": "17560.85000", "2007-12-31": "17608.11000", "2006-12-31": "16280.83000", "2005-12-31": "16173.64000"}, "Long Term Debt": {"2019-12-31": "2006.90000", "2018-12-31": "2006.00000", "2017-12-31": "1068.20000", "2016-12-31": "1067.00000", "2015-12-31": "1164.65600", "2014-12-31": "1267.06500", "2013-12-31": "1733.32400", "2012-12-31": "1067.11300", "2011-12-31": "1067.77200", "2010-12-31": "1109.37600", "2009-12-31": "1192.33700", "2008-12-31": "1228.46300", "2007-12-31": "1513.51300", "2006-12-31": "1337.73200", "2005-12-31": "1582.35200"}, "Other Non-Current Liabilities": {"2019-12-31": "3846.10000", "2018-12-31": "3336.80000", "2017-12-31": "2718.40000", "2016-12-31": "2036.20000", "2015-12-31": "1984.84800", "2014-12-31": "2082.21500", "2013-12-31": "2117.83600", "2012-12-31": "1908.90600", "2011-12-31": "1893.17500", "2010-12-31": "2220.75800", "2009-12-31": "2204.93100", "2008-12-31": "2004.60200", "2007-12-31": "3410.20700", "2006-12-31": "3598.43400", "2005-12-31": "3838.22500"}, "Total Long Term Liabilities": {"2019-12-31": "5853.00000", "2018-12-31": "5342.80000", "2017-12-31": "3786.60000", "2016-12-31": "3103.20000", "2015-12-31": "3149.50400", "2014-12-31": "3349.28000", "2013-12-31": "3854.53100", "2012-12-31": "3137.30700", "2011-12-31": "2991.37800", "2010-12-31": "3376.83600", "2009-12-31": "3435.55400", "2008-12-31": "3244.22500", "2007-12-31": "5053.30900", "2006-12-31": "5051.71500", "2005-12-31": "5492.25100"}, "Total Liabilities": {"2019-12-31": "38609.10000", "2018-12-31": "35955.40000", "2017-12-31": "27561.50000", "2016-12-31": "25611.00000", "2015-12-31": "25512.44000", "2014-12-31": "26381.16000", "2013-12-31": "24881.21000", "2012-12-31": "23761.24000", "2011-12-31": "22145.91000", "2010-12-31": "21616.48000", "2009-12-31": "21007.42000", "2008-12-31": "20805.08000", "2007-12-31": "22661.41000", "2006-12-31": "21332.55000", "2005-12-31": "21665.89000"}, "Common Stock Net": {"2019-12-31": "1.60000", "2018-12-31": "1.60000", "2017-12-31": "1.50000", "2016-12-31": "1.50000", "2015-12-31": "1.49700", "2014-12-31": "1.49000", "2013-12-31": "1.48200", "2012-12-31": "1.47400", "2011-12-31": "1.46400", "2010-12-31": "1.45300", "2009-12-31": "1.44700", "2008-12-31": "1.44300", "2007-12-31": "1.43800", "2006-12-31": "1.43000", "2005-12-31": "1.42600"}, "Retained Earnings (Accumulated Deficit)": {"2019-12-31": "5966.40000", "2018-12-31": "5759.70000", "2017-12-31": "5697.30000", "2016-12-31": "5296.70000", "2015-12-31": "4856.67400", "2014-12-31": "4809.28700", "2013-12-31": "4415.87500", "2012-12-31": "4001.09600", "2011-12-31": "3586.78400", "2010-12-31": "3264.02500", "2009-12-31": "3054.46600", "2008-12-31": "2650.37100", "2007-12-31": "2269.10700", "2006-12-31": "1676.17100", "2005-12-31": "1006.91000"}, "Comprehensive Income": {"2019-12-31": "411.50000", "2018-12-31": "-155.40000", "2017-12-31": "234.00000", "2016-12-31": "94.60000", "2015-12-31": "118.54900", "2014-12-31": "555.76700", "2013-12-31": "426.83000", "2012-12-31": "830.40300", "2011-12-31": "557.57600", "2010-12-31": "285.52400", "2009-12-31": "65.92500", "2008-12-31": "-670.94600", "2007-12-31": "53.91100", "2006-12-31": "88.06400", "2005-12-31": "219.49900"}, "Other Share Holders Equity": {"2019-12-31": "", "2018-12-31": "", "2017-12-31": "", "2016-12-31": "", "2015-12-31": "", "2014-12-31": "", "2013-12-31": "", "2012-12-31": "", "2011-12-31": "", "2010-12-31": "", "2009-12-31": "", "2008-12-31": "", "2007-12-31": "", "2006-12-31": "", "2005-12-31": ""}, "Share Holder Equity": {"2019-12-31": "5682.10000", "2018-12-31": "5133.90000", "2017-12-31": "4281.50000", "2016-12-31": "4098.10000", "2015-12-31": "4523.96700", "2014-12-31": "5181.30700", "2013-12-31": "4833.47900", "2012-12-31": "5185.36600", "2011-12-31": "4873.95000", "2010-12-31": "4780.53700", "2009-12-31": "4853.24900", "2008-12-31": "3709.50500", "2007-12-31": "4088.90300", "2006-12-31": "3832.59700", "2005-12-31": "3699.55900"}, "Total Liabilities And Share Holders Equity": {"2019-12-31": "44291.20000", "2018-12-31": "41089.30000", "2017-12-31": "31843.00000", "2016-12-31": "29709.10000", "2015-12-31": "30036.40000", "2014-12-31": "31562.47000", "2013-12-31": "29714.69000", "2012-12-31": "28946.61000", "2011-12-31": "27019.86000", "2010-12-31": "26397.02000", "2009-12-31": "25860.67000", "2008-12-31": "24514.59000", "2007-12-31": "26750.32000", "2006-12-31": "25165.15000", "2005-12-31": "25365.45000"}}, "balance sheet, quarterly": {"Cash On Hand": {"2020-09-30": "2203.00000", "2020-06-30": "2137.50000", "2020-03-31": "1999.90000", "2019-12-31": "1867.10000", "2019-09-30": "1749.30000", "2019-06-30": "1490.40000", "2019-03-31": "1274.20000", "2018-12-31": "1254.00000", "2018-09-30": "1306.60000", "2018-06-30": "1253.70000", "2018-03-31": "2342.00000", "2017-12-31": "996.80000", "2017-09-30": "992.80000", "2017-06-30": "848.20000", "2017-03-31": "874.50000", "2016-12-31": "1032.00000", "2016-09-30": "1116.62300", "2016-06-30": "1232.67400", "2016-03-31": "2060.81500", "2015-12-31": "1288.30500", "2015-09-30": "1543.93600", "2015-06-30": "1297.43600", "2015-03-31": "1065.16500", "2014-12-31": "1318.65600", "2014-09-30": "1411.26600", "2014-06-30": "1398.87000", "2014-03-31": "1105.91200", "2013-12-31": "1717.18400", "2013-09-30": "1286.69700", "2013-06-30": "1270.39500", "2013-03-31": "1604.62500", "2012-12-31": "909.40400", "2012-09-30": "1072.50600", "2012-06-30": "1106.99200", "2012-03-31": "1064.81500", "2011-12-31": "1166.71300", "2011-09-30": "1059.52300", "2011-06-30": "1135.09900", "2011-03-31": "940.43400", "2010-12-31": "1150.51600", "2010-09-30": "1168.30700", "2010-06-30": "1003.72300", "2010-03-31": "932.54100", "2009-12-31": "1318.55200", "2009-09-30": "1235.85100", "2009-06-30": "809.18200", "2009-03-31": "664.33900", "2008-12-31": "1040.68400", "2008-09-30": "1053.67900", "2008-06-30": "956.60300", "2008-03-31": "1020.59400", "2007-12-31": "804.96400", "2007-09-30": "815.14700", "2007-06-30": "1010.07100", "2007-03-31": "759.83500", "2006-12-31": "987.67200", "2006-09-30": "647.13700", "2006-06-30": "663.50100", "2006-03-31": "650.70500", "2005-12-31": "855.56900", "2005-09-30": "641.26800", "2005-06-30": "500.77000", "2005-03-31": "475.03400"}, "Receivables": {"2020-09-30": "11372.90000", "2020-06-30": "11057.30000", "2020-03-31": "11175.50000", "2019-12-31": "11286.20000", "2019-09-30": "11277.70000", "2019-06-30": "10908.30000", "2019-03-31": "10757.10000", "2018-12-31": "10809.50000", "2018-09-30": "12857.80000", "2018-06-30": "12491.00000", "2018-03-31": "10526.90000", "2017-12-31": "11027.50000", "2017-09-30": "11864.70000", "2017-06-30": "10289.50000", "2017-03-31": "10112.80000", "2016-12-31": "10301.20000", "2016-09-30": "10372.69000", "2016-06-30": "9945.64200", "2016-03-31": "10021.35000", "2015-12-31": "8731.12000", "2015-09-30": "8554.28800", "2015-06-30": "8803.22600", "2015-03-31": "8779.26900", "2014-12-31": "8700.21500", "2014-09-30": "7489.90800", "2014-06-30": "7297.13300", "2014-03-31": "6953.63500", "2013-12-31": "6832.30500", "2013-09-30": "6667.75100", "2013-06-30": "6567.39900", "2013-03-31": "6757.38800", "2012-12-31": "6971.76400", "2012-09-30": "6251.28600", "2012-06-30": "6113.92600", "2012-03-31": "6101.71700", "2011-12-31": "6060.18600", "2011-09-30": "5909.77900", "2011-06-30": "5763.92900", "2011-03-31": "5625.27400", "2010-12-31": "5540.24300", "2010-09-30": "5476.31800", "2010-06-30": "5185.00300", "2010-03-31": "5108.48100", "2009-12-31": "4739.66700", "2009-09-30": "4599.31200", "2009-06-30": "4655.89200", "2009-03-31": "4516.10800", "2008-12-31": "4523.35100", "2008-09-30": "4530.36800", "2008-06-30": "4444.83700", "2008-03-31": "4516.68900", "2007-12-31": "4484.72700", "2007-09-30": "4505.31400", "2007-06-30": "4425.99100", "2007-03-31": "4368.18700", "2006-12-31": "4526.98300", "2006-09-30": "4513.51600", "2006-06-30": "4461.58500", "2006-03-31": "4589.96300", "2005-12-31": "4902.59900", "2005-09-30": "5270.95300", "2005-06-30": "4482.47900", "2005-03-31": "4621.96300"}, "Inventory": {"2020-09-30": "", "2020-06-30": "", "2020-03-31": "", "2019-12-31": "", "2019-09-30": "", "2019-06-30": "", "2019-03-31": "", "2018-12-31": "", "2018-09-30": "", "2018-06-30": "", "2018-03-31": "", "2017-12-31": "", "2017-09-30": "", "2017-06-30": "", "2017-03-31": "", "2016-12-31": "", "2016-09-30": "", "2016-06-30": "", "2016-03-31": "", "2015-12-31": "", "2015-09-30": "", "2015-06-30": "", "2015-03-31": "", "2014-12-31": "", "2014-09-30": "", "2014-06-30": "", "2014-03-31": "", "2013-12-31": "", "2013-09-30": "", "2013-06-30": "", "2013-03-31": "", "2012-12-31": "", "2012-09-30": "", "2012-06-30": "", "2012-03-31": "", "2011-12-31": "", "2011-09-30": "", "2011-06-30": "", "2011-03-31": "", "2010-12-31": "", "2010-09-30": "", "2010-06-30": "", "2010-03-31": "", "2009-12-31": "", "2009-09-30": "", "2009-06-30": "", "2009-03-31": "", "2008-12-31": "", "2008-09-30": "", "2008-06-30": "", "2008-03-31": "", "2007-12-31": "", "2007-09-30": "", "2007-06-30": "", "2007-03-31": "", "2006-12-31": "", "2006-09-30": "", "2006-06-30": "", "2006-03-31": "", "2005-12-31": "", "2005-09-30": "", "2005-06-30": "", "2005-03-31": ""}, "Pre-Paid Expenses": {"2020-09-30": "", "2020-06-30": "", "2020-03-31": "", "2019-12-31": "", "2019-09-30": "", "2019-06-30": "", "2019-03-31": "", "2018-12-31": "", "2018-09-30": "", "2018-06-30": "", "2018-03-31": "", "2017-12-31": "", "2017-09-30": "", "2017-06-30": "", "2017-03-31": "", "2016-12-31": "", "2016-09-30": "", "2016-06-30": "", "2016-03-31": "", "2015-12-31": "", "2015-09-30": "", "2015-06-30": "", "2015-03-31": "", "2014-12-31": "", "2014-09-30": "", "2014-06-30": "", "2014-03-31": "", "2013-12-31": "", "2013-09-30": "", "2013-06-30": "", "2013-03-31": "", "2012-12-31": "", "2012-09-30": "", "2012-06-30": "", "2012-03-31": "", "2011-12-31": "", "2011-09-30": "", "2011-06-30": "", "2011-03-31": "", "2010-12-31": "", "2010-09-30": "", "2010-06-30": "", "2010-03-31": "", "2009-12-31": "", "2009-09-30": "", "2009-06-30": "", "2009-03-31": "", "2008-12-31": "", "2008-09-30": "", "2008-06-30": "", "2008-03-31": "", "2007-12-31": "", "2007-09-30": "", "2007-06-30": "", "2007-03-31": "", "2006-12-31": "", "2006-09-30": "", "2006-06-30": "", "2006-03-31": "", "2005-12-31": "", "2005-09-30": "", "2005-06-30": "", "2005-03-31": ""}, "Other Current Assets": {"2020-09-30": "", "2020-06-30": "", "2020-03-31": "", "2019-12-31": "", "2019-09-30": "", "2019-06-30": "", "2019-03-31": "", "2018-12-31": "", "2018-09-30": "", "2018-06-30": "", "2018-03-31": "", "2017-12-31": "", "2017-09-30": "", "2017-06-30": "", "2017-03-31": "", "2016-12-31": "", "2016-09-30": "", "2016-06-30": "", "2016-03-31": "", "2015-12-31": "", "2015-09-30": "", "2015-06-30": "", "2015-03-31": "", "2014-12-31": "", "2014-09-30": "", "2014-06-30": "", "2014-03-31": "", "2013-12-31": "", "2013-09-30": "", "2013-06-30": "", "2013-03-31": "", "2012-12-31": "", "2012-09-30": "", "2012-06-30": "", "2012-03-31": "", "2011-12-31": "", "2011-09-30": "", "2011-06-30": "", "2011-03-31": "", "2010-12-31": "", "2010-09-30": "", "2010-06-30": "", "2010-03-31": "", "2009-12-31": "", "2009-09-30": "", "2009-06-30": "", "2009-03-31": "", "2008-12-31": "", "2008-09-30": "", "2008-06-30": "", "2008-03-31": "", "2007-12-31": "", "2007-09-30": "", "2007-06-30": "", "2007-03-31": "", "2006-12-31": "", "2006-09-30": "", "2006-06-30": "", "2006-03-31": "", "2005-12-31": "", "2005-09-30": "", "2005-06-30": "", "2005-03-31": ""}, "Total Current Assets": {"2020-09-30": "13575.90000", "2020-06-30": "13194.80000", "2020-03-31": "13175.40000", "2019-12-31": "13153.30000", "2019-09-30": "13027.00000", "2019-06-30": "12398.70000", "2019-03-31": "12031.30000", "2018-12-31": "12063.50000", "2018-09-30": "14164.40000", "2018-06-30": "13744.70000", "2018-03-31": "12868.90000", "2017-12-31": "12024.30000", "2017-09-30": "12857.50000", "2017-06-30": "11137.70000", "2017-03-31": "10987.30000", "2016-12-31": "11333.20000", "2016-09-30": "11489.31000", "2016-06-30": "11178.32000", "2016-03-31": "12082.17000", "2015-12-31": "10019.42000", "2015-09-30": "10098.22000", "2015-06-30": "10100.66000", "2015-03-31": "9844.43400", "2014-12-31": "10018.87000", "2014-09-30": "8901.17400", "2014-06-30": "8696.00300", "2014-03-31": "8059.54700", "2013-12-31": "8549.48800", "2013-09-30": "7954.44800", "2013-06-30": "7837.79400", "2013-03-31": "8362.01300", "2012-12-31": "7881.16700", "2012-09-30": "7323.79200", "2012-06-30": "7220.91800", "2012-03-31": "7166.53200", "2011-12-31": "7226.89900", "2011-09-30": "6969.30200", "2011-06-30": "6899.02800", "2011-03-31": "6565.70800", "2010-12-31": "6690.75900", "2010-09-30": "6644.62500", "2010-06-30": "6188.72600", "2010-03-31": "6041.02200", "2009-12-31": "6058.21900", "2009-09-30": "5835.16300", "2009-06-30": "5465.07400", "2009-03-31": "5180.44700", "2008-12-31": "5564.03500", "2008-09-30": "5584.04700", "2008-06-30": "5401.44000", "2008-03-31": "5537.28300", "2007-12-31": "5289.69100", "2007-09-30": "5320.46100", "2007-06-30": "5436.06200", "2007-03-31": "5128.02200", "2006-12-31": "5514.65500", "2006-09-30": "5160.65300", "2006-06-30": "5125.08600", "2006-03-31": "5240.66800", "2005-12-31": "5758.16800", "2005-09-30": "5912.22100", "2005-06-30": "4983.24900", "2005-03-31": "5096.99700"}, "Property, Plant, And Equipment": {"2020-09-30": "468.40000", "2020-06-30": "450.10000", "2020-03-31": "438.10000", "2019-12-31": "433.70000", "2019-09-30": "418.80000", "2019-06-30": "419.20000", "2019-03-31": "409.80000", "2018-12-31": "392.50000", "2018-09-30": "381.70000", "2018-06-30": "370.60000", "2018-03-31": "355.20000", "2017-12-31": "347.60000", "2017-09-30": "358.40000", "2017-06-30": "355.50000", "2017-03-31": "348.80000", "2016-12-31": "343.60000", "2016-09-30": "337.10000", "2016-06-30": "327.86100", "2016-03-31": "312.32400", "2015-12-31": "298.41400", "2015-09-30": "286.75100", "2015-06-30": "289.41600", "2015-03-31": "286.18600", "2014-12-31": "277.64500", "2014-09-30": "274.41900", "2014-06-30": "262.11700", "2014-03-31": "255.51400", "2013-12-31": "253.63000", "2013-09-30": "253.87000", "2013-06-30": "250.56400", "2013-03-31": "250.48100", "2012-12-31": "250.79600", "2012-09-30": "246.96900", "2012-06-30": "241.72200", "2012-03-31": "236.46500", "2011-12-31": "242.90800", "2011-09-30": "247.49700", "2011-06-30": "254.25700", "2011-03-31": "259.46000", "2010-12-31": "267.16900", "2010-09-30": "272.75000", "2010-06-30": "272.92200", "2010-03-31": "273.27000", "2009-12-31": "275.42000", "2009-09-30": "274.64600", "2009-06-30": "275.73500", "2009-03-31": "277.28800", "2008-12-31": "278.62100", "2008-09-30": "266.28100", "2008-06-30": "270.13900", "2008-03-31": "272.33300", "2007-12-31": "275.77900", "2007-09-30": "276.96000", "2007-06-30": "279.74800", "2007-03-31": "278.65300", "2006-12-31": "275.20100", "2006-09-30": "271.69600", "2006-06-30": "274.67000", "2006-03-31": "268.24200", "2005-12-31": "267.72000", "2005-09-30": "275.14900", "2005-06-30": "273.64200", "2005-03-31": "278.69100"}, "Long-Term Investments": {"2020-09-30": "15338.90000", "2020-06-30": "16460.00000", "2020-03-31": "15708.70000", "2019-12-31": "16718.50000", "2019-09-30": "16756.20000", "2019-06-30": "16643.30000", "2019-03-31": "16172.20000", "2018-12-31": "15214.80000", "2018-09-30": "15231.40000", "2018-06-30": "14830.50000", "2018-03-31": "12113.60000", "2017-12-31": "12405.40000", "2017-09-30": "11790.70000", "2017-06-30": "11745.50000", "2017-03-31": "11565.00000", "2016-12-31": "11589.10000", "2016-09-30": "12149.91000", "2016-06-30": "12073.48000", "2016-03-31": "11539.68000", "2015-12-31": "13124.52000", "2015-09-30": "13636.56000", "2015-06-30": "13838.88000", "2015-03-31": "14317.12000", "2014-12-31": "14270.32000", "2014-09-30": "14759.92000", "2014-06-30": "14811.11000", "2014-03-31": "14771.32000", "2013-12-31": "14389.20000", "2013-09-30": "15030.75000", "2013-06-30": "14798.72000", "2013-03-31": "15045.44000", "2012-12-31": "15125.35000", "2012-09-30": "14926.89000", "2012-06-30": "14309.49000", "2012-03-31": "14297.19000", "2011-12-31": "14179.95000", "2011-09-30": "14095.76000", "2011-06-30": "13741.96000", "2011-03-31": "14072.97000", "2010-12-31": "13666.92000", "2010-09-30": "14055.14000", "2010-06-30": "13850.54000", "2010-03-31": "13777.85000", "2009-12-31": "13313.59000", "2009-09-30": "13300.82000", "2009-06-30": "12788.45000", "2009-03-31": "12031.87000", "2008-12-31": "12211.47000", "2008-09-30": "12772.22000", "2008-06-30": "13678.35000", "2008-03-31": "13813.44000", "2007-12-31": "13896.32000", "2007-09-30": "13744.12000", "2007-06-30": "12993.20000", "2007-03-31": "13189.58000", "2006-12-31": "12566.95000", "2006-09-30": "12926.32000", "2006-06-30": "12429.21000", "2006-03-31": "12381.20000", "2005-12-31": "12643.97000", "2005-09-30": "12595.95000", "2005-06-30": "12686.99000", "2005-03-31": "12528.36000"}, "Goodwill And Intangible Assets": {"2020-09-30": "4247.40000", "2020-06-30": "4563.40000", "2020-03-31": "4610.50000", "2019-12-31": "4887.90000", "2019-09-30": "5141.10000", "2019-06-30": "5456.80000", "2019-03-31": "5795.80000", "2018-12-31": "6102.00000", "2018-09-30": "6860.80000", "2018-06-30": "6996.50000", "2018-03-31": "1221.50000", "2017-12-31": "1230.70000", "2017-09-30": "1248.90000", "2017-06-30": "1250.20000", "2017-03-31": "1254.60000", "2016-12-31": "1103.30000", "2016-09-30": "1137.31500", "2016-06-30": "1121.22000", "2016-03-31": "1152.84700", "2015-12-31": "1151.82900", "2015-09-30": "1185.89900", "2015-06-30": "1216.15600", "2015-03-31": "1203.35900", "2014-12-31": "1268.66100", "2014-09-30": "1233.33100", "2014-06-30": "1224.70600", "2014-03-31": "1182.18100", "2013-12-31": "1192.74600", "2013-09-30": "1021.93400", "2013-06-30": "968.50300", "2013-03-31": "994.66600", "2012-12-31": "965.81700", "2012-09-30": "975.23900", "2012-06-30": "985.92900", "2012-03-31": "1012.50700", "2011-12-31": "1013.94300", "2011-09-30": "1018.77700", "2011-06-30": "1065.18500", "2011-03-31": "1006.73600", "2010-12-31": "1013.49600", "2010-09-30": "1011.44200", "2010-06-30": "1012.74200", "2010-03-31": "1016.35100", "2009-12-31": "1021.03000", "2009-09-30": "1107.08100", "2009-06-30": "1110.68900", "2009-03-31": "1109.65400", "2008-12-31": "1110.10300", "2008-09-30": "952.95000", "2008-06-30": "945.25300", "2008-03-31": "949.93600", "2007-12-31": "958.26800", "2007-09-30": "936.19000", "2007-06-30": "917.90500", "2007-03-31": "921.01500", "2006-12-31": "924.95600", "2006-09-30": "944.05000", "2006-06-30": "948.50900", "2006-03-31": "952.42600", "2005-12-31": "956.37600", "2005-09-30": "974.13600", "2005-06-30": "981.45200", "2005-03-31": "986.43100"}, "Other Long-Term Assets": {"2020-09-30": "2546.50000", "2020-06-30": "2561.70000", "2020-03-31": "2288.70000", "2019-12-31": "2429.80000", "2019-09-30": "2247.20000", "2019-06-30": "2453.90000", "2019-03-31": "2456.40000", "2018-12-31": "2213.50000", "2018-09-30": "2534.70000", "2018-06-30": "2536.30000", "2018-03-31": "2222.40000", "2017-12-31": "2350.50000", "2017-09-30": "2667.10000", "2017-06-30": "2243.40000", "2017-03-31": "2122.00000", "2016-12-31": "2072.50000", "2016-09-30": "2136.10900", "2016-06-30": "2101.73100", "2016-03-31": "2120.56500", "2015-12-31": "2291.28500", "2015-09-30": "2252.35400", "2015-06-30": "2318.73400", "2015-03-31": "2321.84800", "2014-12-31": "2769.22900", "2014-09-30": "2226.47300", "2014-06-30": "2365.94200", "2014-03-31": "2241.79100", "2013-12-31": "2200.68900", "2013-09-30": "1996.94100", "2013-06-30": "1913.68700", "2013-03-31": "1941.89000", "2012-12-31": "1862.31300", "2012-09-30": "1936.36400", "2012-06-30": "1850.39600", "2012-03-31": "1965.38400", "2011-12-31": "1819.02700", "2011-09-30": "1878.77600", "2011-06-30": "2165.71500", "2011-03-31": "2242.00600", "2010-12-31": "2188.82500", "2010-09-30": "2428.38800", "2010-06-30": "2320.12700", "2010-03-31": "2537.56400", "2009-12-31": "2520.51500", "2009-09-30": "2438.28500", "2009-06-30": "2250.66500", "2009-03-31": "2111.27000", "2008-12-31": "2250.31200", "2008-09-30": "2667.68000", "2008-06-30": "2988.64400", "2008-03-31": "2977.92900", "2007-12-31": "3434.91700", "2007-09-30": "3544.54600", "2007-06-30": "3511.54300", "2007-03-31": "3437.22400", "2006-12-31": "3485.48200", "2006-09-30": "3448.70000", "2006-06-30": "3525.56100", "2006-03-31": "3743.65200", "2005-12-31": "3716.90800", "2005-09-30": "3757.85300", "2005-06-30": "3745.18600", "2005-03-31": "3688.60500"}, "Total Long-Term Assets": {"2020-09-30": "30006.70000", "2020-06-30": "31038.40000", "2020-03-31": "30247.90000", "2019-12-31": "31137.90000", "2019-09-30": "30724.50000", "2019-06-30": "30740.80000", "2019-03-31": "30205.70000", "2018-12-31": "29025.80000", "2018-09-30": "29278.70000", "2018-06-30": "28616.60000", "2018-03-31": "19559.00000", "2017-12-31": "19818.70000", "2017-09-30": "19547.70000", "2017-06-30": "18921.20000", "2017-03-31": "18580.40000", "2016-12-31": "18375.90000", "2016-09-30": "18794.53000", "2016-06-30": "18625.90000", "2016-03-31": "18205.03000", "2015-12-31": "20016.98000", "2015-09-30": "20487.87000", "2015-06-30": "20741.42000", "2015-03-31": "20955.92000", "2014-12-31": "21543.59000", "2014-09-30": "21771.96000", "2014-06-30": "21921.17000", "2014-03-31": "21608.84000", "2013-12-31": "21165.20000", "2013-09-30": "21394.14000", "2013-06-30": "20891.00000", "2013-03-31": "21119.53000", "2012-12-31": "21065.44000", "2012-09-30": "20845.83000", "2012-06-30": "20022.67000", "2012-03-31": "20088.34000", "2011-12-31": "19792.96000", "2011-09-30": "19804.70000", "2011-06-30": "19880.73000", "2011-03-31": "20131.67000", "2010-12-31": "19706.26000", "2010-09-30": "20200.71000", "2010-06-30": "19926.60000", "2010-03-31": "20197.79000", "2009-12-31": "19802.45000", "2009-09-30": "19830.41000", "2009-06-30": "19357.40000", "2009-03-31": "18640.20000", "2008-12-31": "18950.55000", "2008-09-30": "19770.27000", "2008-06-30": "20810.59000", "2008-03-31": "20909.13000", "2007-12-31": "21460.63000", "2007-09-30": "21247.92000", "2007-06-30": "20336.89000", "2007-03-31": "20333.03000", "2006-12-31": "19650.49000", "2006-09-30": "19862.80000", "2006-06-30": "19407.33000", "2006-03-31": "19440.02000", "2005-12-31": "19607.29000", "2005-09-30": "19500.22000", "2005-06-30": "19473.51000", "2005-03-31": "19224.98000"}, "Total Assets": {"2020-09-30": "43582.60000", "2020-06-30": "44233.20000", "2020-03-31": "43423.30000", "2019-12-31": "44291.20000", "2019-09-30": "43751.50000", "2019-06-30": "43139.50000", "2019-03-31": "42237.00000", "2018-12-31": "41089.30000", "2018-09-30": "43443.10000", "2018-06-30": "42361.30000", "2018-03-31": "32427.90000", "2017-12-31": "31843.00000", "2017-09-30": "32405.20000", "2017-06-30": "30058.90000", "2017-03-31": "29567.70000", "2016-12-31": "29709.10000", "2016-09-30": "30283.84000", "2016-06-30": "29804.21000", "2016-03-31": "30287.20000", "2015-12-31": "30036.40000", "2015-09-30": "30586.09000", "2015-06-30": "30842.08000", "2015-03-31": "30800.36000", "2014-12-31": "31562.47000", "2014-09-30": "30673.13000", "2014-06-30": "30617.17000", "2014-03-31": "29668.38000", "2013-12-31": "29714.69000", "2013-09-30": "29348.59000", "2013-06-30": "28728.79000", "2013-03-31": "29481.54000", "2012-12-31": "28946.61000", "2012-09-30": "28169.62000", "2012-06-30": "27243.59000", "2012-03-31": "27254.87000", "2011-12-31": "27019.86000", "2011-09-30": "26774.00000", "2011-06-30": "26779.76000", "2011-03-31": "26697.38000", "2010-12-31": "26397.02000", "2010-09-30": "26845.33000", "2010-06-30": "26115.33000", "2010-03-31": "26238.81000", "2009-12-31": "25860.67000", "2009-09-30": "25665.58000", "2009-06-30": "24822.47000", "2009-03-31": "23820.64000", "2008-12-31": "24514.59000", "2008-09-30": "25354.31000", "2008-06-30": "26212.03000", "2008-03-31": "26446.41000", "2007-12-31": "26750.32000", "2007-09-30": "26568.38000", "2007-06-30": "25772.96000", "2007-03-31": "25461.05000", "2006-12-31": "25165.15000", "2006-09-30": "25023.45000", "2006-06-30": "24532.42000", "2006-03-31": "24680.68000", "2005-12-31": "25365.45000", "2005-09-30": "25412.44000", "2005-06-30": "24456.76000", "2005-03-31": "24321.97000"}, "Total Current Liabilities": {"2020-09-30": "33266.70000", "2020-06-30": "32299.50000", "2020-03-31": "32247.60000", "2019-12-31": "32756.10000", "2019-09-30": "32313.40000", "2019-06-30": "31470.80000", "2019-03-31": "30817.00000", "2018-12-31": "30612.60000", "2018-09-30": "32558.50000", "2018-06-30": "31637.00000", "2018-03-31": "22991.50000", "2017-12-31": "23774.90000", "2017-09-30": "25107.60000", "2017-06-30": "22595.10000", "2017-03-31": "22268.50000", "2016-12-31": "22507.80000", "2016-09-30": "22392.01000", "2016-06-30": "21690.40000", "2016-03-31": "21664.78000", "2015-12-31": "22362.93000", "2015-09-30": "22740.98000", "2015-06-30": "22611.10000", "2015-03-31": "22258.20000", "2014-12-31": "23031.88000", "2014-09-30": "21676.76000", "2014-06-30": "21562.75000", "2014-03-31": "20946.70000", "2013-12-31": "21026.68000", "2013-09-30": "20732.72000", "2013-06-30": "20175.54000", "2013-03-31": "20345.88000", "2012-12-31": "20623.93000", "2012-09-30": "19743.33000", "2012-06-30": "19183.55000", "2012-03-31": "19133.76000", "2011-12-31": "19154.53000", "2011-09-30": "18808.27000", "2011-06-30": "18656.56000", "2011-03-31": "18401.51000", "2010-12-31": "18239.64000", "2010-09-30": "18155.05000", "2010-06-30": "17949.79000", "2010-03-31": "17819.47000", "2009-12-31": "17571.87000", "2009-09-30": "17374.59000", "2009-06-30": "17204.43000", "2009-03-31": "17081.66000", "2008-12-31": "17560.85000", "2008-09-30": "17789.63000", "2008-06-30": "17558.15000", "2008-03-31": "17608.27000", "2007-12-31": "17608.11000", "2007-09-30": "17351.41000", "2007-06-30": "16676.72000", "2007-03-31": "16307.23000", "2006-12-31": "16280.83000", "2006-09-30": "16020.38000", "2006-06-30": "15787.04000", "2006-03-31": "15597.19000", "2005-12-31": "16173.64000", "2005-09-30": "16243.43000", "2005-06-30": "15034.99000", "2005-03-31": "15096.48000"}, "Long Term Debt": {"2020-09-30": "2008.60000", "2020-06-30": "2208.00000", "2020-03-31": "2207.50000", "2019-12-31": "2006.90000", "2019-09-30": "2006.30000", "2019-06-30": "2007.30000", "2019-03-31": "2006.60000", "2018-12-31": "2006.00000", "2018-09-30": "2005.40000", "2018-06-30": "2004.80000", "2018-03-31": "2004.40000", "2017-12-31": "1068.20000", "2017-09-30": "1067.90000", "2017-06-30": "1136.60000", "2017-03-31": "1067.30000", "2016-12-31": "1067.00000", "2016-09-30": "1165.55700", "2016-06-30": "1165.25500", "2016-03-31": "1414.70400", "2015-12-31": "1164.65600", "2015-09-30": "1222.33900", "2015-06-30": "1266.51800", "2015-03-31": "1264.39400", "2014-12-31": "1267.06500", "2014-09-30": "1266.97800", "2014-06-30": "1266.14900", "2014-03-31": "1266.85600", "2013-12-31": "1733.32400", "2013-09-30": "1734.14900", "2013-06-30": "1742.89000", "2013-03-31": "1765.13400", "2012-12-31": "1067.11300", "2012-09-30": "1066.39200", "2012-06-30": "1066.95200", "2012-03-31": "1066.59800", "2011-12-31": "1067.77200", "2011-09-30": "1068.69800", "2011-06-30": "1065.34500", "2011-03-31": "1244.55000", "2010-12-31": "1109.37600", "2010-09-30": "1107.38500", "2010-06-30": "1106.86800", "2010-03-31": "1115.52300", "2009-12-31": "1192.33700", "2009-09-30": "1169.32000", "2009-06-30": "1196.78100", "2009-03-31": "1174.59800", "2008-12-31": "1228.46300", "2008-09-30": "1327.89400", "2008-06-30": "1482.81200", "2008-03-31": "1493.23300", "2007-12-31": "1513.51300", "2007-09-30": "1626.69100", "2007-06-30": "1601.08100", "2007-03-31": "1547.92500", "2006-12-31": "1337.73200", "2006-09-30": "1634.36000", "2006-06-30": "1577.67000", "2006-03-31": "1514.90900", "2005-12-31": "1582.35200", "2005-09-30": "1505.98100", "2005-06-30": "1553.59200", "2005-03-31": "1571.95200"}, "Other Non-Current Liabilities": {"2020-09-30": "2367.30000", "2020-06-30": "3741.20000", "2020-03-31": "3582.00000", "2019-12-31": "3846.10000", "2019-09-30": "3741.40000", "2019-06-30": "3901.10000", "2019-03-31": "3941.70000", "2018-12-31": "3336.80000", "2018-09-30": "3639.50000", "2018-06-30": "3386.60000", "2018-03-31": "2931.00000", "2017-12-31": "2718.40000", "2017-09-30": "2091.50000", "2017-06-30": "2102.60000", "2017-03-31": "2073.10000", "2016-12-31": "2036.20000", "2016-09-30": "2164.27500", "2016-06-30": "2259.18600", "2016-03-31": "2384.97600", "2015-12-31": "1984.84800", "2015-09-30": "1939.16900", "2015-06-30": "2109.55800", "2015-03-31": "2118.36300", "2014-12-31": "2082.21500", "2014-09-30": "2039.16000", "2014-06-30": "2113.65200", "2014-03-31": "2092.00700", "2013-12-31": "2117.83600", "2013-09-30": "2032.96200", "2013-06-30": "1947.94000", "2013-03-31": "1984.42500", "2012-12-31": "1908.90600", "2012-09-30": "1946.73600", "2012-06-30": "1907.18400", "2012-03-31": "2035.91700", "2011-12-31": "1893.17500", "2011-09-30": "1868.88300", "2011-06-30": "2181.86900", "2011-03-31": "2253.92200", "2010-12-31": "2220.75800", "2010-09-30": "2103.60500", "2010-06-30": "1972.65900", "2010-03-31": "2200.95500", "2009-12-31": "2204.93100", "2009-09-30": "2166.25900", "2009-06-30": "1993.03800", "2009-03-31": "1821.41200", "2008-12-31": "2004.60200", "2008-09-30": "2493.82200", "2008-06-30": "2912.43300", "2008-03-31": "2979.64400", "2007-12-31": "3410.20700", "2007-09-30": "3581.17400", "2007-06-30": "3603.30100", "2007-03-31": "3524.22200", "2006-12-31": "3598.43400", "2006-09-30": "3522.76700", "2006-06-30": "3574.18800", "2006-03-31": "3855.29000", "2005-12-31": "3838.22500", "2005-09-30": "3878.13600", "2005-06-30": "3859.22200", "2005-03-31": "3883.64400"}, "Total Long Term Liabilities": {"2020-09-30": "4375.90000", "2020-06-30": "5949.20000", "2020-03-31": "5789.50000", "2019-12-31": "5853.00000", "2019-09-30": "5747.70000", "2019-06-30": "5908.40000", "2019-03-31": "5948.30000", "2018-12-31": "5342.80000", "2018-09-30": "5644.90000", "2018-06-30": "5391.40000", "2018-03-31": "4935.40000", "2017-12-31": "3786.60000", "2017-09-30": "3159.40000", "2017-06-30": "3239.20000", "2017-03-31": "3140.40000", "2016-12-31": "3103.20000", "2016-09-30": "3386.91500", "2016-06-30": "3505.74300", "2016-03-31": "4057.76700", "2015-12-31": "3149.50400", "2015-09-30": "3161.50800", "2015-06-30": "3403.02100", "2015-03-31": "3413.95000", "2014-12-31": "3349.28000", "2014-09-30": "3653.80500", "2014-06-30": "3704.72100", "2014-03-31": "3625.39600", "2013-12-31": "3854.53100", "2013-09-30": "3832.94800", "2013-06-30": "3757.37300", "2013-03-31": "3929.06100", "2012-12-31": "3137.30700", "2012-09-30": "3196.68500", "2012-06-30": "3026.47200", "2012-03-31": "3156.21500", "2011-12-31": "2991.37800", "2011-09-30": "2951.25500", "2011-06-30": "3247.21400", "2011-03-31": "3548.47400", "2010-12-31": "3376.83600", "2010-09-30": "3323.74800", "2010-06-30": "3127.37700", "2010-03-31": "3445.75700", "2009-12-31": "3435.55400", "2009-09-30": "3387.54300", "2009-06-30": "3253.47100", "2009-03-31": "3068.66600", "2008-12-31": "3244.22500", "2008-09-30": "3832.87600", "2008-06-30": "4406.40500", "2008-03-31": "4630.92500", "2007-12-31": "5053.30900", "2007-09-30": "5293.90200", "2007-06-30": "5281.84000", "2007-03-31": "5232.55800", "2006-12-31": "5051.71500", "2006-09-30": "5243.63200", "2006-06-30": "5175.01800", "2006-03-31": "5429.92800", "2005-12-31": "5492.25100", "2005-09-30": "5503.21300", "2005-06-30": "5578.35200", "2005-03-31": "5589.91500"}, "Total Liabilities": {"2020-09-30": "37642.60000", "2020-06-30": "38248.70000", "2020-03-31": "38037.10000", "2019-12-31": "38609.10000", "2019-09-30": "38061.10000", "2019-06-30": "37379.20000", "2019-03-31": "36765.30000", "2018-12-31": "35955.40000", "2018-09-30": "38203.40000", "2018-06-30": "37028.40000", "2018-03-31": "27926.90000", "2017-12-31": "27561.50000", "2017-09-30": "28267.00000", "2017-06-30": "25834.30000", "2017-03-31": "25408.90000", "2016-12-31": "25611.00000", "2016-09-30": "25778.92000", "2016-06-30": "25196.14000", "2016-03-31": "25722.55000", "2015-12-31": "25512.44000", "2015-09-30": "25902.49000", "2015-06-30": "26014.12000", "2015-03-31": "25672.14000", "2014-12-31": "26381.16000", "2014-09-30": "25330.57000", "2014-06-30": "25267.47000", "2014-03-31": "24572.10000", "2013-12-31": "24881.21000", "2013-09-30": "24565.67000", "2013-06-30": "23932.91000", "2013-03-31": "24274.94000", "2012-12-31": "23761.24000", "2012-09-30": "22940.01000", "2012-06-30": "22210.02000", "2012-03-31": "22289.98000", "2011-12-31": "22145.91000", "2011-09-30": "21759.53000", "2011-06-30": "21903.78000", "2011-03-31": "21949.98000", "2010-12-31": "21616.48000", "2010-09-30": "21478.79000", "2010-06-30": "21077.16000", "2010-03-31": "21265.23000", "2009-12-31": "21007.42000", "2009-09-30": "20762.13000", "2009-06-30": "20457.90000", "2009-03-31": "20150.32000", "2008-12-31": "20805.08000", "2008-09-30": "21622.50000", "2008-06-30": "21964.55000", "2008-03-31": "22239.20000", "2007-12-31": "22661.41000", "2007-09-30": "22645.31000", "2007-06-30": "21958.56000", "2007-03-31": "21539.79000", "2006-12-31": "21332.55000", "2006-09-30": "21264.01000", "2006-06-30": "20962.06000", "2006-03-31": "21027.12000", "2005-12-31": "21665.89000", "2005-09-30": "21746.64000", "2005-06-30": "20613.34000", "2005-03-31": "20686.40000"}, "Common Stock Net": {"2020-09-30": "1.60000", "2020-06-30": "1.60000", "2020-03-31": "1.60000", "2019-12-31": "1.60000", "2019-09-30": "1.60000", "2019-06-30": "1.60000", "2019-03-31": "1.60000", "2018-12-31": "1.60000", "2018-09-30": "1.60000", "2018-06-30": "1.60000", "2018-03-31": "1.50000", "2017-12-31": "1.50000", "2017-09-30": "1.50000", "2017-06-30": "1.50000", "2017-03-31": "1.50000", "2016-12-31": "1.50000", "2016-09-30": "1.50300", "2016-06-30": "1.50200", "2016-03-31": "1.50000", "2015-12-31": "1.49700", "2015-09-30": "1.49700", "2015-06-30": "1.49600", "2015-03-31": "1.49300", "2014-12-31": "1.49000", "2014-09-30": "1.49000", "2014-06-30": "1.48900", "2014-03-31": "1.48600", "2013-12-31": "1.48200", "2013-09-30": "1.48200", "2013-06-30": "1.48000", "2013-03-31": "1.47800", "2012-12-31": "1.47400", "2012-09-30": "1.47300", "2012-06-30": "1.47200", "2012-03-31": "1.46300", "2011-12-31": "1.46400", "2011-09-30": "1.45800", "2011-06-30": "1.45700", "2011-03-31": "1.45600", "2010-12-31": "1.45300", "2010-09-30": "1.45300", "2010-06-30": "1.45100", "2010-03-31": "1.45100", "2009-12-31": "1.44700", "2009-09-30": "1.44700", "2009-06-30": "1.44500", "2009-03-31": "1.44500", "2008-12-31": "1.44300", "2008-09-30": "1.44300", "2008-06-30": "1.44200", "2008-03-31": "1.44000", "2007-12-31": "1.43800", "2007-09-30": "1.43700", "2007-06-30": "1.43600", "2007-03-31": "1.43200", "2006-12-31": "1.43000", "2006-09-30": "1.42900", "2006-06-30": "1.42800", "2006-03-31": "1.42700", "2005-12-31": "1.42600", "2005-09-30": "1.42500", "2005-06-30": "1.42400", "2005-03-31": "1.42300"}, "Retained Earnings (Accumulated Deficit)": {"2020-09-30": "6126.00000", "2020-06-30": "6194.40000", "2020-03-31": "6061.10000", "2019-12-31": "5966.40000", "2019-09-30": "5882.90000", "2019-06-30": "5980.90000", "2019-03-31": "5879.70000", "2018-12-31": "5759.70000", "2018-09-30": "5777.10000", "2018-06-30": "5846.30000", "2018-03-31": "5815.00000", "2017-12-31": "5697.30000", "2017-09-30": "5414.60000", "2017-06-30": "5500.70000", "2017-03-31": "5410.80000", "2016-12-31": "5296.70000", "2016-09-30": "5295.67100", "2016-06-30": "5181.37500", "2016-03-31": "5044.54400", "2015-12-31": "4856.67400", "2015-09-30": "4824.19200", "2015-06-30": "4851.67000", "2015-03-31": "4840.49700", "2014-12-31": "4809.28700", "2014-09-30": "4778.64500", "2014-06-30": "4657.79700", "2014-03-31": "4534.94000", "2013-12-31": "4415.87500", "2013-09-30": "4325.41000", "2013-06-30": "4215.45500", "2013-03-31": "4102.08700", "2012-12-31": "4001.09600", "2012-09-30": "3992.86900", "2012-06-30": "3883.86500", "2012-03-31": "3734.10300", "2011-12-31": "3586.78400", "2011-09-30": "3596.75100", "2011-06-30": "3537.94600", "2011-03-31": "3389.64400", "2010-12-31": "3264.02500", "2010-09-30": "3465.33200", "2010-06-30": "3340.90000", "2010-03-31": "3194.10100", "2009-12-31": "3054.46600", "2009-09-30": "3060.16000", "2009-06-30": "2933.13100", "2009-03-31": "2714.46300", "2008-12-31": "2650.37100", "2008-09-30": "2484.39900", "2008-06-30": "2612.29100", "2008-03-31": "2438.90400", "2007-12-31": "2269.10700", "2007-09-30": "2162.45000", "2007-06-30": "1989.40500", "2007-03-31": "1837.62300", "2006-12-31": "1676.17100", "2006-09-30": "1435.98400", "2006-06-30": "1297.24900", "2006-03-31": "1158.97300", "2005-12-31": "1006.91000", "2005-09-30": "880.33800", "2005-06-30": "790.82700", "2005-03-31": "674.20800"}, "Comprehensive Income": {"2020-09-30": "658.20000", "2020-06-30": "568.90000", "2020-03-31": "88.40000", "2019-12-31": "411.50000", "2019-09-30": "405.20000", "2019-06-30": "328.70000", "2019-03-31": "103.40000", "2018-12-31": "-155.40000", "2018-09-30": "-97.70000", "2018-06-30": "-137.90000", "2018-03-31": "51.70000", "2017-12-31": "234.00000", "2017-09-30": "256.40000", "2017-06-30": "236.90000", "2017-03-31": "148.30000", "2016-12-31": "94.60000", "2016-09-30": "328.10600", "2016-06-30": "327.25400", "2016-03-31": "225.24000", "2015-12-31": "118.54900", "2015-09-30": "246.03800", "2015-06-30": "348.41900", "2015-03-31": "548.99700", "2014-12-31": "555.76700", "2014-09-30": "659.74600", "2014-06-30": "764.07200", "2014-03-31": "583.48100", "2013-12-31": "426.83000", "2013-09-30": "386.30600", "2013-06-30": "420.50800", "2013-03-31": "778.02900", "2012-12-31": "830.40300", "2012-09-30": "858.85900", "2012-06-30": "676.43200", "2012-03-31": "597.21600", "2011-12-31": "557.57600", "2011-09-30": "524.41200", "2011-06-30": "381.27300", "2011-03-31": "297.02200", "2010-12-31": "285.52400", "2010-09-30": "514.67100", "2010-06-30": "278.15100", "2010-03-31": "154.03800", "2009-12-31": "65.92500", "2009-09-30": "122.36100", "2009-06-30": "-311.60000", "2009-03-31": "-782.32800", "2008-12-31": "-670.94600", "2008-09-30": "-475.79800", "2008-06-30": "-137.76800", "2008-03-31": "-5.49700", "2007-12-31": "53.91100", "2007-09-30": "-2.48600", "2007-06-30": "-48.21600", "2007-03-31": "88.99000", "2006-12-31": "88.06400", "2006-09-30": "158.15000", "2006-06-30": "-39.99700", "2006-03-31": "78.40000", "2005-12-31": "219.49900", "2005-09-30": "263.02900", "2005-06-30": "399.54900", "2005-03-31": "256.52900"}, "Other Share Holders Equity": {"2020-09-30": "", "2020-06-30": "", "2020-03-31": "", "2019-12-31": "", "2019-09-30": "", "2019-06-30": "", "2019-03-31": "", "2018-12-31": "", "2018-09-30": "", "2018-06-30": "", "2018-03-31": "", "2017-12-31": "", "2017-09-30": "", "2017-06-30": "", "2017-03-31": "", "2016-12-31": "", "2016-09-30": "", "2016-06-30": "", "2016-03-31": "", "2015-12-31": "", "2015-09-30": "", "2015-06-30": "", "2015-03-31": "", "2014-12-31": "", "2014-09-30": "", "2014-06-30": "", "2014-03-31": "", "2013-12-31": "", "2013-09-30": "", "2013-06-30": "", "2013-03-31": "", "2012-12-31": "", "2012-09-30": "", "2012-06-30": "", "2012-03-31": "", "2011-12-31": "", "2011-09-30": "", "2011-06-30": "", "2011-03-31": "", "2010-12-31": "", "2010-09-30": "", "2010-06-30": "", "2010-03-31": "", "2009-12-31": "", "2009-09-30": "", "2009-06-30": "", "2009-03-31": "", "2008-12-31": "", "2008-09-30": "", "2008-06-30": "", "2008-03-31": "", "2007-12-31": "", "2007-09-30": "", "2007-06-30": "", "2007-03-31": "", "2006-12-31": "", "2006-09-30": "", "2006-06-30": "", "2006-03-31": "", "2005-12-31": "", "2005-09-30": "", "2005-06-30": "", "2005-03-31": ""}, "Share Holder Equity": {"2020-09-30": "5940.00000", "2020-06-30": "5984.50000", "2020-03-31": "5386.20000", "2019-12-31": "5682.10000", "2019-09-30": "5690.40000", "2019-06-30": "5760.30000", "2019-03-31": "5471.70000", "2018-12-31": "5133.90000", "2018-09-30": "5239.70000", "2018-06-30": "5332.90000", "2018-03-31": "4501.00000", "2017-12-31": "4281.50000", "2017-09-30": "4138.20000", "2017-06-30": "4224.60000", "2017-03-31": "4158.80000", "2016-12-31": "4098.10000", "2016-09-30": "4504.91400", "2016-06-30": "4608.07100", "2016-03-31": "4564.64500", "2015-12-31": "4523.96700", "2015-09-30": "4683.59900", "2015-06-30": "4827.96000", "2015-03-31": "5128.21200", "2014-12-31": "5181.30700", "2014-09-30": "5342.56300", "2014-06-30": "5349.70700", "2014-03-31": "5096.28800", "2013-12-31": "4833.47900", "2013-09-30": "4782.91900", "2013-06-30": "4795.88600", "2013-03-31": "5206.60500", "2012-12-31": "5185.36600", "2012-09-30": "5229.61300", "2012-06-30": "5033.56800", "2012-03-31": "4964.89000", "2011-12-31": "4873.95000", "2011-09-30": "5014.47200", "2011-06-30": "4875.97600", "2011-03-31": "4747.39300", "2010-12-31": "4780.53700", "2010-09-30": "5366.54100", "2010-06-30": "5038.16800", "2010-03-31": "4973.58500", "2009-12-31": "4853.24900", "2009-09-30": "4903.44900", "2009-06-30": "4364.57700", "2009-03-31": "3670.32200", "2008-12-31": "3709.50500", "2008-09-30": "3731.81100", "2008-06-30": "4247.48000", "2008-03-31": "4207.21500", "2007-12-31": "4088.90300", "2007-09-30": "3923.06500", "2007-06-30": "3814.39200", "2007-03-31": "3921.26100", "2006-12-31": "3832.59700", "2006-09-30": "3759.44100", "2006-06-30": "3570.35400", "2006-03-31": "3653.56900", "2005-12-31": "3699.55900", "2005-09-30": "3665.80200", "2005-06-30": "3843.42200", "2005-03-31": "3635.57700"}, "Total Liabilities And Share Holders Equity": {"2020-09-30": "43582.60000", "2020-06-30": "44233.20000", "2020-03-31": "43423.30000", "2019-12-31": "44291.20000", "2019-09-30": "43751.50000", "2019-06-30": "43139.50000", "2019-03-31": "42237.00000", "2018-12-31": "41089.30000", "2018-09-30": "43443.10000", "2018-06-30": "42361.30000", "2018-03-31": "32427.90000", "2017-12-31": "31843.00000", "2017-09-30": "32405.20000", "2017-06-30": "30058.90000", "2017-03-31": "29567.70000", "2016-12-31": "29709.10000", "2016-09-30": "30283.84000", "2016-06-30": "29804.21000", "2016-03-31": "30287.20000", "2015-12-31": "30036.40000", "2015-09-30": "30586.09000", "2015-06-30": "30842.08000", "2015-03-31": "30800.36000", "2014-12-31": "31562.47000", "2014-09-30": "30673.13000", "2014-06-30": "30617.17000", "2014-03-31": "29668.38000", "2013-12-31": "29714.69000", "2013-09-30": "29348.59000", "2013-06-30": "28728.79000", "2013-03-31": "29481.54000", "2012-12-31": "28946.61000", "2012-09-30": "28169.62000", "2012-06-30": "27243.59000", "2012-03-31": "27254.87000", "2011-12-31": "27019.86000", "2011-09-30": "26774.00000", "2011-06-30": "26779.76000", "2011-03-31": "26697.38000", "2010-12-31": "26397.02000", "2010-09-30": "26845.33000", "2010-06-30": "26115.33000", "2010-03-31": "26238.81000", "2009-12-31": "25860.67000", "2009-09-30": "25665.58000", "2009-06-30": "24822.47000", "2009-03-31": "23820.64000", "2008-12-31": "24514.59000", "2008-09-30": "25354.31000", "2008-06-30": "26212.03000", "2008-03-31": "26446.41000", "2007-12-31": "26750.32000", "2007-09-30": "26568.38000", "2007-06-30": "25772.96000", "2007-03-31": "25461.05000", "2006-12-31": "25165.15000", "2006-09-30": "25023.45000", "2006-06-30": "24532.42000", "2006-03-31": "24680.68000", "2005-12-31": "25365.45000", "2005-09-30": "25412.44000", "2005-06-30": "24456.76000", "2005-03-31": "24321.97000"}}, "cash flow statement": {"Net Income/Loss": {"2019-12-31": "382.60000", "2018-12-31": "251.00000", "2017-12-31": "519.60000", "2016-12-31": "565.40000", "2015-12-31": "141.60000", "2014-12-31": "470.90700", "2013-12-31": "488.90700", "2012-12-31": "483.70500", "2011-12-31": "538.95600", "2010-12-31": "278.60700", "2009-12-31": "430.57400", "2008-12-31": "447.79600", "2007-12-31": "653.74600", "2006-12-31": "717.41800", "2005-12-31": "479.35500"}, "Total Depreciation And Amortization - Cash Flow": {"2019-12-31": "111.50000", "2018-12-31": "70.00000", "2017-12-31": "11.80000", "2016-12-31": "-269.40000", "2015-12-31": "124.10000", "2014-12-31": "133.72300", "2013-12-31": "108.54100", "2012-12-31": "105.97400", "2011-12-31": "108.93000", "2010-12-31": "116.19600", "2009-12-31": "91.33800", "2008-12-31": "62.19700", "2007-12-31": "61.16800", "2006-12-31": "56.00400", "2005-12-31": "40.66100"}, "Other Non-Cash Items": {"2019-12-31": "306.70000", "2018-12-31": "182.90000", "2017-12-31": "3.20000", "2016-12-31": "385.80000", "2015-12-31": "-156.10000", "2014-12-31": "-405.39400", "2013-12-31": "15.30500", "2012-12-31": "-37.05700", "2011-12-31": "1.55200", "2010-12-31": "346.89300", "2009-12-31": "168.67500", "2008-12-31": "447.12600", "2007-12-31": "72.36500", "2006-12-31": "-96.85700", "2005-12-31": "31.85400"}, "Total Non-Cash Items": {"2019-12-31": "418.20000", "2018-12-31": "252.90000", "2017-12-31": "15.00000", "2016-12-31": "116.40000", "2015-12-31": "-32.00000", "2014-12-31": "-271.67100", "2013-12-31": "123.84600", "2012-12-31": "68.91700", "2011-12-31": "110.48200", "2010-12-31": "463.08900", "2009-12-31": "260.01300", "2008-12-31": "509.32300", "2007-12-31": "133.53300", "2006-12-31": "-40.85300", "2005-12-31": "72.51500"}, "Change In Accounts Receivable": {"2019-12-31": "-460.60000", "2018-12-31": "388.80000", "2017-12-31": "-946.40000", "2016-12-31": "-453.10000", "2015-12-31": "29.90000", "2014-12-31": "-763.47300", "2013-12-31": "233.64200", "2012-12-31": "-915.54700", "2011-12-31": "-387.43900", "2010-12-31": "-796.77100", "2009-12-31": "-209.53000", "2008-12-31": "2.48600", "2007-12-31": "10.62700", "2006-12-31": "429.84800", "2005-12-31": "-289.36800"}, "Change In Inventories": {"2019-12-31": "", "2018-12-31": "", "2017-12-31": "", "2016-12-31": "", "2015-12-31": "-27.30000", "2014-12-31": "-85.74200", "2013-12-31": "-34.68200", "2012-12-31": "-5.80900", "2011-12-31": "", "2010-12-31": "", "2009-12-31": "", "2008-12-31": "", "2007-12-31": "", "2006-12-31": "", "2005-12-31": ""}, "Change In Accounts Payable": {"2019-12-31": "124.90000", "2018-12-31": "-206.10000", "2017-12-31": "24.60000", "2016-12-31": "-99.30000", "2015-12-31": "-178.70000", "2014-12-31": "316.58800", "2013-12-31": "187.58800", "2012-12-31": "6.69800", "2011-12-31": "151.60300", "2010-12-31": "-50.62300", "2009-12-31": "-132.46100", "2008-12-31": "-30.55600", "2007-12-31": "-1.02700", "2006-12-31": "-58.51400", "2005-12-31": "78.83800"}, "Change In Assets/Liabilities": {"2019-12-31": "938.00000", "2018-12-31": "-168.20000", "2017-12-31": "1071.20000", "2016-12-31": "-16.30000", "2015-12-31": "246.00000", "2014-12-31": "658.05800", "2013-12-31": "-111.35200", "2012-12-31": "1030.85900", "2011-12-31": "429.28300", "2010-12-31": "598.96410", "2009-12-31": "42.93200", "2008-12-31": "351.68700", "2007-12-31": "420.78300", "2006-12-31": "-269.64100", "2005-12-31": "554.42400"}, "Total Change In Assets/Liabilities": {"2019-12-31": "628.90000", "2018-12-31": "151.80000", "2017-12-31": "43.89990", "2016-12-31": "-561.50000", "2015-12-31": "54.00000", "2014-12-31": "189.20800", "2013-12-31": "449.89010", "2012-12-31": "113.33800", "2011-12-31": "137.77700", "2010-12-31": "-265.08100", "2009-12-31": "-310.15100", "2008-12-31": "86.44500", "2007-12-31": "447.28000", "2006-12-31": "222.83500", "2005-12-31": "376.80800"}, "Cash Flow From Operating Activities": {"2019-12-31": "1413.40000", "2018-12-31": "656.70000", "2017-12-31": "530.40000", "2016-12-31": "108.60000", "2015-12-31": "229.90000", "2014-12-31": "393.81600", "2013-12-31": "1027.56100", "2012-12-31": "679.69800", "2011-12-31": "855.30400", "2010-12-31": "540.74200", "2009-12-31": "269.92500", "2008-12-31": "999.13500", "2007-12-31": "1203.56100", "2006-12-31": "920.26300", "2005-12-31": "906.30900"}, "Net Change In Property, Plant, And Equipment": {"2019-12-31": "-107.00000", "2018-12-31": "-82.70000", "2017-12-31": "-35.90000", "2016-12-31": "-85.20000", "2015-12-31": "-114.90000", "2014-12-31": "-83.60300", "2013-12-31": "-50.90400", "2012-12-31": "-54.08200", "2011-12-31": "-31.92400", "2010-12-31": "-50.83100", "2009-12-31": "-54.33700", "2008-12-31": "-55.32900", "2007-12-31": "-57.29100", "2006-12-31": "96.70700", "2005-12-31": "-41.83300"}, "Net Change In Intangible Assets": {"2019-12-31": "", "2018-12-31": "", "2017-12-31": "", "2016-12-31": "", "2015-12-31": "", "2014-12-31": "", "2013-12-31": "", "2012-12-31": "", "2011-12-31": "", "2010-12-31": "", "2009-12-31": "", "2008-12-31": "", "2007-12-31": "", "2006-12-31": "", "2005-12-31": ""}, "Net Acquisitions/Divestitures": {"2019-12-31": "-7.60000", "2018-12-31": "-1050.10000", "2017-12-31": "-129.10000", "2016-12-31": "810.70000", "2015-12-31": "33.00000", "2014-12-31": "-149.19400", "2013-12-31": "-181.86500", "2012-12-31": "-2.13600", "2011-12-31": "-45.08000", "2010-12-31": "-11.56000", "2009-12-31": "4.92300", "2008-12-31": "-333.54500", "2007-12-31": "-161.98500", "2006-12-31": "47.51400", "2005-12-31": ""}, "Net Change In Short-term Investments": {"2019-12-31": "-24.40000", "2018-12-31": "-52.20000", "2017-12-31": "-53.90000", "2016-12-31": "273.20000", "2015-12-31": "-196.70000", "2014-12-31": "93.57100", "2013-12-31": "-173.60300", "2012-12-31": "140.30900", "2011-12-31": "-90.36800", "2010-12-31": "95.76800", "2009-12-31": "254.59000", "2008-12-31": "-332.34500", "2007-12-31": "-86.36400", "2006-12-31": "113.40800", "2005-12-31": "-134.11400"}, "Net Change In Long-Term Investments": {"2019-12-31": "-537.70000", "2018-12-31": "-1055.80000", "2017-12-31": "-343.30000", "2016-12-31": "-530.60010", "2015-12-31": "400.20000", "2014-12-31": "27.11230", "2013-12-31": "20.14800", "2012-12-31": "-597.51290", "2011-12-31": "-15.20390", "2010-12-31": "-18.28100", "2009-12-31": "-46.83300", "2008-12-31": "503.42900", "2007-12-31": "-755.05690", "2006-12-31": "-274.00490", "2005-12-31": "-199.53100"}, "Net Change In Investments - Total": {"2019-12-31": "-562.10000", "2018-12-31": "-1108.00000", "2017-12-31": "-397.20000", "2016-12-31": "-257.40010", "2015-12-31": "203.50000", "2014-12-31": "120.68330", "2013-12-31": "-153.45500", "2012-12-31": "-457.20390", "2011-12-31": "-105.57190", "2010-12-31": "77.48700", "2009-12-31": "207.75700", "2008-12-31": "171.08400", "2007-12-31": "-841.42090", "2006-12-31": "-160.59690", "2005-12-31": "-333.64500"}, "Investing Activities - Other": {"2019-12-31": "56.90000", "2018-12-31": "38.30000", "2017-12-31": "21.00000", "2016-12-31": "257.50000", "2015-12-31": "142.70000", "2014-12-31": "176.00300", "2013-12-31": "-6.51400", "2012-12-31": "63.53900", "2011-12-31": "-14.01200", "2010-12-31": "-23.97200", "2009-12-31": "-16.87600", "2008-12-31": "-111.21300", "2007-12-31": "-147.88800", "2006-12-31": "-68.13500", "2005-12-31": "-173.21000"}, "Cash Flow From Investing Activities": {"2019-12-31": "-619.80000", "2018-12-31": "-2202.50000", "2017-12-31": "-541.20000", "2016-12-31": "725.60000", "2015-12-31": "264.30000", "2014-12-31": "63.88900", "2013-12-31": "-392.73800", "2012-12-31": "-449.88300", "2011-12-31": "-196.58800", "2010-12-31": "-8.87600", "2009-12-31": "141.46700", "2008-12-31": "-329.00300", "2007-12-31": "-1208.58500", "2006-12-31": "-84.51100", "2005-12-31": "-548.68800"}, "Net Long-Term Debt": {"2019-12-31": "235.49990", "2018-12-31": "1823.90000", "2017-12-31": "450.80000", "2016-12-31": "-123.40000", "2015-12-31": "", "2014-12-31": "-467.33000", "2013-12-31": "664.95100", "2012-12-31": "-0.78000", "2011-12-31": "-41.71800", "2010-12-31": "-83.06700", "2009-12-31": "-36.22700", "2008-12-31": "-285.14400", "2007-12-31": "175.69200", "2006-12-31": "-244.70400", "2005-12-31": "75.33100"}, "Net Current Debt": {"2019-12-31": "", "2018-12-31": "", "2017-12-31": "", "2016-12-31": "", "2015-12-31": "", "2014-12-31": "", "2013-12-31": "", "2012-12-31": "", "2011-12-31": "", "2010-12-31": "", "2009-12-31": "", "2008-12-31": "", "2007-12-31": "-0.04200", "2006-12-31": "-0.05900", "2005-12-31": "-0.17900"}, "Debt Issuance/Retirement Net - Total": {"2019-12-31": "235.49990", "2018-12-31": "1823.90000", "2017-12-31": "450.80000", "2016-12-31": "-123.40000", "2015-12-31": "", "2014-12-31": "-467.33000", "2013-12-31": "664.95100", "2012-12-31": "-0.78000", "2011-12-31": "-41.71800", "2010-12-31": "-83.06700", "2009-12-31": "-36.22700", "2008-12-31": "-285.14400", "2007-12-31": "175.65000", "2006-12-31": "-244.76300", "2005-12-31": "75.15200"}, "Net Common Equity Issued/Repurchased": {"2019-12-31": "-271.80000", "2018-12-31": "-139.30000", "2017-12-31": "-388.90000", "2016-12-31": "-863.10000", "2015-12-31": "-292.90000", "2014-12-31": "-215.18300", "2013-12-31": "-393.01200", "2012-12-31": "-412.19600", "2011-12-31": "-533.84800", "2010-12-31": "-522.54600", "2009-12-31": "-31.94900", "2008-12-31": "-59.00000", "2007-12-31": "-315.57000", "2006-12-31": "-422.45100", "2005-12-31": "-338.87400"}, "Net Total Equity Issued/Repurchased": {"2019-12-31": "-271.80000", "2018-12-31": "137.10000", "2017-12-31": "-388.90000", "2016-12-31": "-863.10000", "2015-12-31": "-292.90000", "2014-12-31": "-215.18300", "2013-12-31": "-393.01200", "2012-12-31": "-412.19600", "2011-12-31": "-538.84800", "2010-12-31": "-525.70600", "2009-12-31": "-34.94900", "2008-12-31": "-69.00000", "2007-12-31": "-316.57000", "2006-12-31": "-424.45100", "2005-12-31": "-338.87400"}, "Total Common And Preferred Stock Dividends Paid": {"2019-12-31": "-170.00000", "2018-12-31": "-148.00000", "2017-12-31": "-119.00000", "2016-12-31": "-125.30000", "2015-12-31": "-94.20000", "2014-12-31": "-77.49500", "2013-12-31": "-74.12800", "2012-12-31": "-69.39300", "2011-12-31": "-67.38500", "2010-12-31": "-69.61800", "2009-12-31": "-69.59600", "2008-12-31": "-63.67200", "2007-12-31": "-55.03800", "2006-12-31": "-48.15700", "2005-12-31": "-42.05000"}, "Financial Activities - Other": {"2019-12-31": "27.10000", "2018-12-31": "25.00000", "2017-12-31": "30.40000", "2016-12-31": "31.50000", "2015-12-31": "-75.30000", "2014-12-31": "-16.19100", "2013-12-31": "-1.11200", "2012-12-31": "1.72800", "2011-12-31": "11.10300", "2010-12-31": "-21.08200", "2009-12-31": "-1.79000", "2008-12-31": "5.68200", "2007-12-31": "9.38100", "2006-12-31": "2.56100", "2005-12-31": ""}, "Cash Flow From Financial Activities": {"2019-12-31": "-179.20000", "2018-12-31": "1838.00000", "2017-12-31": "-26.70000", "2016-12-31": "-1080.30000", "2015-12-31": "-462.40000", "2014-12-31": "-776.19900", "2013-12-31": "196.69900", "2012-12-31": "-480.64100", "2011-12-31": "-636.84800", "2010-12-31": "-699.47300", "2009-12-31": "-142.56200", "2008-12-31": "-412.13400", "2007-12-31": "-186.57700", "2006-12-31": "-714.81000", "2005-12-31": "-305.77200"}, "Net Cash Flow": {"2019-12-31": "613.10000", "2018-12-31": "257.20000", "2017-12-31": "-35.20000", "2016-12-31": "-256.30000", "2015-12-31": "-30.30000", "2014-12-31": "-398.52800", "2013-12-31": "807.78000", "2012-12-31": "-257.30900", "2011-12-31": "16.19700", "2010-12-31": "-168.03600", "2009-12-31": "277.86800", "2008-12-31": "235.72000", "2007-12-31": "-182.70800", "2006-12-31": "132.10300", "2005-12-31": "48.48700"}, "Stock-Based Compensation": {"2019-12-31": "55.90000", "2018-12-31": "57.10000", "2017-12-31": "35.50000", "2016-12-31": "41.60000", "2015-12-31": "38.80000", "2014-12-31": "49.35400", "2013-12-31": "50.00400", "2012-12-31": "37.58900", "2011-12-31": "36.88800", "2010-12-31": "34.59100", "2009-12-31": "30.28800", "2008-12-31": "24.12900", "2007-12-31": "19.52600", "2006-12-31": "17.56900", "2005-12-31": "40.08900"}, "Common Stock Dividends Paid": {"2019-12-31": "-151.30000", "2018-12-31": "-133.80000", "2017-12-31": "-119.00000", "2016-12-31": "-125.30000", "2015-12-31": "-94.20000", "2014-12-31": "-77.49500", "2013-12-31": "-74.12800", "2012-12-31": "-69.39300", "2011-12-31": "-67.38500", "2010-12-31": "-69.61800", "2009-12-31": "-69.59600", "2008-12-31": "-63.67200", "2007-12-31": "-55.03800", "2006-12-31": "-48.15700", "2005-12-31": "-42.05000"}}, "cash flow statement, quarterly": {"Net Income/Loss": {"2020-09-30": -30.2, "2020-06-30": 178.1, "2020-03-31": "154.70000", "2019-12-31": 127.6, "2019-09-30": -54.8, "2019-06-30": 144.1, "2019-03-31": "165.70000", "2018-12-31": 25, "2018-09-30": 53, "2018-06-30": 67, "2018-03-31": "106.00000", "2017-12-31": 519.6, "2017-09-30": 0, "2017-06-30": 0, "2017-03-31": "0.00000", "2016-12-31": 565.4, "2016-09-30": 0, "2016-06-30": 0, "2016-03-31": "0.00000", "2015-12-31": 141.6, "2015-09-30": 0, "2015-06-30": 0, "2015-03-31": "0.00000", "2014-12-31": 470.907, "2014-09-30": 0, "2014-06-30": 0, "2014-03-31": "0.00000", "2013-12-31": 488.907, "2013-09-30": 0, "2013-06-30": 0, "2013-03-31": "0.00000", "2012-12-31": 483.705, "2012-09-30": 0, "2012-06-30": 0, "2012-03-31": "0.00000", "2011-12-31": 538.956, "2011-09-30": 0, "2011-06-30": 0, "2011-03-31": "0.00000", "2010-12-31": 278.607, "2010-09-30": 0, "2010-06-30": 0, "2010-03-31": "0.00000", "2009-12-31": 430.574, "2009-09-30": 0, "2009-06-30": 0, "2009-03-31": "0.00000", "2008-12-31": 447.796, "2008-09-30": 0, "2008-06-30": 0, "2008-03-31": "0.00000", "2007-12-31": 653.746, "2007-09-30": 0, "2007-06-30": 0, "2007-03-31": "0.00000", "2006-12-31": 717.418, "2006-09-30": 0, "2006-06-30": 0, "2006-03-31": "0.00000", "2005-12-31": 479.355, "2005-09-30": 0, "2005-06-30": 0, "2005-03-31": "0.00000"}, "Total Depreciation And Amortization - Cash Flow": {"2020-09-30": 38, "2020-06-30": 29.1, "2020-03-31": "29.30000", "2019-12-31": 41, "2019-09-30": 22.9, "2019-06-30": 25.7, "2019-03-31": "21.90000", "2018-12-31": 25.6, "2018-09-30": 23, "2018-06-30": 9.9, "2018-03-31": "11.50000", "2017-12-31": 11.8, "2017-09-30": 0, "2017-06-30": 0, "2017-03-31": "", "2016-12-31": -269.4, "2016-09-30": 0, "2016-06-30": 0, "2016-03-31": "", "2015-12-31": 124.1, "2015-09-30": 0, "2015-06-30": 0, "2015-03-31": "", "2014-12-31": 133.723, "2014-09-30": 0, "2014-06-30": 0, "2014-03-31": "", "2013-12-31": 108.541, "2013-09-30": 0, "2013-06-30": 0, "2013-03-31": "", "2012-12-31": 105.974, "2012-09-30": 0, "2012-06-30": 0, "2012-03-31": "", "2011-12-31": 108.93, "2011-09-30": 0, "2011-06-30": 0, "2011-03-31": "", "2010-12-31": 116.196, "2010-09-30": 0, "2010-06-30": 0, "2010-03-31": "", "2009-12-31": 91.338, "2009-09-30": 0, "2009-06-30": 0, "2009-03-31": "", "2008-12-31": 62.197, "2008-09-30": 0, "2008-06-30": 0, "2008-03-31": "", "2007-12-31": 61.168, "2007-09-30": 0, "2007-06-30": 0, "2007-03-31": "", "2006-12-31": 56.004, "2006-09-30": 0, "2006-06-30": 0, "2006-03-31": "", "2005-12-31": 40.661, "2005-09-30": 0, "2005-06-30": 0, "2005-03-31": ""}, "Other Non-Cash Items": {"2020-09-30": 146.6, "2020-06-30": 37.4, "2020-03-31": "224.10000", "2019-12-31": 99.2, "2019-09-30": 150.8, "2019-06-30": 37.2, "2019-03-31": "19.50000", "2018-12-31": 61.2, "2018-09-30": 30, "2018-06-30": 72.7, "2018-03-31": "19.00000", "2017-12-31": 3.2, "2017-09-30": 0, "2017-06-30": 0, "2017-03-31": "", "2016-12-31": 385.8, "2016-09-30": 0, "2016-06-30": 0, "2016-03-31": "", "2015-12-31": -156.1, "2015-09-30": 0, "2015-06-30": 0, "2015-03-31": "", "2014-12-31": -405.394, "2014-09-30": 0, "2014-06-30": 0, "2014-03-31": "", "2013-12-31": 15.305, "2013-09-30": 0, "2013-06-30": 0, "2013-03-31": "", "2012-12-31": -37.057, "2012-09-30": 0, "2012-06-30": 0, "2012-03-31": "", "2011-12-31": 1.552, "2011-09-30": 0, "2011-06-30": 0, "2011-03-31": "", "2010-12-31": 346.893, "2010-09-30": 0, "2010-06-30": 0, "2010-03-31": "", "2009-12-31": 168.675, "2009-09-30": 0, "2009-06-30": 0, "2009-03-31": "", "2008-12-31": 447.126, "2008-09-30": 0, "2008-06-30": 0, "2008-03-31": "", "2007-12-31": 72.365, "2007-09-30": 0, "2007-06-30": 0, "2007-03-31": "", "2006-12-31": -96.857, "2006-09-30": 0, "2006-06-30": 0, "2006-03-31": "", "2005-12-31": 31.854, "2005-09-30": 0, "2005-06-30": 0, "2005-03-31": ""}, "Total Non-Cash Items": {"2020-09-30": 184.6001, "2020-06-30": 66.5, "2020-03-31": "253.40000", "2019-12-31": 140.2, "2019-09-30": 173.7, "2019-06-30": 62.9, "2019-03-31": "41.40000", "2018-12-31": 86.8, "2018-09-30": 53, "2018-06-30": 82.6, "2018-03-31": "30.50000", "2017-12-31": 15, "2017-09-30": 0, "2017-06-30": 0, "2017-03-31": "", "2016-12-31": 116.4, "2016-09-30": 0, "2016-06-30": 0, "2016-03-31": "", "2015-12-31": -32, "2015-09-30": 0, "2015-06-30": 0, "2015-03-31": "", "2014-12-31": -271.671, "2014-09-30": 0, "2014-06-30": 0, "2014-03-31": "", "2013-12-31": 123.846, "2013-09-30": 0, "2013-06-30": 0, "2013-03-31": "", "2012-12-31": 68.917, "2012-09-30": 0, "2012-06-30": 0, "2012-03-31": "", "2011-12-31": 110.482, "2011-09-30": 0, "2011-06-30": 0, "2011-03-31": "", "2010-12-31": 463.089, "2010-09-30": 0, "2010-06-30": 0, "2010-03-31": "", "2009-12-31": 260.013, "2009-09-30": 0, "2009-06-30": 0, "2009-03-31": "", "2008-12-31": 509.323, "2008-09-30": 0, "2008-06-30": 0, "2008-03-31": "", "2007-12-31": 133.533, "2007-09-30": 0, "2007-06-30": 0, "2007-03-31": "", "2006-12-31": -40.853, "2006-09-30": 0, "2006-06-30": 0, "2006-03-31": "", "2005-12-31": 72.515, "2005-09-30": 0, "2005-06-30": 0, "2005-03-31": ""}, "Change In Accounts Receivable": {"2020-09-30": -292.9, "2020-06-30": 153.8, "2020-03-31": "87.40000", "2019-12-31": -62.3, "2019-09-30": -384, "2019-06-30": -171.9, "2019-03-31": "157.60000", "2018-12-31": -340.1, "2018-09-30": 123.7, "2018-06-30": 120.9, "2018-03-31": "484.30000", "2017-12-31": -946.4, "2017-09-30": 0, "2017-06-30": 0, "2017-03-31": "", "2016-12-31": -453.1, "2016-09-30": 0, "2016-06-30": 0, "2016-03-31": "", "2015-12-31": 29.9, "2015-09-30": 0, "2015-06-30": 0, "2015-03-31": "", "2014-12-31": -763.473, "2014-09-30": 0, "2014-06-30": 0, "2014-03-31": "", "2013-12-31": 233.642, "2013-09-30": 0, "2013-06-30": 0, "2013-03-31": "", "2012-12-31": -915.547, "2012-09-30": 0, "2012-06-30": 0, "2012-03-31": "", "2011-12-31": -387.439, "2011-09-30": 0, "2011-06-30": 0, "2011-03-31": "", "2010-12-31": -796.771, "2010-09-30": 0, "2010-06-30": 0, "2010-03-31": "", "2009-12-31": -209.53, "2009-09-30": 0, "2009-06-30": 0, "2009-03-31": "", "2008-12-31": 2.486, "2008-09-30": 0, "2008-06-30": 0, "2008-03-31": "", "2007-12-31": 10.627, "2007-09-30": 0, "2007-06-30": 0, "2007-03-31": "", "2006-12-31": 429.848, "2006-09-30": 0, "2006-06-30": 0, "2006-03-31": "", "2005-12-31": -289.368, "2005-09-30": 0, "2005-06-30": 0, "2005-03-31": ""}, "Change In Inventories": {"2020-09-30": 0, "2020-06-30": 0, "2020-03-31": "", "2019-12-31": 0, "2019-09-30": 0, "2019-06-30": 0, "2019-03-31": "", "2018-12-31": 0, "2018-09-30": 0, "2018-06-30": 0, "2018-03-31": "", "2017-12-31": 0, "2017-09-30": 0, "2017-06-30": 0, "2017-03-31": "", "2016-12-31": 0, "2016-09-30": 0, "2016-06-30": 0, "2016-03-31": "", "2015-12-31": -27.3, "2015-09-30": 0, "2015-06-30": 0, "2015-03-31": "", "2014-12-31": -85.742, "2014-09-30": 0, "2014-06-30": 0, "2014-03-31": "", "2013-12-31": -34.682, "2013-09-30": 0, "2013-06-30": 0, "2013-03-31": "", "2012-12-31": -5.809, "2012-09-30": 0, "2012-06-30": 0, "2012-03-31": "", "2011-12-31": 0, "2011-09-30": 0, "2011-06-30": 0, "2011-03-31": "", "2010-12-31": 0, "2010-09-30": 0, "2010-06-30": 0, "2010-03-31": "", "2009-12-31": 0, "2009-09-30": 0, "2009-06-30": 0, "2009-03-31": "", "2008-12-31": 0, "2008-09-30": 0, "2008-06-30": 0, "2008-03-31": "", "2007-12-31": 0, "2007-09-30": 0, "2007-06-30": 0, "2007-03-31": "", "2006-12-31": 0, "2006-09-30": 0, "2006-06-30": 0, "2006-03-31": "", "2005-12-31": 0, "2005-09-30": 0, "2005-06-30": 0, "2005-03-31": ""}, "Change In Accounts Payable": {"2020-09-30": 67.3, "2020-06-30": 20.6, "2020-03-31": "-7.40000", "2019-12-31": 112, "2019-09-30": 25.6, "2019-06-30": 0.9, "2019-03-31": "-13.60000", "2018-12-31": 30.1, "2018-09-30": 52.3, "2018-06-30": -268.1, "2018-03-31": "-20.40000", "2017-12-31": 24.6, "2017-09-30": 0, "2017-06-30": 0, "2017-03-31": "", "2016-12-31": -99.3, "2016-09-30": 0, "2016-06-30": 0, "2016-03-31": "", "2015-12-31": -178.7, "2015-09-30": 0, "2015-06-30": 0, "2015-03-31": "", "2014-12-31": 316.588, "2014-09-30": 0, "2014-06-30": 0, "2014-03-31": "", "2013-12-31": 187.588, "2013-09-30": 0, "2013-06-30": 0, "2013-03-31": "", "2012-12-31": 6.698, "2012-09-30": 0, "2012-06-30": 0, "2012-03-31": "", "2011-12-31": 151.603, "2011-09-30": 0, "2011-06-30": 0, "2011-03-31": "", "2010-12-31": -50.623, "2010-09-30": 0, "2010-06-30": 0, "2010-03-31": "", "2009-12-31": -132.461, "2009-09-30": 0, "2009-06-30": 0, "2009-03-31": "", "2008-12-31": -30.556, "2008-09-30": 0, "2008-06-30": 0, "2008-03-31": "", "2007-12-31": -1.027, "2007-09-30": 0, "2007-06-30": 0, "2007-03-31": "", "2006-12-31": -58.514, "2006-09-30": 0, "2006-06-30": 0, "2006-03-31": "", "2005-12-31": 78.838, "2005-09-30": 0, "2005-06-30": 0, "2005-03-31": ""}, "Change In Assets/Liabilities": {"2020-09-30": 493.4, "2020-06-30": 34.8, "2020-03-31": "-435.40000", "2019-12-31": -22.3, "2019-09-30": 665.9, "2019-06-30": 379, "2019-03-31": "-84.60000", "2018-12-31": 384.7, "2018-09-30": 15, "2018-06-30": 261.9, "2018-03-31": "-829.80000", "2017-12-31": 1071.2, "2017-09-30": 0, "2017-06-30": 0, "2017-03-31": "", "2016-12-31": -16.3, "2016-09-30": 0, "2016-06-30": 0, "2016-03-31": "", "2015-12-31": 246, "2015-09-30": 0, "2015-06-30": 0, "2015-03-31": "", "2014-12-31": 658.058, "2014-09-30": 0, "2014-06-30": 0, "2014-03-31": "", "2013-12-31": -111.352, "2013-09-30": 0, "2013-06-30": 0, "2013-03-31": "", "2012-12-31": 1030.859, "2012-09-30": 0, "2012-06-30": 0, "2012-03-31": "", "2011-12-31": 429.283, "2011-09-30": 0, "2011-06-30": 0, "2011-03-31": "", "2010-12-31": 598.9641, "2010-09-30": 0, "2010-06-30": 0, "2010-03-31": "", "2009-12-31": 42.932, "2009-09-30": 0, "2009-06-30": 0, "2009-03-31": "", "2008-12-31": 351.687, "2008-09-30": 0, "2008-06-30": 0, "2008-03-31": "", "2007-12-31": 420.783, "2007-09-30": 0, "2007-06-30": 0, "2007-03-31": "", "2006-12-31": -269.641, "2006-09-30": 0, "2006-06-30": 0, "2006-03-31": "", "2005-12-31": 554.424, "2005-09-30": 0, "2005-06-30": 0, "2005-03-31": ""}, "Total Change In Assets/Liabilities": {"2020-09-30": 449, "2020-06-30": 180.4, "2020-03-31": "-540.80000", "2019-12-31": -9.8, "2019-09-30": 341.2, "2019-06-30": 212.4, "2019-03-31": "85.10000", "2018-12-31": 88.9, "2018-09-30": 210.9, "2018-06-30": 123.9, "2018-03-31": "-271.90000", "2017-12-31": 43.8999, "2017-09-30": 0, "2017-06-30": 0, "2017-03-31": "", "2016-12-31": -561.5, "2016-09-30": 0, "2016-06-30": 0, "2016-03-31": "", "2015-12-31": 54, "2015-09-30": 0, "2015-06-30": 0, "2015-03-31": "", "2014-12-31": 189.208, "2014-09-30": 0, "2014-06-30": 0, "2014-03-31": "", "2013-12-31": 449.8901, "2013-09-30": 0, "2013-06-30": 0, "2013-03-31": "", "2012-12-31": 113.338, "2012-09-30": 0, "2012-06-30": 0, "2012-03-31": "", "2011-12-31": 137.777, "2011-09-30": 0, "2011-06-30": 0, "2011-03-31": "", "2010-12-31": -265.081, "2010-09-30": 0, "2010-06-30": 0, "2010-03-31": "", "2009-12-31": -310.151, "2009-09-30": 0, "2009-06-30": 0, "2009-03-31": "", "2008-12-31": 86.445, "2008-09-30": 0, "2008-06-30": 0, "2008-03-31": "", "2007-12-31": 447.28, "2007-09-30": 0, "2007-06-30": 0, "2007-03-31": "", "2006-12-31": 222.835, "2006-09-30": 0, "2006-06-30": 0, "2006-03-31": "", "2005-12-31": 376.808, "2005-09-30": 0, "2005-06-30": 0, "2005-03-31": ""}, "Cash Flow From Operating Activities": {"2020-09-30": 609.4, "2020-06-30": 415.9, "2020-03-31": "-123.70000", "2019-12-31": 245.5, "2019-09-30": 442.2, "2019-06-30": 479, "2019-03-31": "246.70000", "2018-12-31": 202.1, "2018-09-30": 282.3, "2018-06-30": 248, "2018-03-31": "-75.70000", "2017-12-31": 164, "2017-09-30": 366.7, "2017-06-30": -24.5, "2017-03-31": "24.20000", "2016-12-31": 176.6, "2016-09-30": 255.8, "2016-06-30": 22.2, "2016-03-31": "-346.00000", "2015-12-31": -299.574, "2015-09-30": 360.578, "2015-06-30": 346.562, "2015-03-31": "-177.66600", "2014-12-31": -120.848, "2014-09-30": 252.896, "2014-06-30": 134.59, "2014-03-31": "127.17800", "2013-12-31": 303.523, "2013-09-30": 450.376, "2013-06-30": 221.981, "2013-03-31": "51.68100", "2012-12-31": 250.539, "2012-09-30": 244.648, "2012-06-30": 183.49, "2012-03-31": "1.02100", "2011-12-31": 345.613, "2011-09-30": 185.94, "2011-06-30": 140.125, "2011-03-31": "183.62600", "2010-12-31": 75.281, "2010-09-30": 147.177, "2010-06-30": 196.391, "2010-03-31": "121.89300", "2009-12-31": 56.886, "2009-09-30": 386.796, "2009-06-30": 90.812, "2009-03-31": "-264.56900", "2008-12-31": 184.764, "2008-09-30": 380.711, "2008-06-30": -16.532, "2008-03-31": "450.19200", "2007-12-31": 366.722, "2007-09-30": 320.682, "2007-06-30": 345.564, "2007-03-31": "170.59300", "2006-12-31": 308.726, "2006-09-30": 307.278, "2006-06-30": 247.256, "2006-03-31": "57.00300", "2005-12-31": 289.29, "2005-09-30": 422.852, "2005-06-30": 117.464, "2005-03-31": "76.70300"}, "Net Change In Property, Plant, And Equipment": {"2020-09-30": -34.9, "2020-06-30": -24.6, "2020-03-31": "-21.60000", "2019-12-31": -36.5, "2019-09-30": -12.7, "2019-06-30": -25.4, "2019-03-31": "-32.40000", "2018-12-31": -23.8, "2018-09-30": -20.8, "2018-06-30": -21.6, "2018-03-31": "-16.50000", "2017-12-31": 7.5, "2017-09-30": -12.3, "2017-06-30": -16.3, "2017-03-31": "-14.80000", "2016-12-31": -18.4, "2016-09-30": -19.1, "2016-06-30": -24.9, "2016-03-31": "-22.80000", "2015-12-31": -28.861, "2015-09-30": -27.195, "2015-06-30": -36.697, "2015-03-31": "-22.14700", "2014-12-31": -24.897, "2014-09-30": -27.967, "2014-06-30": -17.634, "2014-03-31": "-13.10500", "2013-12-31": -17.539, "2013-09-30": -11.501, "2013-06-30": -10.194, "2013-03-31": "-11.67000", "2012-12-31": -16.493, "2012-09-30": -17.032, "2012-06-30": -15.242, "2012-03-31": "-5.31500", "2011-12-31": -9.336, "2011-09-30": -8.735, "2011-06-30": -7.674, "2011-03-31": "-6.17900", "2010-12-31": -8.849, "2010-09-30": -14.196, "2010-06-30": -14.631, "2010-03-31": "-13.15500", "2009-12-31": -16.284, "2009-09-30": -10.277, "2009-06-30": -14.627, "2009-03-31": "-13.14900", "2008-12-31": -18.321, "2008-09-30": -8.771, "2008-06-30": -14.033, "2008-03-31": "-14.20400", "2007-12-31": -17.638, "2007-09-30": -7.486, "2007-06-30": -17.202, "2007-03-31": "-14.96500", "2006-12-31": 128.122, "2006-09-30": -9.081, "2006-06-30": -11.706, "2006-03-31": "-10.62800", "2005-12-31": -5.812, "2005-09-30": -14.285, "2005-06-30": -8.147, "2005-03-31": "-13.58900"}, "Net Change In Intangible Assets": {"2020-09-30": 0, "2020-06-30": 0, "2020-03-31": "", "2019-12-31": 0, "2019-09-30": 0, "2019-06-30": 0, "2019-03-31": "", "2018-12-31": 0, "2018-09-30": 0, "2018-06-30": 0, "2018-03-31": "", "2017-12-31": 0, "2017-09-30": 0, "2017-06-30": 0, "2017-03-31": "", "2016-12-31": 0, "2016-09-30": 0, "2016-06-30": 0, "2016-03-31": "", "2015-12-31": 0, "2015-09-30": 0, "2015-06-30": 0, "2015-03-31": "", "2014-12-31": 0, "2014-09-30": 0, "2014-06-30": 0, "2014-03-31": "", "2013-12-31": 0, "2013-09-30": 0, "2013-06-30": 0, "2013-03-31": "", "2012-12-31": 0, "2012-09-30": 0, "2012-06-30": 0, "2012-03-31": "", "2011-12-31": 0, "2011-09-30": 0, "2011-06-30": 0, "2011-03-31": "", "2010-12-31": 0, "2010-09-30": 0, "2010-06-30": 0, "2010-03-31": "", "2009-12-31": 0, "2009-09-30": 0, "2009-06-30": 0, "2009-03-31": "", "2008-12-31": 0, "2008-09-30": 0, "2008-06-30": 0, "2008-03-31": "", "2007-12-31": 0, "2007-09-30": 0, "2007-06-30": 0, "2007-03-31": "", "2006-12-31": 0, "2006-09-30": 0, "2006-06-30": 0, "2006-03-31": "", "2005-12-31": 0, "2005-09-30": 0, "2005-06-30": 0, "2005-03-31": ""}, "Net Acquisitions/Divestitures": {"2020-09-30": -30.3, "2020-06-30": -135.8, "2020-03-31": "", "2019-12-31": -7.6, "2019-09-30": 0, "2019-06-30": 0, "2019-03-31": "", "2018-12-31": 126.7, "2018-09-30": 36.7, "2018-06-30": -1213.5, "2018-03-31": "", "2017-12-31": -1.7, "2017-09-30": 0, "2017-06-30": 0, "2017-03-31": "-127.40000", "2016-12-31": 0, "2016-09-30": -27.4, "2016-06-30": -65.9, "2016-03-31": "904.00000", "2015-12-31": -15.158, "2015-09-30": -5.273, "2015-06-30": -11.571, "2015-03-31": "65.00200", "2014-12-31": -61.039, "2014-09-30": -28.614, "2014-06-30": -59.541, "2014-03-31": "", "2013-12-31": -131.878, "2013-09-30": -49.987, "2013-06-30": 0, "2013-03-31": "", "2012-12-31": 1.364, "2012-09-30": 0, "2012-06-30": -3.5, "2012-03-31": "", "2011-12-31": 0, "2011-09-30": 0, "2011-06-30": -45.08, "2011-03-31": "", "2010-12-31": -4.398, "2010-09-30": -0.427, "2010-06-30": -5.503, "2010-03-31": "-1.23200", "2009-12-31": 8.123, "2009-09-30": -3.2, "2009-06-30": 0, "2009-03-31": "", "2008-12-31": -222.709, "2008-09-30": -142.689, "2008-06-30": 31.853, "2008-03-31": "", "2007-12-31": -60.899, "2007-09-30": -101.086, "2007-06-30": 0, "2007-03-31": "", "2006-12-31": 0, "2006-09-30": 0, "2006-06-30": 47.514, "2006-03-31": "", "2005-12-31": 0, "2005-09-30": 0, "2005-06-30": 0, "2005-03-31": ""}, "Net Change In Short-term Investments": {"2020-09-30": -40.1, "2020-06-30": 21.9, "2020-03-31": "137.10000", "2019-12-31": -132.9, "2019-09-30": 89.6, "2019-06-30": -11.7, "2019-03-31": "30.60000", "2018-12-31": 49.2, "2018-09-30": -196.3, "2018-06-30": -21.1, "2018-03-31": "116.00000", "2017-12-31": -22.2, "2017-09-30": -66.5, "2017-06-30": 32.2, "2017-03-31": "2.60000", "2016-12-31": 167.2, "2016-09-30": 99.5, "2016-06-30": -49, "2016-03-31": "55.50000", "2015-12-31": 235.706, "2015-09-30": -331.26, "2015-06-30": -196.396, "2015-03-31": "95.25000", "2014-12-31": 91.245, "2014-09-30": -110.232, "2014-06-30": 211.566, "2014-03-31": "-99.00800", "2013-12-31": 499.976, "2013-09-30": -199.368, "2013-06-30": -537.625, "2013-03-31": "63.41400", "2012-12-31": -49.948, "2012-09-30": 255.777, "2012-06-30": -127.17, "2012-03-31": "61.65000", "2011-12-31": 65.196, "2011-09-30": -70.449, "2011-06-30": -9.234, "2011-03-31": "-75.88100", "2010-12-31": 94.113, "2010-09-30": -35.149, "2010-06-30": 19.452, "2010-03-31": "17.35200", "2009-12-31": -6.607, "2009-09-30": 77.854, "2009-06-30": 145.771, "2009-03-31": "37.57200", "2008-12-31": -93.467, "2008-09-30": -151.15, "2008-06-30": 155.208, "2008-03-31": "-242.93600", "2007-12-31": -90.672, "2007-09-30": -47.466, "2007-06-30": 168.136, "2007-03-31": "-116.36200", "2006-12-31": -43.429, "2006-09-30": -32.1, "2006-06-30": 39.305, "2006-03-31": "149.63200", "2005-12-31": -46.048, "2005-09-30": -132.674, "2005-06-30": 183.355, "2005-03-31": "-138.74700"}, "Net Change In Long-Term Investments": {"2020-09-30": -157.9, "2020-06-30": -61.1001, "2020-03-31": "40.90000", "2019-12-31": 130.3002, "2019-09-30": -97.6001, "2019-06-30": -125.7, "2019-03-31": "-444.70010", "2018-12-31": -409.0996, "2018-09-30": -273.8003, "2018-06-30": -342.6, "2018-03-31": "-30.30010", "2017-12-31": -300.9999, "2017-09-30": -223.2002, "2017-06-30": 56.1, "2017-03-31": "124.80010", "2016-12-31": -68.0002, "2016-09-30": -163.4001, "2016-06-30": -509.0998, "2016-03-31": "209.90000", "2015-12-31": -117.0852, "2015-09-30": 389.1563, "2015-06-30": 215.1448, "2015-03-31": "-87.01590", "2014-12-31": 60.8772, "2014-09-30": -16.4459, "2014-06-30": 77.6151, "2014-03-31": "-94.93410", "2013-12-31": -89.581, "2013-09-30": -37.895, "2013-06-30": 206.7909, "2013-03-31": "-59.16690", "2012-12-31": -307.3798, "2012-09-30": -402.2441, "2012-06-30": 150.093, "2012-03-31": "-37.98200", "2011-12-31": -116.3877, "2011-09-30": -69.4692, "2011-06-30": 246.209, "2011-03-31": "-75.55600", "2010-12-31": 50.0081, "2010-09-30": 126.8219, "2010-06-30": 102.8419, "2010-03-31": "-297.95290", "2009-12-31": 88.096, "2009-09-30": 29.8239, "2009-06-30": -91.9649, "2009-03-31": "-72.78800", "2008-12-31": 272.9761, "2008-09-30": 246.2317, "2008-06-30": -126.7708, "2008-03-31": "110.99200", "2007-12-31": -54.4859, "2007-09-30": -200.8869, "2007-06-30": -118.619, "2007-03-31": "-381.06510", "2006-12-31": 361.8761, "2006-09-30": -159.464, "2006-06-30": -246.184, "2006-03-31": "-230.23300", "2005-12-31": 88.7631, "2005-09-30": 79.7518, "2005-06-30": -65.1749, "2005-03-31": "-302.87100"}, "Net Change In Investments - Total": {"2020-09-30": -198, "2020-06-30": -39.2001, "2020-03-31": "178.00000", "2019-12-31": -2.5998, "2019-09-30": -8.0001, "2019-06-30": -137.4, "2019-03-31": "-414.10010", "2018-12-31": -359.8995, "2018-09-30": -470.1003, "2018-06-30": -363.7002, "2018-03-31": "85.70000", "2017-12-31": -323.1999, "2017-09-30": -289.7002, "2017-06-30": 88.3, "2017-03-31": "127.40010", "2016-12-31": 99.1998, "2016-09-30": -63.9001, "2016-06-30": -558.0998, "2016-03-31": "265.40000", "2015-12-31": 118.6208, "2015-09-30": 57.8963, "2015-06-30": 18.7488, "2015-03-31": "8.23410", "2014-12-31": 152.1222, "2014-09-30": -126.6779, "2014-06-30": 289.1811, "2014-03-31": "-193.94210", "2013-12-31": 410.395, "2013-09-30": -237.263, "2013-06-30": -330.8341, "2013-03-31": "4.24710", "2012-12-31": -357.3278, "2012-09-30": -146.4671, "2012-06-30": 22.923, "2012-03-31": "23.66800", "2011-12-31": -51.1917, "2011-09-30": -139.9182, "2011-06-30": 236.975, "2011-03-31": "-151.43700", "2010-12-31": 144.1211, "2010-09-30": 91.6729, "2010-06-30": 122.294, "2010-03-31": "-280.60100", "2009-12-31": 81.489, "2009-09-30": 107.6779, "2009-06-30": 53.8061, "2009-03-31": "-35.21600", "2008-12-31": 179.5091, "2008-09-30": 95.0817, "2008-06-30": 28.4372, "2008-03-31": "-131.94400", "2007-12-31": -145.1578, "2007-09-30": -248.353, "2007-06-30": 49.517, "2007-03-31": "-497.42710", "2006-12-31": 318.4471, "2006-09-30": -191.564, "2006-06-30": -206.879, "2006-03-31": "-80.60100", "2005-12-31": 42.7151, "2005-09-30": -52.9222, "2005-06-30": 118.1801, "2005-03-31": "-441.61800"}, "Investing Activities - Other": {"2020-09-30": 20.2, "2020-06-30": -14.5, "2020-03-31": "25.50000", "2019-12-31": 40.5, "2019-09-30": 16.7, "2019-06-30": 0.4, "2019-03-31": "-0.70000", "2018-12-31": -41.1, "2018-09-30": 64.6, "2018-06-30": 4.9, "2018-03-31": "9.90000", "2017-12-31": 18.2, "2017-09-30": 56.3, "2017-06-30": -9.5, "2017-03-31": "-44.00000", "2016-12-31": 13.5, "2016-09-30": -3.9, "2016-06-30": 261.5, "2016-03-31": "-13.60000", "2015-12-31": 119.324, "2015-09-30": -10.804, "2015-06-30": 31.254, "2015-03-31": "2.92600", "2014-12-31": 141.231, "2014-09-30": 5.136, "2014-06-30": 13.726, "2014-03-31": "15.91000", "2013-12-31": -12.125, "2013-09-30": 0.762, "2013-06-30": 15.937, "2013-03-31": "-11.08800", "2012-12-31": 20.865, "2012-09-30": 13.791, "2012-06-30": 28.66, "2012-03-31": "0.22300", "2011-12-31": 9.399, "2011-09-30": -13.612, "2011-06-30": -0.965, "2011-03-31": "-8.83400", "2010-12-31": -39.262, "2010-09-30": 10.315, "2010-06-30": 16.968, "2010-03-31": "-11.99300", "2009-12-31": -53.948, "2009-09-30": 21.956, "2009-06-30": 1.906, "2009-03-31": "13.21000", "2008-12-31": -4.665, "2008-09-30": 9.591, "2008-06-30": -72.376, "2008-03-31": "-43.76300", "2007-12-31": -28.729, "2007-09-30": -47.396, "2007-06-30": -61.014, "2007-03-31": "-10.74900", "2006-12-31": -4.165, "2006-09-30": -14.828, "2006-06-30": -18.74, "2006-03-31": "-30.40200", "2005-12-31": -87.51, "2005-09-30": -23.176, "2005-06-30": -76.728, "2005-03-31": "14.20400"}, "Cash Flow From Investing Activities": {"2020-09-30": -243, "2020-06-30": -214.1, "2020-03-31": "181.90000", "2019-12-31": -6.2, "2019-09-30": -4, "2019-06-30": -162.4, "2019-03-31": "-447.20000", "2018-12-31": -298.1, "2018-09-30": -389.6, "2018-06-30": -1593.9, "2018-03-31": "79.10000", "2017-12-31": -299.2, "2017-09-30": -245.7, "2017-06-30": 62.5, "2017-03-31": "-58.80000", "2016-12-31": 94.3, "2016-09-30": -114.3, "2016-06-30": -387.4, "2016-03-31": "1133.00000", "2015-12-31": 193.926, "2015-09-30": 14.624, "2015-06-30": 1.735, "2015-03-31": "54.01500", "2014-12-31": 207.417, "2014-09-30": -178.123, "2014-06-30": 225.732, "2014-03-31": "-191.13700", "2013-12-31": 248.853, "2013-09-30": -297.989, "2013-06-30": -325.091, "2013-03-31": "-18.51100", "2012-12-31": -351.592, "2012-09-30": -149.708, "2012-06-30": 32.841, "2012-03-31": "18.57600", "2011-12-31": -51.129, "2011-09-30": -162.265, "2011-06-30": 183.256, "2011-03-31": "-166.45000", "2010-12-31": 91.612, "2010-09-30": 87.365, "2010-06-30": 119.128, "2010-03-31": "-306.98100", "2009-12-31": 19.38, "2009-09-30": 116.157, "2009-06-30": 41.085, "2009-03-31": "-35.15500", "2008-12-31": -66.186, "2008-09-30": -46.787, "2008-06-30": -26.119, "2008-03-31": "-189.91100", "2007-12-31": -252.424, "2007-09-30": -404.321, "2007-06-30": -28.699, "2007-03-31": "-523.14100", "2006-12-31": 442.404, "2006-09-30": -215.473, "2006-06-30": -189.811, "2006-03-31": "-121.63100", "2005-12-31": -50.607, "2005-09-30": -90.383, "2005-06-30": 33.305, "2005-03-31": "-441.00300"}, "Net Long-Term Debt": {"2020-09-30": 0, "2020-06-30": -0.5, "2020-03-31": "-0.70000", "2019-12-31": -6.8001, "2019-09-30": -45.1, "2019-06-30": -2.8, "2019-03-31": "290.20000", "2018-12-31": 139.4, "2018-09-30": 254.4, "2018-06-30": 337.7, "2018-03-31": "1092.40000", "2017-12-31": 293.1, "2017-09-30": 88.7, "2017-06-30": 69, "2017-03-31": "", "2016-12-31": -123, "2016-09-30": -0.1, "2016-06-30": -249.9, "2016-03-31": "249.60000", "2015-12-31": 44.952, "2015-09-30": -44.255, "2015-06-30": 2.049, "2015-03-31": "-2.74600", "2014-12-31": -0.768, "2014-09-30": 0.757, "2014-06-30": -0.78, "2014-03-31": "-466.53900", "2013-12-31": -1.879, "2013-09-30": -8.828, "2013-06-30": -22.332, "2013-03-31": "697.99000", "2012-12-31": 0.69, "2012-09-30": -0.591, "2012-06-30": 0.325, "2012-03-31": "-1.20400", "2011-12-31": -0.955, "2011-09-30": 3.324, "2011-06-30": -179.233, "2011-03-31": "135.14600", "2010-12-31": 1.964, "2010-09-30": 0.49, "2010-06-30": -8.681, "2010-03-31": "-76.84000", "2009-12-31": 22.991, "2009-09-30": -27.486, "2009-06-30": 22.158, "2009-03-31": "-53.89000", "2008-12-31": -99.455, "2008-09-30": -154.942, "2008-06-30": -10.444, "2008-03-31": "-20.30300", "2007-12-31": -113.21, "2007-09-30": 25.597, "2007-06-30": 53.134, "2007-03-31": "210.17100", "2006-12-31": -296.649, "2006-09-30": 56.668, "2006-06-30": 62.741, "2006-03-31": "-67.46400", "2005-12-31": 76.351, "2005-09-30": -47.631, "2005-06-30": -18.379, "2005-03-31": "64.99000"}, "Net Current Debt": {"2020-09-30": -200, "2020-06-30": 0, "2020-03-31": "200.00000", "2019-12-31": 0, "2019-09-30": 0, "2019-06-30": 0, "2019-03-31": "", "2018-12-31": 0, "2018-09-30": 0, "2018-06-30": 0, "2018-03-31": "", "2017-12-31": 0, "2017-09-30": 0, "2017-06-30": 0, "2017-03-31": "", "2016-12-31": 0, "2016-09-30": 0, "2016-06-30": 0, "2016-03-31": "", "2015-12-31": 0, "2015-09-30": 0, "2015-06-30": 0, "2015-03-31": "", "2014-12-31": 0, "2014-09-30": 0, "2014-06-30": 0, "2014-03-31": "", "2013-12-31": 0, "2013-09-30": 0, "2013-06-30": 0, "2013-03-31": "", "2012-12-31": 0, "2012-09-30": 0, "2012-06-30": 0, "2012-03-31": "", "2011-12-31": 0, "2011-09-30": 0, "2011-06-30": 0, "2011-03-31": "", "2010-12-31": 0, "2010-09-30": 0, "2010-06-30": 0, "2010-03-31": "", "2009-12-31": 0, "2009-09-30": 0, "2009-06-30": 0, "2009-03-31": "", "2008-12-31": 0, "2008-09-30": 0, "2008-06-30": 0, "2008-03-31": "", "2007-12-31": 0, "2007-09-30": 0, "2007-06-30": -0.021, "2007-03-31": "-0.02100", "2006-12-31": 0, "2006-09-30": -0.021, "2006-06-30": -0.02, "2006-03-31": "-0.01800", "2005-12-31": -0.064, "2005-09-30": -0.074, "2005-06-30": 0, "2005-03-31": "-0.04100"}, "Debt Issuance/Retirement Net - Total": {"2020-09-30": -200, "2020-06-30": -0.5, "2020-03-31": "199.30000", "2019-12-31": -6.8001, "2019-09-30": -45.1, "2019-06-30": -2.8, "2019-03-31": "290.20000", "2018-12-31": 139.4, "2018-09-30": 254.4, "2018-06-30": 337.7, "2018-03-31": "1092.40000", "2017-12-31": 293.1, "2017-09-30": 88.7, "2017-06-30": 69, "2017-03-31": "", "2016-12-31": -123, "2016-09-30": -0.1, "2016-06-30": -249.9, "2016-03-31": "249.60000", "2015-12-31": 44.952, "2015-09-30": -44.255, "2015-06-30": 2.049, "2015-03-31": "-2.74600", "2014-12-31": -0.768, "2014-09-30": 0.757, "2014-06-30": -0.78, "2014-03-31": "-466.53900", "2013-12-31": -1.879, "2013-09-30": -8.828, "2013-06-30": -22.332, "2013-03-31": "697.99000", "2012-12-31": 0.69, "2012-09-30": -0.591, "2012-06-30": 0.325, "2012-03-31": "-1.20400", "2011-12-31": -0.955, "2011-09-30": 3.324, "2011-06-30": -179.233, "2011-03-31": "135.14600", "2010-12-31": 1.964, "2010-09-30": 0.49, "2010-06-30": -8.681, "2010-03-31": "-76.84000", "2009-12-31": 22.991, "2009-09-30": -27.486, "2009-06-30": 22.158, "2009-03-31": "-53.89000", "2008-12-31": -99.455, "2008-09-30": -154.942, "2008-06-30": -10.444, "2008-03-31": "-20.30300", "2007-12-31": -113.21, "2007-09-30": 25.597, "2007-06-30": 53.113, "2007-03-31": "210.15000", "2006-12-31": -296.649, "2006-09-30": 56.647, "2006-06-30": 62.721, "2006-03-31": "-67.48200", "2005-12-31": 76.287, "2005-09-30": -47.705, "2005-06-30": -18.379, "2005-03-31": "64.94900"}, "Net Common Equity Issued/Repurchased": {"2020-09-30": -68.3, "2020-06-30": -29.6, "2020-03-31": "-56.60000", "2019-12-31": -107.5, "2019-09-30": -65.8, "2019-06-30": -48.5, "2019-03-31": "-50.00000", "2018-12-31": -52.1, "2018-09-30": -80.3, "2018-06-30": 0.1, "2018-03-31": "-7.00000", "2017-12-31": -132.1, "2017-09-30": -38.2, "2017-06-30": -113.5, "2017-03-31": "-105.10000", "2016-12-31": -188.8, "2016-09-30": -228.7, "2016-06-30": -199.8, "2016-03-31": "-245.80000", "2015-12-31": -74.227, "2015-09-30": -30.921, "2015-06-30": -103.423, "2015-03-31": "-84.32900", "2014-12-31": -99.317, "2014-09-30": -34.008, "2014-06-30": -55.751, "2014-03-31": "-26.10700", "2013-12-31": -93.388, "2013-09-30": -106.5, "2013-06-30": -186.507, "2013-03-31": "-6.61700", "2012-12-31": -41.727, "2012-09-30": -111.774, "2012-06-30": -155.066, "2012-03-31": "-103.62900", "2011-12-31": -168.905, "2011-09-30": -78.152, "2011-06-30": -111.197, "2011-03-31": "-175.59400", "2010-12-31": -153.387, "2010-09-30": -56.345, "2010-06-30": -212.475, "2010-03-31": "-100.33900", "2009-12-31": 0, "2009-09-30": -31.949, "2009-06-30": 0, "2009-03-31": "", "2008-12-31": 0, "2008-09-30": -59, "2008-06-30": 0, "2008-03-31": "", "2007-12-31": 0, "2007-09-30": -124.882, "2007-06-30": -115.686, "2007-03-31": "-75.00200", "2006-12-31": -103.986, "2006-09-30": -154.969, "2006-06-30": -101.633, "2006-03-31": "-61.86300", "2005-12-31": -88.272, "2005-09-30": -132.051, "2005-06-30": -95.649, "2005-03-31": "-22.90200"}, "Net Total Equity Issued/Repurchased": {"2020-09-30": -68.3, "2020-06-30": -29.6, "2020-03-31": "-56.60000", "2019-12-31": -107.5, "2019-09-30": -65.8, "2019-06-30": -48.5, "2019-03-31": "-50.00000", "2018-12-31": -52.1, "2018-09-30": -80.3, "2018-06-30": 0.1, "2018-03-31": "269.40000", "2017-12-31": -132.1, "2017-09-30": -38.2, "2017-06-30": -113.5, "2017-03-31": "-105.10000", "2016-12-31": -188.8, "2016-09-30": -228.7, "2016-06-30": -199.8, "2016-03-31": "-245.80000", "2015-12-31": -74.227, "2015-09-30": -30.921, "2015-06-30": -103.423, "2015-03-31": "-84.32900", "2014-12-31": -99.317, "2014-09-30": -34.008, "2014-06-30": -55.751, "2014-03-31": "-26.10700", "2013-12-31": -93.388, "2013-09-30": -106.5, "2013-06-30": -186.507, "2013-03-31": "-6.61700", "2012-12-31": -41.727, "2012-09-30": -111.774, "2012-06-30": -155.066, "2012-03-31": "-103.62900", "2011-12-31": -168.905, "2011-09-30": -78.152, "2011-06-30": -111.197, "2011-03-31": "-180.59400", "2010-12-31": -156.547, "2010-09-30": -56.345, "2010-06-30": -212.475, "2010-03-31": "-100.33900", "2009-12-31": 0, "2009-09-30": -31.949, "2009-06-30": 0, "2009-03-31": "-3.00000", "2008-12-31": 0, "2008-09-30": -59, "2008-06-30": 0, "2008-03-31": "-10.00000", "2007-12-31": 0, "2007-09-30": -125.882, "2007-06-30": -115.686, "2007-03-31": "-75.00200", "2006-12-31": -104.986, "2006-09-30": -154.969, "2006-06-30": -101.633, "2006-03-31": "-62.86300", "2005-12-31": -88.272, "2005-09-30": -132.051, "2005-06-30": -95.649, "2005-03-31": "-22.90200"}, "Total Common And Preferred Stock Dividends Paid": {"2020-09-30": -42.2, "2020-06-30": -44.2, "2020-03-31": "-42.70000", "2019-12-31": -43, "2019-09-30": -42, "2019-06-30": -42.9, "2019-03-31": "-42.10000", "2018-12-31": -42.4, "2018-09-30": -40.2, "2018-06-30": -35.7, "2018-03-31": "-29.70000", "2017-12-31": -30.2, "2017-09-30": -28.8, "2017-06-30": -30.3, "2017-03-31": "-29.70000", "2016-12-31": -30.3, "2016-09-30": -30, "2016-06-30": -32.6, "2016-03-31": "-32.40000", "2015-12-31": -33.294, "2015-09-30": -20.456, "2015-06-30": -21.616, "2015-03-31": "-18.83400", "2014-12-31": -19.113, "2014-09-30": -19.449, "2014-06-30": -20.753, "2014-03-31": "-18.18000", "2013-12-31": -18.351, "2013-09-30": -18.833, "2013-06-30": -20.155, "2013-03-31": "-16.78900", "2012-12-31": -16.76, "2012-09-30": -17.284, "2012-06-30": -19.408, "2012-03-31": "-15.94100", "2011-12-31": -16.527, "2011-09-30": -17.178, "2011-06-30": -17.558, "2011-03-31": "-16.12200", "2010-12-31": -16.916, "2010-09-30": -17.238, "2010-06-30": -17.876, "2010-03-31": "-17.58800", "2009-12-31": -17.635, "2009-09-30": -17.701, "2009-06-30": -17.771, "2009-03-31": "-16.48900", "2008-12-31": -16.469, "2008-09-30": -16.463, "2008-06-30": -16.567, "2008-03-31": "-14.17300", "2007-12-31": -14.161, "2007-09-30": -14.146, "2007-06-30": -14.498, "2007-03-31": "-12.23300", "2006-12-31": -12.32, "2006-09-30": -12.568, "2006-06-30": -12.86, "2006-03-31": "-10.40900", "2005-12-31": -10.474, "2005-09-30": -10.776, "2005-06-30": -11.005, "2005-03-31": "-9.79500"}, "Financial Activities - Other": {"2020-09-30": 1.7, "2020-06-30": -5.1, "2020-03-31": "-8.60000", "2019-12-31": 28.2, "2019-09-30": -15.8, "2019-06-30": -8.1, "2019-03-31": "22.80000", "2018-12-31": 2.7, "2018-09-30": 12, "2018-06-30": -1.6, "2018-03-31": "11.90000", "2017-12-31": 12.2, "2017-09-30": 0.9, "2017-06-30": 10.2, "2017-03-31": "7.10000", "2016-12-31": -2.9, "2016-09-30": 4.4, "2016-06-30": 21.2, "2016-03-31": "8.80000", "2015-12-31": -74.499, "2015-09-30": 0.687, "2015-06-30": -3.047, "2015-03-31": "1.55900", "2014-12-31": 1.293, "2014-09-30": 0.205, "2014-06-30": 5.673, "2014-03-31": "-23.36200", "2013-12-31": 0.612, "2013-09-30": 0.369, "2013-06-30": 2.319, "2013-03-31": "-4.41200", "2012-12-31": -0.736, "2012-09-30": 0.077, "2012-06-30": 3.913, "2012-03-31": "-1.52600", "2011-12-31": -0.304, "2011-09-30": 0.495, "2011-06-30": 180.412, "2011-03-31": "-169.50000", "2010-12-31": -14.417, "2010-09-30": -0.175, "2010-06-30": -2.562, "2010-03-31": "-3.92800", "2009-12-31": -0.079, "2009-09-30": -0.179, "2009-06-30": -0.877, "2009-03-31": "-0.65500", "2008-12-31": -0.055, "2008-09-30": 0.517, "2008-06-30": 4.621, "2008-03-31": "0.59900", "2007-12-31": 1.91, "2007-09-30": 0.097, "2007-06-30": 5.934, "2007-03-31": "1.44000", "2006-12-31": 1.684, "2006-09-30": 0.202, "2006-06-30": 0.571, "2006-03-31": "0.10400", "2005-12-31": 0, "2005-09-30": 0, "2005-06-30": 0, "2005-03-31": ""}, "Cash Flow From Financial Activities": {"2020-09-30": -308.8, "2020-06-30": -79.4, "2020-03-31": "91.40000", "2019-12-31": -129.1, "2019-09-30": -168.7, "2019-06-30": -102.3, "2019-03-31": "220.90000", "2018-12-31": 47.6, "2018-09-30": 145.9, "2018-06-30": 300.5, "2018-03-31": "1344.00000", "2017-12-31": 143, "2017-09-30": 22.6, "2017-06-30": -64.6, "2017-03-31": "-127.70000", "2016-12-31": -345, "2016-09-30": -254.4, "2016-06-30": -461.1, "2016-03-31": "-19.80000", "2015-12-31": -137.068, "2015-09-30": -94.945, "2015-06-30": -126.037, "2015-03-31": "-104.35000", "2014-12-31": -117.905, "2014-09-30": -52.495, "2014-06-30": -71.611, "2014-03-31": "-534.18800", "2013-12-31": -113.006, "2013-09-30": -133.792, "2013-06-30": -226.675, "2013-03-31": "670.17200", "2012-12-31": -58.533, "2012-09-30": -129.572, "2012-06-30": -170.236, "2012-03-31": "-122.30000", "2011-12-31": -186.691, "2011-09-30": -91.511, "2011-06-30": -127.576, "2011-03-31": "-231.07000", "2010-12-31": -185.916, "2010-09-30": -73.268, "2010-06-30": -241.594, "2010-03-31": "-198.69500", "2009-12-31": 5.277, "2009-09-30": -77.315, "2009-06-30": 3.51, "2009-03-31": "-74.03400", "2008-12-31": -115.979, "2008-09-30": -229.888, "2008-06-30": -22.39, "2008-03-31": "-43.87700", "2007-12-31": -125.461, "2007-09-30": -114.334, "2007-06-30": -71.137, "2007-03-31": "124.35500", "2006-12-31": -412.271, "2006-09-30": -110.688, "2006-06-30": -51.201, "2006-03-31": "-140.65000", "2005-12-31": -22.459, "2005-09-30": -190.532, "2005-06-30": -125.033, "2005-03-31": "32.25200"}, "Net Cash Flow": {"2020-09-30": 65.5, "2020-06-30": 137.6, "2020-03-31": "132.80000", "2019-12-31": 117.8, "2019-09-30": 258.9, "2019-06-30": 216.2, "2019-03-31": "20.20000", "2018-12-31": -52.6, "2018-09-30": 52.9, "2018-06-30": -1088.3, "2018-03-31": "1345.20000", "2017-12-31": 4, "2017-09-30": 144.6, "2017-06-30": -26.3, "2017-03-31": "-157.50000", "2016-12-31": -84.7, "2016-09-30": -116, "2016-06-30": -828.1, "2016-03-31": "772.50000", "2015-12-31": -255.58, "2015-09-30": 246.5, "2015-06-30": 232.271, "2015-03-31": "-253.49100", "2014-12-31": -92.61, "2014-09-30": 12.396, "2014-06-30": 292.958, "2014-03-31": "-611.27200", "2013-12-31": 430.487, "2013-09-30": 16.302, "2013-06-30": -334.23, "2013-03-31": "695.22100", "2012-12-31": -163.102, "2012-09-30": -34.486, "2012-06-30": 42.177, "2012-03-31": "-101.89800", "2011-12-31": 107.19, "2011-09-30": -75.576, "2011-06-30": 194.665, "2011-03-31": "-210.08200", "2010-12-31": -17.791, "2010-09-30": 164.584, "2010-06-30": 71.182, "2010-03-31": "-386.01100", "2009-12-31": 82.701, "2009-09-30": 426.669, "2009-06-30": 144.843, "2009-03-31": "-376.34500", "2008-12-31": -12.995, "2008-09-30": 97.076, "2008-06-30": -63.991, "2008-03-31": "215.63000", "2007-12-31": -10.183, "2007-09-30": -194.924, "2007-06-30": 250.236, "2007-03-31": "-227.83700", "2006-12-31": 340.535, "2006-09-30": -16.364, "2006-06-30": 12.796, "2006-03-31": "-204.86400", "2005-12-31": 214.301, "2005-09-30": 140.498, "2005-06-30": 25.736, "2005-03-31": "-332.04800"}, "Stock-Based Compensation": {"2020-09-30": 15.5, "2020-06-30": 14.9, "2020-03-31": "11.50000", "2019-12-31": 15.2, "2019-09-30": 15, "2019-06-30": 14.2, "2019-03-31": "11.50000", "2018-12-31": 18, "2018-09-30": 17.4, "2018-06-30": 12.1, "2018-03-31": "9.60000", "2017-12-31": 35.5, "2017-09-30": 0, "2017-06-30": 0, "2017-03-31": "", "2016-12-31": 41.6, "2016-09-30": 0, "2016-06-30": 0, "2016-03-31": "", "2015-12-31": 38.8, "2015-09-30": 0, "2015-06-30": 0, "2015-03-31": "", "2014-12-31": 49.354, "2014-09-30": 0, "2014-06-30": 0, "2014-03-31": "", "2013-12-31": 50.004, "2013-09-30": 0, "2013-06-30": 0, "2013-03-31": "", "2012-12-31": 37.589, "2012-09-30": 0, "2012-06-30": 0, "2012-03-31": "", "2011-12-31": 36.888, "2011-09-30": 0, "2011-06-30": 0, "2011-03-31": "", "2010-12-31": 34.591, "2010-09-30": 0, "2010-06-30": 0, "2010-03-31": "", "2009-12-31": 30.288, "2009-09-30": 0, "2009-06-30": 0, "2009-03-31": "", "2008-12-31": 24.129, "2008-09-30": 0, "2008-06-30": 0, "2008-03-31": "", "2007-12-31": 19.526, "2007-09-30": 0, "2007-06-30": 0, "2007-03-31": "", "2006-12-31": 17.569, "2006-09-30": 0, "2006-06-30": 0, "2006-03-31": "", "2005-12-31": 40.089, "2005-09-30": 0, "2005-06-30": 0, "2005-03-31": ""}, "Common Stock Dividends Paid": {"2020-09-30": -37.5, "2020-06-30": -39.6, "2020-03-31": "-38.00000", "2019-12-31": -38.3, "2019-09-30": -37.3, "2019-06-30": -38.3, "2019-03-31": "-37.40000", "2018-12-31": -37.7, "2018-09-30": -35.5, "2018-06-30": -30.9, "2018-03-31": "-29.70000", "2017-12-31": -30.2, "2017-09-30": -28.8, "2017-06-30": -30.3, "2017-03-31": "-29.70000", "2016-12-31": -30.3, "2016-09-30": -30, "2016-06-30": -32.6, "2016-03-31": "-32.40000", "2015-12-31": -33.294, "2015-09-30": -20.456, "2015-06-30": -21.616, "2015-03-31": "-18.83400", "2014-12-31": -19.113, "2014-09-30": -19.449, "2014-06-30": -20.753, "2014-03-31": "-18.18000", "2013-12-31": -18.351, "2013-09-30": -18.833, "2013-06-30": -20.155, "2013-03-31": "-16.78900", "2012-12-31": -16.76, "2012-09-30": -17.284, "2012-06-30": -19.408, "2012-03-31": "-15.94100", "2011-12-31": -16.527, "2011-09-30": -17.178, "2011-06-30": -17.558, "2011-03-31": "-16.12200", "2010-12-31": -16.916, "2010-09-30": -17.238, "2010-06-30": -17.876, "2010-03-31": "-17.58800", "2009-12-31": -17.635, "2009-09-30": -17.701, "2009-06-30": -17.771, "2009-03-31": "-16.48900", "2008-12-31": -16.469, "2008-09-30": -16.463, "2008-06-30": -16.567, "2008-03-31": "-14.17300", "2007-12-31": -14.161, "2007-09-30": -14.146, "2007-06-30": -14.498, "2007-03-31": "-12.23300", "2006-12-31": -12.32, "2006-09-30": -12.568, "2006-06-30": -12.86, "2006-03-31": "-10.40900", "2005-12-31": -10.474, "2005-09-30": -10.776, "2005-06-30": -11.005, "2005-03-31": "-9.79500"}}, "financial ratios": {"Current Ratio": {"2019-12-31": "", "2018-12-31": "", "2017-12-31": "", "2016-12-31": "", "2015-12-31": "", "2014-12-31": "", "2013-12-31": "", "2012-12-31": "", "2011-12-31": "", "2010-12-31": "", "2009-12-31": "", "2008-12-31": "", "2007-12-31": "", "2006-12-31": "", "2005-12-31": ""}, "Long-term Debt / Capital": {"2019-12-31": "0.26100", "2018-12-31": "0.28100", "2017-12-31": "0.19970", "2016-12-31": "0.20660", "2015-12-31": "0.20470", "2014-12-31": "0.19650", "2013-12-31": "0.26400", "2012-12-31": "0.17070", "2011-12-31": "0.17970", "2010-12-31": "0.18840", "2009-12-31": "0.19720", "2008-12-31": "0.24880", "2007-12-31": "0.27020", "2006-12-31": "0.25870", "2005-12-31": "0.29960"}, "Debt/Equity Ratio": {"2019-12-31": "0.35320", "2018-12-31": "0.39070", "2017-12-31": "0.24950", "2016-12-31": "0.26040", "2015-12-31": "0.25740", "2014-12-31": "0.24450", "2013-12-31": "0.35860", "2012-12-31": "0.20580", "2011-12-31": "0.21910", "2010-12-31": "0.23210", "2009-12-31": "0.24570", "2008-12-31": "0.33120", "2007-12-31": "0.37020", "2006-12-31": "0.34900", "2005-12-31": "0.42770"}, "Gross Margin": {"2019-12-31": "", "2018-12-31": "", "2017-12-31": "", "2016-12-31": "", "2015-12-31": "", "2014-12-31": "", "2013-12-31": "", "2012-12-31": "", "2011-12-31": "", "2010-12-31": "", "2009-12-31": "", "2008-12-31": "", "2007-12-31": "", "2006-12-31": "", "2005-12-31": ""}, "Operating Margin": {"2019-12-31": "7.11320", "2018-12-31": "4.13890", "2017-12-31": "6.92910", "2016-12-31": "11.26690", "2015-12-31": "1.94860", "2014-12-31": "7.16780", "2013-12-31": "8.72820", "2012-12-31": "8.90600", "2011-12-31": "8.53550", "2010-12-31": "7.11220", "2009-12-31": "8.15590", "2008-12-31": "6.54880", "2007-12-31": "11.96000", "2006-12-31": "13.57700", "2005-12-31": "8.74410"}, "EBIT Margin": {"2019-12-31": "8.20970", "2018-12-31": "5.38370", "2017-12-31": "7.70070", "2016-12-31": "12.03170", "2015-12-31": "2.48220", "2014-12-31": "7.73030", "2013-12-31": "9.58740", "2012-12-31": "9.61480", "2011-12-31": "9.26510", "2010-12-31": "7.82330", "2009-12-31": "8.85320", "2008-12-31": "7.25750", "2007-12-31": "12.68370", "2006-12-31": "14.33580", "2005-12-31": "9.56120"}, "EBITDA Margin": {"2019-12-31": "9.31510", "2018-12-31": "6.25250", "2017-12-31": "7.88460", "2016-12-31": "8.45480", "2015-12-31": "3.68410", "2014-12-31": "9.01840", "2013-12-31": "10.78710", "2012-12-31": "10.86040", "2011-12-31": "10.58190", "2010-12-31": "9.18590", "2009-12-31": "9.90300", "2008-12-31": "7.98060", "2007-12-31": "13.40730", "2006-12-31": "15.02980", "2005-12-31": "10.10350"}, "Pre-Tax Profit Margin": {"2019-12-31": "5.49730", "2018-12-31": "4.13890", "2017-12-31": "6.92910", "2016-12-31": "11.26690", "2015-12-31": "1.94860", "2014-12-31": "7.16780", "2013-12-31": "8.72820", "2012-12-31": "8.90610", "2011-12-31": "8.53550", "2010-12-31": "7.11220", "2009-12-31": "8.15590", "2008-12-31": "6.54880", "2007-12-31": "11.96000", "2006-12-31": "13.57700", "2005-12-31": "8.74420"}, "Net Profit Margin": {"2019-12-31": "3.60770", "2018-12-31": "2.93880", "2017-12-31": "8.09980", "2016-12-31": "7.50680", "2015-12-31": "1.37140", "2014-12-31": "4.53600", "2013-12-31": "5.40370", "2012-12-31": "5.68510", "2011-12-31": "6.51480", "2010-12-31": "3.26710", "2009-12-31": "4.94880", "2008-12-31": "5.20620", "2007-12-31": "7.73340", "2006-12-31": "8.88930", "2005-12-31": "6.39340"}, "Asset Turnover": {"2019-12-31": "0.22770", "2018-12-31": "0.19610", "2017-12-31": "0.20150", "2016-12-31": "0.25350", "2015-12-31": "0.34380", "2014-12-31": "0.32890", "2013-12-31": "0.30450", "2012-12-31": "0.29390", "2011-12-31": "0.30620", "2010-12-31": "0.32310", "2009-12-31": "0.33640", "2008-12-31": "0.35090", "2007-12-31": "0.31600", "2006-12-31": "0.32070", "2005-12-31": "0.29560"}, "Inventory Turnover Ratio": {"2019-12-31": "", "2018-12-31": "", "2017-12-31": "", "2016-12-31": "", "2015-12-31": "", "2014-12-31": "", "2013-12-31": "", "2012-12-31": "", "2011-12-31": "", "2010-12-31": "", "2009-12-31": "", "2008-12-31": "", "2007-12-31": "", "2006-12-31": "", "2005-12-31": ""}, "Receiveable Turnover": {"2019-12-31": "", "2018-12-31": "", "2017-12-31": "", "2016-12-31": "", "2015-12-31": "", "2014-12-31": "", "2013-12-31": "", "2012-12-31": "", "2011-12-31": "", "2010-12-31": "", "2009-12-31": "", "2008-12-31": "", "2007-12-31": "", "2006-12-31": "", "2005-12-31": ""}, "Days Sales In Receivables": {"2019-12-31": "", "2018-12-31": "", "2017-12-31": "", "2016-12-31": "", "2015-12-31": "", "2014-12-31": "", "2013-12-31": "", "2012-12-31": "", "2011-12-31": "", "2010-12-31": "", "2009-12-31": "", "2008-12-31": "", "2007-12-31": "", "2006-12-31": "", "2005-12-31": ""}, "ROE - Return On Equity": {"2019-12-31": "6.81080", "2018-12-31": "4.92300", "2017-12-31": "12.13590", "2016-12-31": "13.79660", "2015-12-31": "3.13000", "2014-12-31": "9.08860", "2013-12-31": "10.11500", "2012-12-31": "9.32830", "2011-12-31": "11.05790", "2010-12-31": "5.82790", "2009-12-31": "8.87190", "2008-12-31": "12.07160", "2007-12-31": "15.98830", "2006-12-31": "18.67850", "2005-12-31": "12.95710"}, "Return On Tangible Equity": {"2019-12-31": "48.70320", "2018-12-31": "-26.09240", "2017-12-31": "17.03160", "2016-12-31": "18.87940", "2015-12-31": "4.19910", "2014-12-31": "12.03550", "2013-12-31": "13.42880", "2012-12-31": "11.46340", "2011-12-31": "13.96260", "2010-12-31": "7.39590", "2009-12-31": "11.23560", "2008-12-31": "17.22690", "2007-12-31": "20.88220", "2006-12-31": "24.62030", "2005-12-31": "17.47440"}, "ROA - Return On Assets": {"2019-12-31": "0.87330", "2018-12-31": "0.61480", "2017-12-31": "1.63180", "2016-12-31": "1.90310", "2015-12-31": "0.47140", "2014-12-31": "1.49200", "2013-12-31": "1.64530", "2012-12-31": "1.67100", "2011-12-31": "1.99470", "2010-12-31": "1.05540", "2009-12-31": "1.66500", "2008-12-31": "1.82670", "2007-12-31": "2.44390", "2006-12-31": "2.84470", "2005-12-31": "1.88980"}, "ROI - Return On Investment": {"2019-12-31": "5.03060", "2018-12-31": "3.53790", "2017-12-31": "9.71270", "2016-12-31": "10.94650", "2015-12-31": "2.48920", "2014-12-31": "7.30270", "2013-12-31": "7.44510", "2012-12-31": "7.73620", "2011-12-31": "9.07070", "2010-12-31": "4.73020", "2009-12-31": "7.12210", "2008-12-31": "9.06840", "2007-12-31": "11.66900", "2006-12-31": "13.84580", "2005-12-31": "9.07540"}, "Book Value Per Share": {"2019-12-31": "94.78700", "2018-12-31": "82.92660", "2017-12-31": "81.68000", "2016-12-31": "73.25750", "2015-12-31": "68.70110", "2014-12-31": "74.76630", "2013-12-31": "67.29240", "2012-12-31": "65.91790", "2011-12-31": "55.05800", "2010-12-31": "46.86800", "2009-12-31": "41.60560", "2008-12-31": "31.60580", "2007-12-31": "34.70820", "2006-12-31": "31.25640", "2005-12-31": "28.32910"}, "Operating Cash Flow Per Share": {"2019-12-31": 11.6536, "2018-12-31": 1.4391, "2017-12-31": 7.8359, "2016-12-31": -1.5776, "2015-12-31": -2.0524, "2014-12-31": -7.8489, "2013-12-31": 5.2647, "2012-12-31": -0.7782, "2011-12-31": 3.895, "2010-12-31": 2.573, "2009-12-31": -6.12, "2008-12-31": -1.5031, "2007-12-31": 2.7568, "2006-12-31": 0.5261, "2005-12-31": 6.6181}, "Free Cash Flow Per Share": {"2019-12-31": 11.3253, "2018-12-31": 0.6993, "2017-12-31": 8.5626, "2016-12-31": -1.2885, "2015-12-31": -2.5744, "2014-12-31": -8.3362, "2013-12-31": 5.2432, "2012-12-31": -1.0857, "2011-12-31": 4.0245, "2010-12-31": 2.5755, "2009-12-31": -6.1134, "2008-12-31": -1.4969, "2007-12-31": 1.5348, "2006-12-31": 1.5823, "2005-12-31": 6.3126}}, "financial ratios, quarterly": {"Current Ratio": {"2020-09-30": "", "2020-06-30": "", "2020-03-31": "", "2019-12-31": "", "2019-09-30": "", "2019-06-30": "", "2019-03-31": "", "2018-12-31": "", "2018-09-30": "", "2018-06-30": "", "2018-03-31": "", "2017-12-31": "", "2017-09-30": "", "2017-06-30": "", "2017-03-31": "", "2016-12-31": "", "2016-09-30": "", "2016-06-30": "", "2016-03-31": "", "2015-12-31": "", "2015-09-30": "", "2015-06-30": "", "2015-03-31": "", "2014-12-31": "", "2014-09-30": "", "2014-06-30": "", "2014-03-31": "", "2013-12-31": "", "2013-09-30": "", "2013-06-30": "", "2013-03-31": "", "2012-12-31": "", "2012-09-30": "", "2012-06-30": "", "2012-03-31": "", "2011-12-31": "", "2011-09-30": "", "2011-06-30": "", "2011-03-31": "", "2010-12-31": "", "2010-09-30": "", "2010-06-30": "", "2010-03-31": "", "2009-12-31": "", "2009-09-30": "", "2009-06-30": "", "2009-03-31": "", "2008-12-31": "", "2008-09-30": "", "2008-06-30": "", "2008-03-31": "", "2007-12-31": "", "2007-09-30": "", "2007-06-30": "", "2007-03-31": "", "2006-12-31": "", "2006-09-30": "", "2006-06-30": "", "2006-03-31": "", "2005-12-31": "", "2005-09-30": "", "2005-06-30": "", "2005-03-31": ""}, "Long-term Debt / Capital": {"2020-09-30": "0.25270", "2020-06-30": "0.26950", "2020-03-31": "0.29070", "2019-12-31": "0.26100", "2019-09-30": "0.26070", "2019-06-30": "0.25840", "2019-03-31": "0.26830", "2018-12-31": "0.28100", "2018-09-30": "0.27680", "2018-06-30": "0.27320", "2018-03-31": "0.30810", "2017-12-31": "0.19970", "2017-09-30": "0.20510", "2017-06-30": "0.21200", "2017-03-31": "0.20420", "2016-12-31": "0.20660", "2016-09-30": "0.20550", "2016-06-30": "0.20180", "2016-03-31": "0.23660", "2015-12-31": "0.20470", "2015-09-30": "0.20700", "2015-06-30": "0.20780", "2015-03-31": "0.19780", "2014-12-31": "0.19650", "2014-09-30": "0.19170", "2014-06-30": "0.19140", "2014-03-31": "0.19910", "2013-12-31": "0.26400", "2013-09-30": "0.26610", "2013-06-30": "0.26650", "2013-03-31": "0.25320", "2012-12-31": "0.17070", "2012-09-30": "0.16940", "2012-06-30": "0.17490", "2012-03-31": "0.17680", "2011-12-31": "0.17970", "2011-09-30": "0.17570", "2011-06-30": "0.17930", "2011-03-31": "0.20770", "2010-12-31": "0.18840", "2010-09-30": "0.17110", "2010-06-30": "0.18010", "2010-03-31": "0.18320", "2009-12-31": "0.19720", "2009-09-30": "0.19260", "2009-06-30": "0.21520", "2009-03-31": "0.24240", "2008-12-31": "0.24880", "2008-09-30": "0.26240", "2008-06-30": "0.25880", "2008-03-31": "0.26200", "2007-12-31": "0.27020", "2007-09-30": "0.29310", "2007-06-30": "0.29560", "2007-03-31": "0.28300", "2006-12-31": "0.25870", "2006-09-30": "0.30300", "2006-06-30": "0.30650", "2006-03-31": "0.29310", "2005-12-31": "0.29960", "2005-09-30": "0.29120", "2005-06-30": "0.28790", "2005-03-31": "0.30190"}, "Debt/Equity Ratio": {"2020-09-30": "0.33810", "2020-06-30": "0.36900", "2020-03-31": "0.40980", "2019-12-31": "0.35320", "2019-09-30": "0.35260", "2019-06-30": "0.34850", "2019-03-31": "0.36670", "2018-12-31": "0.39070", "2018-09-30": "0.38270", "2018-06-30": "0.37590", "2018-03-31": "0.44530", "2017-12-31": "0.24950", "2017-09-30": "0.25810", "2017-06-30": "0.26900", "2017-03-31": "0.25660", "2016-12-31": "0.26040", "2016-09-30": "0.25870", "2016-06-30": "0.25290", "2016-03-31": "0.30990", "2015-12-31": "0.25740", "2015-09-30": "0.26100", "2015-06-30": "0.26230", "2015-03-31": "0.24660", "2014-12-31": "0.24450", "2014-09-30": "0.23710", "2014-06-30": "0.23670", "2014-03-31": "0.24860", "2013-12-31": "0.35860", "2013-09-30": "0.36260", "2013-06-30": "0.36340", "2013-03-31": "0.33900", "2012-12-31": "0.20580", "2012-09-30": "0.20390", "2012-06-30": "0.21200", "2012-03-31": "0.21480", "2011-12-31": "0.21910", "2011-09-30": "0.21310", "2011-06-30": "0.21850", "2011-03-31": "0.26220", "2010-12-31": "0.23210", "2010-09-30": "0.20630", "2010-06-30": "0.21970", "2010-03-31": "0.22430", "2009-12-31": "0.24570", "2009-09-30": "0.23850", "2009-06-30": "0.27420", "2009-03-31": "0.32000", "2008-12-31": "0.33120", "2008-09-30": "0.35580", "2008-06-30": "0.34910", "2008-03-31": "0.35490", "2007-12-31": "0.37020", "2007-09-30": "0.41460", "2007-06-30": "0.41970", "2007-03-31": "0.39480", "2006-12-31": "0.34900", "2006-09-30": "0.43470", "2006-06-30": "0.44190", "2006-03-31": "0.41460", "2005-12-31": "0.42770", "2005-09-30": "0.41080", "2005-06-30": "0.40420", "2005-03-31": "0.43240"}, "Gross Margin": {"2020-09-30": "", "2020-06-30": "", "2020-03-31": "", "2019-12-31": "", "2019-09-30": "", "2019-06-30": "", "2019-03-31": "", "2018-12-31": "", "2018-09-30": "", "2018-06-30": "", "2018-03-31": "", "2017-12-31": "", "2017-09-30": "", "2017-06-30": "", "2017-03-31": "", "2016-12-31": "", "2016-09-30": "", "2016-06-30": "", "2016-03-31": "", "2015-12-31": "", "2015-09-30": "", "2015-06-30": "", "2015-03-31": "", "2014-12-31": "", "2014-09-30": "", "2014-06-30": "", "2014-03-31": "", "2013-12-31": "", "2013-09-30": "", "2013-06-30": "", "2013-03-31": "", "2012-12-31": "", "2012-09-30": "", "2012-06-30": "", "2012-03-31": "", "2011-12-31": "", "2011-09-30": "", "2011-06-30": "", "2011-03-31": "", "2010-12-31": "", "2010-09-30": "", "2010-06-30": "", "2010-03-31": "", "2009-12-31": "", "2009-09-30": "", "2009-06-30": "", "2009-03-31": "", "2008-12-31": "", "2008-09-30": "", "2008-06-30": "", "2008-03-31": "", "2007-12-31": "", "2007-09-30": "", "2007-06-30": "", "2007-03-31": "", "2006-12-31": "", "2006-09-30": "", "2006-06-30": "", "2006-03-31": "", "2005-12-31": "", "2005-09-30": "", "2005-06-30": "", "2005-03-31": ""}, "Operating Margin": {"2020-09-30": "-0.16380", "2020-06-30": "9.35830", "2020-03-31": "4.31090", "2019-12-31": "8.10690", "2019-09-30": "3.86110", "2019-06-30": "7.56240", "2019-03-31": "8.91770", "2018-12-31": "1.85150", "2018-09-30": "3.33880", "2018-06-30": "4.27470", "2018-03-31": "8.33030", "2017-12-31": "9.44170", "2017-09-30": "-6.78270", "2017-06-30": "11.16530", "2017-03-31": "13.86400", "2016-12-31": "3.11570", "2016-09-30": "12.04410", "2016-06-30": "13.09930", "2016-03-31": "15.72060", "2015-12-31": "4.32650", "2015-09-30": "-1.27270", "2015-06-30": "1.51330", "2015-03-31": "3.20140", "2014-12-31": "3.44480", "2014-09-30": "8.31640", "2014-06-30": "7.43020", "2014-03-31": "9.60860", "2013-12-31": "7.43710", "2013-09-30": "8.58790", "2013-06-30": "9.41860", "2013-03-31": "9.59830", "2012-12-31": "1.61140", "2012-09-30": "9.72550", "2012-06-30": "12.42960", "2012-03-31": "12.04330", "2011-12-31": "11.77520", "2011-09-30": "5.45290", "2011-06-30": "6.33300", "2011-03-31": "10.52830", "2010-12-31": "-5.79640", "2010-09-30": "10.72540", "2010-06-30": "11.84210", "2010-03-31": "11.45680", "2009-12-31": "2.80260", "2009-09-30": "9.69300", "2009-06-30": "12.38200", "2009-03-31": "7.56110", "2008-12-31": "8.62170", "2008-09-30": "-8.36620", "2008-06-30": "11.09120", "2008-03-31": "13.13210", "2007-12-31": "9.01840", "2007-09-30": "13.22720", "2007-06-30": "12.22800", "2007-03-31": "13.48970", "2006-12-31": "17.67420", "2006-09-30": "11.64480", "2006-06-30": "11.91140", "2006-03-31": "12.55870", "2005-12-31": "7.94070", "2005-09-30": "7.52210", "2005-06-30": "10.03570", "2005-03-31": "9.48920"}, "EBIT Margin": {"2020-09-30": "0.85510", "2020-06-30": "10.43860", "2020-03-31": "5.30480", "2019-12-31": "9.08140", "2019-09-30": "5.14950", "2019-06-30": "8.60340", "2019-03-31": "10.00580", "2018-12-31": "2.98660", "2018-09-30": "4.50600", "2018-06-30": "5.69420", "2018-03-31": "9.64240", "2017-12-31": "10.17540", "2017-09-30": "-6.01360", "2017-06-30": "11.94000", "2017-03-31": "14.67610", "2016-12-31": "3.90890", "2016-09-30": "12.80740", "2016-06-30": "13.94480", "2016-03-31": "16.39580", "2015-12-31": "4.86670", "2015-09-30": "-0.72890", "2015-06-30": "2.03420", "2015-03-31": "3.73170", "2014-12-31": "3.97010", "2014-09-30": "8.82620", "2014-06-30": "7.95840", "2014-03-31": "10.30560", "2013-12-31": "8.28550", "2013-09-30": "9.50750", "2013-06-30": "10.38030", "2013-03-31": "10.29940", "2012-12-31": "2.30910", "2012-09-30": "10.42840", "2012-06-30": "13.13750", "2012-03-31": "12.77060", "2011-12-31": "12.48910", "2011-09-30": "6.18420", "2011-06-30": "7.06370", "2011-03-31": "11.27120", "2010-12-31": "-5.07630", "2010-09-30": "11.44260", "2010-06-30": "12.55050", "2010-03-31": "12.15610", "2009-12-31": "3.49730", "2009-09-30": "10.39590", "2009-06-30": "13.04880", "2009-03-31": "8.28860", "2008-12-31": "9.30570", "2008-09-30": "-7.58900", "2008-06-30": "11.77100", "2008-03-31": "13.83420", "2007-12-31": "9.71910", "2007-09-30": "13.93880", "2007-06-30": "12.96880", "2007-03-31": "14.23320", "2006-12-31": "18.36760", "2006-09-30": "12.41620", "2006-06-30": "12.69710", "2006-03-31": "13.35230", "2005-12-31": "8.75470", "2005-09-30": "8.33700", "2005-06-30": "10.85270", "2005-03-31": "10.31150"}, "EBITDA Margin": {"2020-09-30": "", "2020-06-30": "", "2020-03-31": "", "2019-12-31": "", "2019-09-30": "", "2019-06-30": "", "2019-03-31": "", "2018-12-31": "", "2018-09-30": "", "2018-06-30": "", "2018-03-31": "", "2017-12-31": "", "2017-09-30": "", "2017-06-30": "", "2017-03-31": "", "2016-12-31": "", "2016-09-30": "", "2016-06-30": "", "2016-03-31": "", "2015-12-31": "", "2015-09-30": "", "2015-06-30": "", "2015-03-31": "", "2014-12-31": "", "2014-09-30": "", "2014-06-30": "", "2014-03-31": "", "2013-12-31": "", "2013-09-30": "", "2013-06-30": "", "2013-03-31": "", "2012-12-31": "", "2012-09-30": "", "2012-06-30": "", "2012-03-31": "", "2011-12-31": "", "2011-09-30": "", "2011-06-30": "", "2011-03-31": "", "2010-12-31": "", "2010-09-30": "", "2010-06-30": "", "2010-03-31": "", "2009-12-31": "", "2009-09-30": "", "2009-06-30": "", "2009-03-31": "", "2008-12-31": "", "2008-09-30": "", "2008-06-30": "", "2008-03-31": "", "2007-12-31": "", "2007-09-30": "", "2007-06-30": "", "2007-03-31": "", "2006-12-31": "", "2006-09-30": "", "2006-06-30": "", "2006-03-31": "", "2005-12-31": "", "2005-09-30": "", "2005-06-30": "", "2005-03-31": ""}, "Pre-Tax Profit Margin": {"2020-09-30": "-0.16380", "2020-06-30": "9.17620", "2020-03-31": "4.25630", "2019-12-31": "6.86000", "2019-09-30": "-0.98430", "2019-06-30": "7.20090", "2019-03-31": "8.90950", "2018-12-31": "1.85150", "2018-09-30": "3.33880", "2018-06-30": "4.27470", "2018-03-31": "8.33030", "2017-12-31": "9.44170", "2017-09-30": "-6.78270", "2017-06-30": "11.16530", "2017-03-31": "13.86400", "2016-12-31": "3.11570", "2016-09-30": "12.04410", "2016-06-30": "13.09930", "2016-03-31": "15.72060", "2015-12-31": "4.32650", "2015-09-30": "-1.27270", "2015-06-30": "1.51330", "2015-03-31": "3.20140", "2014-12-31": "3.44480", "2014-09-30": "8.31640", "2014-06-30": "7.43020", "2014-03-31": "9.60850", "2013-12-31": "7.43710", "2013-09-30": "8.58790", "2013-06-30": "9.41860", "2013-03-31": "9.59830", "2012-12-31": "1.61140", "2012-09-30": "9.72550", "2012-06-30": "12.42950", "2012-03-31": "12.04330", "2011-12-31": "11.77520", "2011-09-30": "5.45290", "2011-06-30": "6.33300", "2011-03-31": "10.52830", "2010-12-31": "-5.79640", "2010-09-30": "10.72540", "2010-06-30": "11.84210", "2010-03-31": "11.45680", "2009-12-31": "2.80250", "2009-09-30": "9.69300", "2009-06-30": "12.38200", "2009-03-31": "7.56110", "2008-12-31": "8.62180", "2008-09-30": "-8.36620", "2008-06-30": "11.09120", "2008-03-31": "13.13210", "2007-12-31": "9.01850", "2007-09-30": "13.22720", "2007-06-30": "12.22800", "2007-03-31": "13.48970", "2006-12-31": "17.67420", "2006-09-30": "11.64480", "2006-06-30": "11.91140", "2006-03-31": "12.55870", "2005-12-31": "7.94080", "2005-09-30": "7.52210", "2005-06-30": "10.03570", "2005-03-31": "9.48920"}, "Net Profit Margin": {"2020-09-30": "-1.39460", "2020-06-30": "7.01970", "2020-03-31": "5.84660", "2019-12-31": "4.71530", "2019-09-30": "-2.38070", "2019-06-30": "5.48030", "2019-03-31": "6.61030", "2018-12-31": "0.87610", "2018-09-30": "2.12750", "2018-06-30": "3.39580", "2018-03-31": "6.46890", "2017-12-31": "18.66280", "2017-09-30": "-3.61200", "2017-06-30": "7.51020", "2017-03-31": "9.26850", "2016-12-31": "1.78610", "2016-09-30": "7.87310", "2016-06-30": "9.41710", "2016-03-31": "10.26310", "2015-12-31": "2.58210", "2015-09-30": "-0.27710", "2015-06-30": "1.23970", "2015-03-31": "1.92580", "2014-12-31": "1.89710", "2014-09-30": "5.19140", "2014-06-30": "5.50630", "2014-03-31": "5.60560", "2013-12-31": "4.53280", "2013-09-30": "5.70200", "2013-06-30": "5.96680", "2013-03-31": "5.47660", "2012-12-31": "1.15630", "2012-09-30": "5.88730", "2012-06-30": "7.94490", "2012-03-31": "7.87580", "2011-12-31": "7.53730", "2011-09-30": "3.59100", "2011-06-30": "7.99930", "2011-03-31": "6.91080", "2010-12-31": "-8.78420", "2010-09-30": "6.70160", "2010-06-30": "7.69400", "2010-03-31": "7.25250", "2009-12-31": "0.54720", "2009-09-30": "6.71020", "2009-06-30": "8.50290", "2009-03-31": "3.85950", "2008-12-31": "8.21580", "2008-09-30": "-5.70100", "2008-06-30": "8.44710", "2008-03-31": "8.58070", "2007-12-31": "5.53370", "2007-09-30": "8.71390", "2007-06-30": "8.05340", "2007-03-31": "8.72310", "2006-12-31": "11.43790", "2006-09-30": "7.62590", "2006-06-30": "7.75420", "2006-03-31": "8.41920", "2005-12-31": "7.28360", "2005-09-30": "5.33600", "2005-06-30": "6.80910", "2005-03-31": "6.14270"}, "Asset Turnover": {"2020-09-30": "0.05740", "2020-06-30": "0.05590", "2020-03-31": "0.05910", "2019-12-31": "0.05880", "2019-09-30": "0.05710", "2019-06-30": "0.05900", "2019-03-31": "0.05770", "2018-12-31": "0.05640", "2018-09-30": "0.05230", "2018-06-30": "0.04320", "2018-03-31": "0.05050", "2017-12-31": "0.05270", "2017-09-30": "0.04900", "2017-06-30": "0.05320", "2017-03-31": "0.05250", "2016-12-31": "0.05900", "2016-09-30": "0.06060", "2016-06-30": "0.06030", "2016-03-31": "0.07090", "2015-12-31": "0.08480", "2015-09-30": "0.08290", "2015-06-30": "0.08580", "2015-03-31": "0.08440", "2014-12-31": "0.08310", "2014-09-30": "0.08810", "2014-06-30": "0.08520", "2014-03-31": "0.08250", "2013-12-31": "0.08080", "2013-09-30": "0.07700", "2013-06-30": "0.07790", "2013-03-31": "0.07290", "2012-12-31": "0.07470", "2012-09-30": "0.07610", "2012-06-30": "0.07820", "2012-03-31": "0.07610", "2011-12-31": "0.07810", "2011-09-30": "0.07700", "2011-06-30": "0.07700", "2011-03-31": "0.07630", "2010-12-31": "0.07980", "2010-09-30": "0.07870", "2010-06-30": "0.08200", "2010-03-31": "0.08260", "2009-12-31": "0.08440", "2009-09-30": "0.08400", "2009-06-30": "0.09160", "2009-03-31": "0.08760", "2008-12-31": "0.09060", "2008-09-30": "0.07710", "2008-06-30": "0.08580", "2008-03-31": "0.08230", "2007-12-31": "0.08160", "2007-09-30": "0.08090", "2007-06-30": "0.08010", "2007-03-31": "0.08080", "2006-12-31": "0.08770", "2006-09-30": "0.07930", "2006-06-30": "0.07940", "2006-03-31": "0.07820", "2005-12-31": "0.07420", "2005-09-30": "0.07400", "2005-06-30": "0.07660", "2005-03-31": "0.07660"}, "Inventory Turnover Ratio": {"2020-09-30": "", "2020-06-30": "", "2020-03-31": "", "2019-12-31": "", "2019-09-30": "", "2019-06-30": "", "2019-03-31": "", "2018-12-31": "", "2018-09-30": "", "2018-06-30": "", "2018-03-31": "", "2017-12-31": "", "2017-09-30": "", "2017-06-30": "", "2017-03-31": "", "2016-12-31": "", "2016-09-30": "", "2016-06-30": "", "2016-03-31": "", "2015-12-31": "", "2015-09-30": "", "2015-06-30": "", "2015-03-31": "", "2014-12-31": "", "2014-09-30": "", "2014-06-30": "", "2014-03-31": "", "2013-12-31": "", "2013-09-30": "", "2013-06-30": "", "2013-03-31": "", "2012-12-31": "", "2012-09-30": "", "2012-06-30": "", "2012-03-31": "", "2011-12-31": "", "2011-09-30": "", "2011-06-30": "", "2011-03-31": "", "2010-12-31": "", "2010-09-30": "", "2010-06-30": "", "2010-03-31": "", "2009-12-31": "", "2009-09-30": "", "2009-06-30": "", "2009-03-31": "", "2008-12-31": "", "2008-09-30": "", "2008-06-30": "", "2008-03-31": "", "2007-12-31": "", "2007-09-30": "", "2007-06-30": "", "2007-03-31": "", "2006-12-31": "", "2006-09-30": "", "2006-06-30": "", "2006-03-31": "", "2005-12-31": "", "2005-09-30": "", "2005-06-30": "", "2005-03-31": ""}, "Receiveable Turnover": {"2020-09-30": "", "2020-06-30": "", "2020-03-31": "", "2019-12-31": "", "2019-09-30": "", "2019-06-30": "", "2019-03-31": "", "2018-12-31": "", "2018-09-30": "", "2018-06-30": "", "2018-03-31": "", "2017-12-31": "", "2017-09-30": "", "2017-06-30": "", "2017-03-31": "", "2016-12-31": "", "2016-09-30": "", "2016-06-30": "", "2016-03-31": "", "2015-12-31": "", "2015-09-30": "", "2015-06-30": "", "2015-03-31": "", "2014-12-31": "", "2014-09-30": "", "2014-06-30": "", "2014-03-31": "", "2013-12-31": "", "2013-09-30": "", "2013-06-30": "", "2013-03-31": "", "2012-12-31": "", "2012-09-30": "", "2012-06-30": "", "2012-03-31": "", "2011-12-31": "", "2011-09-30": "", "2011-06-30": "", "2011-03-31": "", "2010-12-31": "", "2010-09-30": "", "2010-06-30": "", "2010-03-31": "", "2009-12-31": "", "2009-09-30": "", "2009-06-30": "", "2009-03-31": "", "2008-12-31": "", "2008-09-30": "", "2008-06-30": "", "2008-03-31": "", "2007-12-31": "", "2007-09-30": "", "2007-06-30": "", "2007-03-31": "", "2006-12-31": "", "2006-09-30": "", "2006-06-30": "", "2006-03-31": "", "2005-12-31": "", "2005-09-30": "", "2005-06-30": "", "2005-03-31": ""}, "Days Sales In Receivables": {"2020-09-30": "", "2020-06-30": "", "2020-03-31": "", "2019-12-31": "", "2019-09-30": "", "2019-06-30": "", "2019-03-31": "", "2018-12-31": "", "2018-09-30": "", "2018-06-30": "", "2018-03-31": "", "2017-12-31": "", "2017-09-30": "", "2017-06-30": "", "2017-03-31": "", "2016-12-31": "", "2016-09-30": "", "2016-06-30": "", "2016-03-31": "", "2015-12-31": "", "2015-09-30": "", "2015-06-30": "", "2015-03-31": "", "2014-12-31": "", "2014-09-30": "", "2014-06-30": "", "2014-03-31": "", "2013-12-31": "", "2013-09-30": "", "2013-06-30": "", "2013-03-31": "", "2012-12-31": "", "2012-09-30": "", "2012-06-30": "", "2012-03-31": "", "2011-12-31": "", "2011-09-30": "", "2011-06-30": "", "2011-03-31": "", "2010-12-31": "", "2010-09-30": "", "2010-06-30": "", "2010-03-31": "", "2009-12-31": "", "2009-09-30": "", "2009-06-30": "", "2009-03-31": "", "2008-12-31": "", "2008-09-30": "", "2008-06-30": "", "2008-03-31": "", "2007-12-31": "", "2007-09-30": "", "2007-06-30": "", "2007-03-31": "", "2006-12-31": "", "2006-09-30": "", "2006-06-30": "", "2006-03-31": "", "2005-12-31": "", "2005-09-30": "", "2005-06-30": "", "2005-03-31": ""}, "ROE - Return On Equity": {"2020-09-30": "-0.51370", "2020-06-30": "2.98250", "2020-03-31": "2.89410", "2019-12-31": "2.26790", "2019-09-30": "-0.93540", "2019-06-30": "2.47680", "2019-03-31": "3.08290", "2018-12-31": "0.51840", "2018-09-30": "1.01210", "2018-06-30": "1.25700", "2018-03-31": "2.35660", "2017-12-31": "7.30820", "2017-09-30": "-1.38470", "2017-06-30": "2.84520", "2017-03-31": "3.45770", "2016-12-31": "0.76380", "2016-09-30": "3.20540", "2016-06-30": "3.67400", "2016-03-31": "4.82840", "2015-12-31": "1.45420", "2015-09-30": "-0.14990", "2015-06-30": "0.67910", "2015-03-31": "0.97590", "2014-12-31": "0.96030", "2014-09-30": "2.62600", "2014-06-30": "2.68440", "2014-03-31": "2.69300", "2013-12-31": "2.25130", "2013-09-30": "2.69270", "2013-06-30": "2.78410", "2013-03-31": "2.26210", "2012-12-31": "0.48190", "2012-09-30": "2.41490", "2012-06-30": "3.36080", "2012-03-31": "3.28830", "2011-12-31": "3.26540", "2011-09-30": "1.47650", "2011-06-30": "3.38430", "2011-03-31": "2.96480", "2010-12-31": "-3.86900", "2010-09-30": "2.63990", "2010-06-30": "3.26850", "2010-03-31": "3.16120", "2009-12-31": "0.24600", "2009-09-30": "2.95160", "2009-06-30": "4.42930", "2009-03-31": "2.19550", "2008-12-31": "4.91820", "2008-09-30": "-2.98590", "2008-06-30": "4.47220", "2008-03-31": "4.44070", "2007-12-31": "2.95480", "2007-09-30": "4.77150", "2007-06-30": "4.35930", "2007-03-31": "4.57650", "2006-12-31": "6.58840", "2006-09-30": "4.02460", "2006-06-30": "4.23310", "2006-03-31": "4.40460", "2005-12-31": "3.70440", "2005-09-30": "2.73570", "2005-06-30": "3.32060", "2005-03-31": "3.14660"}, "Return On Tangible Equity": {"2020-09-30": "-1.80200", "2020-06-30": "12.55370", "2020-03-31": "20.08510", "2019-12-31": "16.21760", "2019-09-30": "-9.68510", "2019-06-30": "46.98510", "2019-03-31": "-52.02090", "2018-12-31": "-2.74770", "2018-09-30": "-3.26940", "2018-06-30": "-4.02740", "2018-03-31": "3.23220", "2017-12-31": "10.25630", "2017-09-30": "-1.98320", "2017-06-30": "4.04120", "2017-03-31": "4.95150", "2016-12-31": "1.04510", "2016-09-30": "4.28790", "2016-06-30": "4.85540", "2016-03-31": "6.45990", "2015-12-31": "1.95100", "2015-09-30": "-0.20080", "2015-06-30": "0.90780", "2015-03-31": "1.27510", "2014-12-31": "1.27160", "2014-09-30": "3.41420", "2014-06-30": "3.48150", "2014-03-31": "3.50640", "2013-12-31": "2.98880", "2013-09-30": "3.42430", "2013-06-30": "3.48860", "2013-03-31": "2.79630", "2012-12-31": "0.59220", "2012-09-30": "2.96840", "2012-06-30": "4.17950", "2012-03-31": "4.13070", "2011-12-31": "4.12310", "2011-09-30": "1.85290", "2011-06-30": "4.33020", "2011-03-31": "3.76270", "2010-12-31": "-4.91000", "2010-09-30": "3.25300", "2010-06-30": "4.09090", "2010-03-31": "3.97310", "2009-12-31": "0.31160", "2009-09-30": "3.81230", "2009-06-30": "5.94130", "2009-03-31": "3.14690", "2008-12-31": "7.01860", "2008-09-30": "-4.00990", "2008-06-30": "5.75230", "2008-03-31": "5.73580", "2007-12-31": "3.85920", "2007-09-30": "6.26710", "2007-06-30": "5.74070", "2007-03-31": "5.98140", "2006-12-31": "8.68430", "2006-09-30": "5.37410", "2006-06-30": "5.76450", "2006-03-31": "5.95770", "2005-12-31": "4.99590", "2005-09-30": "3.72580", "2005-06-30": "4.45930", "2005-03-31": "4.31830"}, "ROA - Return On Assets": {"2020-09-30": "-0.07000", "2020-06-30": "0.40330", "2020-03-31": "0.35880", "2019-12-31": "0.29080", "2019-09-30": "-0.12160", "2019-06-30": "0.33060", "2019-03-31": "0.39920", "2018-12-31": "0.06470", "2018-09-30": "0.12200", "2018-06-30": "0.15820", "2018-03-31": "0.32690", "2017-12-31": "0.98260", "2017-09-30": "-0.17680", "2017-06-30": "0.39990", "2017-03-31": "0.48630", "2016-12-31": "0.10540", "2016-09-30": "0.47680", "2016-06-30": "0.56800", "2016-03-31": "0.72770", "2015-12-31": "0.21900", "2015-09-30": "-0.02300", "2015-06-30": "0.10630", "2015-03-31": "0.16250", "2014-12-31": "0.15760", "2014-09-30": "0.45740", "2014-06-30": "0.46910", "2014-03-31": "0.46260", "2013-12-31": "0.36620", "2013-09-30": "0.43880", "2013-06-30": "0.46480", "2013-03-31": "0.39950", "2012-12-31": "0.08630", "2012-09-30": "0.44830", "2012-06-30": "0.62100", "2012-03-31": "0.59900", "2011-12-31": "0.58900", "2011-09-30": "0.27650", "2011-06-30": "0.61620", "2011-03-31": "0.52720", "2010-12-31": "-0.70070", "2010-09-30": "0.52770", "2010-06-30": "0.63060", "2010-03-31": "0.59920", "2009-12-31": "0.04620", "2009-09-30": "0.56390", "2009-06-30": "0.77880", "2009-03-31": "0.33830", "2008-12-31": "0.74420", "2008-09-30": "-0.43950", "2008-06-30": "0.72470", "2008-03-31": "0.70640", "2007-12-31": "0.45170", "2007-09-30": "0.70460", "2007-06-30": "0.64520", "2007-03-31": "0.70480", "2006-12-31": "1.00340", "2006-09-30": "0.60460", "2006-06-30": "0.61610", "2006-03-31": "0.65200", "2005-12-31": "0.54030", "2005-09-30": "0.39460", "2005-06-30": "0.52180", "2005-03-31": "0.47030"}, "ROI - Return On Investment": {"2020-09-30": "-0.38370", "2020-06-30": "2.17760", "2020-03-31": "2.05170", "2019-12-31": "1.67510", "2019-09-30": "-0.69120", "2019-06-30": "1.83580", "2019-03-31": "2.25450", "2018-12-31": "0.37260", "2018-09-30": "0.73150", "2018-06-30": "0.91310", "2018-03-31": "1.62940", "2017-12-31": "5.84890", "2017-09-30": "-1.10060", "2017-06-30": "2.24200", "2017-03-31": "2.75160", "2016-12-31": "0.60600", "2016-09-30": "2.54650", "2016-06-30": "2.93250", "2016-03-31": "3.68600", "2015-12-31": "1.15650", "2015-09-30": "-0.11890", "2015-06-30": "0.53800", "2015-03-31": "0.78280", "2014-12-31": "0.77160", "2014-09-30": "2.12260", "2014-06-30": "2.17070", "2014-03-31": "2.15690", "2013-12-31": "1.65710", "2013-09-30": "1.97620", "2013-06-30": "2.04200", "2013-03-31": "1.68940", "2012-12-31": "0.39960", "2012-09-30": "2.00580", "2012-06-30": "2.77300", "2012-03-31": "2.70680", "2011-12-31": "2.67860", "2011-09-30": "1.21710", "2011-06-30": "2.77740", "2011-03-31": "2.34900", "2010-12-31": "-3.14030", "2010-09-30": "2.18830", "2010-06-30": "2.67980", "2010-03-31": "2.58200", "2009-12-31": "0.19750", "2009-09-30": "2.38330", "2009-06-30": "3.47620", "2009-03-31": "1.66320", "2008-12-31": "3.69470", "2008-09-30": "-2.20230", "2008-06-30": "3.31490", "2008-03-31": "3.27750", "2007-12-31": "2.15650", "2007-09-30": "3.37300", "2007-06-30": "3.07050", "2007-03-31": "3.28120", "2006-12-31": "4.88380", "2006-09-30": "2.80510", "2006-06-30": "2.93580", "2006-03-31": "3.11360", "2005-12-31": "2.59460", "2005-09-30": "1.93910", "2005-06-30": "2.36470", "2005-03-31": "2.19680"}, "Book Value Per Share": {"2020-09-30": "100.54670", "2020-06-30": "100.45830", "2020-03-31": "90.20900", "2019-12-31": "94.78700", "2019-09-30": "93.65530", "2019-06-30": "94.11020", "2019-03-31": "88.71250", "2018-12-31": "82.92660", "2018-09-30": "84.00190", "2018-06-30": "84.52310", "2018-03-31": "85.61920", "2017-12-31": "81.68000", "2017-09-30": "76.92390", "2017-06-30": "78.13930", "2017-03-31": "75.57330", "2016-12-31": "73.25750", "2016-09-30": "77.65620", "2016-06-30": "76.02570", "2016-03-31": "72.86760", "2015-12-31": "68.70110", "2015-09-30": "70.16940", "2015-06-30": "72.06130", "2015-03-31": "75.11660", "2014-12-31": "74.76630", "2014-09-30": "75.44930", "2014-06-30": "75.03100", "2014-03-31": "70.90980", "2013-12-31": "67.29240", "2013-09-30": "65.23350", "2013-06-30": "63.87280", "2013-03-31": "66.37690", "2012-12-31": "65.91790", "2012-09-30": "65.81690", "2012-06-30": "61.09290", "2012-03-31": "57.39230", "2011-12-31": "55.05800", "2011-09-30": "53.96200", "2011-06-30": "51.32880", "2011-03-31": "48.47690", "2010-12-31": "46.86800", "2010-09-30": "50.40240", "2010-06-30": "46.84490", "2010-03-31": "43.78770", "2009-12-31": "41.60560", "2009-09-30": "42.04170", "2009-06-30": "37.12640", "2009-03-31": "31.22800", "2008-12-31": "31.60580", "2008-09-30": "31.79740", "2008-06-30": "35.91430", "2008-03-31": "35.67770", "2007-12-31": "34.70820", "2007-09-30": "33.33420", "2007-06-30": "31.81760", "2007-03-31": "32.29160", "2006-12-31": "31.25640", "2006-09-30": "30.24420", "2006-06-30": "28.05140", "2006-03-31": "28.25020", "2005-12-31": "28.32910", "2005-09-30": "27.65140", "2005-06-30": "28.18830", "2005-03-31": "26.12990"}, "Operating Cash Flow Per Share": {"2020-09-30": 10.3665, "2020-06-30": 6.5568, "2020-03-31": "-1.94410", "2019-12-31": 3.7854, "2019-09-30": 7.7814, "2019-06-30": 7.3648, "2019-03-31": "3.75050", "2018-12-31": 3.9031, "2018-09-30": 4.1165, "2018-06-30": 4.4059, "2018-03-31": "-1.39700", "2017-12-31": 2.8695, "2017-09-30": 6.7253, "2017-06-30": -0.4318, "2017-03-31": "0.42640", "2016-12-31": 2.8714, "2016-09-30": 4.0445, "2016-06-30": 0.0863, "2016-03-31": "-5.24870", "2015-12-31": -4.4979, "2015-09-30": 5.3899, "2015-06-30": 4.95, "2015-03-31": "-2.51090", "2014-12-31": -1.6622, "2014-09-30": 3.4864, "2014-06-30": 1.8377, "2014-03-31": "1.72160", "2013-12-31": 3.7629, "2013-09-30": 5.9774, "2013-06-30": 2.8536, "2013-03-31": "0.63850", "2012-12-31": 2.7946, "2012-09-30": 3.0534, "2012-06-30": 2.1084, "2012-03-31": "0.01130", "2011-12-31": 3.4533, "2011-09-30": 2.0121, "2011-06-30": 1.4798, "2011-03-31": "1.80070", "2010-12-31": 0.5643, "2010-09-30": 1.4628, "2010-06-30": 1.7837, "2010-03-31": "1.04010", "2009-12-31": 0.4769, "2009-09-30": 3.2645, "2009-06-30": 0.7792, "2009-03-31": "-2.24270", "2008-12-31": 1.4956, "2008-09-30": 3.2776, "2008-06-30": -0.1462, "2008-03-31": "3.77090", "2007-12-31": 2.9123, "2007-09-30": 2.7749, "2007-06-30": 2.8393, "2007-03-31": "1.37450", "2006-12-31": 2.3578, "2006-09-30": 2.4518, "2006-06-30": 1.9028, "2006-03-31": "0.43180", "2005-12-31": 2.0871, "2005-09-30": 3.1343, "2005-06-30": 0.8482, "2005-03-31": "0.54850"}, "Free Cash Flow Per Share": {"2020-09-30": 9.7484, "2020-06-30": 6.167, "2020-03-31": "-2.28360", "2019-12-31": 3.209, "2019-09-30": 7.526, "2019-06-30": 6.9721, "2019-03-31": "3.25790", "2018-12-31": 3.4375, "2018-09-30": 3.8587, "2018-06-30": 4.045, "2018-03-31": "-1.70150", "2017-12-31": 3.0165, "2017-09-30": 6.4896, "2017-06-30": -0.7313, "2017-03-31": "0.16560", "2016-12-31": 2.5939, "2016-09-30": 3.7068, "2016-06-30": -0.3283, "2016-03-31": "-5.59460", "2015-12-31": -4.8905, "2015-09-30": 4.9675, "2015-06-30": 4.4132, "2015-03-31": "-2.82390", "2014-12-31": -2.0013, "2014-09-30": 3.1006, "2014-06-30": 1.5972, "2014-03-31": "1.54420", "2013-12-31": 3.5438, "2013-09-30": 5.82, "2013-06-30": 2.7188, "2013-03-31": "0.49430", "2012-12-31": 2.6137, "2012-09-30": 2.8364, "2012-06-30": 1.9313, "2012-03-31": "-0.04770", "2011-12-31": 3.3614, "2011-09-30": 1.9179, "2011-06-30": 1.4, "2011-03-31": "1.74010", "2010-12-31": 0.4949, "2010-09-30": 1.3227, "2010-06-30": 1.6495, "2010-03-31": "0.92780", "2009-12-31": 0.3401, "2009-09-30": 3.1767, "2009-06-30": 0.6568, "2009-03-31": "-2.35420", "2008-12-31": 1.3442, "2008-09-30": 3.1999, "2008-06-30": -0.2632, "2008-03-31": "3.65190", "2007-12-31": 2.7721, "2007-09-30": 2.7064, "2007-06-30": 2.6973, "2007-03-31": "1.25390", "2006-12-31": 3.3544, "2006-09-30": 2.3773, "2006-06-30": 1.8119, "2006-03-31": "0.35130", "2005-12-31": 2.0461, "2005-09-30": 3.0262, "2005-06-30": 0.7889, "2005-03-31": "0.45140"}}, "revenue": {"Assurant Annual Revenue (Millions of US $)": {"2019": "$10,087", "2018": "$8,058", "2017": "$6,415", "2016": "$7,532", "2015": "$10,326", "2014": "$10,382", "2013": "$9,048", "2012": "$8,508", "2011": "$8,273", "2010": "$8,528", "2009": "$8,701", "2008": "$8,601", "2007": "$8,454", "2006": "$8,071", "2005": "$7,498"}, "Assurant Quarterly Revenue (Millions of US $)": {"2020-09-30": "$2,503", "2020-06-30": "$2,472", "2020-03-31": "$2,566", "2019-12-31": "$2,606", "2019-09-30": "$2,499", "2019-06-30": "$2,546", "2019-03-31": "$2,436", "2018-12-31": "$2,317", "2018-09-30": "$2,270", "2018-06-30": "$1,832", "2018-03-31": "$1,639", "2017-12-31": "$1,677", "2017-09-30": "$1,586", "2017-06-30": "$1,601", "2017-03-31": "$1,552", "2016-12-31": "$1,752", "2016-09-30": "$1,834", "2016-06-30": "$1,798", "2016-03-31": "$2,148", "2015-12-31": "$2,548", "2015-09-30": "$2,534", "2015-06-30": "$2,645", "2015-03-31": "$2,599", "2014-12-31": "$2,623", "2014-09-30": "$2,702", "2014-06-30": "$2,608", "2014-03-31": "$2,448", "2013-12-31": "$2,401", "2013-09-30": "$2,259", "2013-06-30": "$2,238", "2013-03-31": "$2,151", "2012-12-31": "$2,161", "2012-09-30": "$2,145", "2012-06-30": "$2,129", "2012-03-31": "$2,073", "2011-12-31": "$2,112", "2011-09-30": "$2,062", "2011-06-30": "$2,063", "2011-03-31": "$2,037", "2010-12-31": "$2,106", "2010-09-30": "$2,114", "2010-06-30": "$2,140", "2010-03-31": "$2,168", "2009-12-31": "$2,182", "2009-09-30": "$2,157", "2009-06-30": "$2,274", "2009-03-31": "$2,088", "2008-12-31": "$2,221", "2008-09-30": "$1,955", "2008-06-30": "$2,249", "2008-03-31": "$2,177", "2007-12-31": "$2,183", "2007-09-30": "$2,148", "2007-06-30": "$2,065", "2007-03-31": "$2,057", "2006-12-31": "$2,208", "2006-09-30": "$1,984", "2006-06-30": "$1,949", "2006-03-31": "$1,930", "2005-12-31": "$1,882", "2005-09-30": "$1,879", "2005-06-30": "$1,874", "2005-03-31": "$1,862"}}, "gross-profit": {"Assurant Annual Gross Profit (Millions of US $)": {"2019": "$7,432", "2018": "$5,715", "2017": "$4,544", "2016": "$5,723", "2015": "$5,583", "2014": "$5,976", "2013": "$5,372", "2012": "$4,853", "2011": "$4,523", "2010": "$4,892", "2009": "$4,833", "2008": "$4,582", "2007": "$4,741", "2006": "$4,535", "2005": "$3,792"}, "Assurant Quarterly Gross Profit (Millions of US $)": {"2020-09-30": "$1,793", "2020-06-30": "$1,880", "2020-03-31": "$1,958", "2019-12-31": "$1,959", "2019-09-30": "$1,794", "2019-06-30": "$1,859", "2019-03-31": "$1,821", "2018-12-31": "$1,561", "2018-09-30": "$1,589", "2018-06-30": "$1,341", "2018-03-31": "$1,224", "2017-12-31": "$1,263", "2017-09-30": "$904", "2017-06-30": "$1,184", "2017-03-31": "$1,194", "2016-12-31": "$1,324", "2016-09-30": "$1,399", "2016-06-30": "$1,397", "2016-03-31": "$1,604", "2015-12-31": "$1,538", "2015-09-30": "$1,280", "2015-06-30": "$1,377", "2015-03-31": "$1,388", "2014-12-31": "$1,499", "2014-09-30": "$1,579", "2014-06-30": "$1,458", "2014-03-31": "$1,440", "2013-12-31": "$1,433", "2013-09-30": "$1,325", "2013-06-30": "$1,321", "2013-03-31": "$1,293", "2012-12-31": "$1,129", "2012-09-30": "$1,250", "2012-06-30": "$1,257", "2012-03-31": "$1,217", "2011-12-31": "$1,239", "2011-09-30": "$1,064", "2011-06-30": "$1,076", "2011-03-31": "$1,144", "2010-12-31": "$1,216", "2010-09-30": "$1,201", "2010-06-30": "$1,235", "2010-03-31": "$1,240", "2009-12-31": "$1,205", "2009-09-30": "$1,216", "2009-06-30": "$1,284", "2009-03-31": "$1,128", "2008-12-31": "$1,232", "2008-09-30": "$859", "2008-06-30": "$1,251", "2008-03-31": "$1,240", "2007-12-31": "$1,198", "2007-09-30": "$1,213", "2007-06-30": "$1,163", "2007-03-31": "$1,168", "2006-12-31": "$1,324", "2006-09-30": "$1,096", "2006-06-30": "$1,075", "2006-03-31": "$1,040", "2005-12-31": "$1,014", "2005-09-30": "$909", "2005-06-30": "$950", "2005-03-31": "$919"}}, "operating-income": {"Assurant Annual Operating Income (Millions of US $)": {"2019": "$717", "2018": "$334", "2017": "$445", "2016": "$849", "2015": "$201", "2014": "$744", "2013": "$790", "2012": "$758", "2011": "$706", "2010": "$607", "2009": "$710", "2008": "$563", "2007": "$1,011", "2006": "$1,096", "2005": "$656"}, "Assurant Quarterly Operating Income (Millions of US $)": {"2020-09-30": "$-4", "2020-06-30": "$231", "2020-03-31": "$111", "2019-12-31": "$211", "2019-09-30": "$97", "2019-06-30": "$193", "2019-03-31": "$217", "2018-12-31": "$43", "2018-09-30": "$76", "2018-06-30": "$78", "2018-03-31": "$137", "2017-12-31": "$158", "2017-09-30": "$-108", "2017-06-30": "$179", "2017-03-31": "$215", "2016-12-31": "$55", "2016-09-30": "$221", "2016-06-30": "$236", "2016-03-31": "$338", "2015-12-31": "$110", "2015-09-30": "$-32", "2015-06-30": "$40", "2015-03-31": "$83", "2014-12-31": "$90", "2014-09-30": "$225", "2014-06-30": "$194", "2014-03-31": "$235", "2013-12-31": "$179", "2013-09-30": "$194", "2013-06-30": "$211", "2013-03-31": "$206", "2012-12-31": "$35", "2012-09-30": "$209", "2012-06-30": "$265", "2012-03-31": "$250", "2011-12-31": "$249", "2011-09-30": "$112", "2011-06-30": "$131", "2011-03-31": "$214", "2010-12-31": "$-122", "2010-09-30": "$227", "2010-06-30": "$253", "2010-03-31": "$248", "2009-12-31": "$61", "2009-09-30": "$209", "2009-06-30": "$282", "2009-03-31": "$158", "2008-12-31": "$191", "2008-09-30": "$-164", "2008-06-30": "$249", "2008-03-31": "$286", "2007-12-31": "$197", "2007-09-30": "$284", "2007-06-30": "$252", "2007-03-31": "$278", "2006-12-31": "$390", "2006-09-30": "$231", "2006-06-30": "$232", "2006-03-31": "$242", "2005-12-31": "$149", "2005-09-30": "$141", "2005-06-30": "$188", "2005-03-31": "$177"}}, "ebitda": {"Assurant Annual EBITDA (Millions of US $)": {"2019": "$940", "2018": "$504", "2017": "$506", "2016": "$637", "2015": "$380", "2014": "$936", "2013": "$976", "2012": "$924", "2011": "$875", "2010": "$783", "2009": "$862", "2008": "$686", "2007": "$1,133", "2006": "$1,213", "2005": "$758"}, "Assurant Quarterly EBITDA (Millions of US $)": {"2020-09-30": "$59", "2020-06-30": "$287", "2020-03-31": "$165", "2019-12-31": "$278", "2019-09-30": "$152", "2019-06-30": "$245", "2019-03-31": "$266", "2018-12-31": "$95", "2018-09-30": "$125", "2018-06-30": "$114", "2018-03-31": "$170", "2017-12-31": "$171", "2017-09-30": "$-95", "2017-06-30": "$191", "2017-03-31": "$228", "2016-12-31": "$69", "2016-09-30": "$235", "2016-06-30": "$251", "2016-03-31": "$352", "2015-12-31": "$124", "2015-09-30": "$-18", "2015-06-30": "$54", "2015-03-31": "$97", "2014-12-31": "$104", "2014-09-30": "$239", "2014-06-30": "$208", "2014-03-31": "$252", "2013-12-31": "$199", "2013-09-30": "$215", "2013-06-30": "$232", "2013-03-31": "$222", "2012-12-31": "$50", "2012-09-30": "$224", "2012-06-30": "$280", "2012-03-31": "$265", "2011-12-31": "$264", "2011-09-30": "$128", "2011-06-30": "$146", "2011-03-31": "$230", "2010-12-31": "$-107", "2010-09-30": "$242", "2010-06-30": "$269", "2010-03-31": "$264", "2009-12-31": "$76", "2009-09-30": "$224", "2009-06-30": "$297", "2009-03-31": "$173", "2008-12-31": "$207", "2008-09-30": "$-148", "2008-06-30": "$265", "2008-03-31": "$301", "2007-12-31": "$212", "2007-09-30": "$299", "2007-06-30": "$268", "2007-03-31": "$293", "2006-12-31": "$405", "2006-09-30": "$246", "2006-06-30": "$247", "2006-03-31": "$258", "2005-12-31": "$165", "2005-09-30": "$157", "2005-06-30": "$203", "2005-03-31": "$192"}}, "net-income": {"Assurant Annual Net Income (Millions of US $)": {"2019": "$364", "2018": "$237", "2017": "$520", "2016": "$565", "2015": "$142", "2014": "$471", "2013": "$489", "2012": "$484", "2011": "$539", "2010": "$279", "2009": "$431", "2008": "$448", "2007": "$654", "2006": "$717", "2005": "$479"}, "Assurant Quarterly Net Income (Millions of US $)": {"2020-09-30": "$-35", "2020-06-30": "$174", "2020-03-31": "$150", "2019-12-31": "$123", "2019-09-30": "$-60", "2019-06-30": "$140", "2019-03-31": "$161", "2018-12-31": "$20", "2018-09-30": "$48", "2018-06-30": "$62", "2018-03-31": "$106", "2017-12-31": "$313", "2017-09-30": "$-57", "2017-06-30": "$120", "2017-03-31": "$144", "2016-12-31": "$31", "2016-09-30": "$144", "2016-06-30": "$169", "2016-03-31": "$220", "2015-12-31": "$66", "2015-09-30": "$-7", "2015-06-30": "$33", "2015-03-31": "$50", "2014-12-31": "$50", "2014-09-30": "$140", "2014-06-30": "$144", "2014-03-31": "$137", "2013-12-31": "$109", "2013-09-30": "$129", "2013-06-30": "$134", "2013-03-31": "$118", "2012-12-31": "$25", "2012-09-30": "$126", "2012-06-30": "$169", "2012-03-31": "$163", "2011-12-31": "$159", "2011-09-30": "$74", "2011-06-30": "$165", "2011-03-31": "$141", "2010-12-31": "$-185", "2010-09-30": "$142", "2010-06-30": "$165", "2010-03-31": "$157", "2009-12-31": "$12", "2009-09-30": "$145", "2009-06-30": "$193", "2009-03-31": "$81", "2008-12-31": "$182", "2008-09-30": "$-111", "2008-06-30": "$190", "2008-03-31": "$187", "2007-12-31": "$121", "2007-09-30": "$187", "2007-06-30": "$166", "2007-03-31": "$179", "2006-12-31": "$253", "2006-09-30": "$151", "2006-06-30": "$151", "2006-03-31": "$162", "2005-12-31": "$137", "2005-09-30": "$100", "2005-06-30": "$128", "2005-03-31": "$114"}}, "eps-earnings-per-share-diluted": {"Assurant Annual EPS": {"2019": "$5.84", "2018": "$3.98", "2017": "$9.39", "2016": "$9.13", "2015": "$2.05", "2014": "$6.44", "2013": "$6.30", "2012": "$5.67", "2011": "$5.51", "2010": "$2.50", "2009": "$3.63", "2008": "$3.76", "2007": "$5.38", "2006": "$5.57", "2005": "$3.50"}, "Assurant Quarterly EPS": {"2020-09-30": "$-0.58", "2020-06-30": "$2.81", "2020-03-31": "$2.43", "2019-12-31": "$2.07", "2019-09-30": "$-0.96", "2019-06-30": "$2.21", "2019-03-31": "$2.52", "2018-12-31": "$0.17", "2018-09-30": "$0.76", "2018-06-30": "$1.09", "2018-03-31": "$1.96", "2017-12-31": "$5.75", "2017-09-30": "$-1.05", "2017-06-30": "$2.16", "2017-03-31": "$2.53", "2016-12-31": "$0.72", "2016-09-30": "$2.37", "2016-06-30": "$2.70", "2016-03-31": "$3.34", "2015-12-31": "$0.97", "2015-09-30": "$-0.10", "2015-06-30": "$0.47", "2015-03-31": "$0.71", "2014-12-31": "$0.71", "2014-09-30": "$1.92", "2014-06-30": "$1.95", "2014-03-31": "$1.86", "2013-12-31": "$1.46", "2013-09-30": "$1.68", "2013-06-30": "$1.70", "2013-03-31": "$1.46", "2012-12-31": "$0.40", "2012-09-30": "$1.52", "2012-06-30": "$1.94", "2012-03-31": "$1.81", "2011-12-31": "$1.69", "2011-09-30": "$0.77", "2011-06-30": "$1.67", "2011-03-31": "$1.38", "2010-12-31": "$-1.60", "2010-09-30": "$1.30", "2010-06-30": "$1.46", "2010-03-31": "$1.34", "2009-12-31": "$0.10", "2009-09-30": "$1.22", "2009-06-30": "$1.63", "2009-03-31": "$0.68", "2008-12-31": "$1.55", "2008-09-30": "$-0.94", "2008-06-30": "$1.59", "2008-03-31": "$1.56", "2007-12-31": "$1.01", "2007-09-30": "$1.56", "2007-06-30": "$1.36", "2007-03-31": "$1.45", "2006-12-31": "$2.00", "2006-09-30": "$1.18", "2006-06-30": "$1.16", "2006-03-31": "$1.23", "2005-12-31": "$1.02", "2005-09-30": "$0.74", "2005-06-30": "$0.92", "2005-03-31": "$0.82"}}, "shares-outstanding": {"Assurant Annual Shares Outstanding (Millions of Shares)": {"2019": "62", "2018": "60", "2017": "55", "2016": "62", "2015": "69", "2014": "73", "2013": "78", "2012": "85", "2011": "98", "2010": "111", "2009": "118", "2008": "119", "2007": "122", "2006": "129", "2005": "137"}, "Assurant Quarterly Shares Outstanding (Millions of Shares)": {"2020-09-30": "60", "2020-06-30": "63", "2020-03-31": "64", "2019-12-31": "62", "2019-09-30": "62", "2019-06-30": "65", "2019-03-31": "66", "2018-12-31": "60", "2018-09-30": "64", "2018-06-30": "57", "2018-03-31": "54", "2017-12-31": "55", "2017-09-30": "55", "2017-06-30": "56", "2017-03-31": "57", "2016-12-31": "62", "2016-09-30": "61", "2016-06-30": "63", "2016-03-31": "66", "2015-12-31": "69", "2015-09-30": "68", "2015-06-30": "69", "2015-03-31": "71", "2014-12-31": "73", "2014-09-30": "73", "2014-06-30": "74", "2014-03-31": "74", "2013-12-31": "78", "2013-09-30": "76", "2013-06-30": "78", "2013-03-31": "81", "2012-12-31": "85", "2012-09-30": "83", "2012-06-30": "87", "2012-03-31": "90", "2011-12-31": "98", "2011-09-30": "96", "2011-06-30": "99", "2011-03-31": "102", "2010-12-31": "111", "2010-09-30": "109", "2010-06-30": "113", "2010-03-31": "117", "2009-12-31": "118", "2009-09-30": "118", "2009-06-30": "119", "2009-03-31": "118", "2008-12-31": "119", "2008-09-30": "118", "2008-06-30": "120", "2008-03-31": "119", "2007-12-31": "122", "2007-09-30": "120", "2007-06-30": "122", "2007-03-31": "124", "2006-12-31": "129", "2006-09-30": "128", "2006-06-30": "130", "2006-03-31": "132", "2005-12-31": "137", "2005-09-30": "136", "2005-06-30": "139", "2005-03-31": "140"}}, "total-assets": {"Assurant Annual Total Assets (Millions of US $)": {"2019": "$44,291", "2018": "$41,089", "2017": "$31,843", "2016": "$29,709", "2015": "$30,036", "2014": "$31,562", "2013": "$29,715", "2012": "$28,947", "2011": "$27,020", "2010": "$26,397", "2009": "$25,861", "2008": "$24,515", "2007": "$26,750", "2006": "$25,165", "2005": "$25,365"}, "Assurant Quarterly Total Assets (Millions of US $)": {"2020-09-30": "$43,583", "2020-06-30": "$44,233", "2020-03-31": "$43,423", "2019-12-31": "$44,291", "2019-09-30": "$43,752", "2019-06-30": "$43,140", "2019-03-31": "$42,237", "2018-12-31": "$41,089", "2018-09-30": "$43,443", "2018-06-30": "$42,361", "2018-03-31": "$32,428", "2017-12-31": "$31,843", "2017-09-30": "$32,405", "2017-06-30": "$30,059", "2017-03-31": "$29,568", "2016-12-31": "$29,709", "2016-09-30": "$30,284", "2016-06-30": "$29,804", "2016-03-31": "$30,287", "2015-12-31": "$30,036", "2015-09-30": "$30,586", "2015-06-30": "$30,842", "2015-03-31": "$30,800", "2014-12-31": "$31,562", "2014-09-30": "$30,673", "2014-06-30": "$30,617", "2014-03-31": "$29,668", "2013-12-31": "$29,715", "2013-09-30": "$29,349", "2013-06-30": "$28,729", "2013-03-31": "$29,482", "2012-12-31": "$28,947", "2012-09-30": "$28,170", "2012-06-30": "$27,244", "2012-03-31": "$27,255", "2011-12-31": "$27,020", "2011-09-30": "$26,774", "2011-06-30": "$26,780", "2011-03-31": "$26,697", "2010-12-31": "$26,397", "2010-09-30": "$26,845", "2010-06-30": "$26,115", "2010-03-31": "$26,239", "2009-12-31": "$25,861", "2009-09-30": "$25,666", "2009-06-30": "$24,822", "2009-03-31": "$23,821", "2008-12-31": "$24,515", "2008-09-30": "$25,354", "2008-06-30": "$26,212", "2008-03-31": "$26,446", "2007-12-31": "$26,750", "2007-09-30": "$26,568", "2007-06-30": "$25,773", "2007-03-31": "$25,461", "2006-12-31": "$25,165", "2006-09-30": "$25,023", "2006-06-30": "$24,532", "2006-03-31": "$24,681", "2005-12-31": "$25,365", "2005-09-30": "$25,412", "2005-06-30": "$24,457", "2005-03-31": "$24,322"}}, "cash-on-hand": {"Assurant Annual Cash on Hand (Millions of US $)": {"2019": "$1,867", "2018": "$1,254", "2017": "$997", "2016": "$1,032", "2015": "$1,288", "2014": "$1,319", "2013": "$1,717", "2012": "$909", "2011": "$1,167", "2010": "$1,151", "2009": "$1,319", "2008": "$1,041", "2007": "$805", "2006": "$988", "2005": "$856"}, "Assurant Quarterly Cash on Hand (Millions of US $)": {"2020-09-30": "$2,203", "2020-06-30": "$2,138", "2020-03-31": "$2,000", "2019-12-31": "$1,867", "2019-09-30": "$1,749", "2019-06-30": "$1,490", "2019-03-31": "$1,274", "2018-12-31": "$1,254", "2018-09-30": "$1,307", "2018-06-30": "$1,254", "2018-03-31": "$2,342", "2017-12-31": "$997", "2017-09-30": "$993", "2017-06-30": "$848", "2017-03-31": "$875", "2016-12-31": "$1,032", "2016-09-30": "$1,117", "2016-06-30": "$1,233", "2016-03-31": "$2,061", "2015-12-31": "$1,288", "2015-09-30": "$1,544", "2015-06-30": "$1,297", "2015-03-31": "$1,065", "2014-12-31": "$1,319", "2014-09-30": "$1,411", "2014-06-30": "$1,399", "2014-03-31": "$1,106", "2013-12-31": "$1,717", "2013-09-30": "$1,287", "2013-06-30": "$1,270", "2013-03-31": "$1,605", "2012-12-31": "$909", "2012-09-30": "$1,073", "2012-06-30": "$1,107", "2012-03-31": "$1,065", "2011-12-31": "$1,167", "2011-09-30": "$1,060", "2011-06-30": "$1,135", "2011-03-31": "$940", "2010-12-31": "$1,151", "2010-09-30": "$1,168", "2010-06-30": "$1,004", "2010-03-31": "$933", "2009-12-31": "$1,319", "2009-09-30": "$1,236", "2009-06-30": "$809", "2009-03-31": "$664", "2008-12-31": "$1,041", "2008-09-30": "$1,054", "2008-06-30": "$957", "2008-03-31": "$1,021", "2007-12-31": "$805", "2007-09-30": "$815", "2007-06-30": "$1,010", "2007-03-31": "$760", "2006-12-31": "$988", "2006-09-30": "$647", "2006-06-30": "$664", "2006-03-31": "$651", "2005-12-31": "$856", "2005-09-30": "$641", "2005-06-30": "$501", "2005-03-31": "$475"}}, "long-term-debt": {"Assurant Annual Long Term Debt (Millions of US $)": {"2019": "$2,007", "2018": "$2,006", "2017": "$1,068", "2016": "$1,067", "2015": "$1,165", "2014": "$1,267", "2013": "$1,733", "2012": "$1,067", "2011": "$1,068", "2010": "$1,109", "2009": "$1,192", "2008": "$1,228", "2007": "$1,514", "2006": "$1,338", "2005": "$1,582"}, "Assurant Quarterly Long Term Debt (Millions of US $)": {"2020-09-30": "$2,009", "2020-06-30": "$2,208", "2020-03-31": "$2,208", "2019-12-31": "$2,007", "2019-09-30": "$2,006", "2019-06-30": "$2,007", "2019-03-31": "$2,007", "2018-12-31": "$2,006", "2018-09-30": "$2,005", "2018-06-30": "$2,005", "2018-03-31": "$2,004", "2017-12-31": "$1,068", "2017-09-30": "$1,068", "2017-06-30": "$1,137", "2017-03-31": "$1,067", "2016-12-31": "$1,067", "2016-09-30": "$1,166", "2016-06-30": "$1,165", "2016-03-31": "$1,415", "2015-12-31": "$1,165", "2015-09-30": "$1,222", "2015-06-30": "$1,267", "2015-03-31": "$1,264", "2014-12-31": "$1,267", "2014-09-30": "$1,267", "2014-06-30": "$1,266", "2014-03-31": "$1,267", "2013-12-31": "$1,733", "2013-09-30": "$1,734", "2013-06-30": "$1,743", "2013-03-31": "$1,765", "2012-12-31": "$1,067", "2012-09-30": "$1,066", "2012-06-30": "$1,067", "2012-03-31": "$1,067", "2011-12-31": "$1,068", "2011-09-30": "$1,069", "2011-06-30": "$1,065", "2011-03-31": "$1,245", "2010-12-31": "$1,109", "2010-09-30": "$1,107", "2010-06-30": "$1,107", "2010-03-31": "$1,116", "2009-12-31": "$1,192", "2009-09-30": "$1,169", "2009-06-30": "$1,197", "2009-03-31": "$1,175", "2008-12-31": "$1,228", "2008-09-30": "$1,328", "2008-06-30": "$1,483", "2008-03-31": "$1,493", "2007-12-31": "$1,514", "2007-09-30": "$1,627", "2007-06-30": "$1,601", "2007-03-31": "$1,548", "2006-12-31": "$1,338", "2006-09-30": "$1,634", "2006-06-30": "$1,578", "2006-03-31": "$1,515", "2005-12-31": "$1,582", "2005-09-30": "$1,506", "2005-06-30": "$1,554", "2005-03-31": "$1,572"}}, "total-liabilities": {"Assurant Annual Total Liabilities (Millions of US $)": {"2019": "$38,609", "2018": "$35,955", "2017": "$27,562", "2016": "$25,611", "2015": "$25,512", "2014": "$26,381", "2013": "$24,881", "2012": "$23,761", "2011": "$22,146", "2010": "$21,616", "2009": "$21,007", "2008": "$20,805", "2007": "$22,661", "2006": "$21,333", "2005": "$21,666"}, "Assurant Quarterly Total Liabilities (Millions of US $)": {"2020-09-30": "$37,643", "2020-06-30": "$38,249", "2020-03-31": "$38,037", "2019-12-31": "$38,609", "2019-09-30": "$38,061", "2019-06-30": "$37,379", "2019-03-31": "$36,765", "2018-12-31": "$35,955", "2018-09-30": "$38,203", "2018-06-30": "$37,028", "2018-03-31": "$27,927", "2017-12-31": "$27,562", "2017-09-30": "$28,267", "2017-06-30": "$25,834", "2017-03-31": "$25,409", "2016-12-31": "$25,611", "2016-09-30": "$25,779", "2016-06-30": "$25,196", "2016-03-31": "$25,723", "2015-12-31": "$25,512", "2015-09-30": "$25,902", "2015-06-30": "$26,014", "2015-03-31": "$25,672", "2014-12-31": "$26,381", "2014-09-30": "$25,331", "2014-06-30": "$25,267", "2014-03-31": "$24,572", "2013-12-31": "$24,881", "2013-09-30": "$24,566", "2013-06-30": "$23,933", "2013-03-31": "$24,275", "2012-12-31": "$23,761", "2012-09-30": "$22,940", "2012-06-30": "$22,210", "2012-03-31": "$22,290", "2011-12-31": "$22,146", "2011-09-30": "$21,760", "2011-06-30": "$21,904", "2011-03-31": "$21,950", "2010-12-31": "$21,616", "2010-09-30": "$21,479", "2010-06-30": "$21,077", "2010-03-31": "$21,265", "2009-12-31": "$21,007", "2009-09-30": "$20,762", "2009-06-30": "$20,458", "2009-03-31": "$20,150", "2008-12-31": "$20,805", "2008-09-30": "$21,623", "2008-06-30": "$21,965", "2008-03-31": "$22,239", "2007-12-31": "$22,661", "2007-09-30": "$22,645", "2007-06-30": "$21,959", "2007-03-31": "$21,540", "2006-12-31": "$21,333", "2006-09-30": "$21,264", "2006-06-30": "$20,962", "2006-03-31": "$21,027", "2005-12-31": "$21,666", "2005-09-30": "$21,747", "2005-06-30": "$20,613", "2005-03-31": "$20,686"}}, "total-share-holder-equity": {"Assurant Annual Share Holder Equity (Millions of US $)": {"2019": "$5,682", "2018": "$5,134", "2017": "$4,282", "2016": "$4,098", "2015": "$4,524", "2014": "$5,181", "2013": "$4,833", "2012": "$5,185", "2011": "$4,874", "2010": "$4,781", "2009": "$4,853", "2008": "$3,710", "2007": "$4,089", "2006": "$3,833", "2005": "$3,700"}, "Assurant Quarterly Share Holder Equity (Millions of US $)": {"2020-09-30": "$5,940", "2020-06-30": "$5,985", "2020-03-31": "$5,386", "2019-12-31": "$5,682", "2019-09-30": "$5,690", "2019-06-30": "$5,760", "2019-03-31": "$5,472", "2018-12-31": "$5,134", "2018-09-30": "$5,240", "2018-06-30": "$5,333", "2018-03-31": "$4,501", "2017-12-31": "$4,282", "2017-09-30": "$4,138", "2017-06-30": "$4,225", "2017-03-31": "$4,159", "2016-12-31": "$4,098", "2016-09-30": "$4,505", "2016-06-30": "$4,608", "2016-03-31": "$4,565", "2015-12-31": "$4,524", "2015-09-30": "$4,684", "2015-06-30": "$4,828", "2015-03-31": "$5,128", "2014-12-31": "$5,181", "2014-09-30": "$5,343", "2014-06-30": "$5,350", "2014-03-31": "$5,096", "2013-12-31": "$4,833", "2013-09-30": "$4,783", "2013-06-30": "$4,796", "2013-03-31": "$5,207", "2012-12-31": "$5,185", "2012-09-30": "$5,230", "2012-06-30": "$5,034", "2012-03-31": "$4,965", "2011-12-31": "$4,874", "2011-09-30": "$5,014", "2011-06-30": "$4,876", "2011-03-31": "$4,747", "2010-12-31": "$4,781", "2010-09-30": "$5,367", "2010-06-30": "$5,038", "2010-03-31": "$4,974", "2009-12-31": "$4,853", "2009-09-30": "$4,903", "2009-06-30": "$4,365", "2009-03-31": "$3,670", "2008-12-31": "$3,710", "2008-09-30": "$3,732", "2008-06-30": "$4,247", "2008-03-31": "$4,207", "2007-12-31": "$4,089", "2007-09-30": "$3,923", "2007-06-30": "$3,814", "2007-03-31": "$3,921", "2006-12-31": "$3,833", "2006-09-30": "$3,759", "2006-06-30": "$3,570", "2006-03-31": "$3,654", "2005-12-31": "$3,700", "2005-09-30": "$3,666", "2005-06-30": "$3,843", "2005-03-31": "$3,636"}}, "profit-margins": {"current": "4.38%"}, "gross margin": {"2020-09-30": "74.80%", "2020-06-30": "74.84%", "2020-03-31": "74.09%", "2019-12-31": "73.69%", "2019-09-30": "71.80%", "2019-06-30": "71.38%", "2019-03-31": "71.28%", "2018-12-31": "70.92%", "2018-09-30": "73.03%", "2018-06-30": "70.27%", "2018-03-31": "70.35%", "2017-12-31": "70.84%", "2017-09-30": "70.96%", "2017-06-30": "75.69%", "2017-03-31": "76.61%", "2016-12-31": "76.00%", "2016-09-30": "71.30%", "2016-06-30": "64.46%", "2016-03-31": "58.72%", "2015-12-31": "54.07%", "2015-09-30": "53.30%", "2015-06-30": "55.28%", "2015-03-31": "56.25%", "2014-12-31": "57.57%", "2014-09-30": "58.18%", "2014-06-30": "58.21%", "2014-03-31": "59.05%", "2013-12-31": "59.37%", "2013-09-30": "57.53%", "2013-06-30": "57.42%", "2013-03-31": "57.41%", "2012-12-31": "57.04%", "2012-09-30": "58.67%", "2012-06-30": "57.03%", "2012-03-31": "55.31%", "2011-12-31": "54.67%", "2011-09-30": "54.43%", "2011-06-30": "55.73%", "2011-03-31": "57.12%", "2010-12-31": "57.36%", "2010-09-30": "56.73%", "2010-06-30": "56.62%", "2010-03-31": "56.31%", "2009-12-31": "55.55%", "2009-09-30": "55.61%", "2009-06-30": "52.74%", "2009-03-31": "52.51%", "2008-12-31": "53.27%", "2008-09-30": "53.11%", "2008-06-30": "55.98%", "2008-03-31": "56.15%", "2007-12-31": "56.10%", "2007-09-30": "57.42%", "2007-06-30": "57.14%", "2007-03-31": "56.88%", "2006-12-31": "56.19%", "2006-09-30": "54.55%", "2006-06-30": "52.85%", "2006-03-31": "51.73%", "2005-12-31": "50.58%"}, "operating margin": {"2020-09-30": "5.41%", "2020-06-30": "6.41%", "2020-03-31": "5.99%", "2019-12-31": "7.12%", "2019-09-30": "5.61%", "2019-06-30": "5.53%", "2019-03-31": "4.68%", "2018-12-31": "4.14%", "2018-09-30": "6.05%", "2018-06-30": "3.94%", "2018-03-31": "5.63%", "2017-12-31": "6.92%", "2017-09-30": "5.25%", "2017-06-30": "9.94%", "2017-03-31": "10.48%", "2016-12-31": "11.29%", "2016-09-30": "10.87%", "2016-06-30": "7.22%", "2016-03-31": "4.62%", "2015-12-31": "1.95%", "2015-09-30": "1.74%", "2015-06-30": "4.14%", "2015-03-31": "5.62%", "2014-12-31": "7.17%", "2014-09-30": "8.20%", "2014-06-30": "8.25%", "2014-03-31": "8.76%", "2013-12-31": "8.73%", "2013-09-30": "7.33%", "2013-06-30": "7.60%", "2013-03-31": "8.33%", "2012-12-31": "8.92%", "2012-09-30": "11.50%", "2012-06-30": "10.46%", "2012-03-31": "8.93%", "2011-12-31": "8.53%", "2011-09-30": "4.05%", "2011-06-30": "5.41%", "2011-03-31": "6.81%", "2010-12-31": "7.11%", "2010-09-30": "9.17%", "2010-06-30": "8.92%", "2010-03-31": "9.11%", "2009-12-31": "8.16%", "2009-09-30": "9.61%", "2009-06-30": "5.47%", "2009-03-31": "5.10%", "2008-12-31": "6.53%", "2008-09-30": "6.63%", "2008-06-30": "11.60%", "2008-03-31": "11.89%", "2007-12-31": "11.96%", "2007-09-30": "14.20%", "2007-06-30": "13.84%", "2007-03-31": "13.80%", "2006-12-31": "13.57%", "2006-09-30": "11.03%", "2006-06-30": "10.00%", "2006-03-31": "9.52%", "2005-12-31": "8.74%"}, "ebitda margin": {"2020-09-30": "7.78%", "2020-06-30": "8.70%", "2020-03-31": "8.22%", "2019-12-31": "9.33%", "2019-09-30": "7.74%", "2019-06-30": "7.64%", "2019-03-31": "6.78%", "2018-12-31": "6.25%", "2018-09-30": "7.82%", "2018-06-30": "5.35%", "2018-03-31": "6.72%", "2017-12-31": "7.72%", "2017-09-30": "6.04%", "2017-06-30": "10.71%", "2017-03-31": "11.27%", "2016-12-31": "12.03%", "2016-09-30": "11.55%", "2016-06-30": "7.85%", "2016-03-31": "5.18%", "2015-12-31": "2.49%", "2015-09-30": "2.28%", "2015-06-30": "4.67%", "2015-03-31": "6.15%", "2014-12-31": "7.74%", "2014-09-30": "8.84%", "2014-06-30": "9.00%", "2014-03-31": "9.61%", "2013-12-31": "9.59%", "2013-09-30": "8.16%", "2013-06-30": "8.37%", "2013-03-31": "9.04%", "2012-12-31": "9.63%", "2012-09-30": "12.21%", "2012-06-30": "11.19%", "2012-03-31": "9.66%", "2011-12-31": "9.28%", "2011-09-30": "4.80%", "2011-06-30": "6.14%", "2011-03-31": "7.55%", "2010-12-31": "7.83%", "2010-09-30": "9.89%", "2010-06-30": "9.63%", "2010-03-31": "9.81%", "2009-12-31": "8.85%", "2009-09-30": "10.31%", "2009-06-30": "6.20%", "2009-03-31": "5.84%", "2008-12-31": "7.27%", "2008-09-30": "7.36%", "2008-06-30": "12.30%", "2008-03-31": "12.60%", "2007-12-31": "12.68%", "2007-09-30": "14.92%", "2007-06-30": "14.58%", "2007-03-31": "14.53%", "2006-12-31": "14.32%", "2006-09-30": "11.83%", "2006-06-30": "10.82%", "2006-03-31": "10.35%", "2005-12-31": "9.56%"}, "pre tax profit margin": {"2020-09-30": "5.04%", "2020-06-30": "4.83%", "2020-03-31": "4.37%", "2019-12-31": "5.49%", "2019-09-30": "4.27%", "2019-06-30": "5.42%", "2019-03-31": "4.68%", "2018-12-31": "4.14%", "2018-09-30": "6.05%", "2018-06-30": "3.94%", "2018-03-31": "5.63%", "2017-12-31": "6.92%", "2017-09-30": "5.25%", "2017-06-30": "9.94%", "2017-03-31": "10.48%", "2016-12-31": "11.29%", "2016-09-30": "10.87%", "2016-06-30": "7.22%", "2016-03-31": "4.62%", "2015-12-31": "1.95%", "2015-09-30": "1.74%", "2015-06-30": "4.14%", "2015-03-31": "5.62%", "2014-12-31": "7.17%", "2014-09-30": "8.20%", "2014-06-30": "8.25%", "2014-03-31": "8.76%", "2013-12-31": "8.73%", "2013-09-30": "7.33%", "2013-06-30": "7.60%", "2013-03-31": "8.33%", "2012-12-31": "8.92%", "2012-09-30": "11.50%", "2012-06-30": "10.46%", "2012-03-31": "8.93%", "2011-12-31": "8.53%", "2011-09-30": "4.05%", "2011-06-30": "5.41%", "2011-03-31": "6.81%", "2010-12-31": "7.11%", "2010-09-30": "9.17%", "2010-06-30": "8.92%", "2010-03-31": "9.11%", "2009-12-31": "8.16%", "2009-09-30": "9.61%", "2009-06-30": "5.47%", "2009-03-31": "5.10%", "2008-12-31": "6.53%", "2008-09-30": "6.63%", "2008-06-30": "11.60%", "2008-03-31": "11.89%", "2007-12-31": "11.96%", "2007-09-30": "14.20%", "2007-06-30": "13.84%", "2007-03-31": "13.80%", "2006-12-31": "13.57%", "2006-09-30": "11.03%", "2006-06-30": "10.00%", "2006-03-31": "9.52%", "2005-12-31": "8.74%"}, "net profit margin": {"2020-09-30": "4.06%", "2020-06-30": "3.82%", "2020-03-31": "3.46%", "2019-12-31": "3.61%", "2019-09-30": "2.66%", "2019-06-30": "3.86%", "2019-03-31": "3.29%", "2018-12-31": "2.93%", "2018-09-30": "7.13%", "2018-06-30": "6.30%", "2018-03-31": "7.41%", "2017-12-31": "8.10%", "2017-09-30": "3.67%", "2017-06-30": "6.51%", "2017-03-31": "7.04%", "2016-12-31": "7.49%", "2016-09-30": "7.19%", "2016-06-30": "4.96%", "2016-03-31": "3.16%", "2015-12-31": "1.38%", "2015-09-30": "1.21%", "2015-06-30": "2.58%", "2015-03-31": "3.65%", "2014-12-31": "4.54%", "2014-09-30": "5.22%", "2014-06-30": "5.34%", "2014-03-31": "5.45%", "2013-12-31": "5.41%", "2013-09-30": "4.61%", "2013-06-30": "4.63%", "2013-03-31": "5.10%", "2012-12-31": "5.68%", "2012-09-30": "7.29%", "2012-06-30": "6.75%", "2012-03-31": "6.75%", "2011-12-31": "6.51%", "2011-09-30": "2.36%", "2011-06-30": "3.16%", "2011-03-31": "3.13%", "2010-12-31": "3.27%", "2010-09-30": "5.53%", "2010-06-30": "5.54%", "2010-03-31": "5.77%", "2009-12-31": "4.95%", "2009-09-30": "6.88%", "2009-06-30": "4.04%", "2009-03-31": "4.02%", "2008-12-31": "5.21%", "2008-09-30": "4.52%", "2008-06-30": "7.82%", "2008-03-31": "7.71%", "2007-12-31": "7.73%", "2007-09-30": "9.26%", "2007-06-30": "9.01%", "2007-03-31": "8.95%", "2006-12-31": "8.88%", "2006-09-30": "7.76%", "2006-06-30": "7.20%", "2006-03-31": "6.97%", "2005-12-31": "6.39%"}, "pe ratio": {"current": "15.79", "2021-02-11": "19.65", "2020-09-30": "18.18", "2020-06-30": "16.34", "2020-03-31": "18.09", "2019-12-31": "22.33", "2019-09-30": "29.99", "2019-06-30": "17.76", "2019-03-31": "19.51", "2018-12-31": "20.75", "2018-09-30": "10.74", "2018-06-30": "12.64", "2018-03-31": "9.75", "2017-12-31": "10.04", "2017-09-30": "21.27", "2017-06-30": "12.63", "2017-03-31": "10.82", "2016-12-31": "9.50", "2016-09-30": "8.95", "2016-06-30": "11.31", "2016-03-31": "14.84", "2015-12-31": "35.12", "2015-09-30": "39.67", "2015-06-30": "15.65", "2015-03-31": "10.27", "2014-12-31": "9.35", "2014-09-30": "7.81", "2014-06-30": "8.21", "2014-03-31": "8.40", "2013-12-31": "9.09", "2013-09-30": "9.00", "2013-06-30": "8.70", "2013-03-31": "7.30", "2012-12-31": "5.25", "2012-09-30": "4.47", "2012-06-30": "4.63", "2012-03-31": "5.58", "2011-12-31": "6.06", "2011-09-30": "13.87", "2011-06-30": "11.26", "2011-03-31": "12.99", "2010-12-31": "13.21", "2010-09-30": "7.81", "2010-06-30": "6.76", "2010-03-31": "6.40", "2009-12-31": "6.45", "2009-09-30": "4.99", "2009-06-30": "6.51", "2009-03-31": "5.93", "2008-12-31": "6.20", "2008-09-30": "13.12", "2008-06-30": "8.82", "2008-03-31": "8.46", "2007-12-31": "9.49", "2007-09-30": "6.39", "2007-06-30": "7.46", "2007-03-31": "7.01", "2006-12-31": "7.50"}, "price sales": {"2021-02-11": "0.80", "2020-09-30": "0.74", "2020-06-30": "0.63", "2020-03-31": "0.63", "2019-12-31": "0.81", "2019-09-30": "0.79", "2019-06-30": "0.69", "2019-03-31": "0.64", "2018-12-31": "0.63", "2018-09-30": "0.80", "2018-06-30": "0.81", "2018-03-31": "0.73", "2017-12-31": "0.82", "2017-09-30": "0.78", "2017-06-30": "0.84", "2017-03-31": "0.77", "2016-12-31": "0.71", "2016-09-30": "0.65", "2016-06-30": "0.58", "2016-03-31": "0.48", "2015-12-31": "0.48", "2015-09-30": "0.47", "2015-06-30": "0.40", "2015-03-31": "0.37", "2014-12-31": "0.42", "2014-09-30": "0.41", "2014-06-30": "0.44", "2014-03-31": "0.46", "2013-12-31": "0.50", "2013-09-30": "0.42", "2013-06-30": "0.41", "2013-03-31": "0.37", "2012-12-31": "0.30", "2012-09-30": "0.33", "2012-06-30": "0.32", "2012-03-31": "0.39", "2011-12-31": "0.40", "2011-09-30": "0.36", "2011-06-30": "0.37", "2011-03-31": "0.40", "2010-12-31": "0.41", "2010-09-30": "0.44", "2010-06-30": "0.38", "2010-03-31": "0.37", "2009-12-31": "0.32", "2009-09-30": "0.34", "2009-06-30": "0.26", "2009-03-31": "0.24", "2008-12-31": "0.32", "2008-09-30": "0.59", "2008-06-30": "0.69", "2008-03-31": "0.66", "2007-12-31": "0.74", "2007-09-30": "0.59", "2007-06-30": "0.68", "2007-03-31": "0.63", "2006-12-31": "0.67"}, "price book": {"current": "1.35", "2021-02-11": "1.30", "2020-09-30": "1.20", "2020-06-30": "1.02", "2020-03-31": "1.14", "2019-12-31": "1.35", "2019-09-30": "1.31", "2019-06-30": "1.10", "2019-03-31": "1.03", "2018-12-31": "1.03", "2018-09-30": "1.22", "2018-06-30": "1.16", "2018-03-31": "1.01", "2017-12-31": "1.16", "2017-09-30": "1.16", "2017-06-30": "1.23", "2017-03-31": "1.17", "2016-12-31": "1.16", "2016-09-30": "1.08", "2016-06-30": "1.03", "2016-03-31": "0.95", "2015-12-31": "1.05", "2015-09-30": "1.00", "2015-06-30": "0.82", "2015-03-31": "0.72", "2014-12-31": "0.80", "2014-09-30": "0.74", "2014-06-30": "0.76", "2014-03-31": "0.79", "2013-12-31": "0.85", "2013-09-30": "0.71", "2013-06-30": "0.68", "2013-03-31": "0.58", "2012-12-31": "0.44", "2012-09-30": "0.48", "2012-06-30": "0.48", "2012-03-31": "0.58", "2011-12-31": "0.62", "2011-09-30": "0.54", "2011-06-30": "0.58", "2011-03-31": "0.65", "2010-12-31": "0.67", "2010-09-30": "0.65", "2010-06-30": "0.59", "2010-03-31": "0.63", "2009-12-31": "0.56", "2009-09-30": "0.60", "2009-06-30": "0.51", "2009-03-31": "0.55", "2008-12-31": "0.74", "2008-09-30": "1.33", "2008-06-30": "1.41", "2008-03-31": "1.30", "2007-12-31": "1.47", "2007-09-30": "1.22", "2007-06-30": "1.41", "2007-03-31": "1.26", "2006-12-31": "1.34", "2006-09-30": "1.33", "2006-06-30": "1.30", "2006-03-31": "1.31"}, "price fcf": {"2021-02-11": "", "2020-09-30": "$16.84", "2020-06-30": "$14.62", "2020-03-31": "$15.42", "2019-12-31": "$20.97", "2019-09-30": "$21.19", "2019-06-30": "$17.53", "2019-03-31": "$14.60", "2018-12-31": "$9.64", "2018-09-30": "$9.22", "2018-06-30": "$11.85", "2018-03-31": "$7.07", "2017-12-31": "$8.94", "2017-09-30": "$8.52", "2017-06-30": "$5.74", "2017-03-31": "$6.14", "2016-12-31": "$0.38", "2016-09-30": "$-7.11", "2016-06-30": "$-5.85", "2016-03-31": "$-1.10", "2015-12-31": "$1.67", "2015-09-30": "$4.56", "2015-06-30": "$2.69", "2015-03-31": "$-0.13", "2014-12-31": "$4.24", "2014-09-30": "$9.79", "2014-06-30": "$12.51", "2014-03-31": "$13.63", "2013-12-31": "$12.58", "2013-09-30": "$11.65", "2013-06-30": "$8.66", "2013-03-31": "$7.88", "2012-12-31": "$7.33", "2012-09-30": "$8.08", "2012-06-30": "$7.16", "2012-03-31": "$6.63", "2011-12-31": "$8.42", "2011-09-30": "$5.55", "2011-06-30": "$4.96", "2011-03-31": "$5.21", "2010-12-31": "$4.39", "2010-09-30": "$4.24", "2010-06-30": "$6.09", "2010-03-31": "$5.10", "2009-12-31": "$1.82", "2009-09-30": "$2.82", "2009-06-30": "$2.85", "2009-03-31": "$1.93", "2008-12-31": "$7.93", "2008-09-30": "$9.36", "2008-06-30": "$8.87", "2008-03-31": "$11.83", "2007-12-31": "$9.43", "2007-09-30": "$10.01", "2007-06-30": "$9.68", "2007-03-31": "$8.80", "2006-12-31": "$7.89"}, "net worth": {"value": "$8B"}, "current ratio": {"2020-09-30": "0.41", "2020-06-30": "0.41", "2020-03-31": "0.41", "2019-12-31": "0.40", "2019-09-30": "0.40", "2019-06-30": "0.39", "2019-03-31": "0.39", "2018-12-31": "0.39", "2018-09-30": "0.44", "2018-06-30": "0.43", "2018-03-31": "0.56", "2017-12-31": "0.51", "2017-09-30": "0.51", "2017-06-30": "0.49", "2017-03-31": "0.49", "2016-12-31": "0.50", "2016-09-30": "0.51", "2016-06-30": "0.52", "2016-03-31": "0.56", "2015-12-31": "0.45", "2015-09-30": "0.44", "2015-06-30": "0.45", "2015-03-31": "0.44", "2014-12-31": "0.44", "2014-09-30": "0.41", "2014-06-30": "0.40", "2014-03-31": "0.39", "2013-12-31": "0.41", "2013-09-30": "0.38", "2013-06-30": "0.39", "2013-03-31": "0.41", "2012-12-31": "0.38", "2012-09-30": "0.37", "2012-06-30": "0.38", "2012-03-31": "0.38", "2011-12-31": "0.38", "2011-09-30": "0.37", "2011-06-30": "0.37", "2011-03-31": "0.36", "2010-12-31": "0.37", "2010-09-30": "0.37", "2010-06-30": "0.35", "2010-03-31": "0.34", "2009-12-31": "0.35", "2009-09-30": "0.34", "2009-06-30": "0.32", "2009-03-31": "0.30", "2008-12-31": "0.32", "2008-09-30": "0.31", "2008-06-30": "0.31", "2008-03-31": "0.31", "2007-12-31": "0.30", "2007-09-30": "0.31", "2007-06-30": "0.33", "2007-03-31": "0.31", "2006-12-31": "0.34", "2006-09-30": "0.32", "2006-06-30": "0.33", "2006-03-31": "0.34", "2005-12-31": "0.36", "2005-09-30": "0.36", "2005-06-30": "0.33", "2005-03-31": "0.34"}, "quick ratio": {"2020-09-30": "0.00", "2020-06-30": "0.00", "2020-03-31": "0.00", "2019-12-31": "0.00", "2019-09-30": "0.00", "2019-06-30": "0.00", "2019-03-31": "0.00", "2018-12-31": "0.00", "2018-09-30": "0.00", "2018-06-30": "0.00", "2018-03-31": "0.00", "2017-12-31": "0.00", "2017-09-30": "0.00", "2017-06-30": "0.00", "2017-03-31": "0.00", "2016-12-31": "0.00", "2016-09-30": "0.00", "2016-06-30": "0.00", "2016-03-31": "0.00", "2015-12-31": "0.00", "2015-09-30": "0.00", "2015-06-30": "0.00", "2015-03-31": "0.00", "2014-12-31": "0.00", "2014-09-30": "0.00", "2014-06-30": "0.00", "2014-03-31": "0.00", "2013-12-31": "0.00", "2013-09-30": "0.00", "2013-06-30": "0.00", "2013-03-31": "0.00", "2012-12-31": "0.00", "2012-09-30": "0.00", "2012-06-30": "0.00", "2012-03-31": "0.00", "2011-12-31": "0.00", "2011-09-30": "0.00", "2011-06-30": "0.00", "2011-03-31": "0.00", "2010-12-31": "0.00", "2010-09-30": "0.00", "2010-06-30": "0.00", "2010-03-31": "0.00", "2009-12-31": "0.00", "2009-09-30": "0.00", "2009-06-30": "0.00", "2009-03-31": "0.00", "2008-12-31": "0.00", "2008-09-30": "0.00", "2008-06-30": "0.00", "2008-03-31": "0.00", "2007-12-31": "0.00", "2007-09-30": "0.00", "2007-06-30": "0.00", "2007-03-31": "0.00", "2006-12-31": "0.00", "2006-09-30": "0.00", "2006-06-30": "0.00", "2006-03-31": "0.00", "2005-12-31": "0.00", "2005-09-30": "0.00", "2005-06-30": "0.00", "2005-03-31": "0.00"}, "debt equity ratio": {"current": "0.34", "2020-09-30": "6.34", "2020-06-30": "6.39", "2020-03-31": "7.06", "2019-12-31": "6.80", "2019-09-30": "6.69", "2019-06-30": "6.49", "2019-03-31": "6.72", "2018-12-31": "7.00", "2018-09-30": "7.29", "2018-06-30": "6.94", "2018-03-31": "6.21", "2017-12-31": "6.44", "2017-09-30": "6.83", "2017-06-30": "6.12", "2017-03-31": "6.11", "2016-12-31": "6.25", "2016-09-30": "5.72", "2016-06-30": "5.47", "2016-03-31": "5.64", "2015-12-31": "5.64", "2015-09-30": "5.53", "2015-06-30": "5.39", "2015-03-31": "5.01", "2014-12-31": "5.09", "2014-09-30": "4.74", "2014-06-30": "4.72", "2014-03-31": "4.82", "2013-12-31": "5.15", "2013-09-30": "5.14", "2013-06-30": "4.99", "2013-03-31": "4.66", "2012-12-31": "4.58", "2012-09-30": "4.39", "2012-06-30": "4.41", "2012-03-31": "4.49", "2011-12-31": "4.54", "2011-09-30": "4.34", "2011-06-30": "4.49", "2011-03-31": "4.62", "2010-12-31": "4.52", "2010-09-30": "4.00", "2010-06-30": "4.18", "2010-03-31": "4.28", "2009-12-31": "4.33", "2009-09-30": "4.23", "2009-06-30": "4.69", "2009-03-31": "5.49", "2008-12-31": "5.61", "2008-09-30": "5.79", "2008-06-30": "5.17", "2008-03-31": "5.29", "2007-12-31": "5.54", "2007-09-30": "5.77", "2007-06-30": "5.76", "2007-03-31": "5.49", "2006-12-31": "5.57", "2006-09-30": "5.66", "2006-06-30": "5.87", "2006-03-31": "5.76", "2005-12-31": "5.86", "2005-09-30": "5.93", "2005-06-30": "5.36", "2005-03-31": "5.69"}, "return on equity": {"2020-09-30": "7.17%", "2020-06-30": "6.81%", "2020-03-31": "6.27%", "2019-12-31": "6.44%", "2019-09-30": "4.73%", "2019-06-30": "6.83%", "2019-03-31": "5.50%", "2018-12-31": "4.67%", "2018-09-30": "10.93%", "2018-06-30": "9.29%", "2018-03-31": "11.24%", "2017-12-31": "12.38%", "2017-09-30": "5.73%", "2017-06-30": "10.34%", "2017-03-31": "11.24%", "2016-12-31": "12.69%", "2016-09-30": "13.16%", "2016-06-30": "9.75%", "2016-03-31": "6.71%", "2015-12-31": "2.96%", "2015-09-30": "2.54%", "2015-06-30": "5.33%", "2015-03-31": "7.31%", "2014-12-31": "8.98%", "2014-09-30": "10.28%", "2014-06-30": "10.35%", "2014-03-31": "10.44%", "2013-12-31": "9.99%", "2013-09-30": "8.13%", "2013-06-30": "7.89%", "2013-03-31": "8.48%", "2012-12-31": "9.46%", "2012-09-30": "12.28%", "2012-06-30": "11.36%", "2012-03-31": "11.37%", "2011-12-31": "11.05%", "2011-09-30": "4.02%", "2011-06-30": "5.32%", "2011-03-31": "5.28%", "2010-12-31": "5.54%", "2010-09-30": "9.41%", "2010-06-30": "9.69%", "2010-03-31": "10.62%", "2009-12-31": "9.69%", "2009-09-30": "14.44%", "2009-06-30": "8.92%", "2009-03-31": "8.91%", "2008-12-31": "11.27%", "2008-09-30": "9.51%", "2008-06-30": "16.64%", "2008-03-31": "16.49%", "2007-12-31": "16.59%", "2007-09-30": "20.27%", "2007-06-30": "19.55%", "2007-03-31": "19.47%", "2006-12-31": "19.36%", "2006-09-30": "16.37%", "2006-06-30": "15.08%", "2006-03-31": "14.18%", "2005-12-31": "12.91%"}, "return on assets": {"2020-09-30": "0.94%", "2020-06-30": "0.88%", "2020-03-31": "0.81%", "2019-12-31": "0.84%", "2019-09-30": "0.61%", "2019-06-30": "0.87%", "2019-03-31": "0.69%", "2018-12-31": "0.59%", "2018-09-30": "1.41%", "2018-06-30": "1.22%", "2018-03-31": "1.52%", "2017-12-31": "1.68%", "2017-09-30": "0.78%", "2017-06-30": "1.47%", "2017-03-31": "1.64%", "2016-12-31": "1.88%", "2016-09-30": "1.99%", "2016-06-30": "1.48%", "2016-03-31": "1.03%", "2015-12-31": "0.46%", "2015-09-30": "0.41%", "2015-06-30": "0.88%", "2015-03-31": "1.24%", "2014-12-31": "1.54%", "2014-09-30": "1.76%", "2014-06-30": "1.74%", "2014-03-31": "1.73%", "2013-12-31": "1.67%", "2013-09-30": "1.39%", "2013-06-30": "1.40%", "2013-03-31": "1.54%", "2012-12-31": "1.73%", "2012-09-30": "2.25%", "2012-06-30": "2.09%", "2012-03-31": "2.08%", "2011-12-31": "2.01%", "2011-09-30": "0.73%", "2011-06-30": "0.99%", "2011-03-31": "0.99%", "2010-12-31": "1.06%", "2010-09-30": "1.81%", "2010-06-30": "1.84%", "2010-03-31": "1.98%", "2009-12-31": "1.72%", "2009-09-30": "2.43%", "2009-06-30": "1.40%", "2009-03-31": "1.37%", "2008-12-31": "1.75%", "2008-09-30": "1.48%", "2008-06-30": "2.59%", "2008-03-31": "2.51%", "2007-12-31": "2.50%", "2007-09-30": "3.05%", "2007-06-30": "2.95%", "2007-03-31": "2.93%", "2006-12-31": "2.89%", "2006-09-30": "2.41%", "2006-06-30": "2.20%", "2006-03-31": "2.11%", "2005-12-31": "1.92%"}, "return on investments": {"2020-09-30": "6.99%", "2020-06-30": "8.34%", "2020-03-31": "7.96%", "2019-12-31": "9.38%", "2019-09-30": "7.31%", "2019-06-30": "7.14%", "2019-03-31": "5.67%", "2018-12-31": "4.73%", "2018-09-30": "6.79%", "2018-06-30": "4.34%", "2018-03-31": "6.53%", "2017-12-31": "8.40%", "2017-09-30": "6.51%", "2017-06-30": "12.51%", "2017-03-31": "13.32%", "2016-12-31": "15.05%", "2016-09-30": "15.66%", "2016-06-30": "11.17%", "2016-03-31": "7.71%", "2015-12-31": "3.34%", "2015-09-30": "2.91%", "2015-06-30": "6.86%", "2015-03-31": "9.08%", "2014-12-31": "11.43%", "2014-09-30": "12.74%", "2014-06-30": "12.31%", "2014-03-31": "12.61%", "2013-12-31": "11.88%", "2013-09-30": "9.83%", "2013-06-30": "10.15%", "2013-03-31": "11.16%", "2012-12-31": "12.30%", "2012-09-30": "15.97%", "2012-06-30": "14.51%", "2012-03-31": "12.37%", "2011-12-31": "11.79%", "2011-09-30": "5.61%", "2011-06-30": "7.41%", "2011-03-31": "9.34%", "2010-12-31": "9.85%", "2010-09-30": "12.75%", "2010-06-30": "12.66%", "2010-03-31": "13.46%", "2009-12-31": "12.61%", "2009-09-30": "15.69%", "2009-06-30": "9.16%", "2009-03-31": "8.44%", "2008-12-31": "10.49%", "2008-09-30": "10.28%", "2008-06-30": "18.00%", "2008-03-31": "18.31%", "2007-12-31": "18.35%", "2007-09-30": "22.29%", "2007-06-30": "21.47%", "2007-03-31": "21.36%", "2006-12-31": "20.98%", "2006-09-30": "16.27%", "2006-06-30": "14.71%", "2006-03-31": "13.70%", "2005-12-31": "12.44%"}, "return on tangible equity": {"2020-09-30": "35.18%", "2020-06-30": "43.73%", "2020-03-31": "58.27%", "2019-12-31": "110.05%", "2019-09-30": "-237.81%", "2019-06-30": "-56.57%", "2019-03-31": "-25.43%", "2018-12-31": "-97.02%", "2018-09-30": "69.47%", "2018-06-30": "22.45%", "2018-03-31": "15.81%", "2017-12-31": "17.60%", "2017-09-30": "8.09%", "2017-06-30": "14.35%", "2017-03-31": "15.31%", "2016-12-31": "17.01%", "2016-09-30": "17.57%", "2016-06-30": "13.01%", "2016-03-31": "8.98%", "2015-12-31": "3.94%", "2015-09-30": "3.37%", "2015-06-30": "7.02%", "2015-03-31": "9.56%", "2014-12-31": "11.73%", "2014-09-30": "13.43%", "2014-06-30": "13.44%", "2014-03-31": "13.45%", "2013-12-31": "12.69%", "2013-09-30": "10.14%", "2013-06-30": "9.76%", "2013-03-31": "10.47%", "2012-12-31": "11.73%", "2012-09-30": "15.32%", "2012-06-30": "14.25%", "2012-03-31": "14.37%", "2011-12-31": "13.99%", "2011-09-30": "5.09%", "2011-06-30": "6.71%", "2011-03-31": "6.62%", "2010-12-31": "6.93%", "2010-09-30": "11.78%", "2010-06-30": "12.27%", "2010-03-31": "13.67%", "2009-12-31": "12.82%", "2009-09-30": "19.69%", "2009-06-30": "12.33%", "2009-03-31": "12.17%", "2008-12-31": "15.01%", "2008-09-30": "12.41%", "2008-06-30": "21.61%", "2008-03-31": "21.55%", "2007-12-31": "21.74%", "2007-09-30": "26.63%", "2007-06-30": "25.79%", "2007-03-31": "25.88%", "2006-12-31": "25.96%", "2006-09-30": "22.09%", "2006-06-30": "20.45%", "2006-03-31": "19.17%", "2005-12-31": "17.50%"}, "dividend yield history": {"last payout": "$2.64", "last yield": "1.94%"}}