{"ticker": "AKAM", "price": {"title": "Akamai Technologies Historical Annual Stock Price Data", "value": 101.46, "historical": {"2021": {"Average Stock Price": "108.8750", "Year Open": "105.2400", "Year High": "120.4400", "Year Low": "101.4600", "Year Close": "101.4600", "Annual % Change": "-3.36%"}, "2020": {"Average Stock Price": "102.3076", "Year Open": "87.6400", "Year High": "119.5700", "Year Low": "80.0500", "Year Close": "104.9900", "Annual % Change": "21.54%"}, "2019": {"Average Stock Price": "79.9985", "Year Open": "59.0100", "Year High": "92.5400", "Year Low": "57.7000", "Year Close": "86.3800", "Annual % Change": "41.42%"}, "2018": {"Average Stock Price": "71.2261", "Year Open": "65.5600", "Year High": "82.5800", "Year Low": "58.3300", "Year Close": "61.0800", "Annual % Change": "-6.09%"}, "2017": {"Average Stock Price": "55.3746", "Year Open": "67.5700", "Year High": "71.1200", "Year Low": "44.9100", "Year Close": "65.0400", "Annual % Change": "-2.46%"}, "2016": {"Average Stock Price": "55.1770", "Year Open": "52.3100", "Year High": "69.9100", "Year Low": "39.5700", "Year Close": "66.6800", "Annual % Change": "26.70%"}, "2015": {"Average Stock Price": "68.4719", "Year Open": "63.2500", "Year High": "78.3600", "Year Low": "51.0800", "Year Close": "52.6300", "Annual % Change": "-16.41%"}, "2014": {"Average Stock Price": "57.8464", "Year Open": "46.5300", "Year High": "64.7900", "Year Low": "46.0100", "Year Close": "62.9600", "Annual % Change": "33.45%"}, "2013": {"Average Stock Price": "43.6163", "Year Open": "42.1600", "Year High": "53.3900", "Year Low": "33.5500", "Year Close": "47.1800", "Annual % Change": "15.33%"}, "2012": {"Average Stock Price": "35.2006", "Year Open": "32.9300", "Year High": "41.8600", "Year Low": "27.4400", "Year Close": "40.9100", "Annual % Change": "26.73%"}, "2011": {"Average Stock Price": "31.9329", "Year Open": "48.2600", "Year High": "52.2400", "Year Low": "18.6500", "Year Close": "32.2800", "Annual % Change": "-31.39%"}, "2010": {"Average Stock Price": "40.5499", "Year Open": "25.9200", "Year High": "54.1400", "Year Low": "24.7000", "Year Close": "47.0500", "Annual % Change": "85.67%"}, "2009": {"Average Stock Price": "19.8744", "Year Open": "15.7400", "Year High": "25.8900", "Year Low": "12.4300", "Year Close": "25.3400", "Annual % Change": "67.93%"}, "2008": {"Average Stock Price": "26.1324", "Year Open": "33.2000", "Year High": "40.3800", "Year Low": "9.2900", "Year Close": "15.0900", "Annual % Change": "-56.39%"}, "2007": {"Average Stock Price": "43.1285", "Year Open": "52.0700", "Year High": "59.1500", "Year Low": "28.2800", "Year Close": "34.6000", "Annual % Change": "-34.86%"}, "2006": {"Average Stock Price": "36.8444", "Year Open": "20.8000", "Year High": "56.3900", "Year Low": "20.8000", "Year Close": "53.1200", "Annual % Change": "166.53%"}, "2005": {"Average Stock Price": "14.3694", "Year Open": "12.8200", "Year High": "21.8500", "Year Low": "10.7600", "Year Close": "19.9300", "Annual % Change": "52.95%"}, "2004": {"Average Stock Price": "14.1366", "Year Open": "10.7800", "Year High": "17.9500", "Year Low": "10.7800", "Year Close": "13.0300", "Annual % Change": "21.10%"}, "2003": {"Average Stock Price": "4.6968", "Year Open": "1.8800", "Year High": "13.7900", "Year Low": "1.2300", "Year Close": "10.7600", "Annual % Change": "521.97%"}, "2002": {"Average Stock Price": "2.2353", "Year Open": "5.8700", "Year High": "6.2100", "Year Low": "0.6700", "Year Close": "1.7300", "Annual % Change": "-70.88%"}, "2001": {"Average Stock Price": "9.8266", "Year Open": "19.7500", "Year High": "35.3800", "Year Low": "2.6500", "Year Close": "5.9400", "Annual % Change": "-71.79%"}, "2000": {"Average Stock Price": "114.2535", "Year Open": "321.2500", "Year High": "321.2500", "Year Low": "21.0600", "Year Close": "21.0600", "Annual % Change": "-93.57%"}}}, "market cap": {"value": "$19.2B"}, "income statement": {"Revenue": {"2019-12-31": "2893.61700", "2018-12-31": "2714.47400", "2017-12-31": "2489.03500", "2016-12-31": "2347.98800", "2015-12-31": "2197.44800", "2014-12-31": "1963.87400", "2013-12-31": "1577.92200", "2012-12-31": "1373.94700", "2011-12-31": "1158.53800", "2010-12-31": "1023.58600", "2009-12-31": "859.77300", "2008-12-31": "790.92400", "2007-12-31": "636.40600", "2006-12-31": "428.67200", "2005-12-31": "283.11500"}, "Cost Of Goods Sold": {"2019-12-31": "987.62400", "2018-12-31": "953.48500", "2017-12-31": "875.83700", "2016-12-31": "809.10600", "2015-12-31": "725.62000", "2014-12-31": "610.94300", "2013-12-31": "511.08700", "2012-12-31": "529.90000", "2011-12-31": "453.70500", "2010-12-31": "303.40300", "2009-12-31": "249.93800", "2008-12-31": "222.61000", "2007-12-31": "167.44400", "2006-12-31": "94.10000", "2005-12-31": "55.65500"}, "Gross Profit": {"2019-12-31": "1905.99300", "2018-12-31": "1760.98900", "2017-12-31": "1613.19800", "2016-12-31": "1538.88200", "2015-12-31": "1471.82800", "2014-12-31": "1352.93100", "2013-12-31": "1066.83500", "2012-12-31": "844.04700", "2011-12-31": "704.83300", "2010-12-31": "720.18300", "2009-12-31": "609.83500", "2008-12-31": "568.31400", "2007-12-31": "468.96200", "2006-12-31": "334.57200", "2005-12-31": "227.46000"}, "Research And Development Expenses": {"2019-12-31": "261.36500", "2018-12-31": "246.16500", "2017-12-31": "222.43400", "2016-12-31": "167.62800", "2015-12-31": "148.59100", "2014-12-31": "125.28600", "2013-12-31": "93.87900", "2012-12-31": "74.74400", "2011-12-31": "52.33300", "2010-12-31": "54.76600", "2009-12-31": "43.65800", "2008-12-31": "39.24300", "2007-12-31": "44.14100", "2006-12-31": "33.10200", "2005-12-31": "18.07100"}, "SG&A Expenses": {"2019-12-31": "1039.97600", "2018-12-31": "1091.42000", "2017-12-31": "990.68700", "2016-12-31": "867.80100", "2015-12-31": "829.25300", "2014-12-31": "704.88000", "2013-12-31": "535.59800", "2012-12-31": "433.44800", "2011-12-31": "339.89500", "2010-12-31": "394.48300", "2009-12-31": "325.52100", "2008-12-31": "300.39300", "2007-12-31": "268.65700", "2006-12-31": "209.88000", "2005-12-31": "130.89000"}, "Other Operating Income Or Expenses": {"2019-12-31": "", "2018-12-31": "", "2017-12-31": "", "2016-12-31": "", "2015-12-31": "", "2014-12-31": "", "2013-12-31": "", "2012-12-31": "", "2011-12-31": "", "2010-12-31": "", "2009-12-31": "", "2008-12-31": "", "2007-12-31": "", "2006-12-31": "", "2005-12-31": ""}, "Operating Expenses": {"2019-12-31": "2344.69900", "2018-12-31": "2351.97500", "2017-12-31": "2174.74600", "2016-12-31": "1881.47800", "2015-12-31": "1731.29800", "2014-12-31": "1474.35500", "2013-12-31": "1163.95400", "2012-12-31": "1059.46000", "2011-12-31": "867.88890", "2010-12-31": "769.30900", "2009-12-31": "636.29300", "2008-12-31": "578.66000", "2007-12-31": "491.47800", "2006-12-31": "345.56600", "2005-12-31": "209.74000"}, "Operating Income": {"2019-12-31": "548.91800", "2018-12-31": "362.49930", "2017-12-31": "314.28910", "2016-12-31": "466.51000", "2015-12-31": "466.15000", "2014-12-31": "489.51900", "2013-12-31": "413.96790", "2012-12-31": "314.48710", "2011-12-31": "290.64900", "2010-12-31": "254.27700", "2009-12-31": "223.48000", "2008-12-31": "212.26400", "2007-12-31": "144.92800", "2006-12-31": "83.10600", "2005-12-31": "73.37500"}, "Total Non-Operating Income/Expense": {"2019-12-31": "-16.43700", "2018-12-31": "-19.41000", "2017-12-31": "-0.09700", "2016-12-31": "-0.14800", "2015-12-31": "-9.52600", "2014-12-31": "-9.74300", "2013-12-31": "5.58600", "2012-12-31": "7.10400", "2011-12-31": "16.54600", "2010-12-31": "8.09500", "2009-12-31": "13.75200", "2008-12-31": "22.27100", "2007-12-31": "23.27700", "2006-12-31": "15.36300", "2005-12-31": "-2.97100"}, "Pre-Tax Income": {"2019-12-31": "532.48100", "2018-12-31": "343.08900", "2017-12-31": "314.19200", "2016-12-31": "466.36200", "2015-12-31": "456.62400", "2014-12-31": "479.77600", "2013-12-31": "419.55400", "2012-12-31": "321.59100", "2011-12-31": "307.19500", "2010-12-31": "262.37200", "2009-12-31": "237.23200", "2008-12-31": "234.53500", "2007-12-31": "168.20500", "2006-12-31": "98.46900", "2005-12-31": "70.40400"}, "Income Taxes": {"2019-12-31": "53.35000", "2018-12-31": "44.71600", "2017-12-31": "91.42600", "2016-12-31": "145.63500", "2015-12-31": "135.21800", "2014-12-31": "145.82800", "2013-12-31": "126.06700", "2012-12-31": "117.60200", "2011-12-31": "106.29100", "2010-12-31": "91.15200", "2009-12-31": "91.31900", "2008-12-31": "89.39700", "2007-12-31": "67.23800", "2006-12-31": "41.06800", "2005-12-31": "-257.59400"}, "Income After Taxes": {"2019-12-31": "479.13100", "2018-12-31": "298.37300", "2017-12-31": "222.76600", "2016-12-31": "320.72700", "2015-12-31": "321.40600", "2014-12-31": "333.94800", "2013-12-31": "293.48700", "2012-12-31": "203.98900", "2011-12-31": "200.90400", "2010-12-31": "171.22000", "2009-12-31": "145.91300", "2008-12-31": "145.13800", "2007-12-31": "100.96700", "2006-12-31": "57.40100", "2005-12-31": "327.99800"}, "Other Income": {"2019-12-31": "", "2018-12-31": "", "2017-12-31": "", "2016-12-31": "", "2015-12-31": "", "2014-12-31": "", "2013-12-31": "", "2012-12-31": "", "2011-12-31": "", "2010-12-31": "", "2009-12-31": "", "2008-12-31": "", "2007-12-31": "", "2006-12-31": "", "2005-12-31": ""}, "Income From Continuous Operations": {"2019-12-31": "478.03500", "2018-12-31": "298.37300", "2017-12-31": "222.76600", "2016-12-31": "320.72700", "2015-12-31": "321.40600", "2014-12-31": "333.94800", "2013-12-31": "293.48700", "2012-12-31": "203.98900", "2011-12-31": "200.90400", "2010-12-31": "171.22000", "2009-12-31": "145.91300", "2008-12-31": "145.13800", "2007-12-31": "100.96700", "2006-12-31": "57.40100", "2005-12-31": "327.99800"}, "Income From Discontinued Operations": {"2019-12-31": "", "2018-12-31": "", "2017-12-31": "", "2016-12-31": "", "2015-12-31": "", "2014-12-31": "", "2013-12-31": "", "2012-12-31": "", "2011-12-31": "", "2010-12-31": "", "2009-12-31": "", "2008-12-31": "", "2007-12-31": "", "2006-12-31": "", "2005-12-31": ""}, "Net Income": {"2019-12-31": "478.03500", "2018-12-31": "298.37300", "2017-12-31": "222.76600", "2016-12-31": "320.72700", "2015-12-31": "321.40600", "2014-12-31": "333.94800", "2013-12-31": "293.48700", "2012-12-31": "203.98900", "2011-12-31": "200.90400", "2010-12-31": "171.22000", "2009-12-31": "145.91300", "2008-12-31": "145.13800", "2007-12-31": "100.96700", "2006-12-31": "57.40100", "2005-12-31": "327.99800"}, "EBITDA": {"2019-12-31": "1035.44900", "2018-12-31": "838.97730", "2017-12-31": "705.44100", "2016-12-31": "819.45000", "2015-12-31": "784.23800", "2014-12-31": "752.38810", "2013-12-31": "598.39890", "2012-12-31": "518.65000", "2011-12-31": "458.52700", "2010-12-31": "398.02600", "2009-12-31": "346.81400", "2008-12-31": "311.18400", "2007-12-31": "217.66300", "2006-12-31": "124.53200", "2005-12-31": "98.54500"}, "EBIT": {"2019-12-31": "548.91800", "2018-12-31": "362.49930", "2017-12-31": "314.28910", "2016-12-31": "466.51000", "2015-12-31": "466.15000", "2014-12-31": "489.51900", "2013-12-31": "413.96790", "2012-12-31": "314.48710", "2011-12-31": "290.64900", "2010-12-31": "254.27700", "2009-12-31": "223.48000", "2008-12-31": "212.26400", "2007-12-31": "144.92800", "2006-12-31": "83.10600", "2005-12-31": "73.37500"}, "Basic Shares Outstanding": {"2019-12-31": "162.70600", "2018-12-31": "167.31200", "2017-12-31": "171.55900", "2016-12-31": "174.91700", "2015-12-31": "178.39100", "2014-12-31": "178.27900", "2013-12-31": "178.19600", "2012-12-31": "177.90000", "2011-12-31": "183.86600", "2010-12-31": "177.30900", "2009-12-31": "171.42500", "2008-12-31": "167.67300", "2007-12-31": "162.95900", "2006-12-31": "155.36600", "2005-12-31": "136.16700"}, "Shares Outstanding": {"2019-12-31": "164.57300", "2018-12-31": "169.18800", "2017-12-31": "172.71100", "2016-12-31": "176.21500", "2015-12-31": "180.41500", "2014-12-31": "181.18600", "2013-12-31": "181.78300", "2012-12-31": "181.74900", "2011-12-31": "187.55600", "2010-12-31": "190.65000", "2009-12-31": "188.65800", "2008-12-31": "186.68500", "2007-12-31": "185.09400", "2006-12-31": "176.76700", "2005-12-31": "156.94400"}, "Basic EPS": {"2019-12-31": "2.94000", "2018-12-31": "1.78000", "2017-12-31": "1.30000", "2016-12-31": "1.83000", "2015-12-31": "1.80000", "2014-12-31": "1.87000", "2013-12-31": "1.65000", "2012-12-31": "1.15000", "2011-12-31": "1.09000", "2010-12-31": "0.97000", "2009-12-31": "0.85000", "2008-12-31": "0.87000", "2007-12-31": "0.62000", "2006-12-31": "0.37000", "2005-12-31": "2.41000"}, "EPS - Earnings Per Share": {"2019-12-31": "2.90000", "2018-12-31": "1.76000", "2017-12-31": "1.29000", "2016-12-31": "1.82000", "2015-12-31": "1.78000", "2014-12-31": "1.84000", "2013-12-31": "1.61000", "2012-12-31": "1.12000", "2011-12-31": "1.07000", "2010-12-31": "0.90000", "2009-12-31": "0.78000", "2008-12-31": "0.79000", "2007-12-31": "0.56000", "2006-12-31": "0.34000", "2005-12-31": "2.11000"}}, "income statement, quarterly": {"Revenue": {"2020-09-30": "792.84500", "2020-06-30": "794.71500", "2020-03-31": "764.30200", "2019-12-31": "772.12310", "2019-09-30": "709.91200", "2019-06-30": "705.07400", "2019-03-31": "706.50800", "2018-12-31": "713.36320", "2018-09-30": "669.62800", "2018-06-30": "662.75900", "2018-03-31": "668.72400", "2017-12-31": "658.46990", "2017-09-30": "624.44000", "2017-06-30": "605.83200", "2017-03-31": "600.29300", "2016-12-31": "624.06310", "2016-09-30": "584.06500", "2016-06-30": "572.13500", "2016-03-31": "567.72500", "2015-12-31": "579.15890", "2015-09-30": "551.03000", "2015-06-30": "540.72300", "2015-03-31": "526.53600", "2014-12-31": "536.29500", "2014-09-30": "498.04200", "2014-06-30": "476.03500", "2014-03-31": "453.50200", "2013-12-31": "435.98000", "2013-09-30": "395.79000", "2013-06-30": "378.10600", "2013-03-31": "368.04600", "2012-12-31": "377.87190", "2012-09-30": "345.32100", "2012-06-30": "331.30600", "2012-03-31": "319.44800", "2011-12-31": "323.74000", "2011-09-30": "281.85600", "2011-06-30": "276.98900", "2011-03-31": "275.95300", "2010-12-31": "284.68800", "2010-09-30": "253.55100", "2010-06-30": "245.31800", "2010-03-31": "240.02900", "2009-12-31": "238.30500", "2009-09-30": "206.50000", "2009-06-30": "204.60000", "2009-03-31": "210.36800", "2008-12-31": "212.55400", "2008-09-30": "197.34700", "2008-06-30": "194.00400", "2008-03-31": "187.01900", "2007-12-31": "183.23800", "2007-09-30": "161.24000", "2007-06-30": "152.65400", "2007-03-31": "139.27400", "2006-12-31": "125.70300", "2006-09-30": "111.49500", "2006-06-30": "100.64900", "2006-03-31": "90.82500", "2005-12-31": "82.65700", "2005-09-30": "75.71300", "2005-06-30": "64.64900", "2005-03-31": "60.09600"}, "Cost Of Goods Sold": {"2020-09-30": "283.43900", "2020-06-30": "276.80400", "2020-03-31": "268.58200", "2019-12-31": "257.75010", "2019-09-30": "246.93800", "2019-06-30": "242.19300", "2019-03-31": "240.74300", "2018-12-31": "243.92700", "2018-09-30": "239.24600", "2018-06-30": "235.48700", "2018-03-31": "234.82500", "2017-12-31": "229.94000", "2017-09-30": "225.49000", "2017-06-30": "214.68000", "2017-03-31": "205.72700", "2016-12-31": "203.58000", "2016-09-30": "204.46700", "2016-06-30": "206.32300", "2016-03-31": "194.73600", "2015-12-31": "193.21200", "2015-09-30": "183.20400", "2015-06-30": "179.91000", "2015-03-31": "169.29400", "2014-12-31": "163.20100", "2014-09-30": "158.81200", "2014-06-30": "149.31800", "2014-03-31": "139.61200", "2013-12-31": "133.95100", "2013-09-30": "132.03900", "2013-06-30": "124.70500", "2013-03-31": "120.39200", "2012-12-31": "139.49400", "2012-09-30": "134.22100", "2012-06-30": "131.26000", "2012-03-31": "124.92500", "2011-12-31": "181.70600", "2011-09-30": "93.28400", "2011-06-30": "89.64700", "2011-03-31": "89.06800", "2010-12-31": "86.27700", "2010-09-30": "77.81200", "2010-06-30": "71.84000", "2010-03-31": "67.47400", "2009-12-31": "67.58000", "2009-09-30": "61.98700", "2009-06-30": "60.00900", "2009-03-31": "60.36200", "2008-12-31": "60.68800", "2008-09-30": "56.65900", "2008-06-30": "53.68800", "2008-03-31": "51.57500", "2007-12-31": "49.39400", "2007-09-30": "43.81100", "2007-06-30": "39.75900", "2007-03-31": "34.48000", "2006-12-31": "28.60500", "2006-09-30": "24.98400", "2006-06-30": "21.19500", "2006-03-31": "19.31600", "2005-12-31": "16.08400", "2005-09-30": "15.29500", "2005-06-30": "12.75200", "2005-03-31": "11.52400"}, "Gross Profit": {"2020-09-30": "509.40600", "2020-06-30": "517.91100", "2020-03-31": "495.72000", "2019-12-31": "514.37300", "2019-09-30": "462.97400", "2019-06-30": "462.88100", "2019-03-31": "465.76500", "2018-12-31": "469.43620", "2018-09-30": "430.38200", "2018-06-30": "427.27200", "2018-03-31": "433.89900", "2017-12-31": "428.52990", "2017-09-30": "398.95000", "2017-06-30": "391.15200", "2017-03-31": "394.56600", "2016-12-31": "420.48310", "2016-09-30": "379.59800", "2016-06-30": "365.81200", "2016-03-31": "372.98900", "2015-12-31": "385.94690", "2015-09-30": "367.82600", "2015-06-30": "360.81300", "2015-03-31": "357.24200", "2014-12-31": "373.09400", "2014-09-30": "339.23000", "2014-06-30": "326.71700", "2014-03-31": "313.89000", "2013-12-31": "302.02900", "2013-09-30": "263.75100", "2013-06-30": "253.40100", "2013-03-31": "247.65400", "2012-12-31": "238.37790", "2012-09-30": "211.10000", "2012-06-30": "200.04600", "2012-03-31": "194.52300", "2011-12-31": "142.03400", "2011-09-30": "188.57200", "2011-06-30": "187.34200", "2011-03-31": "186.88500", "2010-12-31": "198.41100", "2010-09-30": "175.73900", "2010-06-30": "173.47800", "2010-03-31": "172.55500", "2009-12-31": "170.72500", "2009-09-30": "144.51300", "2009-06-30": "144.59100", "2009-03-31": "150.00600", "2008-12-31": "151.86600", "2008-09-30": "140.68800", "2008-06-30": "140.31600", "2008-03-31": "135.44400", "2007-12-31": "133.84400", "2007-09-30": "117.42900", "2007-06-30": "112.89500", "2007-03-31": "104.79400", "2006-12-31": "97.09800", "2006-09-30": "86.51100", "2006-06-30": "79.45400", "2006-03-31": "71.50900", "2005-12-31": "66.57300", "2005-09-30": "60.41800", "2005-06-30": "51.89700", "2005-03-31": "48.57200"}, "Research And Development Expenses": {"2020-09-30": "66.77300", "2020-06-30": "64.09000", "2020-03-31": "71.22400", "2019-12-31": "68.89800", "2019-09-30": "64.88700", "2019-06-30": "61.43900", "2019-03-31": "66.14100", "2018-12-31": "60.34200", "2018-09-30": "61.04900", "2018-06-30": "59.70900", "2018-03-31": "65.06500", "2017-12-31": "59.67300", "2017-09-30": "57.22600", "2017-06-30": "53.37300", "2017-03-31": "52.16200", "2016-12-31": "46.75500", "2016-09-30": "42.34100", "2016-06-30": "37.69000", "2016-03-31": "40.84200", "2015-12-31": "37.67400", "2015-09-30": "38.39600", "2015-06-30": "36.69300", "2015-03-31": "35.82800", "2014-12-31": "32.41700", "2014-09-30": "32.58300", "2014-06-30": "32.05200", "2014-03-31": "28.23400", "2013-12-31": "26.52000", "2013-09-30": "24.85700", "2013-06-30": "20.59700", "2013-03-31": "21.90500", "2012-12-31": "20.37100", "2012-09-30": "19.35100", "2012-06-30": "17.54200", "2012-03-31": "17.48000", "2011-12-31": "15.19100", "2011-09-30": "13.54200", "2011-06-30": "11.00600", "2011-03-31": "12.59400", "2010-12-31": "13.77500", "2010-09-30": "14.23500", "2010-06-30": "13.57700", "2010-03-31": "13.17900", "2009-12-31": "12.52000", "2009-09-30": "10.90400", "2009-06-30": "9.37800", "2009-03-31": "10.85600", "2008-12-31": "10.47700", "2008-09-30": "9.94300", "2008-06-30": "9.51900", "2008-03-31": "9.30400", "2007-12-31": "10.46600", "2007-09-30": "11.40800", "2007-06-30": "11.66300", "2007-03-31": "10.60400", "2006-12-31": "9.14100", "2006-09-30": "8.86200", "2006-06-30": "8.37300", "2006-03-31": "6.72600", "2005-12-31": "4.98200", "2005-09-30": "4.95300", "2005-06-30": "4.50700", "2005-03-31": "3.62900"}, "SG&A Expenses": {"2020-09-30": "251.11400", "2020-06-30": "253.17800", "2020-03-31": "251.14700", "2019-12-31": "290.16890", "2019-09-30": "245.47400", "2019-06-30": "255.22200", "2019-03-31": "249.11100", "2018-12-31": "267.36210", "2018-09-30": "245.23400", "2018-06-30": "301.88600", "2018-03-31": "276.93800", "2017-12-31": "277.33800", "2017-09-30": "242.38600", "2017-06-30": "241.46200", "2017-03-31": "229.50100", "2016-12-31": "236.60010", "2016-09-30": "215.94600", "2016-06-30": "210.76100", "2016-03-31": "204.49400", "2015-12-31": "218.56000", "2015-09-30": "206.96900", "2015-06-30": "210.65300", "2015-03-31": "193.07100", "2014-12-31": "196.19200", "2014-09-30": "178.12000", "2014-06-30": "173.34200", "2014-03-31": "157.22600", "2013-12-31": "153.90700", "2013-09-30": "134.44500", "2013-06-30": "129.17600", "2013-03-31": "118.07000", "2012-12-31": "116.52600", "2012-09-30": "106.20900", "2012-06-30": "110.07600", "2012-03-31": "100.63700", "2011-12-31": "38.46300", "2011-09-30": "105.35400", "2011-06-30": "98.81200", "2011-03-31": "97.26600", "2010-12-31": "108.02300", "2010-09-30": "98.33200", "2010-06-30": "98.91000", "2010-03-31": "89.21800", "2009-12-31": "91.84100", "2009-09-30": "78.76100", "2009-06-30": "76.58100", "2009-03-31": "78.33800", "2008-12-31": "80.38900", "2008-09-30": "75.80300", "2008-06-30": "74.99100", "2008-03-31": "69.21000", "2007-12-31": "69.49700", "2007-09-30": "67.41500", "2007-06-30": "67.51800", "2007-03-31": "64.22700", "2006-12-31": "59.50700", "2006-09-30": "53.94500", "2006-06-30": "51.59000", "2006-03-31": "44.83800", "2005-12-31": "38.23100", "2005-09-30": "34.37100", "2005-06-30": "29.70400", "2005-03-31": "28.58400"}, "Other Operating Income Or Expenses": {"2020-09-30": "", "2020-06-30": "", "2020-03-31": "", "2019-12-31": "", "2019-09-30": "", "2019-06-30": "", "2019-03-31": "", "2018-12-31": "", "2018-09-30": "", "2018-06-30": "", "2018-03-31": "", "2017-12-31": "", "2017-09-30": "", "2017-06-30": "", "2017-03-31": "", "2016-12-31": "", "2016-09-30": "", "2016-06-30": "", "2016-03-31": "", "2015-12-31": "", "2015-09-30": "", "2015-06-30": "", "2015-03-31": "", "2014-12-31": "", "2014-09-30": "", "2014-06-30": "", "2014-03-31": "", "2013-12-31": "", "2013-09-30": "", "2013-06-30": "", "2013-03-31": "", "2012-12-31": "", "2012-09-30": "", "2012-06-30": "", "2012-03-31": "", "2011-12-31": "", "2011-09-30": "", "2011-06-30": "", "2011-03-31": "", "2010-12-31": "", "2010-09-30": "", "2010-06-30": "", "2010-03-31": "", "2009-12-31": "", "2009-09-30": "", "2009-06-30": "", "2009-03-31": "", "2008-12-31": "", "2008-09-30": "", "2008-06-30": "", "2008-03-31": "", "2007-12-31": "", "2007-09-30": "", "2007-06-30": "", "2007-03-31": "", "2006-12-31": "", "2006-09-30": "", "2006-06-30": "", "2006-03-31": "", "2005-12-31": "", "2005-09-30": "", "2005-06-30": "", "2005-03-31": ""}, "Operating Expenses": {"2020-09-30": "611.68700", "2020-06-30": "604.28600", "2020-03-31": "611.97200", "2019-12-31": "636.80100", "2019-09-30": "566.62300", "2019-06-30": "569.29200", "2019-03-31": "571.98300", "2018-12-31": "593.07480", "2018-09-30": "553.09100", "2018-06-30": "605.64200", "2018-03-31": "600.16700", "2017-12-31": "626.36080", "2017-09-30": "533.18700", "2017-06-30": "520.23900", "2017-03-31": "494.95900", "2016-12-31": "493.61700", "2016-09-30": "472.30000", "2016-06-30": "461.95500", "2016-03-31": "453.60600", "2015-12-31": "456.47900", "2015-09-30": "435.34100", "2015-06-30": "434.46300", "2015-03-31": "405.01500", "2014-12-31": "400.21310", "2014-09-30": "377.80300", "2014-06-30": "363.68400", "2014-03-31": "332.65500", "2013-12-31": "320.22420", "2013-09-30": "296.26900", "2013-06-30": "280.60300", "2013-03-31": "266.85800", "2012-12-31": "282.13400", "2012-09-30": "265.16200", "2012-06-30": "264.29500", "2012-03-31": "247.86900", "2011-12-31": "244.40390", "2011-09-30": "216.52300", "2011-06-30": "203.75700", "2011-03-31": "203.20500", "2010-12-31": "212.34200", "2010-09-30": "194.50900", "2010-06-30": "188.47900", "2010-03-31": "173.97900", "2009-12-31": "176.08300", "2009-09-30": "155.75500", "2009-06-30": "150.20600", "2009-03-31": "154.24900", "2008-12-31": "157.71400", "2008-09-30": "145.57800", "2008-06-30": "141.68900", "2008-03-31": "133.67900", "2007-12-31": "132.19200", "2007-09-30": "125.46900", "2007-06-30": "121.69400", "2007-03-31": "112.12300", "2006-12-31": "99.30000", "2006-09-30": "89.73400", "2006-06-30": "83.35600", "2006-03-31": "73.17600", "2005-12-31": "61.59300", "2005-09-30": "56.91500", "2005-06-30": "47.48300", "2005-03-31": "43.74900"}, "Operating Income": {"2020-09-30": "181.15800", "2020-06-30": "190.42900", "2020-03-31": "152.33000", "2019-12-31": "135.32210", "2019-09-30": "143.28900", "2019-06-30": "135.78200", "2019-03-31": "134.52500", "2018-12-31": "120.28830", "2018-09-30": "116.53700", "2018-06-30": "57.11700", "2018-03-31": "68.55700", "2017-12-31": "32.10910", "2017-09-30": "91.25300", "2017-06-30": "85.59300", "2017-03-31": "105.33400", "2016-12-31": "130.44610", "2016-09-30": "111.76500", "2016-06-30": "110.18000", "2016-03-31": "114.11900", "2015-12-31": "122.67990", "2015-09-30": "115.68910", "2015-06-30": "106.26000", "2015-03-31": "121.52100", "2014-12-31": "136.08190", "2014-09-30": "120.23900", "2014-06-30": "112.35100", "2014-03-31": "120.84700", "2013-12-31": "115.75590", "2013-09-30": "99.52100", "2013-06-30": "97.50300", "2013-03-31": "101.18800", "2012-12-31": "95.73800", "2012-09-30": "80.15900", "2012-06-30": "67.01100", "2012-03-31": "71.57900", "2011-12-31": "79.33610", "2011-09-30": "65.33300", "2011-06-30": "73.23200", "2011-03-31": "72.74800", "2010-12-31": "72.34600", "2010-09-30": "59.04200", "2010-06-30": "56.83900", "2010-03-31": "66.05000", "2009-12-31": "62.22200", "2009-09-30": "50.74500", "2009-06-30": "54.39400", "2009-03-31": "56.11900", "2008-12-31": "54.84010", "2008-09-30": "51.76900", "2008-06-30": "52.31500", "2008-03-31": "53.34000", "2007-12-31": "51.04600", "2007-09-30": "35.77100", "2007-06-30": "30.96000", "2007-03-31": "27.15100", "2006-12-31": "26.40300", "2006-09-30": "21.76100", "2006-06-30": "17.29300", "2006-03-31": "17.64900", "2005-12-31": "21.06400", "2005-09-30": "18.79800", "2005-06-30": "17.16600", "2005-03-31": "16.34700"}, "Total Non-Operating Income/Expense": {"2020-09-30": "-13.17500", "2020-06-30": "-9.35000", "2020-03-31": "-14.27000", "2019-12-31": "-5.88200", "2019-09-30": "-4.97100", "2019-06-30": "-2.61400", "2019-03-31": "-2.97000", "2018-12-31": "-7.21500", "2018-09-30": "-5.76700", "2018-06-30": "-5.56400", "2018-03-31": "-0.86400", "2017-12-31": "0.11000", "2017-09-30": "0.25200", "2017-06-30": "0.19800", "2017-03-31": "-0.65700", "2016-12-31": "2.28400", "2016-09-30": "-0.07900", "2016-06-30": "-0.83100", "2016-03-31": "-1.52200", "2015-12-31": "-2.20500", "2015-09-30": "-1.70300", "2015-06-30": "-3.74200", "2015-03-31": "-1.87600", "2014-12-31": "-2.22500", "2014-09-30": "-2.66000", "2014-06-30": "-3.67500", "2014-03-31": "-1.18300", "2013-12-31": "1.13900", "2013-09-30": "1.15300", "2013-06-30": "1.81800", "2013-03-31": "1.47600", "2012-12-31": "1.79000", "2012-09-30": "1.35200", "2012-06-30": "2.75700", "2012-03-31": "1.20500", "2011-12-31": "8.81800", "2011-09-30": "2.81400", "2011-06-30": "2.98900", "2011-03-31": "1.92500", "2010-12-31": "1.63900", "2010-09-30": "1.27000", "2010-06-30": "2.59900", "2010-03-31": "2.58700", "2009-12-31": "2.34700", "2009-09-30": "2.14800", "2009-06-30": "3.63800", "2009-03-31": "5.61900", "2008-12-31": "5.23300", "2008-09-30": "5.14900", "2008-06-30": "3.87400", "2008-03-31": "8.01500", "2007-12-31": "6.89400", "2007-09-30": "7.18500", "2007-06-30": "4.67100", "2007-03-31": "4.52700", "2006-12-31": "4.92700", "2006-09-30": "3.52200", "2006-06-30": "3.81300", "2006-03-31": "3.10100", "2005-12-31": "1.48800", "2005-09-30": "-2.02700", "2005-06-30": "-0.69300", "2005-03-31": "-1.73900"}, "Pre-Tax Income": {"2020-09-30": "167.98300", "2020-06-30": "181.07900", "2020-03-31": "138.06000", "2019-12-31": "129.44000", "2019-09-30": "138.31800", "2019-06-30": "133.16800", "2019-03-31": "131.55500", "2018-12-31": "113.07300", "2018-09-30": "110.77000", "2018-06-30": "51.55300", "2018-03-31": "67.69300", "2017-12-31": "32.21900", "2017-09-30": "91.50500", "2017-06-30": "85.79100", "2017-03-31": "104.67700", "2016-12-31": "132.73000", "2016-09-30": "111.68600", "2016-06-30": "109.34900", "2016-03-31": "112.59700", "2015-12-31": "120.47500", "2015-09-30": "113.98600", "2015-06-30": "102.51800", "2015-03-31": "119.64500", "2014-12-31": "133.85700", "2014-09-30": "117.57900", "2014-06-30": "108.67600", "2014-03-31": "119.66400", "2013-12-31": "116.89500", "2013-09-30": "100.67400", "2013-06-30": "99.32100", "2013-03-31": "102.66400", "2012-12-31": "97.52800", "2012-09-30": "81.51100", "2012-06-30": "69.76800", "2012-03-31": "72.78400", "2011-12-31": "88.15400", "2011-09-30": "68.14700", "2011-06-30": "76.22100", "2011-03-31": "74.67300", "2010-12-31": "73.98500", "2010-09-30": "60.31200", "2010-06-30": "59.43800", "2010-03-31": "68.63700", "2009-12-31": "64.56900", "2009-09-30": "52.89300", "2009-06-30": "58.03200", "2009-03-31": "61.73800", "2008-12-31": "60.07300", "2008-09-30": "56.91800", "2008-06-30": "56.18900", "2008-03-31": "61.35500", "2007-12-31": "57.94000", "2007-09-30": "42.95600", "2007-06-30": "35.63100", "2007-03-31": "31.67800", "2006-12-31": "31.33000", "2006-09-30": "25.28300", "2006-06-30": "21.10600", "2006-03-31": "20.75000", "2005-12-31": "22.55200", "2005-09-30": "16.77100", "2005-06-30": "16.47300", "2005-03-31": "14.60800"}, "Income Taxes": {"2020-09-30": "8.80100", "2020-06-30": "18.67100", "2020-03-31": "14.29200", "2019-12-31": "10.63200", "2019-09-30": "-0.96000", "2019-06-30": "19.25300", "2019-03-31": "24.42500", "2018-12-31": "19.05800", "2018-09-30": "3.18700", "2018-06-30": "8.49200", "2018-03-31": "13.97900", "2017-12-31": "4.69900", "2017-09-30": "27.59400", "2017-06-30": "29.03900", "2017-03-31": "30.09400", "2016-12-31": "36.49600", "2016-09-30": "35.68600", "2016-06-30": "35.71400", "2016-03-31": "37.73900", "2015-12-31": "32.05500", "2015-09-30": "25.94600", "2015-06-30": "35.31800", "2015-03-31": "41.89900", "2014-12-31": "36.75000", "2014-09-30": "26.42400", "2014-06-30": "35.79000", "2014-03-31": "46.86400", "2013-12-31": "36.54600", "2013-09-30": "20.91800", "2013-06-30": "37.42600", "2013-03-31": "31.17700", "2012-12-31": "29.23600", "2012-09-30": "33.28000", "2012-06-30": "25.52900", "2012-03-31": "29.55700", "2011-12-31": "28.07300", "2011-09-30": "25.86200", "2011-06-30": "28.30000", "2011-03-31": "24.05600", "2010-12-31": "21.47500", "2010-09-30": "20.60300", "2010-06-30": "21.31500", "2010-03-31": "27.75900", "2009-12-31": "24.48900", "2009-09-30": "20.14800", "2009-06-30": "22.02500", "2009-03-31": "24.65700", "2008-12-31": "19.54000", "2008-09-30": "23.55800", "2008-06-30": "21.85500", "2008-03-31": "24.44400", "2007-12-31": "22.06200", "2007-09-30": "18.69200", "2007-06-30": "13.98500", "2007-03-31": "12.49900", "2006-12-31": "10.70700", "2006-09-30": "11.26400", "2006-06-30": "9.84200", "2006-03-31": "9.25500", "2005-12-31": "-3.20700", "2005-09-30": "-255.48900", "2005-06-30": "0.57300", "2005-03-31": "0.52900"}, "Income After Taxes": {"2020-09-30": "159.18200", "2020-06-30": "162.40800", "2020-03-31": "123.76800", "2019-12-31": "118.80800", "2019-09-30": "139.27800", "2019-06-30": "113.91500", "2019-03-31": "107.13000", "2018-12-31": "94.01500", "2018-09-30": "107.58300", "2018-06-30": "43.06100", "2018-03-31": "53.71400", "2017-12-31": "27.52000", "2017-09-30": "63.91100", "2017-06-30": "56.75200", "2017-03-31": "74.58300", "2016-12-31": "96.23400", "2016-09-30": "76.00000", "2016-06-30": "73.63500", "2016-03-31": "74.85800", "2015-12-31": "88.42000", "2015-09-30": "88.04000", "2015-06-30": "67.20000", "2015-03-31": "77.74600", "2014-12-31": "97.10700", "2014-09-30": "91.15500", "2014-06-30": "72.88600", "2014-03-31": "72.80000", "2013-12-31": "80.34900", "2013-09-30": "79.75600", "2013-06-30": "61.89500", "2013-03-31": "71.48700", "2012-12-31": "68.29200", "2012-09-30": "48.23100", "2012-06-30": "44.23900", "2012-03-31": "43.22700", "2011-12-31": "60.08100", "2011-09-30": "42.28500", "2011-06-30": "47.92100", "2011-03-31": "50.61700", "2010-12-31": "52.51000", "2010-09-30": "39.70900", "2010-06-30": "38.12300", "2010-03-31": "40.87800", "2009-12-31": "40.08000", "2009-09-30": "32.74500", "2009-06-30": "36.00700", "2009-03-31": "37.08100", "2008-12-31": "40.53300", "2008-09-30": "33.36000", "2008-06-30": "34.33400", "2008-03-31": "36.91100", "2007-12-31": "35.87800", "2007-09-30": "24.26400", "2007-06-30": "21.64600", "2007-03-31": "19.17900", "2006-12-31": "20.62300", "2006-09-30": "14.01900", "2006-06-30": "11.26400", "2006-03-31": "11.49500", "2005-12-31": "25.75900", "2005-09-30": "272.26000", "2005-06-30": "15.90000", "2005-03-31": "14.07900"}, "Other Income": {"2020-09-30": "", "2020-06-30": "", "2020-03-31": "", "2019-12-31": "", "2019-09-30": "", "2019-06-30": "", "2019-03-31": "", "2018-12-31": "", "2018-09-30": "", "2018-06-30": "", "2018-03-31": "", "2017-12-31": "", "2017-09-30": "", "2017-06-30": "", "2017-03-31": "", "2016-12-31": "", "2016-09-30": "", "2016-06-30": "", "2016-03-31": "", "2015-12-31": "", "2015-09-30": "", "2015-06-30": "", "2015-03-31": "", "2014-12-31": "", "2014-09-30": "", "2014-06-30": "", "2014-03-31": "", "2013-12-31": "", "2013-09-30": "", "2013-06-30": "", "2013-03-31": "", "2012-12-31": "", "2012-09-30": "", "2012-06-30": "", "2012-03-31": "", "2011-12-31": "", "2011-09-30": "", "2011-06-30": "", "2011-03-31": "", "2010-12-31": "", "2010-09-30": "", "2010-06-30": "", "2010-03-31": "", "2009-12-31": "", "2009-09-30": "", "2009-06-30": "", "2009-03-31": "", "2008-12-31": "", "2008-09-30": "", "2008-06-30": "", "2008-03-31": "", "2007-12-31": "", "2007-09-30": "", "2007-06-30": "", "2007-03-31": "", "2006-12-31": "", "2006-09-30": "", "2006-06-30": "", "2006-03-31": "", "2005-12-31": "", "2005-09-30": "", "2005-06-30": "", "2005-03-31": ""}, "Income From Continuous Operations": {"2020-09-30": "158.62300", "2020-06-30": "161.91500", "2020-03-31": "123.14600", "2019-12-31": "119.10000", "2019-09-30": "137.89000", "2019-06-30": "113.91500", "2019-03-31": "107.13000", "2018-12-31": "94.01500", "2018-09-30": "107.58300", "2018-06-30": "43.06100", "2018-03-31": "53.71400", "2017-12-31": "27.52000", "2017-09-30": "63.91100", "2017-06-30": "56.75200", "2017-03-31": "74.58300", "2016-12-31": "96.23400", "2016-09-30": "76.00000", "2016-06-30": "73.63500", "2016-03-31": "74.85800", "2015-12-31": "88.42000", "2015-09-30": "88.04000", "2015-06-30": "67.20000", "2015-03-31": "77.74600", "2014-12-31": "97.10700", "2014-09-30": "91.15500", "2014-06-30": "72.88600", "2014-03-31": "72.80000", "2013-12-31": "80.34900", "2013-09-30": "79.75600", "2013-06-30": "61.89500", "2013-03-31": "71.48700", "2012-12-31": "68.29200", "2012-09-30": "48.23100", "2012-06-30": "44.23900", "2012-03-31": "43.22700", "2011-12-31": "60.08100", "2011-09-30": "42.28500", "2011-06-30": "47.92100", "2011-03-31": "50.61700", "2010-12-31": "52.51000", "2010-09-30": "39.70900", "2010-06-30": "38.12300", "2010-03-31": "40.87800", "2009-12-31": "40.08000", "2009-09-30": "32.74500", "2009-06-30": "36.00700", "2009-03-31": "37.08100", "2008-12-31": "40.53300", "2008-09-30": "33.36000", "2008-06-30": "34.33400", "2008-03-31": "36.91100", "2007-12-31": "35.87800", "2007-09-30": "24.26400", "2007-06-30": "21.64600", "2007-03-31": "19.17900", "2006-12-31": "20.62300", "2006-09-30": "14.01900", "2006-06-30": "11.26400", "2006-03-31": "11.49500", "2005-12-31": "25.75900", "2005-09-30": "272.26000", "2005-06-30": "15.90000", "2005-03-31": "14.07900"}, "Income From Discontinued Operations": {"2020-09-30": "", "2020-06-30": "", "2020-03-31": "", "2019-12-31": "", "2019-09-30": "", "2019-06-30": "", "2019-03-31": "", "2018-12-31": "", "2018-09-30": "", "2018-06-30": "", "2018-03-31": "", "2017-12-31": "", "2017-09-30": "", "2017-06-30": "", "2017-03-31": "", "2016-12-31": "", "2016-09-30": "", "2016-06-30": "", "2016-03-31": "", "2015-12-31": "", "2015-09-30": "", "2015-06-30": "", "2015-03-31": "", "2014-12-31": "", "2014-09-30": "", "2014-06-30": "", "2014-03-31": "", "2013-12-31": "", "2013-09-30": "", "2013-06-30": "", "2013-03-31": "", "2012-12-31": "", "2012-09-30": "", "2012-06-30": "", "2012-03-31": "", "2011-12-31": "", "2011-09-30": "", "2011-06-30": "", "2011-03-31": "", "2010-12-31": "", "2010-09-30": "", "2010-06-30": "", "2010-03-31": "", "2009-12-31": "", "2009-09-30": "", "2009-06-30": "", "2009-03-31": "", "2008-12-31": "", "2008-09-30": "", "2008-06-30": "", "2008-03-31": "", "2007-12-31": "", "2007-09-30": "", "2007-06-30": "", "2007-03-31": "", "2006-12-31": "", "2006-09-30": "", "2006-06-30": "", "2006-03-31": "", "2005-12-31": "", "2005-09-30": "", "2005-06-30": "", "2005-03-31": ""}, "Net Income": {"2020-09-30": "158.62300", "2020-06-30": "161.91500", "2020-03-31": "123.14600", "2019-12-31": "119.10000", "2019-09-30": "137.89000", "2019-06-30": "113.91500", "2019-03-31": "107.13000", "2018-12-31": "94.01500", "2018-09-30": "107.58300", "2018-06-30": "43.06100", "2018-03-31": "53.71400", "2017-12-31": "27.52000", "2017-09-30": "63.91100", "2017-06-30": "56.75200", "2017-03-31": "74.58300", "2016-12-31": "96.23400", "2016-09-30": "76.00000", "2016-06-30": "73.63500", "2016-03-31": "74.85800", "2015-12-31": "88.42000", "2015-09-30": "88.04000", "2015-06-30": "67.20000", "2015-03-31": "77.74600", "2014-12-31": "97.10700", "2014-09-30": "91.15500", "2014-06-30": "72.88600", "2014-03-31": "72.80000", "2013-12-31": "80.34900", "2013-09-30": "79.75600", "2013-06-30": "61.89500", "2013-03-31": "71.48700", "2012-12-31": "68.29200", "2012-09-30": "48.23100", "2012-06-30": "44.23900", "2012-03-31": "43.22700", "2011-12-31": "60.08100", "2011-09-30": "42.28500", "2011-06-30": "47.92100", "2011-03-31": "50.61700", "2010-12-31": "52.51000", "2010-09-30": "39.70900", "2010-06-30": "38.12300", "2010-03-31": "40.87800", "2009-12-31": "40.08000", "2009-09-30": "32.74500", "2009-06-30": "36.00700", "2009-03-31": "37.08100", "2008-12-31": "40.53300", "2008-09-30": "33.36000", "2008-06-30": "34.33400", "2008-03-31": "36.91100", "2007-12-31": "35.87800", "2007-09-30": "24.26400", "2007-06-30": "21.64600", "2007-03-31": "19.17900", "2006-12-31": "20.62300", "2006-09-30": "14.01900", "2006-06-30": "11.26400", "2006-03-31": "11.49500", "2005-12-31": "25.75900", "2005-09-30": "272.26000", "2005-06-30": "15.90000", "2005-03-31": "14.07900"}, "EBITDA": {"2020-09-30": "315.79800", "2020-06-30": "321.68600", "2020-03-31": "284.17100", "2019-12-31": "266.21820", "2019-09-30": "265.02600", "2019-06-30": "249.85700", "2019-03-31": "254.34800", "2018-12-31": "250.69630", "2018-09-30": "238.45500", "2018-06-30": "172.32400", "2018-03-31": "177.50200", "2017-12-31": "136.35500", "2017-09-30": "193.17700", "2017-06-30": "179.44490", "2017-03-31": "196.46410", "2016-12-31": "219.13410", "2016-09-30": "200.94200", "2016-06-30": "199.93300", "2016-03-31": "199.44100", "2015-12-31": "207.64990", "2015-09-30": "195.10500", "2015-06-30": "184.92610", "2015-03-31": "196.55700", "2014-12-31": "208.36890", "2014-09-30": "192.13600", "2014-06-30": "175.57900", "2014-03-31": "176.30400", "2013-12-31": "165.73190", "2013-09-30": "147.47500", "2013-06-30": "141.62900", "2013-03-31": "143.56300", "2012-12-31": "150.69790", "2012-09-30": "133.61600", "2012-06-30": "117.12300", "2012-03-31": "117.21300", "2011-12-31": "122.98610", "2011-09-30": "107.09400", "2011-06-30": "114.56500", "2011-03-31": "113.88200", "2010-12-31": "111.52500", "2010-09-30": "95.58400", "2010-06-30": "91.69700", "2010-03-31": "99.22000", "2009-12-31": "95.00500", "2009-09-30": "82.52000", "2009-06-30": "84.28200", "2009-03-31": "85.00700", "2008-12-31": "82.50210", "2008-09-30": "76.54900", "2008-06-30": "75.93600", "2008-03-31": "76.19700", "2007-12-31": "71.48200", "2007-09-30": "55.22300", "2007-06-30": "48.74800", "2007-03-31": "42.21000", "2006-12-31": "38.41600", "2006-09-30": "32.49300", "2006-06-30": "27.07100", "2006-03-31": "26.55200", "2005-12-31": "29.22800", "2005-09-30": "26.59000", "2005-06-30": "22.24000", "2005-03-31": "20.48700"}, "EBIT": {"2020-09-30": "181.15800", "2020-06-30": "190.42900", "2020-03-31": "152.33000", "2019-12-31": "135.32200", "2019-09-30": "143.28900", "2019-06-30": "135.78200", "2019-03-31": "134.52500", "2018-12-31": "120.28830", "2018-09-30": "116.53700", "2018-06-30": "57.11700", "2018-03-31": "68.55700", "2017-12-31": "32.10910", "2017-09-30": "91.25300", "2017-06-30": "85.59300", "2017-03-31": "105.33400", "2016-12-31": "130.44600", "2016-09-30": "111.76500", "2016-06-30": "110.18000", "2016-03-31": "114.11900", "2015-12-31": "122.67990", "2015-09-30": "115.68910", "2015-06-30": "106.26000", "2015-03-31": "121.52100", "2014-12-31": "136.08200", "2014-09-30": "120.23900", "2014-06-30": "112.35100", "2014-03-31": "120.84700", "2013-12-31": "115.75590", "2013-09-30": "99.52100", "2013-06-30": "97.50300", "2013-03-31": "101.18800", "2012-12-31": "95.73800", "2012-09-30": "80.15900", "2012-06-30": "67.01100", "2012-03-31": "71.57900", "2011-12-31": "79.33600", "2011-09-30": "65.33300", "2011-06-30": "73.23200", "2011-03-31": "72.74800", "2010-12-31": "72.34600", "2010-09-30": "59.04200", "2010-06-30": "56.83900", "2010-03-31": "66.05000", "2009-12-31": "62.22200", "2009-09-30": "50.74500", "2009-06-30": "54.39400", "2009-03-31": "56.11900", "2008-12-31": "54.84000", "2008-09-30": "51.76900", "2008-06-30": "52.31500", "2008-03-31": "53.34000", "2007-12-31": "51.04600", "2007-09-30": "35.77100", "2007-06-30": "30.96000", "2007-03-31": "27.15100", "2006-12-31": "26.40300", "2006-09-30": "21.76100", "2006-06-30": "17.29300", "2006-03-31": "17.64900", "2005-12-31": "21.06400", "2005-09-30": "18.79800", "2005-06-30": "17.16600", "2005-03-31": "16.34700"}, "Basic Shares Outstanding": {"2020-09-30": "162.75700", "2020-06-30": "162.41300", "2020-03-31": "161.99200", "2019-12-31": "162.70600", "2019-09-30": "162.44500", "2019-06-30": "163.40700", "2019-03-31": "163.23600", "2018-12-31": "167.31200", "2018-09-30": "165.92400", "2018-06-30": "170.25000", "2018-03-31": "170.11600", "2017-12-31": "171.55900", "2017-09-30": "170.97600", "2017-06-30": "172.67400", "2017-03-31": "173.15800", "2016-12-31": "174.91700", "2016-09-30": "174.42900", "2016-06-30": "175.49900", "2016-03-31": "176.40300", "2015-12-31": "178.39100", "2015-09-30": "178.54700", "2015-06-30": "178.68200", "2015-03-31": "178.54500", "2014-12-31": "178.27900", "2014-09-30": "178.18600", "2014-06-30": "178.08100", "2014-03-31": "178.70500", "2013-12-31": "178.19600", "2013-09-30": "178.23500", "2013-06-30": "177.89100", "2013-03-31": "177.89900", "2012-12-31": "177.90000", "2012-09-30": "177.45500", "2012-06-30": "178.54700", "2012-03-31": "178.12000", "2011-12-31": "183.86600", "2011-09-30": "183.08500", "2011-06-30": "186.61200", "2011-03-31": "186.84900", "2010-12-31": "177.30900", "2010-09-30": "181.45700", "2010-06-30": "173.31700", "2010-03-31": "171.10100", "2009-12-31": "171.42500", "2009-09-30": "171.68600", "2009-06-30": "172.56100", "2009-03-31": "170.51900", "2008-12-31": "167.67300", "2008-09-30": "168.47400", "2008-06-30": "167.41700", "2008-03-31": "165.95900", "2007-12-31": "162.95900", "2007-09-30": "165.47400", "2007-06-30": "164.79800", "2007-03-31": "161.56900", "2006-12-31": "155.36600", "2006-09-30": "155.73900", "2006-06-30": "154.70200", "2006-03-31": "153.81900", "2005-12-31": "136.16700", "2005-09-30": "139.20400", "2005-06-30": "130.11900", "2005-03-31": "127.05100"}, "Shares Outstanding": {"2020-09-30": "166.51900", "2020-06-30": "164.76800", "2020-03-31": "163.68400", "2019-12-31": "164.57300", "2019-09-30": "164.55800", "2019-06-30": "165.01900", "2019-03-31": "164.78700", "2018-12-31": "169.18800", "2018-09-30": "167.90000", "2018-06-30": "172.30700", "2018-03-31": "172.00400", "2017-12-31": "172.71100", "2017-09-30": "171.50500", "2017-06-30": "173.43900", "2017-03-31": "175.17100", "2016-12-31": "176.21500", "2016-09-30": "175.61700", "2016-06-30": "176.42000", "2016-03-31": "177.53900", "2015-12-31": "180.41500", "2015-09-30": "180.36400", "2015-06-30": "180.73800", "2015-03-31": "180.82500", "2014-12-31": "181.18600", "2014-09-30": "180.95500", "2014-06-30": "180.84100", "2014-03-31": "182.03800", "2013-12-31": "181.78300", "2013-09-30": "181.92200", "2013-06-30": "181.38800", "2013-03-31": "181.56200", "2012-12-31": "181.74900", "2012-09-30": "181.05300", "2012-06-30": "181.81700", "2012-03-31": "182.34200", "2011-12-31": "187.55600", "2011-09-30": "185.70400", "2011-06-30": "190.17900", "2011-03-31": "191.38300", "2010-12-31": "190.65000", "2010-09-30": "191.27100", "2010-06-30": "190.47900", "2010-03-31": "189.01300", "2009-12-31": "188.65800", "2009-09-30": "188.27300", "2009-06-30": "189.55600", "2009-03-31": "188.18300", "2008-12-31": "186.68500", "2008-09-30": "187.76900", "2008-06-30": "187.64100", "2008-03-31": "185.74400", "2007-12-31": "185.09400", "2007-09-30": "185.10600", "2007-06-30": "185.60100", "2007-03-31": "183.15700", "2006-12-31": "176.76700", "2006-09-30": "177.06300", "2006-06-30": "175.61200", "2006-03-31": "173.81100", "2005-12-31": "156.94400", "2005-09-30": "160.36200", "2005-06-30": "149.98600", "2005-03-31": "147.28200"}, "Basic EPS": {"2020-09-30": "0.97000", "2020-06-30": "1.00000", "2020-03-31": "0.76000", "2019-12-31": "0.73000", "2019-09-30": "0.85000", "2019-06-30": "0.70000", "2019-03-31": "0.66000", "2018-12-31": "0.56000", "2018-09-30": "0.65000", "2018-06-30": "0.25000", "2018-03-31": "0.32000", "2017-12-31": "0.17000", "2017-09-30": "0.37000", "2017-06-30": "0.33000", "2017-03-31": "0.43000", "2016-12-31": "0.55000", "2016-09-30": "0.44000", "2016-06-30": "0.42000", "2016-03-31": "0.42000", "2015-12-31": "0.49000", "2015-09-30": "0.49000", "2015-06-30": "0.38000", "2015-03-31": "0.44000", "2014-12-31": "0.54000", "2014-09-30": "0.51000", "2014-06-30": "0.41000", "2014-03-31": "0.41000", "2013-12-31": "0.45000", "2013-09-30": "0.45000", "2013-06-30": "0.35000", "2013-03-31": "0.40000", "2012-12-31": "0.39000", "2012-09-30": "0.27000", "2012-06-30": "0.25000", "2012-03-31": "0.24000", "2011-12-31": "0.33000", "2011-09-30": "0.23000", "2011-06-30": "0.26000", "2011-03-31": "0.27000", "2010-12-31": "0.29000", "2010-09-30": "0.22000", "2010-06-30": "0.22000", "2010-03-31": "0.24000", "2009-12-31": "0.23000", "2009-09-30": "0.19000", "2009-06-30": "0.21000", "2009-03-31": "0.22000", "2008-12-31": "0.24000", "2008-09-30": "0.20000", "2008-06-30": "0.21000", "2008-03-31": "0.22000", "2007-12-31": "0.22000", "2007-09-30": "0.15000", "2007-06-30": "0.13000", "2007-03-31": "0.12000", "2006-12-31": "0.14000", "2006-09-30": "0.09000", "2006-06-30": "0.07000", "2006-03-31": "0.07000", "2005-12-31": "0.22000", "2005-09-30": "1.96000", "2005-06-30": "0.12000", "2005-03-31": "0.11000"}, "EPS - Earnings Per Share": {"2020-09-30": "0.95000", "2020-06-30": "0.98000", "2020-03-31": "0.75000", "2019-12-31": "0.72000", "2019-09-30": "0.84000", "2019-06-30": "0.69000", "2019-03-31": "0.65000", "2018-12-31": "0.56000", "2018-09-30": "0.64000", "2018-06-30": "0.25000", "2018-03-31": "0.31000", "2017-12-31": "0.16000", "2017-09-30": "0.37000", "2017-06-30": "0.33000", "2017-03-31": "0.43000", "2016-12-31": "0.55000", "2016-09-30": "0.43000", "2016-06-30": "0.42000", "2016-03-31": "0.42000", "2015-12-31": "0.49000", "2015-09-30": "0.49000", "2015-06-30": "0.37000", "2015-03-31": "0.43000", "2014-12-31": "0.54000", "2014-09-30": "0.50000", "2014-06-30": "0.40000", "2014-03-31": "0.40000", "2013-12-31": "0.44000", "2013-09-30": "0.44000", "2013-06-30": "0.34000", "2013-03-31": "0.39000", "2012-12-31": "0.37000", "2012-09-30": "0.27000", "2012-06-30": "0.24000", "2012-03-31": "0.24000", "2011-12-31": "0.33000", "2011-09-30": "0.23000", "2011-06-30": "0.25000", "2011-03-31": "0.26000", "2010-12-31": "0.27000", "2010-09-30": "0.21000", "2010-06-30": "0.20000", "2010-03-31": "0.22000", "2009-12-31": "0.21000", "2009-09-30": "0.18000", "2009-06-30": "0.19000", "2009-03-31": "0.20000", "2008-12-31": "0.22000", "2008-09-30": "0.18000", "2008-06-30": "0.19000", "2008-03-31": "0.20000", "2007-12-31": "0.20000", "2007-09-30": "0.13000", "2007-06-30": "0.12000", "2007-03-31": "0.11000", "2006-12-31": "0.12000", "2006-09-30": "0.08000", "2006-06-30": "0.07000", "2006-03-31": "0.07000", "2005-12-31": "0.19000", "2005-09-30": "1.71000", "2005-06-30": "0.11000", "2005-03-31": "0.10000"}}, "balance sheet": {"Cash On Hand": {"2019-12-31": "1536.99400", "2018-12-31": "1892.10500", "2017-12-31": "711.93600", "2016-12-31": "837.01800", "2015-12-31": "749.56100", "2014-12-31": "758.29200", "2013-12-31": "673.89600", "2012-12-31": "437.58100", "2011-12-31": "849.22600", "2010-12-31": "606.87100", "2009-12-31": "566.74100", "2008-12-31": "330.63100", "2007-12-31": "546.16900", "2006-12-31": "269.84100", "2005-12-31": "292.40800"}, "Receivables": {"2019-12-31": "551.94300", "2018-12-31": "479.88900", "2017-12-31": "461.45700", "2016-12-31": "368.59600", "2015-12-31": "380.39900", "2014-12-31": "329.57800", "2013-12-31": "271.98800", "2012-12-31": "218.77700", "2011-12-31": "210.93600", "2010-12-31": "175.36600", "2009-12-31": "154.26900", "2008-12-31": "139.61200", "2007-12-31": "118.94400", "2006-12-31": "86.23200", "2005-12-31": "52.16200"}, "Inventory": {"2019-12-31": "", "2018-12-31": "", "2017-12-31": "", "2016-12-31": "", "2015-12-31": "", "2014-12-31": "", "2013-12-31": "", "2012-12-31": "", "2011-12-31": "", "2010-12-31": "", "2009-12-31": "", "2008-12-31": "", "2007-12-31": "", "2006-12-31": "", "2005-12-31": ""}, "Pre-Paid Expenses": {"2019-12-31": "142.67600", "2018-12-31": "163.36000", "2017-12-31": "172.85300", "2016-12-31": "104.30300", "2015-12-31": "123.22800", "2014-12-31": "128.98100", "2013-12-31": "62.09600", "2012-12-31": "51.60400", "2011-12-31": "55.41400", "2010-12-31": "48.02900", "2009-12-31": "31.64900", "2008-12-31": "27.12400", "2007-12-31": "23.78200", "2006-12-31": "13.25200", "2005-12-31": "6.46200"}, "Other Current Assets": {"2019-12-31": "", "2018-12-31": "", "2017-12-31": "", "2016-12-31": "", "2015-12-31": "", "2014-12-31": "", "2013-12-31": "", "2012-12-31": "", "2011-12-31": "", "2010-12-31": "", "2009-12-31": "", "2008-12-31": "", "2007-12-31": "", "2006-12-31": "", "2005-12-31": ""}, "Total Current Assets": {"2019-12-31": "2231.61300", "2018-12-31": "2535.35400", "2017-12-31": "1346.24600", "2016-12-31": "1309.91700", "2015-12-31": "1253.18800", "2014-12-31": "1262.55500", "2013-12-31": "1029.71400", "2012-12-31": "728.38400", "2011-12-31": "1122.02000", "2010-12-31": "858.46700", "2009-12-31": "761.17300", "2008-12-31": "501.90900", "2007-12-31": "695.04200", "2006-12-31": "374.67300", "2005-12-31": "354.99800"}, "Property, Plant, And Equipment": {"2019-12-31": "1152.15300", "2018-12-31": "910.61800", "2017-12-31": "862.53500", "2016-12-31": "801.01700", "2015-12-31": "753.18000", "2014-12-31": "601.59100", "2013-12-31": "450.28700", "2012-12-31": "345.09100", "2011-12-31": "293.04300", "2010-12-31": "255.92900", "2009-12-31": "182.40400", "2008-12-31": "174.48300", "2007-12-31": "134.54600", "2006-12-31": "86.62300", "2005-12-31": "44.88500"}, "Long-Term Investments": {"2019-12-31": "835.38400", "2018-12-31": "209.06600", "2017-12-31": "567.59200", "2016-12-31": "779.31100", "2015-12-31": "774.67400", "2014-12-31": "869.99200", "2013-12-31": "573.02600", "2012-12-31": "657.65900", "2011-12-31": "380.72900", "2010-12-31": "636.53100", "2009-12-31": "494.74300", "2008-12-31": "440.99600", "2007-12-31": "87.33900", "2006-12-31": "164.61300", "2005-12-31": "21.72100"}, "Goodwill And Intangible Assets": {"2019-12-31": "1779.69600", "2018-12-31": "1655.75200", "2017-12-31": "1699.94700", "2016-12-31": "1377.96600", "2015-12-31": "1306.33900", "2014-12-31": "1183.70600", "2013-12-31": "834.79700", "2012-12-31": "808.25500", "2011-12-31": "498.30000", "2010-12-31": "515.37000", "2009-12-31": "517.62000", "2008-12-31": "534.25300", "2007-12-31": "449.13700", "2006-12-31": "298.26300", "2005-12-31": "136.78600"}, "Other Long-Term Assets": {"2019-12-31": "173.06200", "2018-12-31": "116.06700", "2017-12-31": "136.36500", "2016-12-31": "95.95300", "2015-12-31": "89.60300", "2014-12-31": "81.74700", "2013-12-31": "67.53600", "2012-12-31": "39.81100", "2011-12-31": "7.92400", "2010-12-31": "11.15300", "2009-12-31": "4.41600", "2008-12-31": "5.59200", "2007-12-31": "4.52000", "2006-12-31": "4.25600", "2005-12-31": "4.80100"}, "Total Long-Term Assets": {"2019-12-31": "4775.27300", "2018-12-31": "2926.41600", "2017-12-31": "3302.67000", "2016-12-31": "3063.22900", "2015-12-31": "2928.49600", "2014-12-31": "2738.99100", "2013-12-31": "1927.97100", "2012-12-31": "1872.24300", "2011-12-31": "1223.48100", "2010-12-31": "1494.20900", "2009-12-31": "1326.33700", "2008-12-31": "1379.04200", "2007-12-31": "961.00500", "2006-12-31": "873.25900", "2005-12-31": "536.50100"}, "Total Assets": {"2019-12-31": "7006.88600", "2018-12-31": "5461.77000", "2017-12-31": "4648.91600", "2016-12-31": "4373.14600", "2015-12-31": "4181.68400", "2014-12-31": "4001.54600", "2013-12-31": "2957.68500", "2012-12-31": "2600.62700", "2011-12-31": "2345.50100", "2010-12-31": "2352.67600", "2009-12-31": "2087.51000", "2008-12-31": "1880.95100", "2007-12-31": "1656.04700", "2006-12-31": "1247.93200", "2005-12-31": "891.49900"}, "Total Current Liabilities": {"2019-12-31": "693.33600", "2018-12-31": "1210.70900", "2017-12-31": "456.69400", "2016-12-31": "374.58800", "2015-12-31": "332.44000", "2014-12-31": "334.01100", "2013-12-31": "263.16600", "2012-12-31": "202.94400", "2011-12-31": "148.39200", "2010-12-31": "145.15100", "2009-12-31": "327.29300", "2008-12-31": "100.45600", "2007-12-31": "88.37500", "2006-12-31": "89.26400", "2005-12-31": "61.87600"}, "Long Term Debt": {"2019-12-31": "1839.79100", "2018-12-31": "874.08000", "2017-12-31": "662.91300", "2016-12-31": "640.08700", "2015-12-31": "618.04700", "2014-12-31": "604.85100", "2013-12-31": "", "2012-12-31": "", "2011-12-31": "", "2010-12-31": "", "2009-12-31": "", "2008-12-31": "199.85500", "2007-12-31": "199.85500", "2006-12-31": "200.00000", "2005-12-31": "200.00000"}, "Other Non-Current Liabilities": {"2019-12-31": "90.06500", "2018-12-31": "160.94000", "2017-12-31": "142.95500", "2016-12-31": "118.69100", "2015-12-31": "93.26800", "2014-12-31": "74.22100", "2013-12-31": "57.15200", "2012-12-31": "49.36400", "2011-12-31": "38.38900", "2010-12-31": "26.27800", "2009-12-31": "18.81800", "2008-12-31": "10.61900", "2007-12-31": "7.81200", "2006-12-31": "3.18100", "2005-12-31": "5.40900"}, "Total Long Term Liabilities": {"2019-12-31": "2655.59200", "2018-12-31": "1059.20100", "2017-12-31": "829.75310", "2016-12-31": "774.18790", "2015-12-31": "728.36600", "2014-12-31": "722.20000", "2013-12-31": "65.08800", "2012-12-31": "51.92900", "2011-12-31": "40.85900", "2010-12-31": "29.92000", "2009-12-31": "21.49500", "2008-12-31": "211.72500", "2007-12-31": "209.12000", "2006-12-31": "203.97500", "2005-12-31": "205.40900"}, "Total Liabilities": {"2019-12-31": "3348.92800", "2018-12-31": "2269.91000", "2017-12-31": "1286.44700", "2016-12-31": "1148.77600", "2015-12-31": "1060.80600", "2014-12-31": "1056.21100", "2013-12-31": "328.25400", "2012-12-31": "254.87300", "2011-12-31": "189.25100", "2010-12-31": "175.07100", "2009-12-31": "348.78800", "2008-12-31": "312.18100", "2007-12-31": "297.49500", "2006-12-31": "293.23900", "2005-12-31": "267.28500"}, "Common Stock Net": {"2019-12-31": "1.62000", "2018-12-31": "1.62900", "2017-12-31": "1.69900", "2016-12-31": "1.73300", "2015-12-31": "1.77200", "2014-12-31": "1.78300", "2013-12-31": "1.80800", "2012-12-31": "2.01500", "2011-12-31": "1.95900", "2010-12-31": "1.92400", "2009-12-31": "1.74600", "2008-12-31": "1.69400", "2007-12-31": "1.66200", "2006-12-31": "1.60300", "2005-12-31": "1.52900"}, "Retained Earnings (Accumulated Deficit)": {"2019-12-31": "47.99600", "2018-12-31": "-430.89000", "2017-12-31": "-690.66200", "2016-12-31": "-960.72900", "2015-12-31": "-1276.86100", "2014-12-31": "-1598.26700", "2013-12-31": "-1932.21500", "2012-12-31": "-2225.70200", "2011-12-31": "-2429.69100", "2010-12-31": "-2630.59500", "2009-12-31": "-2801.81500", "2008-12-31": "-2947.72800", "2007-12-31": "-3092.86600", "2006-12-31": "-3193.83300", "2005-12-31": "-3251.23400"}, "Comprehensive Income": {"2019-12-31": "-45.14400", "2018-12-31": "-48.91200", "2017-12-31": "-21.93000", "2016-12-31": "-56.22200", "2015-12-31": "-41.45300", "2014-12-31": "-17.61100", "2013-12-31": "-2.09100", "2012-12-31": "-1.64000", "2011-12-31": "-1.25900", "2010-12-31": "-5.74100", "2009-12-31": "-10.68200", "2008-12-31": "-24.35000", "2007-12-31": "3.05300", "2006-12-31": "1.29600", "2005-12-31": "0.47100"}, "Other Share Holders Equity": {"2019-12-31": "", "2018-12-31": "", "2017-12-31": "", "2016-12-31": "", "2015-12-31": "", "2014-12-31": "", "2013-12-31": "", "2012-12-31": "", "2011-12-31": "", "2010-12-31": "", "2009-12-31": "", "2008-12-31": "", "2007-12-31": "", "2006-12-31": "", "2005-12-31": ""}, "Share Holder Equity": {"2019-12-31": "3657.95800", "2018-12-31": "3191.86000", "2017-12-31": "3362.46900", "2016-12-31": "3224.37000", "2015-12-31": "3120.87800", "2014-12-31": "2945.33500", "2013-12-31": "2629.43100", "2012-12-31": "2345.75400", "2011-12-31": "2156.25000", "2010-12-31": "2177.60500", "2009-12-31": "1738.72200", "2008-12-31": "1568.77000", "2007-12-31": "1358.55200", "2006-12-31": "954.69300", "2005-12-31": "624.21400"}, "Total Liabilities And Share Holders Equity": {"2019-12-31": "7006.88600", "2018-12-31": "5461.77000", "2017-12-31": "4648.91600", "2016-12-31": "4373.14600", "2015-12-31": "4181.68400", "2014-12-31": "4001.54600", "2013-12-31": "2957.68500", "2012-12-31": "2600.62700", "2011-12-31": "2345.50100", "2010-12-31": "2352.67600", "2009-12-31": "2087.51000", "2008-12-31": "1880.95100", "2007-12-31": "1656.04700", "2006-12-31": "1247.93200", "2005-12-31": "891.49900"}}, "balance sheet, quarterly": {"Cash On Hand": {"2020-09-30": "1444.03600", "2020-06-30": "1372.60900", "2020-03-31": "1249.27100", "2019-12-31": "1536.99400", "2019-09-30": "1570.21100", "2019-06-30": "1042.49200", "2019-03-31": "1118.63000", "2018-12-31": "1892.10500", "2018-09-30": "1801.64000", "2018-06-30": "1856.97100", "2018-03-31": "811.55300", "2017-12-31": "711.93600", "2017-09-30": "752.00100", "2017-06-30": "683.12100", "2017-03-31": "845.06900", "2016-12-31": "837.01800", "2016-09-30": "911.21900", "2016-06-30": "868.70610", "2016-03-31": "837.87000", "2015-12-31": "749.56100", "2015-09-30": "667.85300", "2015-06-30": "643.50300", "2015-03-31": "713.28500", "2014-12-31": "758.29200", "2014-09-30": "710.91200", "2014-06-30": "756.77300", "2014-03-31": "698.13000", "2013-12-31": "673.89600", "2013-09-30": "566.31500", "2013-06-30": "530.94200", "2013-03-31": "513.22600", "2012-12-31": "437.58100", "2012-09-30": "465.22900", "2012-06-30": "496.56000", "2012-03-31": "404.54200", "2011-12-31": "849.22600", "2011-09-30": "687.56600", "2011-06-30": "497.27600", "2011-03-31": "563.56900", "2010-12-31": "606.87100", "2010-09-30": "607.59600", "2010-06-30": "504.18800", "2010-03-31": "605.12200", "2009-12-31": "566.74100", "2009-09-30": "582.07000", "2009-06-30": "620.02600", "2009-03-31": "454.00400", "2008-12-31": "330.63100", "2008-09-30": "301.41500", "2008-06-30": "291.69700", "2008-03-31": "322.26600", "2007-12-31": "546.16900", "2007-09-30": "436.86100", "2007-06-30": "356.48300", "2007-03-31": "342.19200", "2006-12-31": "269.84100", "2006-09-30": "277.70700", "2006-06-30": "259.26100", "2006-03-31": "284.94500", "2005-12-31": "292.40800", "2005-09-30": "67.04600", "2005-06-30": "103.89300", "2005-03-31": "84.41500"}, "Receivables": {"2020-09-30": "630.40600", "2020-06-30": "644.65900", "2020-03-31": "613.80900", "2019-12-31": "551.94300", "2019-09-30": "516.65700", "2019-06-30": "523.38200", "2019-03-31": "529.34600", "2018-12-31": "479.88900", "2018-09-30": "466.36400", "2018-06-30": "479.86500", "2018-03-31": "484.61700", "2017-12-31": "461.45700", "2017-09-30": "400.83900", "2017-06-30": "395.86500", "2017-03-31": "400.79200", "2016-12-31": "368.59600", "2016-09-30": "357.99700", "2016-06-30": "364.40100", "2016-03-31": "365.10300", "2015-12-31": "380.39900", "2015-09-30": "365.95700", "2015-06-30": "342.93000", "2015-03-31": "356.62900", "2014-12-31": "329.57800", "2014-09-30": "326.74700", "2014-06-30": "325.38500", "2014-03-31": "301.95400", "2013-12-31": "271.98800", "2013-09-30": "256.45300", "2013-06-30": "237.28600", "2013-03-31": "232.32800", "2012-12-31": "218.77700", "2012-09-30": "236.23200", "2012-06-30": "206.31600", "2012-03-31": "215.85500", "2011-12-31": "210.93600", "2011-09-30": "182.66500", "2011-06-30": "178.26000", "2011-03-31": "169.65600", "2010-12-31": "175.36600", "2010-09-30": "158.11500", "2010-06-30": "164.57400", "2010-03-31": "148.69600", "2009-12-31": "154.26900", "2009-09-30": "152.13200", "2009-06-30": "144.53700", "2009-03-31": "149.28000", "2008-12-31": "139.61200", "2008-09-30": "126.93400", "2008-06-30": "125.76500", "2008-03-31": "122.70800", "2007-12-31": "118.94400", "2007-09-30": "108.20500", "2007-06-30": "99.15700", "2007-03-31": "86.87300", "2006-12-31": "86.23200", "2006-09-30": "67.37500", "2006-06-30": "63.96300", "2006-03-31": "55.79800", "2005-12-31": "52.16200", "2005-09-30": "43.93500", "2005-06-30": "40.36600", "2005-03-31": "34.28500"}, "Inventory": {"2020-09-30": "", "2020-06-30": "", "2020-03-31": "", "2019-12-31": "", "2019-09-30": "", "2019-06-30": "", "2019-03-31": "", "2018-12-31": "", "2018-09-30": "", "2018-06-30": "", "2018-03-31": "", "2017-12-31": "", "2017-09-30": "", "2017-06-30": "", "2017-03-31": "", "2016-12-31": "", "2016-09-30": "", "2016-06-30": "", "2016-03-31": "", "2015-12-31": "", "2015-09-30": "", "2015-06-30": "", "2015-03-31": "", "2014-12-31": "", "2014-09-30": "", "2014-06-30": "", "2014-03-31": "", "2013-12-31": "", "2013-09-30": "", "2013-06-30": "", "2013-03-31": "", "2012-12-31": "", "2012-09-30": "", "2012-06-30": "", "2012-03-31": "", "2011-12-31": "", "2011-09-30": "", "2011-06-30": "", "2011-03-31": "", "2010-12-31": "", "2010-09-30": "", "2010-06-30": "", "2010-03-31": "", "2009-12-31": "", "2009-09-30": "", "2009-06-30": "", "2009-03-31": "", "2008-12-31": "", "2008-09-30": "", "2008-06-30": "", "2008-03-31": "", "2007-12-31": "", "2007-09-30": "", "2007-06-30": "", "2007-03-31": "", "2006-12-31": "", "2006-09-30": "", "2006-06-30": "", "2006-03-31": "", "2005-12-31": "", "2005-09-30": "", "2005-06-30": "", "2005-03-31": ""}, "Pre-Paid Expenses": {"2020-09-30": "168.77900", "2020-06-30": "175.73100", "2020-03-31": "151.50400", "2019-12-31": "142.67600", "2019-09-30": "167.04000", "2019-06-30": "178.92000", "2019-03-31": "170.44200", "2018-12-31": "163.36000", "2018-09-30": "161.78500", "2018-06-30": "147.32400", "2018-03-31": "163.55600", "2017-12-31": "172.85300", "2017-09-30": "142.94300", "2017-06-30": "159.37100", "2017-03-31": "152.60000", "2016-12-31": "104.30300", "2016-09-30": "117.74800", "2016-06-30": "132.47700", "2016-03-31": "127.85500", "2015-12-31": "123.22800", "2015-09-30": "115.60100", "2015-06-30": "119.36500", "2015-03-31": "130.04100", "2014-12-31": "128.98100", "2014-09-30": "90.17300", "2014-06-30": "88.04700", "2014-03-31": "89.19800", "2013-12-31": "62.09600", "2013-09-30": "67.45200", "2013-06-30": "70.73400", "2013-03-31": "65.67700", "2012-12-31": "51.60400", "2012-09-30": "45.78400", "2012-06-30": "47.28500", "2012-03-31": "52.70000", "2011-12-31": "55.41400", "2011-09-30": "47.08500", "2011-06-30": "47.34800", "2011-03-31": "55.45500", "2010-12-31": "48.02900", "2010-09-30": "76.43900", "2010-06-30": "73.46000", "2010-03-31": "44.68900", "2009-12-31": "31.64900", "2009-09-30": "37.82800", "2009-06-30": "33.16100", "2009-03-31": "30.67000", "2008-12-31": "27.12400", "2008-09-30": "28.64400", "2008-06-30": "30.60800", "2008-03-31": "23.80600", "2007-12-31": "23.78200", "2007-09-30": "25.60400", "2007-06-30": "23.98600", "2007-03-31": "23.78000", "2006-12-31": "13.25200", "2006-09-30": "14.38600", "2006-06-30": "13.86500", "2006-03-31": "13.45000", "2005-12-31": "6.46200", "2005-09-30": "9.14800", "2005-06-30": "8.69700", "2005-03-31": "6.33700"}, "Other Current Assets": {"2020-09-30": "", "2020-06-30": "", "2020-03-31": "", "2019-12-31": "", "2019-09-30": "", "2019-06-30": "", "2019-03-31": "", "2018-12-31": "", "2018-09-30": "", "2018-06-30": "", "2018-03-31": "", "2017-12-31": "", "2017-09-30": "", "2017-06-30": "", "2017-03-31": "", "2016-12-31": "", "2016-09-30": "", "2016-06-30": "", "2016-03-31": "", "2015-12-31": "", "2015-09-30": "", "2015-06-30": "", "2015-03-31": "", "2014-12-31": "", "2014-09-30": "", "2014-06-30": "", "2014-03-31": "", "2013-12-31": "", "2013-09-30": "", "2013-06-30": "", "2013-03-31": "", "2012-12-31": "", "2012-09-30": "", "2012-06-30": "", "2012-03-31": "", "2011-12-31": "", "2011-09-30": "", "2011-06-30": "", "2011-03-31": "", "2010-12-31": "", "2010-09-30": "", "2010-06-30": "", "2010-03-31": "", "2009-12-31": "", "2009-09-30": "", "2009-06-30": "", "2009-03-31": "", "2008-12-31": "", "2008-09-30": "", "2008-06-30": "", "2008-03-31": "", "2007-12-31": "", "2007-09-30": "", "2007-06-30": "", "2007-03-31": "", "2006-12-31": "", "2006-09-30": "", "2006-06-30": "", "2006-03-31": "", "2005-12-31": "", "2005-09-30": "", "2005-06-30": "", "2005-03-31": ""}, "Total Current Assets": {"2020-09-30": "2243.22100", "2020-06-30": "2192.99900", "2020-03-31": "2014.58400", "2019-12-31": "2231.61300", "2019-09-30": "2253.90800", "2019-06-30": "1744.79400", "2019-03-31": "1818.41800", "2018-12-31": "2535.35400", "2018-09-30": "2429.78900", "2018-06-30": "2484.16000", "2018-03-31": "1459.72600", "2017-12-31": "1346.24600", "2017-09-30": "1295.78300", "2017-06-30": "1238.35700", "2017-03-31": "1398.46100", "2016-12-31": "1309.91700", "2016-09-30": "1386.96400", "2016-06-30": "1365.58400", "2016-03-31": "1330.82800", "2015-12-31": "1253.18800", "2015-09-30": "1210.98500", "2015-06-30": "1151.47600", "2015-03-31": "1241.57900", "2014-12-31": "1262.55500", "2014-09-30": "1152.67600", "2014-06-30": "1199.66700", "2014-03-31": "1127.30000", "2013-12-31": "1029.71400", "2013-09-30": "910.64200", "2013-06-30": "859.38400", "2013-03-31": "831.65300", "2012-12-31": "728.38400", "2012-09-30": "753.68900", "2012-06-30": "756.60500", "2012-03-31": "679.54100", "2011-12-31": "1122.02000", "2011-09-30": "924.47900", "2011-06-30": "750.95300", "2011-03-31": "816.81400", "2010-12-31": "858.46700", "2010-09-30": "855.80800", "2010-06-30": "778.16700", "2010-03-31": "854.42500", "2009-12-31": "761.17300", "2009-09-30": "776.57200", "2009-06-30": "802.26600", "2009-03-31": "638.49600", "2008-12-31": "501.90900", "2008-09-30": "463.14000", "2008-06-30": "454.21700", "2008-03-31": "474.92700", "2007-12-31": "695.04200", "2007-09-30": "570.67000", "2007-06-30": "479.62600", "2007-03-31": "452.84500", "2006-12-31": "374.67300", "2006-09-30": "359.46800", "2006-06-30": "337.08900", "2006-03-31": "354.19300", "2005-12-31": "354.99800", "2005-09-30": "120.12900", "2005-06-30": "152.95600", "2005-03-31": "125.03700"}, "Property, Plant, And Equipment": {"2020-09-30": "1383.48000", "2020-06-30": "1281.39200", "2020-03-31": "1180.55000", "2019-12-31": "1152.15300", "2019-09-30": "1079.91400", "2019-06-30": "1019.40700", "2019-03-31": "951.25900", "2018-12-31": "910.61800", "2018-09-30": "884.48300", "2018-06-30": "852.95000", "2018-03-31": "845.11800", "2017-12-31": "862.53500", "2017-09-30": "883.75400", "2017-06-30": "856.03900", "2017-03-31": "824.72400", "2016-12-31": "801.01700", "2016-09-30": "797.92300", "2016-06-30": "786.83500", "2016-03-31": "770.19700", "2015-12-31": "753.18000", "2015-09-30": "734.54000", "2015-06-30": "704.57100", "2015-03-31": "666.09300", "2014-12-31": "601.59100", "2014-09-30": "559.19400", "2014-06-30": "536.63700", "2014-03-31": "503.60100", "2013-12-31": "450.28700", "2013-09-30": "424.60500", "2013-06-30": "405.65300", "2013-03-31": "369.55500", "2012-12-31": "345.09100", "2012-09-30": "331.21800", "2012-06-30": "315.86600", "2012-03-31": "303.51800", "2011-12-31": "293.04300", "2011-09-30": "285.47600", "2011-06-30": "274.37700", "2011-03-31": "266.96800", "2010-12-31": "255.92900", "2010-09-30": "239.50800", "2010-06-30": "227.88800", "2010-03-31": "190.21100", "2009-12-31": "182.40400", "2009-09-30": "179.82600", "2009-06-30": "174.74200", "2009-03-31": "174.65100", "2008-12-31": "174.48300", "2008-09-30": "174.46900", "2008-06-30": "158.06700", "2008-03-31": "145.96200", "2007-12-31": "134.54600", "2007-09-30": "134.18500", "2007-06-30": "125.77700", "2007-03-31": "109.54700", "2006-12-31": "86.62300", "2006-09-30": "71.92300", "2006-06-30": "63.24300", "2006-03-31": "54.93900", "2005-12-31": "44.88500", "2005-09-30": "42.52900", "2005-06-30": "39.30800", "2005-03-31": "31.00700"}, "Long-Term Investments": {"2020-09-30": "1110.05800", "2020-06-30": "1018.83500", "2020-03-31": "961.15000", "2019-12-31": "835.38400", "2019-09-30": "734.11600", "2019-06-30": "287.04600", "2019-03-31": "101.43400", "2018-12-31": "209.06600", "2018-09-30": "257.13500", "2018-06-30": "411.74600", "2018-03-31": "512.27000", "2017-12-31": "567.59200", "2017-09-30": "661.92900", "2017-06-30": "731.78100", "2017-03-31": "739.06500", "2016-12-31": "779.31100", "2016-09-30": "767.69100", "2016-06-30": "731.23200", "2016-03-31": "685.36200", "2015-12-31": "774.67400", "2015-09-30": "837.02000", "2015-06-30": "881.45200", "2015-03-31": "801.85400", "2014-12-31": "869.99200", "2014-09-30": "850.84700", "2014-06-30": "735.62900", "2014-03-31": "721.27100", "2013-12-31": "573.02600", "2013-09-30": "620.20400", "2013-06-30": "587.47000", "2013-03-31": "569.20800", "2012-12-31": "657.65900", "2012-09-30": "593.10500", "2012-06-30": "521.88500", "2012-03-31": "574.17800", "2011-12-31": "380.72900", "2011-09-30": "503.42900", "2011-06-30": "788.19700", "2011-03-31": "693.66800", "2010-12-31": "636.53100", "2010-09-30": "582.60900", "2010-06-30": "608.08700", "2010-03-31": "491.25900", "2009-12-31": "494.74300", "2009-09-30": "391.20600", "2009-06-30": "306.75200", "2009-03-31": "394.47500", "2008-12-31": "440.99600", "2008-09-30": "487.28600", "2008-06-30": "453.94500", "2008-03-31": "364.82800", "2007-12-31": "87.33900", "2007-09-30": "129.07500", "2007-06-30": "147.44300", "2007-03-31": "137.83900", "2006-12-31": "164.61300", "2006-09-30": "138.37500", "2006-06-30": "108.22100", "2006-03-31": "56.47800", "2005-12-31": "21.72100", "2005-09-30": "19.45700", "2005-06-30": "26.82300", "2005-03-31": "33.60600"}, "Goodwill And Intangible Assets": {"2020-09-30": "1783.39700", "2020-06-30": "1790.25500", "2020-03-31": "1799.68300", "2019-12-31": "1779.69600", "2019-09-30": "1749.88600", "2019-06-30": "1762.67300", "2019-03-31": "1771.86900", "2018-12-31": "1655.75200", "2018-09-30": "1665.50800", "2018-06-30": "1679.24500", "2018-03-31": "1692.13400", "2017-12-31": "1699.94700", "2017-09-30": "1535.05000", "2017-06-30": "1540.66400", "2017-03-31": "1371.39800", "2016-12-31": "1377.96600", "2016-09-30": "1290.08600", "2016-06-30": "1292.80500", "2016-03-31": "1301.75500", "2015-12-31": "1306.33900", "2015-09-30": "1294.47800", "2015-06-30": "1301.67700", "2015-03-31": "1194.68100", "2014-12-31": "1183.70600", "2014-09-30": "1189.86200", "2014-06-30": "1198.26500", "2014-03-31": "1208.40100", "2013-12-31": "834.79700", "2013-09-30": "831.07400", "2013-06-30": "797.94800", "2013-03-31": "803.76400", "2012-12-31": "808.25500", "2012-09-30": "803.97600", "2012-06-30": "793.72400", "2012-03-31": "799.14700", "2011-12-31": "498.30000", "2011-09-30": "502.61600", "2011-06-30": "506.80100", "2011-03-31": "511.09300", "2010-12-31": "515.37000", "2010-09-30": "519.67300", "2010-06-30": "523.80300", "2010-03-31": "513.51200", "2009-12-31": "517.62000", "2009-09-30": "522.29000", "2009-06-30": "526.39300", "2009-03-31": "530.32500", "2008-12-31": "534.25300", "2008-09-30": "438.89100", "2008-06-30": "442.06400", "2008-03-31": "445.55500", "2007-12-31": "449.13700", "2007-09-30": "458.24300", "2007-06-30": "468.07700", "2007-03-31": "453.79400", "2006-12-31": "298.26300", "2006-09-30": "129.00700", "2006-06-30": "132.07400", "2006-03-31": "134.31800", "2005-12-31": "136.78600", "2005-09-30": "139.50300", "2005-06-30": "140.02300", "2005-03-31": "5.11600"}, "Other Long-Term Assets": {"2020-09-30": "151.34700", "2020-06-30": "143.54200", "2020-03-31": "173.77600", "2019-12-31": "173.06200", "2019-09-30": "151.13400", "2019-06-30": "150.51100", "2019-03-31": "150.86500", "2018-12-31": "116.06700", "2018-09-30": "103.28400", "2018-06-30": "132.37300", "2018-03-31": "133.16600", "2017-12-31": "136.36500", "2017-09-30": "113.68800", "2017-06-30": "114.75000", "2017-03-31": "109.01500", "2016-12-31": "95.95300", "2016-09-30": "89.81500", "2016-06-30": "90.81100", "2016-03-31": "92.12000", "2015-12-31": "89.60300", "2015-09-30": "105.89800", "2015-06-30": "90.03900", "2015-03-31": "80.81400", "2014-12-31": "81.74700", "2014-09-30": "99.18200", "2014-06-30": "96.14200", "2014-03-31": "88.44300", "2013-12-31": "67.53600", "2013-09-30": "77.92800", "2013-06-30": "60.28800", "2013-03-31": "58.77500", "2012-12-31": "39.81100", "2012-09-30": "15.36500", "2012-06-30": "14.31400", "2012-03-31": "14.46000", "2011-12-31": "7.92400", "2011-09-30": "9.21000", "2011-06-30": "9.54000", "2011-03-31": "11.42500", "2010-12-31": "11.15300", "2010-09-30": "12.18500", "2010-06-30": "11.62200", "2010-03-31": "12.21600", "2009-12-31": "4.41600", "2009-09-30": "4.53100", "2009-06-30": "5.06800", "2009-03-31": "5.31500", "2008-12-31": "5.59200", "2008-09-30": "5.96400", "2008-06-30": "5.50300", "2008-03-31": "5.52700", "2007-12-31": "4.52000", "2007-09-30": "4.69700", "2007-06-30": "4.91800", "2007-03-31": "4.90000", "2006-12-31": "4.25600", "2006-09-30": "4.56900", "2006-06-30": "4.78600", "2006-03-31": "4.72900", "2005-12-31": "4.80100", "2005-09-30": "5.00800", "2005-06-30": "5.62100", "2005-03-31": "6.84400"}, "Total Long-Term Assets": {"2020-09-30": "5271.17200", "2020-06-30": "5031.79900", "2020-03-31": "4933.37300", "2019-12-31": "4775.27300", "2019-09-30": "4103.52600", "2019-06-30": "3598.44200", "2019-03-31": "3364.34400", "2018-12-31": "2926.41600", "2018-09-30": "2934.09800", "2018-06-30": "3120.54400", "2018-03-31": "3227.17800", "2017-12-31": "3302.67000", "2017-09-30": "3213.35100", "2017-06-30": "3250.68200", "2017-03-31": "3051.53400", "2016-12-31": "3063.22900", "2016-09-30": "2966.67100", "2016-06-30": "2904.13800", "2016-03-31": "2852.92400", "2015-12-31": "2928.49600", "2015-09-30": "2973.82400", "2015-06-30": "2979.62900", "2015-03-31": "2745.33400", "2014-12-31": "2738.99100", "2014-09-30": "2701.61500", "2014-06-30": "2568.99000", "2014-03-31": "2524.19200", "2013-12-31": "1927.97100", "2013-09-30": "1974.48300", "2013-06-30": "1865.88600", "2013-03-31": "1815.01400", "2012-12-31": "1872.24300", "2012-09-30": "1785.76500", "2012-06-30": "1688.97100", "2012-03-31": "1734.57700", "2011-12-31": "1223.48100", "2011-09-30": "1377.47800", "2011-06-30": "1653.19600", "2011-03-31": "1557.98500", "2010-12-31": "1494.20900", "2010-09-30": "1406.94400", "2010-06-30": "1424.83100", "2010-03-31": "1262.25800", "2009-12-31": "1326.33700", "2009-09-30": "1252.09900", "2009-06-30": "1186.70400", "2009-03-31": "1300.81600", "2008-12-31": "1379.04200", "2008-09-30": "1337.71700", "2008-06-30": "1301.20000", "2008-03-31": "1224.25000", "2007-12-31": "961.00500", "2007-09-30": "1003.95000", "2007-06-30": "1040.34900", "2007-03-31": "1013.79200", "2006-12-31": "873.25900", "2006-09-30": "668.22690", "2006-06-30": "632.38810", "2006-03-31": "577.07300", "2005-12-31": "536.50100", "2005-09-30": "526.91000", "2005-06-30": "211.77500", "2005-03-31": "76.57300"}, "Total Assets": {"2020-09-30": "7514.39300", "2020-06-30": "7224.79800", "2020-03-31": "6947.95600", "2019-12-31": "7006.88600", "2019-09-30": "6357.43400", "2019-06-30": "5343.23600", "2019-03-31": "5182.76200", "2018-12-31": "5461.77000", "2018-09-30": "5363.88700", "2018-06-30": "5604.70400", "2018-03-31": "4686.90400", "2017-12-31": "4648.91600", "2017-09-30": "4509.13400", "2017-06-30": "4489.03900", "2017-03-31": "4449.99500", "2016-12-31": "4373.14600", "2016-09-30": "4353.63500", "2016-06-30": "4269.72200", "2016-03-31": "4183.75200", "2015-12-31": "4181.68400", "2015-09-30": "4184.80900", "2015-06-30": "4131.10500", "2015-03-31": "3986.91300", "2014-12-31": "4001.54600", "2014-09-30": "3854.29100", "2014-06-30": "3768.65700", "2014-03-31": "3651.49200", "2013-12-31": "2957.68500", "2013-09-30": "2885.12500", "2013-06-30": "2725.27000", "2013-03-31": "2646.66700", "2012-12-31": "2600.62700", "2012-09-30": "2539.45400", "2012-06-30": "2445.57600", "2012-03-31": "2414.11800", "2011-12-31": "2345.50100", "2011-09-30": "2301.95700", "2011-06-30": "2404.14900", "2011-03-31": "2374.79900", "2010-12-31": "2352.67600", "2010-09-30": "2262.75200", "2010-06-30": "2202.99800", "2010-03-31": "2116.68300", "2009-12-31": "2087.51000", "2009-09-30": "2028.67100", "2009-06-30": "1988.97000", "2009-03-31": "1939.31200", "2008-12-31": "1880.95100", "2008-09-30": "1800.85700", "2008-06-30": "1755.41700", "2008-03-31": "1699.17700", "2007-12-31": "1656.04700", "2007-09-30": "1574.62000", "2007-06-30": "1519.97500", "2007-03-31": "1466.63700", "2006-12-31": "1247.93200", "2006-09-30": "1027.69500", "2006-06-30": "969.47700", "2006-03-31": "931.26600", "2005-12-31": "891.49900", "2005-09-30": "647.03900", "2005-06-30": "364.73100", "2005-03-31": "201.61000"}, "Total Current Liabilities": {"2020-09-30": "717.12400", "2020-06-30": "657.42200", "2020-03-31": "630.24700", "2019-12-31": "693.33600", "2019-09-30": "602.52300", "2019-06-30": "590.81400", "2019-03-31": "569.70600", "2018-12-31": "1210.70900", "2018-09-30": "1195.93800", "2018-06-30": "1136.32800", "2018-03-31": "1130.59500", "2017-12-31": "456.69400", "2017-09-30": "430.30600", "2017-06-30": "399.06400", "2017-03-31": "381.87600", "2016-12-31": "374.58800", "2016-09-30": "431.53600", "2016-06-30": "376.54200", "2016-03-31": "333.23300", "2015-12-31": "332.44000", "2015-09-30": "332.00600", "2015-06-30": "348.24200", "2015-03-31": "269.33100", "2014-12-31": "334.01100", "2014-09-30": "301.60100", "2014-06-30": "283.29200", "2014-03-31": "244.18600", "2013-12-31": "263.16600", "2013-09-30": "285.42400", "2013-06-30": "226.57400", "2013-03-31": "211.90900", "2012-12-31": "202.94400", "2012-09-30": "212.92000", "2012-06-30": "165.85200", "2012-03-31": "148.53800", "2011-12-31": "148.39200", "2011-09-30": "138.87800", "2011-06-30": "138.70800", "2011-03-31": "134.09500", "2010-12-31": "145.15100", "2010-09-30": "201.16500", "2010-06-30": "199.83400", "2010-03-31": "309.25900", "2009-12-31": "327.29300", "2009-09-30": "110.30500", "2009-06-30": "89.92800", "2009-03-31": "90.96900", "2008-12-31": "100.45600", "2008-09-30": "83.35600", "2008-06-30": "81.34200", "2008-03-31": "89.76600", "2007-12-31": "88.37500", "2007-09-30": "94.48300", "2007-06-30": "82.92700", "2007-03-31": "99.18000", "2006-12-31": "89.26400", "2006-09-30": "81.61900", "2006-06-30": "70.75700", "2006-03-31": "71.65500", "2005-12-31": "61.87600", "2005-09-30": "57.89900", "2005-06-30": "61.08700", "2005-03-31": "50.39900"}, "Long Term Debt": {"2020-09-30": "1889.74300", "2020-06-30": "1872.93700", "2020-03-31": "1856.28700", "2019-12-31": "1839.79100", "2019-09-30": "1823.44800", "2019-06-30": "893.19100", "2019-03-31": "883.58400", "2018-12-31": "874.08000", "2018-09-30": "864.67900", "2018-06-30": "855.37800", "2018-03-31": "", "2017-12-31": "662.91300", "2017-09-30": "657.13100", "2017-06-30": "651.40000", "2017-03-31": "645.71900", "2016-12-31": "640.08700", "2016-09-30": "634.50400", "2016-06-30": "628.97000", "2016-03-31": "623.48500", "2015-12-31": "618.04700", "2015-09-30": "619.36500", "2015-06-30": "614.48400", "2015-03-31": "609.64700", "2014-12-31": "604.85100", "2014-09-30": "600.09800", "2014-06-30": "595.38500", "2014-03-31": "590.71400", "2013-12-31": "", "2013-09-30": "", "2013-06-30": "", "2013-03-31": "", "2012-12-31": "", "2012-09-30": "", "2012-06-30": "", "2012-03-31": "", "2011-12-31": "", "2011-09-30": "", "2011-06-30": "", "2011-03-31": "", "2010-12-31": "", "2010-09-30": "", "2010-06-30": "", "2010-03-31": "", "2009-12-31": "", "2009-09-30": "199.75500", "2009-06-30": "199.85500", "2009-03-31": "199.85500", "2008-12-31": "199.85500", "2008-09-30": "199.85500", "2008-06-30": "199.85500", "2008-03-31": "199.85500", "2007-12-31": "199.85500", "2007-09-30": "199.85500", "2007-06-30": "199.96000", "2007-03-31": "199.96000", "2006-12-31": "200.00000", "2006-09-30": "200.00000", "2006-06-30": "200.00000", "2006-03-31": "200.00000", "2005-12-31": "200.00000", "2005-09-30": "200.00000", "2005-06-30": "256.61400", "2005-03-31": "256.61400"}, "Other Non-Current Liabilities": {"2020-09-30": "81.38600", "2020-06-30": "82.37400", "2020-03-31": "82.94400", "2019-12-31": "90.06500", "2019-09-30": "106.79000", "2019-06-30": "135.10200", "2019-03-31": "126.99600", "2018-12-31": "160.94000", "2018-09-30": "123.69500", "2018-06-30": "143.40900", "2018-03-31": "145.32800", "2017-12-31": "142.95500", "2017-09-30": "128.83400", "2017-06-30": "125.79300", "2017-03-31": "119.44700", "2016-12-31": "118.69100", "2016-09-30": "105.56700", "2016-06-30": "99.75400", "2016-03-31": "97.50800", "2015-12-31": "93.26800", "2015-09-30": "93.33400", "2015-06-30": "79.74600", "2015-03-31": "77.49100", "2014-12-31": "74.22100", "2014-09-30": "75.46600", "2014-06-30": "72.79500", "2014-03-31": "71.82100", "2013-12-31": "57.15200", "2013-09-30": "53.92800", "2013-06-30": "47.92800", "2013-03-31": "47.22000", "2012-12-31": "49.36400", "2012-09-30": "64.49900", "2012-06-30": "63.24900", "2012-03-31": "62.16500", "2011-12-31": "38.38900", "2011-09-30": "38.01300", "2011-06-30": "33.69300", "2011-03-31": "26.57400", "2010-12-31": "26.27800", "2010-09-30": "25.42300", "2010-06-30": "27.08800", "2010-03-31": "23.33400", "2009-12-31": "18.81800", "2009-09-30": "17.21100", "2009-06-30": "14.80200", "2009-03-31": "13.25700", "2008-12-31": "10.61900", "2008-09-30": "10.06500", "2008-06-30": "9.87800", "2008-03-31": "9.47200", "2007-12-31": "7.81200", "2007-09-30": "6.62200", "2007-06-30": "5.20900", "2007-03-31": "5.16600", "2006-12-31": "3.18100", "2006-09-30": "4.38100", "2006-06-30": "4.61400", "2006-03-31": "4.60500", "2005-12-31": "5.40900", "2005-09-30": "11.54800", "2005-06-30": "6.11300", "2005-03-31": "5.10000"}, "Total Long Term Liabilities": {"2020-09-30": "2689.65200", "2020-06-30": "2663.08100", "2020-03-31": "2645.49100", "2019-12-31": "2655.59200", "2019-09-30": "2253.31100", "2019-06-30": "1357.65800", "2019-03-31": "1329.83900", "2018-12-31": "1059.20100", "2018-09-30": "1012.41900", "2018-06-30": "1023.09800", "2018-03-31": "170.05200", "2017-12-31": "829.75310", "2017-09-30": "806.17300", "2017-06-30": "802.80310", "2017-03-31": "809.57300", "2016-12-31": "774.18790", "2016-09-30": "753.16800", "2016-06-30": "742.70690", "2016-03-31": "736.93700", "2015-12-31": "728.36600", "2015-09-30": "767.14000", "2015-06-30": "737.55100", "2015-03-31": "735.90000", "2014-12-31": "722.20000", "2014-09-30": "704.31000", "2014-06-30": "712.62100", "2014-03-31": "695.16100", "2013-12-31": "65.08800", "2013-09-30": "56.57100", "2013-06-30": "50.82300", "2013-03-31": "49.98100", "2012-12-31": "51.92900", "2012-09-30": "66.59600", "2012-06-30": "65.09100", "2012-03-31": "64.39200", "2011-12-31": "40.85900", "2011-09-30": "41.06800", "2011-06-30": "37.12600", "2011-03-31": "30.51600", "2010-12-31": "29.92000", "2010-09-30": "27.44000", "2010-06-30": "30.07600", "2010-03-31": "26.97500", "2009-12-31": "21.49500", "2009-09-30": "219.92000", "2009-06-30": "218.15100", "2009-03-31": "217.00100", "2008-12-31": "211.72500", "2008-09-30": "211.36800", "2008-06-30": "211.47800", "2008-03-31": "211.79200", "2007-12-31": "209.12000", "2007-09-30": "208.34000", "2007-06-30": "206.74700", "2007-03-31": "206.13900", "2006-12-31": "203.97500", "2006-09-30": "204.38100", "2006-06-30": "204.61400", "2006-03-31": "204.60500", "2005-12-31": "205.40900", "2005-09-30": "211.54800", "2005-06-30": "262.72700", "2005-03-31": "261.71400"}, "Total Liabilities": {"2020-09-30": "3406.77600", "2020-06-30": "3320.50300", "2020-03-31": "3275.73800", "2019-12-31": "3348.92800", "2019-09-30": "2855.83400", "2019-06-30": "1948.47200", "2019-03-31": "1899.54500", "2018-12-31": "2269.91000", "2018-09-30": "2208.35700", "2018-06-30": "2159.42600", "2018-03-31": "1300.64700", "2017-12-31": "1286.44700", "2017-09-30": "1236.47900", "2017-06-30": "1201.86700", "2017-03-31": "1191.44900", "2016-12-31": "1148.77600", "2016-09-30": "1184.70400", "2016-06-30": "1119.24900", "2016-03-31": "1070.17000", "2015-12-31": "1060.80600", "2015-09-30": "1099.14600", "2015-06-30": "1085.79300", "2015-03-31": "1005.23100", "2014-12-31": "1056.21100", "2014-09-30": "1005.91100", "2014-06-30": "995.91300", "2014-03-31": "939.34700", "2013-12-31": "328.25400", "2013-09-30": "341.99500", "2013-06-30": "277.39700", "2013-03-31": "261.89000", "2012-12-31": "254.87300", "2012-09-30": "279.51600", "2012-06-30": "230.94300", "2012-03-31": "212.93000", "2011-12-31": "189.25100", "2011-09-30": "179.94600", "2011-06-30": "175.83400", "2011-03-31": "164.61100", "2010-12-31": "175.07100", "2010-09-30": "228.60500", "2010-06-30": "229.91000", "2010-03-31": "336.23400", "2009-12-31": "348.78800", "2009-09-30": "330.22500", "2009-06-30": "308.07900", "2009-03-31": "307.97000", "2008-12-31": "312.18100", "2008-09-30": "294.72400", "2008-06-30": "292.82000", "2008-03-31": "301.55800", "2007-12-31": "297.49500", "2007-09-30": "302.82300", "2007-06-30": "289.67400", "2007-03-31": "305.31900", "2006-12-31": "293.23900", "2006-09-30": "286.00000", "2006-06-30": "275.37100", "2006-03-31": "276.26000", "2005-12-31": "267.28500", "2005-09-30": "269.44700", "2005-06-30": "323.81400", "2005-03-31": "312.11300"}, "Common Stock Net": {"2020-09-30": "1.64100", "2020-06-30": "1.63800", "2020-03-31": "1.63100", "2019-12-31": "1.62000", "2019-09-30": "1.65200", "2019-06-30": "1.64900", "2019-03-31": "1.64000", "2018-12-31": "1.62900", "2018-09-30": "1.72200", "2018-06-30": "1.71800", "2018-03-31": "1.70800", "2017-12-31": "1.69900", "2017-09-30": "1.75500", "2017-06-30": "1.75100", "2017-03-31": "1.74300", "2016-12-31": "1.73300", "2016-09-30": "1.79400", "2016-06-30": "1.79100", "2016-03-31": "1.78300", "2015-12-31": "1.77200", "2015-09-30": "1.81100", "2015-06-30": "1.80500", "2015-03-31": "1.79600", "2014-12-31": "1.78300", "2014-09-30": "1.85100", "2014-06-30": "1.84400", "2014-03-31": "1.83200", "2013-12-31": "1.80800", "2013-09-30": "2.05900", "2013-06-30": "2.04500", "2013-03-31": "2.03100", "2012-12-31": "2.01500", "2012-09-30": "2.00000", "2012-06-30": "1.99300", "2012-03-31": "1.98200", "2011-12-31": "1.95900", "2011-09-30": "1.94700", "2011-06-30": "1.94400", "2011-03-31": "1.93700", "2010-12-31": "1.92400", "2010-09-30": "1.87700", "2010-06-30": "1.86300", "2010-03-31": "1.75800", "2009-12-31": "1.74600", "2009-09-30": "1.73900", "2009-06-30": "1.73500", "2009-03-31": "1.72700", "2008-12-31": "1.69400", "2008-09-30": "1.69100", "2008-06-30": "1.68900", "2008-03-31": "1.67100", "2007-12-31": "1.66200", "2007-09-30": "1.65700", "2007-06-30": "1.65200", "2007-03-31": "1.64100", "2006-12-31": "1.60300", "2006-09-30": "1.56200", "2006-06-30": "1.55300", "2006-03-31": "1.54200", "2005-12-31": "1.52900", "2005-09-30": "1.39600", "2005-06-30": "1.38800", "2005-03-31": "1.27400"}, "Retained Earnings (Accumulated Deficit)": {"2020-09-30": "491.68000", "2020-06-30": "333.05700", "2020-03-31": "171.14200", "2019-12-31": "47.99600", "2019-09-30": "-71.10400", "2019-06-30": "-208.99400", "2019-03-31": "-322.90900", "2018-12-31": "-430.89000", "2018-09-30": "-524.90600", "2018-06-30": "-632.48900", "2018-03-31": "-675.55000", "2017-12-31": "-690.66200", "2017-09-30": "-761.51500", "2017-06-30": "-822.02700", "2017-03-31": "-879.79900", "2016-12-31": "-960.72900", "2016-09-30": "-1052.36800", "2016-06-30": "-1128.36800", "2016-03-31": "-1202.00300", "2015-12-31": "-1276.86100", "2015-09-30": "-1365.28100", "2015-06-30": "-1453.32100", "2015-03-31": "-1520.52100", "2014-12-31": "-1598.26700", "2014-09-30": "-1695.37400", "2014-06-30": "-1786.52900", "2014-03-31": "-1859.41500", "2013-12-31": "-1932.21500", "2013-09-30": "-2012.56400", "2013-06-30": "-2092.32000", "2013-03-31": "-2154.21500", "2012-12-31": "-2225.70200", "2012-09-30": "-2293.99400", "2012-06-30": "-2342.22500", "2012-03-31": "-2386.46400", "2011-12-31": "-2429.69100", "2011-09-30": "-2489.77200", "2011-06-30": "-2532.05700", "2011-03-31": "-2579.97800", "2010-12-31": "-2630.59500", "2010-09-30": "-2683.10500", "2010-06-30": "-2722.81400", "2010-03-31": "-2760.93700", "2009-12-31": "-2801.81500", "2009-09-30": "-2841.89500", "2009-06-30": "-2874.64000", "2009-03-31": "-2910.64700", "2008-12-31": "-2947.72800", "2008-09-30": "-2988.26100", "2008-06-30": "-3021.62100", "2008-03-31": "-3055.95500", "2007-12-31": "-3092.86600", "2007-09-30": "-3128.74400", "2007-06-30": "-3153.00800", "2007-03-31": "-3174.65400", "2006-12-31": "-3193.83300", "2006-09-30": "-3214.45600", "2006-06-30": "-3228.47500", "2006-03-31": "-3239.74000", "2005-12-31": "-3251.23400", "2005-09-30": "-3276.99300", "2005-06-30": "-3549.25300", "2005-03-31": "-3565.15300"}, "Comprehensive Income": {"2020-09-30": "-45.85400", "2020-06-30": "-57.30700", "2020-03-31": "-78.99500", "2019-12-31": "-45.14400", "2019-09-30": "-56.42400", "2019-06-30": "-42.48400", "2019-03-31": "-46.97900", "2018-12-31": "-48.91200", "2018-09-30": "-48.21800", "2018-06-30": "-41.97000", "2018-03-31": "-18.33400", "2017-12-31": "-21.93000", "2017-09-30": "-24.83300", "2017-06-30": "-32.52000", "2017-03-31": "-45.91300", "2016-12-31": "-56.22200", "2016-09-30": "-33.46200", "2016-06-30": "-31.61600", "2016-03-31": "-28.79200", "2015-12-31": "-41.45300", "2015-09-30": "-33.51900", "2015-06-30": "-24.37900", "2015-03-31": "-23.91300", "2014-12-31": "-17.61100", "2014-09-30": "-9.54500", "2014-06-30": "2.49700", "2014-03-31": "-1.63700", "2013-12-31": "-2.09100", "2013-09-30": "-5.43400", "2013-06-30": "-10.95500", "2013-03-31": "-5.58300", "2012-12-31": "-1.64000", "2012-09-30": "0.48300", "2012-06-30": "-4.10800", "2012-03-31": "-0.30700", "2011-12-31": "-1.25900", "2011-09-30": "-9.29900", "2011-06-30": "0.29800", "2011-03-31": "-2.45800", "2010-12-31": "-5.74100", "2010-09-30": "-5.38900", "2010-06-30": "-13.11800", "2010-03-31": "-12.46200", "2009-12-31": "-10.68200", "2009-09-30": "-9.52700", "2009-06-30": "-12.50000", "2009-03-31": "-19.42800", "2008-12-31": "-24.35000", "2008-09-30": "-19.09400", "2008-06-30": "-13.14600", "2008-03-31": "-11.26700", "2007-12-31": "3.05300", "2007-09-30": "2.84000", "2007-06-30": "1.45400", "2007-03-31": "1.84600", "2006-12-31": "1.29600", "2006-09-30": "1.11200", "2006-06-30": "0.62000", "2006-03-31": "0.52400", "2005-12-31": "0.47100", "2005-09-30": "0.59400", "2005-06-30": "0.78500", "2005-03-31": "0.86900"}, "Other Share Holders Equity": {"2020-09-30": "", "2020-06-30": "", "2020-03-31": "", "2019-12-31": "", "2019-09-30": "", "2019-06-30": "", "2019-03-31": "", "2018-12-31": "", "2018-09-30": "", "2018-06-30": "", "2018-03-31": "", "2017-12-31": "", "2017-09-30": "", "2017-06-30": "", "2017-03-31": "", "2016-12-31": "", "2016-09-30": "", "2016-06-30": "", "2016-03-31": "", "2015-12-31": "", "2015-09-30": "", "2015-06-30": "", "2015-03-31": "", "2014-12-31": "", "2014-09-30": "", "2014-06-30": "", "2014-03-31": "", "2013-12-31": "", "2013-09-30": "", "2013-06-30": "", "2013-03-31": "", "2012-12-31": "", "2012-09-30": "", "2012-06-30": "", "2012-03-31": "", "2011-12-31": "", "2011-09-30": "", "2011-06-30": "", "2011-03-31": "", "2010-12-31": "", "2010-09-30": "", "2010-06-30": "", "2010-03-31": "", "2009-12-31": "", "2009-09-30": "", "2009-06-30": "", "2009-03-31": "", "2008-12-31": "", "2008-09-30": "", "2008-06-30": "", "2008-03-31": "", "2007-12-31": "", "2007-09-30": "", "2007-06-30": "", "2007-03-31": "", "2006-12-31": "", "2006-09-30": "", "2006-06-30": "", "2006-03-31": "", "2005-12-31": "", "2005-09-30": "", "2005-06-30": "", "2005-03-31": ""}, "Share Holder Equity": {"2020-09-30": "4107.61700", "2020-06-30": "3904.29500", "2020-03-31": "3672.21800", "2019-12-31": "3657.95800", "2019-09-30": "3501.60000", "2019-06-30": "3394.76400", "2019-03-31": "3283.21700", "2018-12-31": "3191.86000", "2018-09-30": "3155.53000", "2018-06-30": "3445.27800", "2018-03-31": "3386.25700", "2017-12-31": "3362.46900", "2017-09-30": "3272.65500", "2017-06-30": "3287.17200", "2017-03-31": "3258.54600", "2016-12-31": "3224.37000", "2016-09-30": "3168.93100", "2016-06-30": "3150.47300", "2016-03-31": "3113.58200", "2015-12-31": "3120.87800", "2015-09-30": "3085.66300", "2015-06-30": "3045.31200", "2015-03-31": "2981.68200", "2014-12-31": "2945.33500", "2014-09-30": "2848.38000", "2014-06-30": "2772.74400", "2014-03-31": "2712.14500", "2013-12-31": "2629.43100", "2013-09-30": "2543.13000", "2013-06-30": "2447.87300", "2013-03-31": "2384.77700", "2012-12-31": "2345.75400", "2012-09-30": "2259.93800", "2012-06-30": "2214.63300", "2012-03-31": "2201.18800", "2011-12-31": "2156.25000", "2011-09-30": "2122.01100", "2011-06-30": "2228.31500", "2011-03-31": "2210.18800", "2010-12-31": "2177.60500", "2010-09-30": "2034.14700", "2010-06-30": "1973.08800", "2010-03-31": "1780.44900", "2009-12-31": "1738.72200", "2009-09-30": "1698.44600", "2009-06-30": "1680.89100", "2009-03-31": "1631.34200", "2008-12-31": "1568.77000", "2008-09-30": "1506.13300", "2008-06-30": "1462.59700", "2008-03-31": "1397.61900", "2007-12-31": "1358.55200", "2007-09-30": "1271.79700", "2007-06-30": "1230.30100", "2007-03-31": "1161.31800", "2006-12-31": "954.69300", "2006-09-30": "741.69500", "2006-06-30": "694.10600", "2006-03-31": "655.00600", "2005-12-31": "624.21400", "2005-09-30": "377.59200", "2005-06-30": "40.91700", "2005-03-31": "-110.50300"}, "Total Liabilities And Share Holders Equity": {"2020-09-30": "7514.39300", "2020-06-30": "7224.79800", "2020-03-31": "6947.95600", "2019-12-31": "7006.88600", "2019-09-30": "6357.43400", "2019-06-30": "5343.23600", "2019-03-31": "5182.76200", "2018-12-31": "5461.77000", "2018-09-30": "5363.88700", "2018-06-30": "5604.70400", "2018-03-31": "4686.90400", "2017-12-31": "4648.91600", "2017-09-30": "4509.13400", "2017-06-30": "4489.03900", "2017-03-31": "4449.99500", "2016-12-31": "4373.14600", "2016-09-30": "4353.63500", "2016-06-30": "4269.72200", "2016-03-31": "4183.75200", "2015-12-31": "4181.68400", "2015-09-30": "4184.80900", "2015-06-30": "4131.10500", "2015-03-31": "3986.91300", "2014-12-31": "4001.54600", "2014-09-30": "3854.29100", "2014-06-30": "3768.65700", "2014-03-31": "3651.49200", "2013-12-31": "2957.68500", "2013-09-30": "2885.12500", "2013-06-30": "2725.27000", "2013-03-31": "2646.66700", "2012-12-31": "2600.62700", "2012-09-30": "2539.45400", "2012-06-30": "2445.57600", "2012-03-31": "2414.11800", "2011-12-31": "2345.50100", "2011-09-30": "2301.95700", "2011-06-30": "2404.14900", "2011-03-31": "2374.79900", "2010-12-31": "2352.67600", "2010-09-30": "2262.75200", "2010-06-30": "2202.99800", "2010-03-31": "2116.68300", "2009-12-31": "2087.51000", "2009-09-30": "2028.67100", "2009-06-30": "1988.97000", "2009-03-31": "1939.31200", "2008-12-31": "1880.95100", "2008-09-30": "1800.85700", "2008-06-30": "1755.41700", "2008-03-31": "1699.17700", "2007-12-31": "1656.04700", "2007-09-30": "1574.62000", "2007-06-30": "1519.97500", "2007-03-31": "1466.63700", "2006-12-31": "1247.93200", "2006-09-30": "1027.69500", "2006-06-30": "969.47700", "2006-03-31": "931.26600", "2005-12-31": "891.49900", "2005-09-30": "647.03900", "2005-06-30": "364.73100", "2005-03-31": "201.61000"}}, "cash flow statement": {"Net Income/Loss": {"2019-12-31": "478.03500", "2018-12-31": "298.37300", "2017-12-31": "222.76600", "2016-12-31": "320.72700", "2015-12-31": "321.40600", "2014-12-31": "333.94800", "2013-12-31": "293.48700", "2012-12-31": "203.98900", "2011-12-31": "200.90400", "2010-12-31": "171.22000", "2009-12-31": "145.91300", "2008-12-31": "145.13800", "2007-12-31": "100.96700", "2006-12-31": "57.40100", "2005-12-31": "327.99800"}, "Total Depreciation And Amortization - Cash Flow": {"2019-12-31": "486.53100", "2018-12-31": "476.47800", "2017-12-31": "391.15200", "2016-12-31": "352.94000", "2015-12-31": "318.08800", "2014-12-31": "262.86900", "2013-12-31": "184.43100", "2012-12-31": "204.16300", "2011-12-31": "167.87800", "2010-12-31": "143.74900", "2009-12-31": "123.33400", "2008-12-31": "98.92000", "2007-12-31": "72.73500", "2006-12-31": "41.42600", "2005-12-31": "25.17000"}, "Other Non-Cash Items": {"2019-12-31": "196.60100", "2018-12-31": "203.17000", "2017-12-31": "199.09700", "2016-12-31": "164.70900", "2015-12-31": "136.57900", "2014-12-31": "56.44300", "2013-12-31": "101.60200", "2012-12-31": "61.43800", "2011-12-31": "104.88500", "2010-12-31": "111.37400", "2009-12-31": "143.54100", "2008-12-31": "130.39600", "2007-12-31": "113.71400", "2006-12-31": "56.15700", "2005-12-31": "-252.34200"}, "Total Non-Cash Items": {"2019-12-31": "683.13200", "2018-12-31": "679.64800", "2017-12-31": "590.24900", "2016-12-31": "517.64900", "2015-12-31": "454.66700", "2014-12-31": "319.31200", "2013-12-31": "286.03300", "2012-12-31": "265.60100", "2011-12-31": "272.76300", "2010-12-31": "255.12300", "2009-12-31": "266.87500", "2008-12-31": "229.31600", "2007-12-31": "186.44900", "2006-12-31": "97.58300", "2005-12-31": "-227.17200"}, "Change In Accounts Receivable": {"2019-12-31": "-64.47100", "2018-12-31": "-30.44500", "2017-12-31": "-50.05400", "2016-12-31": "-2.97000", "2015-12-31": "-56.24700", "2014-12-31": "-58.39700", "2013-12-31": "-67.18400", "2012-12-31": "-2.10800", "2011-12-31": "-37.83700", "2010-12-31": "-23.56300", "2009-12-31": "-1.15900", "2008-12-31": "-21.47400", "2007-12-31": "-31.93700", "2006-12-31": "-28.02000", "2005-12-31": "-19.45500"}, "Change In Inventories": {"2019-12-31": "", "2018-12-31": "", "2017-12-31": "", "2016-12-31": "", "2015-12-31": "", "2014-12-31": "", "2013-12-31": "", "2012-12-31": "", "2011-12-31": "", "2010-12-31": "", "2009-12-31": "", "2008-12-31": "", "2007-12-31": "", "2006-12-31": "", "2005-12-31": ""}, "Change In Accounts Payable": {"2019-12-31": "", "2018-12-31": "", "2017-12-31": "", "2016-12-31": "", "2015-12-31": "", "2014-12-31": "", "2013-12-31": "", "2012-12-31": "", "2011-12-31": "", "2010-12-31": "", "2009-12-31": "", "2008-12-31": "", "2007-12-31": "", "2006-12-31": "", "2005-12-31": ""}, "Change In Assets/Liabilities": {"2019-12-31": "-47.16100", "2018-12-31": "18.51300", "2017-12-31": "4.79000", "2016-12-31": "17.91500", "2015-12-31": "22.00200", "2014-12-31": "-31.49100", "2013-12-31": "11.03900", "2012-12-31": "3.86600", "2011-12-31": "3.23400", "2010-12-31": "-20.23700", "2009-12-31": "3.59500", "2008-12-31": "-6.52100", "2007-12-31": "-2.83800", "2006-12-31": "-7.65300", "2005-12-31": "4.27500"}, "Total Change In Assets/Liabilities": {"2019-12-31": "-102.86300", "2018-12-31": "30.30600", "2017-12-31": "-12.03200", "2016-12-31": "33.43600", "2015-12-31": "17.37900", "2014-12-31": "4.81000", "2013-12-31": "-15.61200", "2012-12-31": "60.43000", "2011-12-31": "-27.38900", "2010-12-31": "-23.88800", "2009-12-31": "11.62400", "2008-12-31": "-30.96000", "2007-12-31": "-50.46200", "2006-12-31": "-22.26100", "2005-12-31": "-18.02800"}, "Cash Flow From Operating Activities": {"2019-12-31": "1058.30400", "2018-12-31": "1008.32700", "2017-12-31": "800.98300", "2016-12-31": "871.81200", "2015-12-31": "793.45200", "2014-12-31": "658.07000", "2013-12-31": "563.90800", "2012-12-31": "530.02000", "2011-12-31": "446.27800", "2010-12-31": "402.45500", "2009-12-31": "424.41200", "2008-12-31": "343.49400", "2007-12-31": "236.95400", "2006-12-31": "132.72300", "2005-12-31": "82.79800"}, "Net Change In Property, Plant, And Equipment": {"2019-12-31": "-562.07700", "2018-12-31": "-405.74100", "2017-12-31": "-414.77800", "2016-12-31": "-316.28900", "2015-12-31": "-444.98300", "2014-12-31": "-318.62700", "2013-12-31": "-260.07300", "2012-12-31": "-220.96500", "2011-12-31": "-175.93900", "2010-12-31": "-191.86900", "2009-12-31": "-108.05400", "2008-12-31": "-115.30400", "2007-12-31": "-100.46200", "2006-12-31": "-69.32800", "2005-12-31": "-36.16000"}, "Net Change In Intangible Assets": {"2019-12-31": "", "2018-12-31": "", "2017-12-31": "", "2016-12-31": "", "2015-12-31": "", "2014-12-31": "", "2013-12-31": "", "2012-12-31": "", "2011-12-31": "", "2010-12-31": "", "2009-12-31": "", "2008-12-31": "", "2007-12-31": "", "2006-12-31": "", "2005-12-31": ""}, "Net Acquisitions/Divestitures": {"2019-12-31": "-165.32900", "2018-12-31": "-0.07900", "2017-12-31": "-369.07300", "2016-12-31": "-95.43900", "2015-12-31": "-141.14700", "2014-12-31": "-386.53200", "2013-12-31": "-30.65700", "2012-12-31": "-336.68000", "2011-12-31": "-0.55000", "2010-12-31": "-12.66800", "2009-12-31": "-5.77900", "2008-12-31": "-83.71900", "2007-12-31": "7.87500", "2006-12-31": "-5.12700", "2005-12-31": "1.71700"}, "Net Change In Short-term Investments": {"2019-12-31": "-904.91890", "2018-12-31": "-98.64700", "2017-12-31": "326.27200", "2016-12-31": "-58.48400", "2015-12-31": "153.06000", "2014-12-31": "-479.39210", "2013-12-31": "-19.75000", "2012-12-31": "-222.27700", "2011-12-31": "-178.79700", "2010-12-31": "-130.32200", "2009-12-31": "-386.79200", "2008-12-31": "-165.41700", "2007-12-31": "-134.12000", "2006-12-31": "-395.47100", "2005-12-31": "-149.33200"}, "Net Change In Long-Term Investments": {"2019-12-31": "", "2018-12-31": "", "2017-12-31": "", "2016-12-31": "", "2015-12-31": "", "2014-12-31": "", "2013-12-31": "", "2012-12-31": "", "2011-12-31": "532.91000", "2010-12-31": "-0.50000", "2009-12-31": "141.54400", "2008-12-31": "", "2007-12-31": "", "2006-12-31": "264.30800", "2005-12-31": ""}, "Net Change In Investments - Total": {"2019-12-31": "-904.91890", "2018-12-31": "-98.64700", "2017-12-31": "326.27200", "2016-12-31": "-58.48400", "2015-12-31": "153.06000", "2014-12-31": "-479.39210", "2013-12-31": "-19.75000", "2012-12-31": "-222.27700", "2011-12-31": "354.11300", "2010-12-31": "-130.82200", "2009-12-31": "-245.24800", "2008-12-31": "-165.41700", "2007-12-31": "-134.12000", "2006-12-31": "-131.16300", "2005-12-31": "-149.33200"}, "Investing Activities - Other": {"2019-12-31": "-35.60900", "2018-12-31": "-2.06600", "2017-12-31": "-1.58600", "2016-12-31": "0.78600", "2015-12-31": "-2.49400", "2014-12-31": "5.74500", "2013-12-31": "-2.62800", "2012-12-31": "0.81200", "2011-12-31": "-0.27400", "2010-12-31": "", "2009-12-31": "1.58300", "2008-12-31": "", "2007-12-31": "", "2006-12-31": "", "2005-12-31": ""}, "Cash Flow From Investing Activities": {"2019-12-31": "-1667.93400", "2018-12-31": "-506.53300", "2017-12-31": "-459.16500", "2016-12-31": "-469.42600", "2015-12-31": "-435.56400", "2014-12-31": "-1178.80600", "2013-12-31": "-313.10800", "2012-12-31": "-779.11000", "2011-12-31": "177.35000", "2010-12-31": "-335.35900", "2009-12-31": "-357.49800", "2008-12-31": "-364.44000", "2007-12-31": "-226.70700", "2006-12-31": "-205.61800", "2005-12-31": "-183.77500"}, "Net Long-Term Debt": {"2019-12-31": "318.55410", "2018-12-31": "990.39000", "2017-12-31": "", "2016-12-31": "", "2015-12-31": "", "2014-12-31": "637.55100", "2013-12-31": "", "2012-12-31": "", "2011-12-31": "", "2010-12-31": "", "2009-12-31": "", "2008-12-31": "", "2007-12-31": "-0.02300", "2006-12-31": "", "2005-12-31": "-57.43200"}, "Net Current Debt": {"2019-12-31": "", "2018-12-31": "", "2017-12-31": "", "2016-12-31": "", "2015-12-31": "", "2014-12-31": "", "2013-12-31": "", "2012-12-31": "", "2011-12-31": "", "2010-12-31": "", "2009-12-31": "", "2008-12-31": "", "2007-12-31": "", "2006-12-31": "", "2005-12-31": ""}, "Debt Issuance/Retirement Net - Total": {"2019-12-31": "318.55410", "2018-12-31": "990.39000", "2017-12-31": "", "2016-12-31": "", "2015-12-31": "", "2014-12-31": "637.55100", "2013-12-31": "", "2012-12-31": "", "2011-12-31": "", "2010-12-31": "", "2009-12-31": "", "2008-12-31": "", "2007-12-31": "-0.02300", "2006-12-31": "", "2005-12-31": "-57.43200"}, "Net Common Equity Issued/Repurchased": {"2019-12-31": "-277.40700", "2018-12-31": "-687.39200", "2017-12-31": "-305.51400", "2016-12-31": "-314.23400", "2015-12-31": "-240.81500", "2014-12-31": "-181.53800", "2013-12-31": "-96.71200", "2012-12-31": "-96.35400", "2011-12-31": "-298.76800", "2010-12-31": "-46.64900", "2009-12-31": "-44.77300", "2008-12-31": "21.96600", "2007-12-31": "31.62100", "2006-12-31": "27.91800", "2005-12-31": "216.53000"}, "Net Total Equity Issued/Repurchased": {"2019-12-31": "-277.40700", "2018-12-31": "-687.39200", "2017-12-31": "-305.51400", "2016-12-31": "-314.23400", "2015-12-31": "-240.81500", "2014-12-31": "-181.53800", "2013-12-31": "-96.71200", "2012-12-31": "-96.35400", "2011-12-31": "-298.76800", "2010-12-31": "-46.64900", "2009-12-31": "-44.77300", "2008-12-31": "21.96600", "2007-12-31": "31.62100", "2006-12-31": "27.91800", "2005-12-31": "216.53000"}, "Total Common And Preferred Stock Dividends Paid": {"2019-12-31": "", "2018-12-31": "", "2017-12-31": "", "2016-12-31": "", "2015-12-31": "", "2014-12-31": "", "2013-12-31": "", "2012-12-31": "", "2011-12-31": "", "2010-12-31": "", "2009-12-31": "", "2008-12-31": "", "2007-12-31": "", "2006-12-31": "", "2005-12-31": ""}, "Financial Activities - Other": {"2019-12-31": "-76.82400", "2018-12-31": "-69.39000", "2017-12-31": "-59.49100", "2016-12-31": "-45.54500", "2015-12-31": "-56.21400", "2014-12-31": "-19.98600", "2013-12-31": "-18.53100", "2012-12-31": "-11.67500", "2011-12-31": "4.73000", "2010-12-31": "28.97300", "2009-12-31": "2.23600", "2008-12-31": "11.17600", "2007-12-31": "20.86200", "2006-12-31": "32.51100", "2005-12-31": ""}, "Cash Flow From Financial Activities": {"2019-12-31": "-35.67700", "2018-12-31": "233.60800", "2017-12-31": "-365.00500", "2016-12-31": "-359.77900", "2015-12-31": "-297.02900", "2014-12-31": "436.02700", "2013-12-31": "-115.24300", "2012-12-31": "-108.02900", "2011-12-31": "-294.03800", "2010-12-31": "-17.67600", "2009-12-31": "-42.53700", "2008-12-31": "33.14200", "2007-12-31": "52.46000", "2006-12-31": "60.42900", "2005-12-31": "159.09800"}, "Net Cash Flow": {"2019-12-31": "-642.84100", "2018-12-31": "722.55800", "2017-12-31": "-10.19700", "2016-12-31": "34.71600", "2015-12-31": "50.82300", "2014-12-31": "-95.24100", "2013-12-31": "131.90200", "2012-12-31": "-357.20800", "2011-12-31": "327.33100", "2010-12-31": "50.56100", "2009-12-31": "25.23100", "2008-12-31": "10.99600", "2007-12-31": "64.48300", "2006-12-31": "-11.19700", "2005-12-31": "56.47400"}, "Stock-Based Compensation": {"2019-12-31": "187.14000", "2018-12-31": "183.81300", "2017-12-31": "164.30800", "2016-12-31": "144.50600", "2015-12-31": "126.67700", "2014-12-31": "111.99600", "2013-12-31": "95.88400", "2012-12-31": "90.58500", "2011-12-31": "61.30500", "2010-12-31": "76.46800", "2009-12-31": "58.79700", "2008-12-31": "57.89900", "2007-12-31": "66.55500", "2006-12-31": "49.55600", "2005-12-31": "3.84900"}, "Common Stock Dividends Paid": {"2019-12-31": "", "2018-12-31": "", "2017-12-31": "", "2016-12-31": "", "2015-12-31": "", "2014-12-31": "", "2013-12-31": "", "2012-12-31": "", "2011-12-31": "", "2010-12-31": "", "2009-12-31": "", "2008-12-31": "", "2007-12-31": "", "2006-12-31": "", "2005-12-31": ""}}, "cash flow statement, quarterly": {"Net Income/Loss": {"2020-09-30": 158.623, "2020-06-30": 161.915, "2020-03-31": "123.14600", "2019-12-31": 119.1, "2019-09-30": 137.89, "2019-06-30": 113.915, "2019-03-31": "107.13000", "2018-12-31": 94.015, "2018-09-30": 107.583, "2018-06-30": 43.061, "2018-03-31": "53.71400", "2017-12-31": 27.52, "2017-09-30": 63.911, "2017-06-30": 56.752, "2017-03-31": "74.58300", "2016-12-31": 96.234, "2016-09-30": 76, "2016-06-30": 73.635, "2016-03-31": "74.85800", "2015-12-31": 88.42, "2015-09-30": 88.04, "2015-06-30": 67.2, "2015-03-31": "77.74600", "2014-12-31": 97.107, "2014-09-30": 91.155, "2014-06-30": 72.886, "2014-03-31": "72.80000", "2013-12-31": 80.349, "2013-09-30": 79.756, "2013-06-30": 61.895, "2013-03-31": "71.48700", "2012-12-31": 68.292, "2012-09-30": 48.231, "2012-06-30": 44.239, "2012-03-31": "43.22700", "2011-12-31": 60.081, "2011-09-30": 42.285, "2011-06-30": 47.921, "2011-03-31": "50.61700", "2010-12-31": 52.51, "2010-09-30": 39.709, "2010-06-30": 38.123, "2010-03-31": "40.87800", "2009-12-31": 40.08, "2009-09-30": 32.745, "2009-06-30": 36.007, "2009-03-31": "37.08100", "2008-12-31": 40.533, "2008-09-30": 33.36, "2008-06-30": 34.334, "2008-03-31": "36.91100", "2007-12-31": 35.878, "2007-09-30": 24.264, "2007-06-30": 21.646, "2007-03-31": "19.17900", "2006-12-31": 20.623, "2006-09-30": 14.019, "2006-06-30": 11.264, "2006-03-31": "11.49500", "2005-12-31": 25.759, "2005-09-30": 272.26, "2005-06-30": 15.9, "2005-03-31": "14.07900"}, "Total Depreciation And Amortization - Cash Flow": {"2020-09-30": 134.64, "2020-06-30": 131.257, "2020-03-31": "131.84100", "2019-12-31": 130.896, "2019-09-30": 121.737, "2019-06-30": 114.075, "2019-03-31": "119.82300", "2018-12-31": 130.408, "2018-09-30": 121.918, "2018-06-30": 115.207, "2018-03-31": "108.94500", "2017-12-31": 104.246, "2017-09-30": 101.924, "2017-06-30": 93.852, "2017-03-31": "91.13000", "2016-12-31": 88.688, "2016-09-30": 89.177, "2016-06-30": 89.753, "2016-03-31": "85.32200", "2015-12-31": 84.97, "2015-09-30": 79.416, "2015-06-30": 78.666, "2015-03-31": "75.03600", "2014-12-31": 72.287, "2014-09-30": 71.897, "2014-06-30": 63.228, "2014-03-31": "55.45700", "2013-12-31": 49.976, "2013-09-30": 47.954, "2013-06-30": 44.126, "2013-03-31": "42.37500", "2012-12-31": 54.96, "2012-09-30": 53.457, "2012-06-30": 50.112, "2012-03-31": "45.63400", "2011-12-31": 43.65, "2011-09-30": 41.761, "2011-06-30": 41.333, "2011-03-31": "41.13400", "2010-12-31": 39.179, "2010-09-30": 36.542, "2010-06-30": 34.858, "2010-03-31": "33.17000", "2009-12-31": 32.783, "2009-09-30": 31.775, "2009-06-30": 29.888, "2009-03-31": "28.88800", "2008-12-31": 27.662, "2008-09-30": 24.78, "2008-06-30": 23.621, "2008-03-31": "22.85700", "2007-12-31": 20.436, "2007-09-30": 19.452, "2007-06-30": 17.788, "2007-03-31": "15.05900", "2006-12-31": 12.013, "2006-09-30": 10.732, "2006-06-30": 9.778, "2006-03-31": "8.90300", "2005-12-31": 8.164, "2005-09-30": 7.792, "2005-06-30": 5.074, "2005-03-31": "4.14000"}, "Other Non-Cash Items": {"2020-09-30": 17.755, "2020-06-30": 66.225, "2020-03-31": "56.65700", "2019-12-31": 27.98, "2019-09-30": 49.386, "2019-06-30": 65.069, "2019-03-31": "54.16600", "2018-12-31": 39.271, "2018-09-30": 72.999, "2018-06-30": 46.831, "2018-03-31": "44.06900", "2017-12-31": 50.205, "2017-09-30": 31.805, "2017-06-30": 49.805, "2017-03-31": "67.28200", "2016-12-31": 64.899, "2016-09-30": 26.872, "2016-06-30": 37.373, "2016-03-31": "35.56500", "2015-12-31": 83.134, "2015-09-30": 29.391, "2015-06-30": -1.235, "2015-03-31": "25.28900", "2014-12-31": -17.556, "2014-09-30": 13.833, "2014-06-30": 48.268, "2014-03-31": "11.89800", "2013-12-31": 47.857, "2013-09-30": 16.408, "2013-06-30": 19.464, "2013-03-31": "17.87300", "2012-12-31": 9.144, "2012-09-30": 20.718, "2012-06-30": 23.793, "2012-03-31": "7.78300", "2011-12-31": 51.91, "2011-09-30": 36.043, "2011-06-30": 9.793, "2011-03-31": "7.13900", "2010-12-31": 6.704, "2010-09-30": 32.104, "2010-06-30": 30.821, "2010-03-31": "41.74500", "2009-12-31": 38.297, "2009-09-30": 32.276, "2009-06-30": 34.625, "2009-03-31": "38.34300", "2008-12-31": 31.614, "2008-09-30": 36.431, "2008-06-30": 31.078, "2008-03-31": "31.27300", "2007-12-31": 37.486, "2007-09-30": 32.053, "2007-06-30": 26.457, "2007-03-31": "17.71800", "2006-12-31": 12.01, "2006-09-30": 16.833, "2006-06-30": 16.871, "2006-03-31": "10.44300", "2005-12-31": -1.63, "2005-09-30": -252.754, "2005-06-30": 1.017, "2005-03-31": "1.02500"}, "Total Non-Cash Items": {"2020-09-30": 152.3951, "2020-06-30": 197.482, "2020-03-31": "188.49800", "2019-12-31": 158.876, "2019-09-30": 171.123, "2019-06-30": 179.144, "2019-03-31": "173.98900", "2018-12-31": 169.679, "2018-09-30": 194.917, "2018-06-30": 162.038, "2018-03-31": "153.01400", "2017-12-31": 154.451, "2017-09-30": 133.729, "2017-06-30": 143.657, "2017-03-31": "158.41200", "2016-12-31": 153.587, "2016-09-30": 116.049, "2016-06-30": 127.126, "2016-03-31": "120.88700", "2015-12-31": 168.104, "2015-09-30": 108.807, "2015-06-30": 77.431, "2015-03-31": "100.32500", "2014-12-31": 54.731, "2014-09-30": 85.73, "2014-06-30": 111.496, "2014-03-31": "67.35500", "2013-12-31": 97.833, "2013-09-30": 64.362, "2013-06-30": 63.59, "2013-03-31": "60.24800", "2012-12-31": 64.104, "2012-09-30": 74.175, "2012-06-30": 73.905, "2012-03-31": "53.41700", "2011-12-31": 95.56, "2011-09-30": 77.804, "2011-06-30": 51.126, "2011-03-31": "48.27300", "2010-12-31": 45.883, "2010-09-30": 68.646, "2010-06-30": 65.679, "2010-03-31": "74.91500", "2009-12-31": 71.08, "2009-09-30": 64.051, "2009-06-30": 64.513, "2009-03-31": "67.23100", "2008-12-31": 59.276, "2008-09-30": 61.211, "2008-06-30": 54.699, "2008-03-31": "54.13000", "2007-12-31": 57.922, "2007-09-30": 51.505, "2007-06-30": 44.245, "2007-03-31": "32.77700", "2006-12-31": 24.023, "2006-09-30": 27.565, "2006-06-30": 26.649, "2006-03-31": "19.34600", "2005-12-31": 6.534, "2005-09-30": -244.962, "2005-06-30": 6.091, "2005-03-31": "5.16500"}, "Change In Accounts Receivable": {"2020-09-30": 20.107, "2020-06-30": -31.633, "2020-03-31": "-73.91300", "2019-12-31": -26.327, "2019-09-30": -0.017, "2019-06-30": 5.639, "2019-03-31": "-43.76600", "2018-12-31": -16.834, "2018-09-30": 3.278, "2018-06-30": 1.53, "2018-03-31": "-18.41900", "2017-12-31": -40.631, "2017-09-30": -5.158, "2017-06-30": 15.611, "2017-03-31": "-19.87600", "2016-12-31": -25.447, "2016-09-30": 4.691, "2016-06-30": 1.88, "2016-03-31": "15.90600", "2015-12-31": -15.54, "2015-09-30": -26.415, "2015-06-30": 18.26, "2015-03-31": "-32.55200", "2014-12-31": -8.184, "2014-09-30": -8.959, "2014-06-30": -23.117, "2014-03-31": "-18.13700", "2013-12-31": -15.863, "2013-09-30": -16.118, "2013-06-30": -6.848, "2013-03-31": "-28.35500", "2012-12-31": 19.479, "2012-09-30": -27.974, "2012-06-30": 7.803, "2012-03-31": "-1.41600", "2011-12-31": -30.016, "2011-09-30": -8.277, "2011-06-30": -7.101, "2011-03-31": "7.55700", "2010-12-31": -17.221, "2010-09-30": 10.064, "2010-06-30": -18.988, "2010-03-31": "2.58200", "2009-12-31": -5.054, "2009-09-30": -6.765, "2009-06-30": 5.941, "2009-03-31": "4.71900", "2008-12-31": -10.582, "2008-09-30": -5.184, "2008-06-30": -3.636, "2008-03-31": "-2.07200", "2007-12-31": -11.386, "2007-09-30": -9.054, "2007-06-30": -12.156, "2007-03-31": "0.65900", "2006-12-31": -14.022, "2006-09-30": -3.257, "2006-06-30": -7.338, "2006-03-31": "-3.40300", "2005-12-31": -8.663, "2005-09-30": -4.194, "2005-06-30": -1.837, "2005-03-31": "-4.76100"}, "Change In Inventories": {"2020-09-30": 0, "2020-06-30": 0, "2020-03-31": "", "2019-12-31": 0, "2019-09-30": 0, "2019-06-30": 0, "2019-03-31": "", "2018-12-31": 0, "2018-09-30": 0, "2018-06-30": 0, "2018-03-31": "", "2017-12-31": 0, "2017-09-30": 0, "2017-06-30": 0, "2017-03-31": "", "2016-12-31": 0, "2016-09-30": 0, "2016-06-30": 0, "2016-03-31": "", "2015-12-31": 0, "2015-09-30": 0, "2015-06-30": 0, "2015-03-31": "", "2014-12-31": 0, "2014-09-30": 0, "2014-06-30": 0, "2014-03-31": "", "2013-12-31": 0, "2013-09-30": 0, "2013-06-30": 0, "2013-03-31": "", "2012-12-31": 0, "2012-09-30": 0, "2012-06-30": 0, "2012-03-31": "", "2011-12-31": 0, "2011-09-30": 0, "2011-06-30": 0, "2011-03-31": "", "2010-12-31": 0, "2010-09-30": 0, "2010-06-30": 0, "2010-03-31": "", "2009-12-31": 0, "2009-09-30": 0, "2009-06-30": 0, "2009-03-31": "", "2008-12-31": 0, "2008-09-30": 0, "2008-06-30": 0, "2008-03-31": "", "2007-12-31": 0, "2007-09-30": 0, "2007-06-30": 0, "2007-03-31": "", "2006-12-31": 0, "2006-09-30": 0, "2006-06-30": 0, "2006-03-31": "", "2005-12-31": 0, "2005-09-30": 0, "2005-06-30": 0, "2005-03-31": ""}, "Change In Accounts Payable": {"2020-09-30": 0, "2020-06-30": 0, "2020-03-31": "", "2019-12-31": 0, "2019-09-30": 0, "2019-06-30": 0, "2019-03-31": "", "2018-12-31": 0, "2018-09-30": 0, "2018-06-30": 0, "2018-03-31": "", "2017-12-31": 0, "2017-09-30": 0, "2017-06-30": 0, "2017-03-31": "", "2016-12-31": 0, "2016-09-30": 0, "2016-06-30": 0, "2016-03-31": "", "2015-12-31": 0, "2015-09-30": 0, "2015-06-30": 0, "2015-03-31": "", "2014-12-31": 0, "2014-09-30": 0, "2014-06-30": 0, "2014-03-31": "", "2013-12-31": 0, "2013-09-30": 0, "2013-06-30": 0, "2013-03-31": "", "2012-12-31": 0, "2012-09-30": 0, "2012-06-30": 0, "2012-03-31": "", "2011-12-31": 0, "2011-09-30": 0, "2011-06-30": 0, "2011-03-31": "", "2010-12-31": 0, "2010-09-30": 0, "2010-06-30": 0, "2010-03-31": "", "2009-12-31": 0, "2009-09-30": 0, "2009-06-30": 0, "2009-03-31": "", "2008-12-31": 0, "2008-09-30": 0, "2008-06-30": 0, "2008-03-31": "", "2007-12-31": 0, "2007-09-30": 0, "2007-06-30": 0, "2007-03-31": "", "2006-12-31": 0, "2006-09-30": 0, "2006-06-30": 0, "2006-03-31": "", "2005-12-31": 0, "2005-09-30": 0, "2005-06-30": 0, "2005-03-31": ""}, "Change In Assets/Liabilities": {"2020-09-30": -26.372, "2020-06-30": -9.129, "2020-03-31": "12.97000", "2019-12-31": -7.719, "2019-09-30": -34.959, "2019-06-30": -13.346, "2019-03-31": "8.86300", "2018-12-31": 4.978, "2018-09-30": -30.309, "2018-06-30": 8.831, "2018-03-31": "35.01300", "2017-12-31": 45.019, "2017-09-30": 4.118, "2017-06-30": 2.214, "2017-03-31": "-46.56100", "2016-12-31": -3.751, "2016-09-30": 12.498, "2016-06-30": -2.931, "2016-03-31": "12.09900", "2015-12-31": -19.418, "2015-09-30": 17.751, "2015-06-30": 16.756, "2015-03-31": "6.91300", "2014-12-31": -5.935, "2014-09-30": -10.061, "2014-06-30": -5.011, "2014-03-31": "-10.48400", "2013-12-31": 12.61, "2013-09-30": 9.853, "2013-06-30": -5.796, "2013-03-31": "-5.62800", "2012-12-31": -8.685, "2012-09-30": -1.057, "2012-06-30": 8.391, "2012-03-31": "5.21700", "2011-12-31": -8.657, "2011-09-30": 4.18, "2011-06-30": 17.256, "2011-03-31": "-9.54500", "2010-12-31": 29.681, "2010-09-30": -9.077, "2010-06-30": -23.584, "2010-03-31": "-17.25700", "2009-12-31": 5.116, "2009-09-30": -2.341, "2009-06-30": 1.906, "2009-03-31": "-1.08600", "2008-12-31": 4.631, "2008-09-30": -3.239, "2008-06-30": -8.045, "2008-03-31": "0.13200", "2007-12-31": -1.881, "2007-09-30": 0.146, "2007-06-30": -1.345, "2007-03-31": "0.24200", "2006-12-31": -3.698, "2006-09-30": -1.476, "2006-06-30": -1.916, "2006-03-31": "-0.56300", "2005-12-31": 1.704, "2005-09-30": 3.923, "2005-06-30": -1.045, "2005-03-31": "-0.30700"}, "Total Change In Assets/Liabilities": {"2020-09-30": 90.955, "2020-06-30": -60.706, "2020-03-31": "-88.40100", "2019-12-31": 4.164, "2019-09-30": -11.628, "2019-06-30": 24.87, "2019-03-31": "-120.26900", "2018-12-31": 22.461, "2018-09-30": 7.981, "2018-06-30": 14.582, "2018-03-31": "-14.71800", "2017-12-31": 15.47, "2017-09-30": 38.651, "2017-06-30": 24.224, "2017-03-31": "-90.37700", "2016-12-31": -65.599, "2016-09-30": 59.799, "2016-06-30": 43.608, "2016-03-31": "-4.37200", "2015-12-31": -9.432, "2015-09-30": -14.239, "2015-06-30": 119.392, "2015-03-31": "-78.34200", "2014-12-31": 43.703, "2014-09-30": -3.603, "2014-06-30": 15.842, "2014-03-31": "-51.13200", "2013-12-31": -6.45, "2013-09-30": 13.77, "2013-06-30": 15.579, "2013-03-31": "-38.51100", "2012-12-31": 20.317, "2012-09-30": 12.846, "2012-06-30": 31.408, "2012-03-31": "-4.14100", "2011-12-31": -26.011, "2011-09-30": -3.8, "2011-06-30": 12.801, "2011-03-31": "-10.37900", "2010-12-31": 11.966, "2010-09-30": 9.608, "2010-06-30": -17.422, "2010-03-31": "-28.04000", "2009-12-31": 13.709, "2009-09-30": 8.447, "2009-06-30": 3.311, "2009-03-31": "-13.84300", "2008-12-31": -7.336, "2008-09-30": -1.353, "2008-06-30": -19.239, "2008-03-31": "-3.03200", "2007-12-31": -22.281, "2007-09-30": 1.018, "2007-06-30": -30.116, "2007-03-31": "0.91700", "2006-12-31": -21.32, "2006-09-30": 6.906, "2006-06-30": -10.167, "2006-03-31": "2.32000", "2005-12-31": -4.62, "2005-09-30": -7.799, "2005-06-30": -5.067, "2005-03-31": "-0.54200"}, "Cash Flow From Operating Activities": {"2020-09-30": 401.973, "2020-06-30": 298.691, "2020-03-31": "223.24300", "2019-12-31": 282.14, "2019-09-30": 297.385, "2019-06-30": 317.929, "2019-03-31": "160.85000", "2018-12-31": 286.155, "2018-09-30": 310.481, "2018-06-30": 219.681, "2018-03-31": "192.01000", "2017-12-31": 197.441, "2017-09-30": 236.291, "2017-06-30": 224.633, "2017-03-31": "142.61800", "2016-12-31": 184.222, "2016-09-30": 251.848, "2016-06-30": 244.369, "2016-03-31": "191.37300", "2015-12-31": 247.092, "2015-09-30": 182.608, "2015-06-30": 264.023, "2015-03-31": "99.72900", "2014-12-31": 195.541, "2014-09-30": 173.282, "2014-06-30": 200.224, "2014-03-31": "89.02300", "2013-12-31": 171.732, "2013-09-30": 157.888, "2013-06-30": 141.064, "2013-03-31": "93.22400", "2012-12-31": 152.713, "2012-09-30": 135.252, "2012-06-30": 149.552, "2012-03-31": "92.50300", "2011-12-31": 129.63, "2011-09-30": 116.289, "2011-06-30": 111.848, "2011-03-31": "88.51100", "2010-12-31": 110.359, "2010-09-30": 117.963, "2010-06-30": 86.38, "2010-03-31": "87.75300", "2009-12-31": 124.869, "2009-09-30": 105.243, "2009-06-30": 103.831, "2009-03-31": "90.46900", "2008-12-31": 92.473, "2008-09-30": 93.218, "2008-06-30": 69.794, "2008-03-31": "88.00900", "2007-12-31": 71.519, "2007-09-30": 76.787, "2007-06-30": 35.775, "2007-03-31": "52.87300", "2006-12-31": 23.326, "2006-09-30": 48.49, "2006-06-30": 27.746, "2006-03-31": "33.16100", "2005-12-31": 27.673, "2005-09-30": 19.499, "2005-06-30": 16.924, "2005-03-31": "18.70200"}, "Net Change In Property, Plant, And Equipment": {"2020-09-30": -228.759, "2020-06-30": -120.239, "2020-03-31": "-215.42900", "2019-12-31": -133.666, "2019-09-30": -152.633, "2019-06-30": -133.349, "2019-03-31": "-142.42900", "2018-12-31": -117.334, "2018-09-30": -86.698, "2018-06-30": -88.634, "2018-03-31": "-113.07500", "2017-12-31": -106.852, "2017-09-30": -119.74, "2017-06-30": -97.005, "2017-03-31": "-91.18100", "2016-12-31": -75.938, "2016-09-30": -79.87, "2016-06-30": -78.141, "2016-03-31": "-82.34000", "2015-12-31": -78.837, "2015-09-30": -133.064, "2015-06-30": -96.013, "2015-03-31": "-137.06900", "2014-12-31": -92.32, "2014-09-30": -71.782, "2014-06-30": -70.519, "2014-03-31": "-84.00600", "2013-12-31": -63.096, "2013-09-30": -60.054, "2013-06-30": -76.354, "2013-03-31": "-60.56900", "2012-12-31": -61.94, "2012-09-30": -60.154, "2012-06-30": -55.537, "2012-03-31": "-43.33400", "2011-12-31": -39.782, "2011-09-30": -47.27, "2011-06-30": -42.677, "2011-03-31": "-46.21000", "2010-12-31": -48.576, "2010-09-30": -42.044, "2010-06-30": -66.082, "2010-03-31": "-35.16700", "2009-12-31": -29.183, "2009-09-30": -31.155, "2009-06-30": -24.651, "2009-03-31": "-23.06500", "2008-12-31": -20.43, "2008-09-30": -36.426, "2008-06-30": -30.303, "2008-03-31": "-28.14500", "2007-12-31": -15.91, "2007-09-30": -23.317, "2007-06-30": -29.692, "2007-03-31": "-31.54300", "2006-12-31": -22.476, "2006-09-30": -16.451, "2006-06-30": -14.227, "2006-03-31": "-16.17400", "2005-12-31": -8.105, "2005-09-30": -8.531, "2005-06-30": -9.805, "2005-03-31": "-9.71900"}, "Net Change In Intangible Assets": {"2020-09-30": 0, "2020-06-30": 0, "2020-03-31": "", "2019-12-31": 0, "2019-09-30": 0, "2019-06-30": 0, "2019-03-31": "", "2018-12-31": 0, "2018-09-30": 0, "2018-06-30": 0, "2018-03-31": "", "2017-12-31": 0, "2017-09-30": 0, "2017-06-30": 0, "2017-03-31": "", "2016-12-31": 0, "2016-09-30": 0, "2016-06-30": 0, "2016-03-31": "", "2015-12-31": 0, "2015-09-30": 0, "2015-06-30": 0, "2015-03-31": "", "2014-12-31": 0, "2014-09-30": 0, "2014-06-30": 0, "2014-03-31": "", "2013-12-31": 0, "2013-09-30": 0, "2013-06-30": 0, "2013-03-31": "", "2012-12-31": 0, "2012-09-30": 0, "2012-06-30": 0, "2012-03-31": "", "2011-12-31": 0, "2011-09-30": 0, "2011-06-30": 0, "2011-03-31": "", "2010-12-31": 0, "2010-09-30": 0, "2010-06-30": 0, "2010-03-31": "", "2009-12-31": 0, "2009-09-30": 0, "2009-06-30": 0, "2009-03-31": "", "2008-12-31": 0, "2008-09-30": 0, "2008-06-30": 0, "2008-03-31": "", "2007-12-31": 0, "2007-09-30": 0, "2007-06-30": 0, "2007-03-31": "", "2006-12-31": 0, "2006-09-30": 0, "2006-06-30": 0, "2006-03-31": "", "2005-12-31": 0, "2005-09-30": 0, "2005-06-30": 0, "2005-03-31": ""}, "Net Acquisitions/Divestitures": {"2020-09-30": 0, "2020-06-30": 36.376, "2020-03-31": "-36.27000", "2019-12-31": -43.92, "2019-09-30": 0, "2019-06-30": 0.055, "2019-03-31": "-121.46400", "2018-12-31": 0, "2018-09-30": 0, "2018-06-30": 0, "2018-03-31": "-0.07900", "2017-12-31": -171.872, "2017-09-30": 0, "2017-06-30": -197.191, "2017-03-31": "-0.01000", "2016-12-31": -92.503, "2016-09-30": -2.936, "2016-06-30": 0, "2016-03-31": "", "2015-12-31": -18.702, "2015-09-30": 0.5, "2015-06-30": -106.883, "2015-03-31": "-16.06200", "2014-12-31": 0, "2014-09-30": 0, "2014-06-30": 0.115, "2014-03-31": "-386.64700", "2013-12-31": -3.237, "2013-09-30": -27.5, "2013-06-30": 0.08, "2013-03-31": "", "2012-12-31": -30.65, "2012-09-30": -14.392, "2012-06-30": 0, "2012-03-31": "-291.63800", "2011-12-31": 0, "2011-09-30": 0, "2011-06-30": -0.375, "2011-03-31": "-0.17500", "2010-12-31": -0.458, "2010-09-30": -0.2, "2010-06-30": -12.01, "2010-03-31": "", "2009-12-31": 0, "2009-09-30": 0, "2009-06-30": 0, "2009-03-31": "-5.77900", "2008-12-31": -83.719, "2008-09-30": 0, "2008-06-30": 0, "2008-03-31": "", "2007-12-31": 0, "2007-09-30": 0, "2007-06-30": 2.44, "2007-03-31": "5.43500", "2006-12-31": -5.127, "2006-09-30": 0, "2006-06-30": 0, "2006-03-31": "", "2005-12-31": 0, "2005-09-30": 0, "2005-06-30": 1.717, "2005-03-31": ""}, "Net Change In Short-term Investments": {"2020-09-30": 6.153, "2020-06-30": 560.084, "2020-03-31": "-388.60000", "2019-12-31": -410.6819, "2019-09-30": -752.009, "2019-06-30": 268.153, "2019-03-31": "-10.38100", "2018-12-31": 288.423, "2018-09-30": -59.75, "2018-06-30": -329.704, "2018-03-31": "2.38400", "2017-12-31": 76.991, "2017-09-30": 17.384, "2017-06-30": 0.065, "2017-03-31": "231.83200", "2016-12-31": -0.209, "2016-09-30": -26.033, "2016-06-30": -61.508, "2016-03-31": "29.26600", "2015-12-31": 10.124, "2015-09-30": 19.24, "2015-06-30": -86.655, "2015-03-31": "210.35100", "2014-12-31": 234.4929, "2014-09-30": -388.416, "2014-06-30": 36.415, "2014-03-31": "-361.88400", "2013-12-31": 304.599, "2013-09-30": -301.667, "2013-06-30": 67.159, "2013-03-31": "-89.84100", "2012-12-31": 196.033, "2012-09-30": -253.401, "2012-06-30": 87.74, "2012-03-31": "-252.64900", "2011-12-31": -351.464, "2011-09-30": 478.093, "2011-06-30": -139.845, "2011-03-31": "-165.58100", "2010-12-31": -19.417, "2010-09-30": -0.956, "2010-06-30": -65.449, "2010-03-31": "-44.50000", "2009-12-31": -252.533, "2009-09-30": -162.179, "2009-06-30": 33.124, "2009-03-31": "-5.20400", "2008-12-31": 23.682, "2008-09-30": -80.455, "2008-06-30": -102.928, "2008-03-31": "-5.71600", "2007-12-31": 69.248, "2007-09-30": -153.341, "2007-06-30": -48.417, "2007-03-31": "-1.61000", "2006-12-31": -301.397, "2006-09-30": -22.277, "2006-06-30": -17.958, "2006-03-31": "-53.83900", "2005-12-31": -169.88, "2005-09-30": 27.199, "2005-06-30": -1.31, "2005-03-31": "-5.34100"}, "Net Change In Long-Term Investments": {"2020-09-30": 0, "2020-06-30": -529.637, "2020-03-31": "529.63700", "2019-12-31": 0, "2019-09-30": 0, "2019-06-30": -547.793, "2019-03-31": "547.79300", "2018-12-31": 0, "2018-09-30": 0, "2018-06-30": 0, "2018-03-31": "", "2017-12-31": 0, "2017-09-30": 0, "2017-06-30": 0, "2017-03-31": "", "2016-12-31": 0, "2016-09-30": 0, "2016-06-30": 0, "2016-03-31": "", "2015-12-31": 0, "2015-09-30": 0, "2015-06-30": 0, "2015-03-31": "", "2014-12-31": -277.109, "2014-09-30": 277.109, "2014-06-30": -102.911, "2014-03-31": "102.91100", "2013-12-31": -265.495, "2013-09-30": 265.495, "2013-06-30": -66.171, "2013-03-31": "66.17100", "2012-12-31": -214.159, "2012-09-30": 214.159, "2012-06-30": -89.414, "2012-03-31": "89.41400", "2011-12-31": 532.689, "2011-09-30": -238.207, "2011-06-30": 101.195, "2011-03-31": "137.23300", "2010-12-31": 0, "2010-09-30": 0, "2010-06-30": 0, "2010-03-31": "-0.50000", "2009-12-31": 141.544, "2009-09-30": 0, "2009-06-30": 0, "2009-03-31": "", "2008-12-31": 0, "2008-09-30": 0, "2008-06-30": 0, "2008-03-31": "", "2007-12-31": -144.683, "2007-09-30": 144.683, "2007-06-30": 0, "2007-03-31": "", "2006-12-31": 264.308, "2006-09-30": 0, "2006-06-30": 0, "2006-03-31": "", "2005-12-31": 0, "2005-09-30": 0, "2005-06-30": 0, "2005-03-31": ""}, "Net Change In Investments - Total": {"2020-09-30": 6.153, "2020-06-30": 30.447, "2020-03-31": "141.03700", "2019-12-31": -410.6819, "2019-09-30": -752.009, "2019-06-30": -279.64, "2019-03-31": "537.41200", "2018-12-31": 288.423, "2018-09-30": -59.75, "2018-06-30": -329.704, "2018-03-31": "2.38400", "2017-12-31": 76.991, "2017-09-30": 17.384, "2017-06-30": 0.065, "2017-03-31": "231.83200", "2016-12-31": -0.209, "2016-09-30": -26.033, "2016-06-30": -61.508, "2016-03-31": "29.26600", "2015-12-31": 10.124, "2015-09-30": 19.24, "2015-06-30": -86.655, "2015-03-31": "210.35100", "2014-12-31": -42.6161, "2014-09-30": -111.307, "2014-06-30": -66.496, "2014-03-31": "-258.97300", "2013-12-31": 39.104, "2013-09-30": -36.172, "2013-06-30": 0.988, "2013-03-31": "-23.67000", "2012-12-31": -18.126, "2012-09-30": -39.242, "2012-06-30": -1.674, "2012-03-31": "-163.23500", "2011-12-31": 181.225, "2011-09-30": 239.886, "2011-06-30": -38.65, "2011-03-31": "-28.34800", "2010-12-31": -19.417, "2010-09-30": -0.956, "2010-06-30": -65.449, "2010-03-31": "-45.00000", "2009-12-31": -110.989, "2009-09-30": -162.179, "2009-06-30": 33.124, "2009-03-31": "-5.20400", "2008-12-31": 23.682, "2008-09-30": -80.455, "2008-06-30": -102.928, "2008-03-31": "-5.71600", "2007-12-31": -75.435, "2007-09-30": -8.658, "2007-06-30": -48.417, "2007-03-31": "-1.61000", "2006-12-31": -37.089, "2006-09-30": -22.277, "2006-06-30": -17.958, "2006-03-31": "-53.83900", "2005-12-31": -169.88, "2005-09-30": 27.199, "2005-06-30": -1.31, "2005-03-31": "-5.34100"}, "Investing Activities - Other": {"2020-09-30": -2.059, "2020-06-30": -36.221, "2020-03-31": "-0.07600", "2019-12-31": -1.496, "2019-09-30": -0.342, "2019-06-30": 3.507, "2019-03-31": "-37.27800", "2018-12-31": 0.612, "2018-09-30": -2.199, "2018-06-30": 0.236, "2018-03-31": "-0.71500", "2017-12-31": -0.42, "2017-09-30": -0.023, "2017-06-30": -0.808, "2017-03-31": "-0.33500", "2016-12-31": 3.931, "2016-09-30": -1.633, "2016-06-30": 0.842, "2016-03-31": "-2.35400", "2015-12-31": 0.543, "2015-09-30": -1.128, "2015-06-30": -1.827, "2015-03-31": "-0.08200", "2014-12-31": -1.477, "2014-09-30": 5.194, "2014-06-30": 2.86, "2014-03-31": "-0.83200", "2013-12-31": 0.692, "2013-09-30": -2.958, "2013-06-30": -0.362, "2013-03-31": "", "2012-12-31": -0.167, "2012-09-30": 0.979, "2012-06-30": 0, "2012-03-31": "", "2011-12-31": -0.274, "2011-09-30": -0.221, "2011-06-30": 0, "2011-03-31": "0.22100", "2010-12-31": -0.008, "2010-09-30": 0.008, "2010-06-30": 0, "2010-03-31": "", "2009-12-31": 0.233, "2009-09-30": 0, "2009-06-30": 1.35, "2009-03-31": "", "2008-12-31": 0, "2008-09-30": 0, "2008-06-30": 0, "2008-03-31": "", "2007-12-31": 0, "2007-09-30": 0, "2007-06-30": 0, "2007-03-31": "", "2006-12-31": 0, "2006-09-30": 0, "2006-06-30": 0, "2006-03-31": "", "2005-12-31": 0, "2005-09-30": 0, "2005-06-30": 0, "2005-03-31": ""}, "Cash Flow From Investing Activities": {"2020-09-30": -224.665, "2020-06-30": -89.637, "2020-03-31": "-110.73800", "2019-12-31": -589.764, "2019-09-30": -904.984, "2019-06-30": -409.427, "2019-03-31": "236.24100", "2018-12-31": 171.701, "2018-09-30": -148.647, "2018-06-30": -418.102, "2018-03-31": "-111.48500", "2017-12-31": -202.153, "2017-09-30": -102.379, "2017-06-30": -294.939, "2017-03-31": "140.30600", "2016-12-31": -164.719, "2016-09-30": -110.472, "2016-06-30": -138.807, "2016-03-31": "-55.42800", "2015-12-31": -86.872, "2015-09-30": -114.452, "2015-06-30": -291.378, "2015-03-31": "57.13800", "2014-12-31": -136.413, "2014-09-30": -177.895, "2014-06-30": -134.04, "2014-03-31": "-730.45800", "2013-12-31": -26.537, "2013-09-30": -126.684, "2013-06-30": -75.648, "2013-03-31": "-84.23900", "2012-12-31": -110.883, "2012-09-30": -112.809, "2012-06-30": -57.211, "2012-03-31": "-498.20700", "2011-12-31": 141.169, "2011-09-30": 192.395, "2011-06-30": -81.702, "2011-03-31": "-74.51200", "2010-12-31": -68.459, "2010-09-30": -43.192, "2010-06-30": -143.541, "2010-03-31": "-80.16700", "2009-12-31": -139.939, "2009-09-30": -193.334, "2009-06-30": 9.823, "2009-03-31": "-34.04800", "2008-12-31": -80.467, "2008-09-30": -116.881, "2008-06-30": -133.231, "2008-03-31": "-33.86100", "2007-12-31": -91.345, "2007-09-30": -31.975, "2007-06-30": -75.669, "2007-03-31": "-27.71800", "2006-12-31": -64.692, "2006-09-30": -38.728, "2006-06-30": -32.185, "2006-03-31": "-70.01300", "2005-12-31": -177.985, "2005-09-30": 18.668, "2005-06-30": -9.398, "2005-03-31": "-15.06000"}, "Net Long-Term Debt": {"2020-09-30": 0, "2020-06-30": 0, "2020-03-31": "", "2019-12-31": 185.15, "2019-09-30": 823.4041, "2019-06-30": 0, "2019-03-31": "-690.00000", "2018-12-31": 119.9449, "2018-09-30": -0.4369, "2018-06-30": 870.882, "2018-03-31": "", "2017-12-31": 0, "2017-09-30": 0, "2017-06-30": 0, "2017-03-31": "", "2016-12-31": 0, "2016-09-30": 0, "2016-06-30": 0, "2016-03-31": "", "2015-12-31": 0, "2015-09-30": 0, "2015-06-30": 0, "2015-03-31": "", "2014-12-31": 0, "2014-09-30": 0, "2014-06-30": -0.868, "2014-03-31": "638.41900", "2013-12-31": 0, "2013-09-30": 0, "2013-06-30": 0, "2013-03-31": "", "2012-12-31": 0, "2012-09-30": 0, "2012-06-30": 0, "2012-03-31": "", "2011-12-31": 0, "2011-09-30": 0, "2011-06-30": 0, "2011-03-31": "", "2010-12-31": 0, "2010-09-30": 0, "2010-06-30": 0, "2010-03-31": "", "2009-12-31": 0, "2009-09-30": 0, "2009-06-30": 0, "2009-03-31": "", "2008-12-31": 0, "2008-09-30": 0, "2008-06-30": 0, "2008-03-31": "", "2007-12-31": 0, "2007-09-30": 0, "2007-06-30": -0.023, "2007-03-31": "", "2006-12-31": 0, "2006-09-30": 0, "2006-06-30": 0, "2006-03-31": "", "2005-12-31": -0.42, "2005-09-30": -56.785, "2005-06-30": -0.093, "2005-03-31": "-0.13400"}, "Net Current Debt": {"2020-09-30": 0, "2020-06-30": 0, "2020-03-31": "", "2019-12-31": 0, "2019-09-30": 0, "2019-06-30": 0, "2019-03-31": "", "2018-12-31": 0, "2018-09-30": 0, "2018-06-30": 0, "2018-03-31": "", "2017-12-31": 0, "2017-09-30": 0, "2017-06-30": 0, "2017-03-31": "", "2016-12-31": 0, "2016-09-30": 0, "2016-06-30": 0, "2016-03-31": "", "2015-12-31": 0, "2015-09-30": 0, "2015-06-30": 0, "2015-03-31": "", "2014-12-31": 0, "2014-09-30": 0, "2014-06-30": 0, "2014-03-31": "", "2013-12-31": 0, "2013-09-30": 0, "2013-06-30": 0, "2013-03-31": "", "2012-12-31": 0, "2012-09-30": 0, "2012-06-30": 0, "2012-03-31": "", "2011-12-31": 0, "2011-09-30": 0, "2011-06-30": 0, "2011-03-31": "", "2010-12-31": 0, "2010-09-30": 0, "2010-06-30": 0, "2010-03-31": "", "2009-12-31": 0, "2009-09-30": 0, "2009-06-30": 0, "2009-03-31": "", "2008-12-31": 0, "2008-09-30": 0, "2008-06-30": 0, "2008-03-31": "", "2007-12-31": 0, "2007-09-30": 0, "2007-06-30": 0, "2007-03-31": "", "2006-12-31": 0, "2006-09-30": 0, "2006-06-30": 0, "2006-03-31": "", "2005-12-31": 0, "2005-09-30": 0, "2005-06-30": 0, "2005-03-31": ""}, "Debt Issuance/Retirement Net - Total": {"2020-09-30": 0, "2020-06-30": 0, "2020-03-31": "", "2019-12-31": 185.15, "2019-09-30": 823.4041, "2019-06-30": 0, "2019-03-31": "-690.00000", "2018-12-31": 119.9449, "2018-09-30": -0.4369, "2018-06-30": 870.882, "2018-03-31": "", "2017-12-31": 0, "2017-09-30": 0, "2017-06-30": 0, "2017-03-31": "", "2016-12-31": 0, "2016-09-30": 0, "2016-06-30": 0, "2016-03-31": "", "2015-12-31": 0, "2015-09-30": 0, "2015-06-30": 0, "2015-03-31": "", "2014-12-31": 0, "2014-09-30": 0, "2014-06-30": -0.868, "2014-03-31": "638.41900", "2013-12-31": 0, "2013-09-30": 0, "2013-06-30": 0, "2013-03-31": "", "2012-12-31": 0, "2012-09-30": 0, "2012-06-30": 0, "2012-03-31": "", "2011-12-31": 0, "2011-09-30": 0, "2011-06-30": 0, "2011-03-31": "", "2010-12-31": 0, "2010-09-30": 0, "2010-06-30": 0, "2010-03-31": "", "2009-12-31": 0, "2009-09-30": 0, "2009-06-30": 0, "2009-03-31": "", "2008-12-31": 0, "2008-09-30": 0, "2008-06-30": 0, "2008-03-31": "", "2007-12-31": 0, "2007-09-30": 0, "2007-06-30": -0.023, "2007-03-31": "", "2006-12-31": 0, "2006-09-30": 0, "2006-06-30": 0, "2006-03-31": "", "2005-12-31": -0.42, "2005-09-30": -56.785, "2005-06-30": -0.093, "2005-03-31": "-0.13400"}, "Net Common Equity Issued/Repurchased": {"2020-09-30": 2.809, "2020-06-30": -17.071, "2020-03-31": "-61.00400", "2019-12-31": -213.973, "2019-09-30": 24.041, "2019-06-30": -72.377, "2019-03-31": "-15.09800", "2018-12-31": -233.909, "2018-09-30": -422.019, "2018-06-30": -34.417, "2018-03-31": "2.95300", "2017-12-31": -40.625, "2017-09-30": -112.954, "2017-06-30": -96.998, "2017-03-31": "-54.93700", "2016-12-31": -61.706, "2016-09-30": -79.913, "2016-06-30": -82.24, "2016-03-31": "-90.37500", "2015-12-31": -92.677, "2015-09-30": -58.582, "2015-06-30": -51.316, "2015-03-31": "-38.24000", "2014-12-31": -30.386, "2014-09-30": -21.66, "2014-06-30": -57.674, "2014-03-31": "-71.81800", "2013-12-31": -38.722, "2013-09-30": -3.469, "2013-06-30": -24.607, "2013-03-31": "-29.91400", "2012-12-31": -18.465, "2012-09-30": -25.332, "2012-06-30": -51.722, "2012-03-31": "-0.83500", "2011-12-31": -64.335, "2011-09-30": -153.942, "2011-06-30": -40.772, "2011-03-31": "-39.71900", "2010-12-31": -13.469, "2010-09-30": -11.552, "2010-06-30": -3.429, "2010-03-31": "-18.19900", "2009-12-31": -6.964, "2009-09-30": -31.667, "2009-06-30": -9.906, "2009-03-31": "3.76400", "2008-12-31": 2.164, "2008-09-30": 1.67, "2008-06-30": 13.623, "2008-03-31": "4.50900", "2007-12-31": 9.035, "2007-09-30": 4.835, "2007-06-30": 11.059, "2007-03-31": "6.69200", "2006-12-31": 9.267, "2006-09-30": 7.186, "2006-06-30": 6.822, "2006-03-31": "4.64300", "2005-12-31": 208.809, "2005-09-30": 1.933, "2005-06-30": 4.145, "2005-03-31": "1.64300"}, "Net Total Equity Issued/Repurchased": {"2020-09-30": 2.809, "2020-06-30": -17.071, "2020-03-31": "-61.00400", "2019-12-31": -213.973, "2019-09-30": 24.041, "2019-06-30": -72.377, "2019-03-31": "-15.09800", "2018-12-31": -233.909, "2018-09-30": -422.019, "2018-06-30": -34.417, "2018-03-31": "2.95300", "2017-12-31": -40.625, "2017-09-30": -112.954, "2017-06-30": -96.998, "2017-03-31": "-54.93700", "2016-12-31": -61.706, "2016-09-30": -79.913, "2016-06-30": -82.24, "2016-03-31": "-90.37500", "2015-12-31": -92.677, "2015-09-30": -58.582, "2015-06-30": -51.316, "2015-03-31": "-38.24000", "2014-12-31": -30.386, "2014-09-30": -21.66, "2014-06-30": -57.674, "2014-03-31": "-71.81800", "2013-12-31": -38.722, "2013-09-30": -3.469, "2013-06-30": -24.607, "2013-03-31": "-29.91400", "2012-12-31": -18.465, "2012-09-30": -25.332, "2012-06-30": -51.722, "2012-03-31": "-0.83500", "2011-12-31": -64.335, "2011-09-30": -153.942, "2011-06-30": -40.772, "2011-03-31": "-39.71900", "2010-12-31": -13.469, "2010-09-30": -11.552, "2010-06-30": -3.429, "2010-03-31": "-18.19900", "2009-12-31": -6.964, "2009-09-30": -31.667, "2009-06-30": -9.906, "2009-03-31": "3.76400", "2008-12-31": 2.164, "2008-09-30": 1.67, "2008-06-30": 13.623, "2008-03-31": "4.50900", "2007-12-31": 9.035, "2007-09-30": 4.835, "2007-06-30": 11.059, "2007-03-31": "6.69200", "2006-12-31": 9.267, "2006-09-30": 7.186, "2006-06-30": 6.822, "2006-03-31": "4.64300", "2005-12-31": 208.809, "2005-09-30": 1.933, "2005-06-30": 4.145, "2005-03-31": "1.64300"}, "Total Common And Preferred Stock Dividends Paid": {"2020-09-30": 0, "2020-06-30": 0, "2020-03-31": "", "2019-12-31": 0, "2019-09-30": 0, "2019-06-30": 0, "2019-03-31": "", "2018-12-31": 0, "2018-09-30": 0, "2018-06-30": 0, "2018-03-31": "", "2017-12-31": 0, "2017-09-30": 0, "2017-06-30": 0, "2017-03-31": "", "2016-12-31": 0, "2016-09-30": 0, "2016-06-30": 0, "2016-03-31": "", "2015-12-31": 0, "2015-09-30": 0, "2015-06-30": 0, "2015-03-31": "", "2014-12-31": 0, "2014-09-30": 0, "2014-06-30": 0, "2014-03-31": "", "2013-12-31": 0, "2013-09-30": 0, "2013-06-30": 0, "2013-03-31": "", "2012-12-31": 0, "2012-09-30": 0, "2012-06-30": 0, "2012-03-31": "", "2011-12-31": 0, "2011-09-30": 0, "2011-06-30": 0, "2011-03-31": "", "2010-12-31": 0, "2010-09-30": 0, "2010-06-30": 0, "2010-03-31": "", "2009-12-31": 0, "2009-09-30": 0, "2009-06-30": 0, "2009-03-31": "", "2008-12-31": 0, "2008-09-30": 0, "2008-06-30": 0, "2008-03-31": "", "2007-12-31": 0, "2007-09-30": 0, "2007-06-30": 0, "2007-03-31": "", "2006-12-31": 0, "2006-09-30": 0, "2006-06-30": 0, "2006-03-31": "", "2005-12-31": 0, "2005-09-30": 0, "2005-06-30": 0, "2005-03-31": ""}, "Financial Activities - Other": {"2020-09-30": -13.369, "2020-06-30": -13.095, "2020-03-31": "-50.83500", "2019-12-31": -14.15, "2019-09-30": -11.16, "2019-06-30": -11.317, "2019-03-31": "-40.19700", "2018-12-31": -12.16, "2018-09-30": -11.078, "2018-06-30": -12.538, "2018-03-31": "-33.61400", "2017-12-31": -10.273, "2017-09-30": -6.784, "2017-06-30": -8.513, "2017-03-31": "-33.92100", "2016-12-31": -6.985, "2016-09-30": -6.15, "2016-06-30": -5.914, "2016-03-31": "-26.49600", "2015-12-31": -31.844, "2015-09-30": -6.503, "2015-06-30": 0.106, "2015-03-31": "-17.97300", "2014-12-31": 0.836, "2014-09-30": -6.235, "2014-06-30": -3.494, "2014-03-31": "-11.09300", "2013-12-31": -8.124, "2013-09-30": 1.096, "2013-06-30": 1.693, "2013-03-31": "-13.19600", "2012-12-31": -2.698, "2012-09-30": 0.17, "2012-06-30": -0.906, "2012-03-31": "-8.24100", "2011-12-31": -1.05, "2011-09-30": -1.563, "2011-06-30": -1.669, "2011-03-31": "9.01200", "2010-12-31": 6.594, "2010-09-30": 9.456, "2010-06-30": 9.75, "2010-03-31": "3.17300", "2009-12-31": 0.865, "2009-09-30": 0.713, "2009-06-30": 0.333, "2009-03-31": "0.32500", "2008-12-31": 0.143, "2008-09-30": 0.751, "2008-06-30": 7.005, "2008-03-31": "3.27700", "2007-12-31": 2.551, "2007-09-30": 2.338, "2007-06-30": 4.618, "2007-03-31": "11.35500", "2006-12-31": 12.91, "2006-09-30": 8.735, "2006-06-30": 5.467, "2006-03-31": "5.39900", "2005-12-31": 0, "2005-09-30": 0, "2005-06-30": 0, "2005-03-31": ""}, "Cash Flow From Financial Activities": {"2020-09-30": -10.56, "2020-06-30": -30.166, "2020-03-31": "-111.83900", "2019-12-31": -42.973, "2019-09-30": 836.285, "2019-06-30": -83.694, "2019-03-31": "-745.29500", "2018-12-31": -126.124, "2018-09-30": -433.534, "2018-06-30": 823.927, "2018-03-31": "-30.66100", "2017-12-31": -50.898, "2017-09-30": -119.738, "2017-06-30": -105.511, "2017-03-31": "-88.85800", "2016-12-31": -68.691, "2016-09-30": -86.063, "2016-06-30": -88.154, "2016-03-31": "-116.87100", "2015-12-31": -124.521, "2015-09-30": -65.085, "2015-06-30": -51.21, "2015-03-31": "-56.21300", "2014-12-31": -29.55, "2014-09-30": -27.895, "2014-06-30": -62.036, "2014-03-31": "555.50800", "2013-12-31": -46.846, "2013-09-30": -2.373, "2013-06-30": -22.914, "2013-03-31": "-43.11000", "2012-12-31": -21.163, "2012-09-30": -25.162, "2012-06-30": -52.628, "2012-03-31": "-9.07600", "2011-12-31": -65.385, "2011-09-30": -155.505, "2011-06-30": -42.441, "2011-03-31": "-30.70700", "2010-12-31": -6.875, "2010-09-30": -2.096, "2010-06-30": 6.321, "2010-03-31": "-15.02600", "2009-12-31": -6.099, "2009-09-30": -30.954, "2009-06-30": -9.573, "2009-03-31": "4.08900", "2008-12-31": 2.307, "2008-09-30": 2.421, "2008-06-30": 20.628, "2008-03-31": "7.78600", "2007-12-31": 11.586, "2007-09-30": 7.173, "2007-06-30": 15.654, "2007-03-31": "18.04700", "2006-12-31": 22.177, "2006-09-30": 15.921, "2006-06-30": 12.289, "2006-03-31": "10.04200", "2005-12-31": 208.389, "2005-09-30": -54.852, "2005-06-30": 4.052, "2005-03-31": "1.50900"}, "Net Cash Flow": {"2020-09-30": 171.111, "2020-06-30": 187.043, "2020-03-31": "-8.31700", "2019-12-31": -345.481, "2019-09-30": 223.358, "2019-06-30": -174.115, "2019-03-31": "-346.60300", "2018-12-31": 330.416, "2018-09-30": -271.768, "2018-06-30": 612.881, "2018-03-31": "51.02900", "2017-12-31": -54.979, "2017-09-30": 16.281, "2017-06-30": -170.584, "2017-03-31": "199.08500", "2016-12-31": -57.614, "2016-09-30": 55.159, "2016-06-30": 13.732, "2016-03-31": "23.43900", "2015-12-31": 33.002, "2015-09-30": -0.977, "2015-06-30": -75.109, "2015-03-31": "93.90700", "2014-12-31": 24.311, "2014-09-30": -39.826, "2014-06-30": 5.439, "2014-03-31": "-85.16500", "2013-12-31": 98.876, "2013-09-30": 30.15, "2013-06-30": 39.59, "2013-03-31": "-36.71400", "2012-12-31": 19.339, "2012-09-30": -0.346, "2012-06-30": 38.272, "2012-03-31": "-414.47300", "2011-12-31": 203.598, "2011-09-30": 149.97, "2011-06-30": -11.545, "2011-03-31": "-14.69200", "2010-12-31": 34.299, "2010-09-30": 77.061, "2010-06-30": -52.718, "2010-03-31": "-8.08100", "2009-12-31": -21.497, "2009-09-30": -118.281, "2009-06-30": 105.873, "2009-03-31": "59.13600", "2008-12-31": 14.052, "2008-09-30": -23.395, "2008-06-30": -43.078, "2008-03-31": "63.41700", "2007-12-31": -7.726, "2007-09-30": 52.642, "2007-06-30": -24.083, "2007-03-31": "43.65000", "2006-12-31": -18.528, "2006-09-30": 25.621, "2006-06-30": 8.48, "2006-03-31": "-26.77000", "2005-12-31": 57.708, "2005-09-30": -16.944, "2005-06-30": 11.147, "2005-03-31": "4.56300"}, "Stock-Based Compensation": {"2020-09-30": 50.217, "2020-06-30": 49.191, "2020-03-31": "47.49300", "2019-12-31": 46.878, "2019-09-30": 46.815, "2019-06-30": 48.142, "2019-03-31": "45.30500", "2018-12-31": 44.998, "2018-09-30": 46.632, "2018-06-30": 47.497, "2018-03-31": "44.68600", "2017-12-31": 42.205, "2017-09-30": 41.848, "2017-06-30": 41.269, "2017-03-31": "38.98600", "2016-12-31": 39.202, "2016-09-30": 38.652, "2016-06-30": 34.911, "2016-03-31": "31.74100", "2015-12-31": 33.711, "2015-09-30": 31.046, "2015-06-30": 32.251, "2015-03-31": "29.66900", "2014-12-31": 51.154, "2014-09-30": 4.05, "2014-06-30": 31.678, "2014-03-31": "25.11400", "2013-12-31": 23.673, "2013-09-30": 24.479, "2013-06-30": 24.801, "2013-03-31": "22.93100", "2012-12-31": 21.405, "2012-09-30": 22.635, "2012-06-30": 25.621, "2012-03-31": "20.92400", "2011-12-31": 18.84, "2011-09-30": 15.141, "2011-06-30": 11.612, "2011-03-31": "15.71200", "2010-12-31": 18.495, "2010-09-30": 18.589, "2010-06-30": 20.276, "2010-03-31": "19.10800", "2009-12-31": 16.798, "2009-09-30": 13.612, "2009-06-30": 13.32, "2009-03-31": "15.06700", "2008-12-31": 15.529, "2008-09-30": 14.122, "2008-06-30": 16.997, "2008-03-31": "11.25100", "2007-12-31": 15.608, "2007-09-30": 16.909, "2007-06-30": 17.208, "2007-03-31": "16.83000", "2006-12-31": 14.78, "2006-09-30": 14.514, "2006-06-30": 13.175, "2006-03-31": "7.08700", "2005-12-31": 1.582, "2005-09-30": 1.383, "2005-06-30": 0.657, "2005-03-31": "0.22700"}, "Common Stock Dividends Paid": {"2020-09-30": 0, "2020-06-30": 0, "2020-03-31": "", "2019-12-31": 0, "2019-09-30": 0, "2019-06-30": 0, "2019-03-31": "", "2018-12-31": 0, "2018-09-30": 0, "2018-06-30": 0, "2018-03-31": "", "2017-12-31": 0, "2017-09-30": 0, "2017-06-30": 0, "2017-03-31": "", "2016-12-31": 0, "2016-09-30": 0, "2016-06-30": 0, "2016-03-31": "", "2015-12-31": 0, "2015-09-30": 0, "2015-06-30": 0, "2015-03-31": "", "2014-12-31": 0, "2014-09-30": 0, "2014-06-30": 0, "2014-03-31": "", "2013-12-31": 0, "2013-09-30": 0, "2013-06-30": 0, "2013-03-31": "", "2012-12-31": 0, "2012-09-30": 0, "2012-06-30": 0, "2012-03-31": "", "2011-12-31": 0, "2011-09-30": 0, "2011-06-30": 0, "2011-03-31": "", "2010-12-31": 0, "2010-09-30": 0, "2010-06-30": 0, "2010-03-31": "", "2009-12-31": 0, "2009-09-30": 0, "2009-06-30": 0, "2009-03-31": "", "2008-12-31": 0, "2008-09-30": 0, "2008-06-30": 0, "2008-03-31": "", "2007-12-31": 0, "2007-09-30": 0, "2007-06-30": 0, "2007-03-31": "", "2006-12-31": 0, "2006-09-30": 0, "2006-06-30": 0, "2006-03-31": "", "2005-12-31": 0, "2005-09-30": 0, "2005-06-30": 0, "2005-03-31": ""}}, "financial ratios": {"Current Ratio": {"2019-12-31": "3.21870", "2018-12-31": "2.09410", "2017-12-31": "2.94780", "2016-12-31": "3.49700", "2015-12-31": "3.76970", "2014-12-31": "3.78000", "2013-12-31": "3.91280", "2012-12-31": "3.58910", "2011-12-31": "7.56120", "2010-12-31": "5.91430", "2009-12-31": "2.32570", "2008-12-31": "4.99630", "2007-12-31": "7.86470", "2006-12-31": "4.19740", "2005-12-31": "5.73720"}, "Long-term Debt / Capital": {"2019-12-31": "0.33460", "2018-12-31": "0.21500", "2017-12-31": "0.16470", "2016-12-31": "0.16560", "2015-12-31": "0.16530", "2014-12-31": "0.17040", "2013-12-31": "", "2012-12-31": "", "2011-12-31": "", "2010-12-31": "", "2009-12-31": "", "2008-12-31": "0.11300", "2007-12-31": "0.12820", "2006-12-31": "0.17320", "2005-12-31": "0.24270"}, "Debt/Equity Ratio": {"2019-12-31": "0.50300", "2018-12-31": "0.48890", "2017-12-31": "0.19720", "2016-12-31": "0.19850", "2015-12-31": "0.19800", "2014-12-31": "0.20540", "2013-12-31": "", "2012-12-31": "", "2011-12-31": "", "2010-12-31": "", "2009-12-31": "0.11490", "2008-12-31": "0.12740", "2007-12-31": "0.14710", "2006-12-31": "0.20950", "2005-12-31": "0.32040"}, "Gross Margin": {"2019-12-31": "65.86890", "2018-12-31": "64.87400", "2017-12-31": "64.81220", "2016-12-31": "65.54050", "2015-12-31": "66.97900", "2014-12-31": "68.89090", "2013-12-31": "67.61010", "2012-12-31": "61.43230", "2011-12-31": "60.83820", "2010-12-31": "70.35880", "2009-12-31": "70.92980", "2008-12-31": "71.85440", "2007-12-31": "73.68910", "2006-12-31": "78.04850", "2005-12-31": "80.34190"}, "Operating Margin": {"2019-12-31": "18.97000", "2018-12-31": "13.35430", "2017-12-31": "12.62690", "2016-12-31": "19.86850", "2015-12-31": "21.21330", "2014-12-31": "24.92620", "2013-12-31": "26.23500", "2012-12-31": "22.88930", "2011-12-31": "25.08760", "2010-12-31": "24.84180", "2009-12-31": "25.99290", "2008-12-31": "26.83750", "2007-12-31": "22.77290", "2006-12-31": "19.38690", "2005-12-31": "25.91700"}, "EBIT Margin": {"2019-12-31": "18.97000", "2018-12-31": "13.35430", "2017-12-31": "12.62690", "2016-12-31": "19.86850", "2015-12-31": "21.21330", "2014-12-31": "24.92620", "2013-12-31": "26.23500", "2012-12-31": "22.88930", "2011-12-31": "25.08760", "2010-12-31": "24.84180", "2009-12-31": "25.99290", "2008-12-31": "26.83750", "2007-12-31": "22.77290", "2006-12-31": "19.38690", "2005-12-31": "25.91700"}, "EBITDA Margin": {"2019-12-31": "35.78390", "2018-12-31": "30.90760", "2017-12-31": "28.34200", "2016-12-31": "34.90010", "2015-12-31": "35.68860", "2014-12-31": "38.31140", "2013-12-31": "37.92320", "2012-12-31": "37.74890", "2011-12-31": "39.57810", "2010-12-31": "38.88550", "2009-12-31": "40.33790", "2008-12-31": "39.34440", "2007-12-31": "34.20190", "2006-12-31": "29.05070", "2005-12-31": "34.80740"}, "Pre-Tax Profit Margin": {"2019-12-31": "18.40190", "2018-12-31": "12.63920", "2017-12-31": "12.62300", "2016-12-31": "19.86220", "2015-12-31": "20.77970", "2014-12-31": "24.43010", "2013-12-31": "26.58900", "2012-12-31": "23.40640", "2011-12-31": "26.51580", "2010-12-31": "25.63260", "2009-12-31": "27.59240", "2008-12-31": "29.65330", "2007-12-31": "26.43050", "2006-12-31": "22.97070", "2005-12-31": "24.86760"}, "Net Profit Margin": {"2019-12-31": "16.52030", "2018-12-31": "10.99190", "2017-12-31": "8.94990", "2016-12-31": "13.65970", "2015-12-31": "14.62630", "2014-12-31": "17.00460", "2013-12-31": "18.59960", "2012-12-31": "14.84690", "2011-12-31": "17.34120", "2010-12-31": "16.72750", "2009-12-31": "16.97110", "2008-12-31": "18.35040", "2007-12-31": "15.86520", "2006-12-31": "13.39040", "2005-12-31": "115.85330"}, "Asset Turnover": {"2019-12-31": "0.41300", "2018-12-31": "0.49700", "2017-12-31": "0.53540", "2016-12-31": "0.53690", "2015-12-31": "0.52550", "2014-12-31": "0.49080", "2013-12-31": "0.53350", "2012-12-31": "0.52830", "2011-12-31": "0.49390", "2010-12-31": "0.43510", "2009-12-31": "0.41190", "2008-12-31": "0.42050", "2007-12-31": "0.38430", "2006-12-31": "0.34350", "2005-12-31": "0.31760"}, "Inventory Turnover Ratio": {"2019-12-31": "", "2018-12-31": "", "2017-12-31": "", "2016-12-31": "", "2015-12-31": "", "2014-12-31": "", "2013-12-31": "", "2012-12-31": "", "2011-12-31": "", "2010-12-31": "", "2009-12-31": "", "2008-12-31": "", "2007-12-31": "", "2006-12-31": "", "2005-12-31": ""}, "Receiveable Turnover": {"2019-12-31": "5.24260", "2018-12-31": "5.65650", "2017-12-31": "5.39390", "2016-12-31": "6.37010", "2015-12-31": "5.77670", "2014-12-31": "5.95880", "2013-12-31": "5.80140", "2012-12-31": "6.28010", "2011-12-31": "5.49240", "2010-12-31": "5.83690", "2009-12-31": "5.57320", "2008-12-31": "5.66520", "2007-12-31": "5.35050", "2006-12-31": "4.97110", "2005-12-31": "5.42760"}, "Days Sales In Receivables": {"2019-12-31": "69.62190", "2018-12-31": "64.52800", "2017-12-31": "67.66950", "2016-12-31": "57.29910", "2015-12-31": "63.18500", "2014-12-31": "61.25440", "2013-12-31": "62.91540", "2012-12-31": "58.11990", "2011-12-31": "66.45590", "2010-12-31": "62.53370", "2009-12-31": "65.49190", "2008-12-31": "64.42890", "2007-12-31": "68.21830", "2006-12-31": "73.42370", "2005-12-31": "67.24880"}, "ROE - Return On Equity": {"2019-12-31": "13.06840", "2018-12-31": "9.34790", "2017-12-31": "6.62510", "2016-12-31": "9.94700", "2015-12-31": "10.29860", "2014-12-31": "11.33820", "2013-12-31": "11.16160", "2012-12-31": "8.69610", "2011-12-31": "9.31730", "2010-12-31": "7.86280", "2009-12-31": "8.39200", "2008-12-31": "9.25170", "2007-12-31": "7.43200", "2006-12-31": "6.01250", "2005-12-31": "52.54570"}, "Return On Tangible Equity": {"2019-12-31": "25.45090", "2018-12-31": "19.42400", "2017-12-31": "13.39930", "2016-12-31": "17.37040", "2015-12-31": "17.71280", "2014-12-31": "18.95680", "2013-12-31": "16.35360", "2012-12-31": "13.26760", "2011-12-31": "12.11760", "2010-12-31": "10.30060", "2009-12-31": "11.94930", "2008-12-31": "14.02950", "2007-12-31": "11.10240", "2006-12-31": "8.74440", "2005-12-31": "67.29160"}, "ROA - Return On Assets": {"2019-12-31": "6.82240", "2018-12-31": "5.46290", "2017-12-31": "4.79180", "2016-12-31": "7.33400", "2015-12-31": "7.68600", "2014-12-31": "8.34550", "2013-12-31": "9.92290", "2012-12-31": "7.84380", "2011-12-31": "8.56550", "2010-12-31": "7.27770", "2009-12-31": "6.98980", "2008-12-31": "7.71620", "2007-12-31": "6.09690", "2006-12-31": "4.59970", "2005-12-31": "36.79170"}, "ROI - Return On Investment": {"2019-12-31": "8.69510", "2018-12-31": "7.33840", "2017-12-31": "5.53400", "2016-12-31": "8.29940", "2015-12-31": "8.59620", "2014-12-31": "9.40650", "2013-12-31": "11.16160", "2012-12-31": "8.69610", "2011-12-31": "9.31730", "2010-12-31": "7.86280", "2009-12-31": "8.39200", "2008-12-31": "8.20630", "2007-12-31": "6.47890", "2006-12-31": "4.97110", "2005-12-31": "39.79530"}, "Book Value Per Share": {"2019-12-31": "22.57990", "2018-12-31": "19.59340", "2017-12-31": "19.79170", "2016-12-31": "18.61060", "2015-12-31": "17.61100", "2014-12-31": "16.51890", "2013-12-31": "14.72400", "2012-12-31": "13.19450", "2011-12-31": "12.14750", "2010-12-31": "11.66970", "2009-12-31": "10.15320", "2008-12-31": "9.26230", "2007-12-31": "8.17360", "2006-12-31": "5.95570", "2005-12-31": "4.08190"}, "Operating Cash Flow Per Share": {"2019-12-31": 0.4708, "2018-12-31": 1.3221, "2017-12-31": -0.3097, "2016-12-31": 0.5495, "2015-12-31": 0.7659, "2014-12-31": 0.5299, "2013-12-31": 0.1859, "2012-12-31": 0.5368, "2011-12-31": 0.2684, "2010-12-31": -0.1386, "2009-12-31": 0.4096, "2008-12-31": 0.5598, "2007-12-31": 0.5294, "2006-12-31": 0.2232, "2005-12-31": 0.5276}, "Free Cash Flow Per Share": {"2019-12-31": -0.5464, "2018-12-31": 1.3255, "2017-12-31": -0.9164, "2016-12-31": 1.221, "2015-12-31": 0.058, "2014-12-31": 0.2021, "2013-12-31": -0.0291, "2012-12-31": 0.2591, "2011-12-31": 0.3368, "2010-12-31": -0.5723, "2009-12-31": 0.4546, "2008-12-31": 0.4849, "2007-12-31": 0.3788, "2006-12-31": 0.0614, "2005-12-31": 0.2972}}, "financial ratios, quarterly": {"Current Ratio": {"2020-09-30": "3.12810", "2020-06-30": "3.33580", "2020-03-31": "3.19650", "2019-12-31": "3.21870", "2019-09-30": "3.74080", "2019-06-30": "2.95320", "2019-03-31": "3.19190", "2018-12-31": "2.09410", "2018-09-30": "2.03170", "2018-06-30": "2.18610", "2018-03-31": "1.29110", "2017-12-31": "2.94780", "2017-09-30": "3.01130", "2017-06-30": "3.10320", "2017-03-31": "3.66210", "2016-12-31": "3.49700", "2016-09-30": "3.21400", "2016-06-30": "3.62660", "2016-03-31": "3.99370", "2015-12-31": "3.76970", "2015-09-30": "3.64750", "2015-06-30": "3.30650", "2015-03-31": "4.60990", "2014-12-31": "3.78000", "2014-09-30": "3.82190", "2014-06-30": "4.23470", "2014-03-31": "4.61660", "2013-12-31": "3.91280", "2013-09-30": "3.19050", "2013-06-30": "3.79300", "2013-03-31": "3.92460", "2012-12-31": "3.58910", "2012-09-30": "3.53980", "2012-06-30": "4.56190", "2012-03-31": "4.57490", "2011-12-31": "7.56120", "2011-09-30": "6.65680", "2011-06-30": "5.41390", "2011-03-31": "6.09130", "2010-12-31": "5.91430", "2010-09-30": "4.25430", "2010-06-30": "3.89410", "2010-03-31": "2.76280", "2009-12-31": "2.32570", "2009-09-30": "7.04020", "2009-06-30": "8.92120", "2009-03-31": "7.01880", "2008-12-31": "4.99630", "2008-09-30": "5.55620", "2008-06-30": "5.58400", "2008-03-31": "5.29070", "2007-12-31": "7.86470", "2007-09-30": "6.03990", "2007-06-30": "5.78370", "2007-03-31": "4.56590", "2006-12-31": "4.19740", "2006-09-30": "4.40420", "2006-06-30": "4.76400", "2006-03-31": "4.94300", "2005-12-31": "5.73720", "2005-09-30": "2.07480", "2005-06-30": "2.50390", "2005-03-31": "2.48090"}, "Long-term Debt / Capital": {"2020-09-30": "0.31510", "2020-06-30": "0.32420", "2020-03-31": "0.33580", "2019-12-31": "0.33460", "2019-09-30": "0.34240", "2019-06-30": "0.20830", "2019-03-31": "0.21210", "2018-12-31": "0.21500", "2018-09-30": "0.21510", "2018-06-30": "0.19890", "2018-03-31": "", "2017-12-31": "0.16470", "2017-09-30": "0.16720", "2017-06-30": "0.16540", "2017-03-31": "0.16540", "2016-12-31": "0.16560", "2016-09-30": "0.16680", "2016-06-30": "0.16640", "2016-03-31": "0.16680", "2015-12-31": "0.16530", "2015-09-30": "0.16720", "2015-06-30": "0.16790", "2015-03-31": "0.16980", "2014-12-31": "0.17040", "2014-09-30": "0.17400", "2014-06-30": "0.17680", "2014-03-31": "0.17880", "2013-12-31": "", "2013-09-30": "", "2013-06-30": "", "2013-03-31": "", "2012-12-31": "", "2012-09-30": "", "2012-06-30": "", "2012-03-31": "", "2011-12-31": "", "2011-09-30": "", "2011-06-30": "", "2011-03-31": "", "2010-12-31": "", "2010-09-30": "", "2010-06-30": "", "2010-03-31": "", "2009-12-31": "", "2009-09-30": "0.10520", "2009-06-30": "0.10630", "2009-03-31": "0.10910", "2008-12-31": "0.11300", "2008-09-30": "0.11710", "2008-06-30": "0.12020", "2008-03-31": "0.12510", "2007-12-31": "0.12820", "2007-09-30": "0.13580", "2007-06-30": "0.13980", "2007-03-31": "0.14690", "2006-12-31": "0.17320", "2006-09-30": "0.21240", "2006-06-30": "0.22370", "2006-03-31": "0.23390", "2005-12-31": "0.24270", "2005-09-30": "0.34630", "2005-06-30": "0.86250", "2005-03-31": "1.75630"}, "Debt/Equity Ratio": {"2020-09-30": "0.46010", "2020-06-30": "0.47970", "2020-03-31": "0.50550", "2019-12-31": "0.50300", "2019-09-30": "0.52070", "2019-06-30": "0.26310", "2019-03-31": "0.26910", "2018-12-31": "0.48890", "2018-09-30": "0.48970", "2018-06-30": "0.44410", "2018-03-31": "0.19750", "2017-12-31": "0.19720", "2017-09-30": "0.20080", "2017-06-30": "0.19820", "2017-03-31": "0.19820", "2016-12-31": "0.19850", "2016-09-30": "0.20020", "2016-06-30": "0.19960", "2016-03-31": "0.20020", "2015-12-31": "0.19800", "2015-09-30": "0.20070", "2015-06-30": "0.20180", "2015-03-31": "0.20450", "2014-12-31": "0.20540", "2014-09-30": "0.21070", "2014-06-30": "0.21470", "2014-03-31": "0.21780", "2013-12-31": "", "2013-09-30": "", "2013-06-30": "", "2013-03-31": "", "2012-12-31": "", "2012-09-30": "", "2012-06-30": "", "2012-03-31": "", "2011-12-31": "", "2011-09-30": "", "2011-06-30": "", "2011-03-31": "", "2010-12-31": "", "2010-09-30": "0.02880", "2010-06-30": "0.03220", "2010-03-31": "0.11220", "2009-12-31": "0.11490", "2009-09-30": "0.11760", "2009-06-30": "0.11890", "2009-03-31": "0.12250", "2008-12-31": "0.12740", "2008-09-30": "0.13270", "2008-06-30": "0.13660", "2008-03-31": "0.14300", "2007-12-31": "0.14710", "2007-09-30": "0.15710", "2007-06-30": "0.16250", "2007-03-31": "0.17220", "2006-12-31": "0.20950", "2006-09-30": "0.26970", "2006-06-30": "0.28810", "2006-03-31": "0.30530", "2005-12-31": "0.32040", "2005-09-30": "0.53080", "2005-06-30": "6.28600", "2005-03-31": "-2.32310"}, "Gross Margin": {"2020-09-30": "64.25040", "2020-06-30": "65.16940", "2020-03-31": "64.85920", "2019-12-31": "66.61800", "2019-09-30": "65.21570", "2019-06-30": "65.65000", "2019-03-31": "65.92500", "2018-12-31": "65.80610", "2018-09-30": "64.27180", "2018-06-30": "64.46870", "2018-03-31": "64.88460", "2017-12-31": "65.07970", "2017-09-30": "63.88930", "2017-06-30": "64.56440", "2017-03-31": "65.72890", "2016-12-31": "67.37830", "2016-09-30": "64.99240", "2016-06-30": "63.93810", "2016-03-31": "65.69890", "2015-12-31": "66.63920", "2015-09-30": "66.75240", "2015-06-30": "66.72790", "2015-03-31": "67.84760", "2014-12-31": "69.56880", "2014-09-30": "68.11270", "2014-06-30": "68.63300", "2014-03-31": "69.21470", "2013-12-31": "69.27590", "2013-09-30": "66.63910", "2013-06-30": "67.01850", "2013-03-31": "67.28890", "2012-12-31": "63.08430", "2012-09-30": "61.13150", "2012-06-30": "60.38100", "2012-03-31": "60.89350", "2011-12-31": "43.87350", "2011-09-30": "66.90300", "2011-06-30": "67.63520", "2011-03-31": "67.72350", "2010-12-31": "69.69420", "2010-09-30": "69.31110", "2010-06-30": "70.71560", "2010-03-31": "71.88920", "2009-12-31": "71.64140", "2009-09-30": "69.98210", "2009-06-30": "70.67010", "2009-03-31": "71.30650", "2008-12-31": "71.44820", "2008-09-30": "71.28970", "2008-06-30": "72.32640", "2008-03-31": "72.42260", "2007-12-31": "73.04380", "2007-09-30": "72.82870", "2007-06-30": "73.95480", "2007-03-31": "75.24300", "2006-12-31": "77.24400", "2006-09-30": "77.59180", "2006-06-30": "78.94170", "2006-03-31": "78.73270", "2005-12-31": "80.54130", "2005-09-30": "79.79870", "2005-06-30": "80.27500", "2005-03-31": "80.82400"}, "Operating Margin": {"2020-09-30": "22.84910", "2020-06-30": "23.96190", "2020-03-31": "19.93060", "2019-12-31": "17.52600", "2019-09-30": "20.18410", "2019-06-30": "19.25780", "2019-03-31": "19.04080", "2018-12-31": "16.86210", "2018-09-30": "17.40320", "2018-06-30": "8.61810", "2018-03-31": "10.25190", "2017-12-31": "4.87630", "2017-09-30": "14.61360", "2017-06-30": "14.12820", "2017-03-31": "17.54710", "2016-12-31": "20.90270", "2016-09-30": "19.13570", "2016-06-30": "19.25770", "2016-03-31": "20.10110", "2015-12-31": "21.18240", "2015-09-30": "20.99510", "2015-06-30": "19.65150", "2015-03-31": "23.07930", "2014-12-31": "25.37450", "2014-09-30": "24.14230", "2014-06-30": "23.60140", "2014-03-31": "26.64750", "2013-12-31": "26.55070", "2013-09-30": "25.14490", "2013-06-30": "25.78720", "2013-03-31": "27.49330", "2012-12-31": "25.33610", "2012-09-30": "23.21290", "2012-06-30": "20.22630", "2012-03-31": "22.40710", "2011-12-31": "24.50610", "2011-09-30": "23.17960", "2011-06-30": "26.43860", "2011-03-31": "26.36250", "2010-12-31": "25.41240", "2010-09-30": "23.28600", "2010-06-30": "23.16950", "2010-03-31": "27.51750", "2009-12-31": "26.11030", "2009-09-30": "24.57390", "2009-06-30": "26.58550", "2009-03-31": "26.67660", "2008-12-31": "25.80050", "2008-09-30": "26.23250", "2008-06-30": "26.96590", "2008-03-31": "28.52120", "2007-12-31": "27.85780", "2007-09-30": "22.18490", "2007-06-30": "20.28120", "2007-03-31": "19.49470", "2006-12-31": "21.00430", "2006-09-30": "19.51750", "2006-06-30": "17.18150", "2006-03-31": "19.43190", "2005-12-31": "25.48360", "2005-09-30": "24.82800", "2005-06-30": "26.55260", "2005-03-31": "27.20150"}, "EBIT Margin": {"2020-09-30": "22.84910", "2020-06-30": "23.96190", "2020-03-31": "19.93060", "2019-12-31": "17.52600", "2019-09-30": "20.18410", "2019-06-30": "19.25780", "2019-03-31": "19.04080", "2018-12-31": "16.86210", "2018-09-30": "17.40320", "2018-06-30": "8.61810", "2018-03-31": "10.25190", "2017-12-31": "4.87630", "2017-09-30": "14.61360", "2017-06-30": "14.12820", "2017-03-31": "17.54710", "2016-12-31": "20.90270", "2016-09-30": "19.13570", "2016-06-30": "19.25770", "2016-03-31": "20.10110", "2015-12-31": "21.18240", "2015-09-30": "20.99510", "2015-06-30": "19.65150", "2015-03-31": "23.07930", "2014-12-31": "25.37450", "2014-09-30": "24.14230", "2014-06-30": "23.60140", "2014-03-31": "26.64750", "2013-12-31": "26.55070", "2013-09-30": "25.14490", "2013-06-30": "25.78720", "2013-03-31": "27.49330", "2012-12-31": "25.33610", "2012-09-30": "23.21290", "2012-06-30": "20.22630", "2012-03-31": "22.40710", "2011-12-31": "24.50610", "2011-09-30": "23.17960", "2011-06-30": "26.43860", "2011-03-31": "26.36250", "2010-12-31": "25.41240", "2010-09-30": "23.28600", "2010-06-30": "23.16950", "2010-03-31": "27.51750", "2009-12-31": "26.11030", "2009-09-30": "24.57390", "2009-06-30": "26.58550", "2009-03-31": "26.67660", "2008-12-31": "25.80050", "2008-09-30": "26.23250", "2008-06-30": "26.96590", "2008-03-31": "28.52120", "2007-12-31": "27.85780", "2007-09-30": "22.18490", "2007-06-30": "20.28120", "2007-03-31": "19.49470", "2006-12-31": "21.00430", "2006-09-30": "19.51750", "2006-06-30": "17.18150", "2006-03-31": "19.43190", "2005-12-31": "25.48360", "2005-09-30": "24.82800", "2005-06-30": "26.55260", "2005-03-31": "27.20150"}, "EBITDA Margin": {"2020-09-30": "", "2020-06-30": "", "2020-03-31": "", "2019-12-31": "", "2019-09-30": "", "2019-06-30": "", "2019-03-31": "", "2018-12-31": "", "2018-09-30": "", "2018-06-30": "", "2018-03-31": "", "2017-12-31": "", "2017-09-30": "", "2017-06-30": "", "2017-03-31": "", "2016-12-31": "", "2016-09-30": "", "2016-06-30": "", "2016-03-31": "", "2015-12-31": "", "2015-09-30": "", "2015-06-30": "", "2015-03-31": "", "2014-12-31": "", "2014-09-30": "", "2014-06-30": "", "2014-03-31": "", "2013-12-31": "", "2013-09-30": "", "2013-06-30": "", "2013-03-31": "", "2012-12-31": "", "2012-09-30": "", "2012-06-30": "", "2012-03-31": "", "2011-12-31": "", "2011-09-30": "", "2011-06-30": "", "2011-03-31": "", "2010-12-31": "", "2010-09-30": "", "2010-06-30": "", "2010-03-31": "", "2009-12-31": "", "2009-09-30": "", "2009-06-30": "", "2009-03-31": "", "2008-12-31": "", "2008-09-30": "", "2008-06-30": "", "2008-03-31": "", "2007-12-31": "", "2007-09-30": "", "2007-06-30": "", "2007-03-31": "", "2006-12-31": "", "2006-09-30": "", "2006-06-30": "", "2006-03-31": "", "2005-12-31": "", "2005-09-30": "", "2005-06-30": "", "2005-03-31": ""}, "Pre-Tax Profit Margin": {"2020-09-30": "21.18740", "2020-06-30": "22.78540", "2020-03-31": "18.06350", "2019-12-31": "16.76420", "2019-09-30": "19.48380", "2019-06-30": "18.88710", "2019-03-31": "18.62050", "2018-12-31": "15.85070", "2018-09-30": "16.54200", "2018-06-30": "7.77850", "2018-03-31": "10.12270", "2017-12-31": "4.89300", "2017-09-30": "14.65390", "2017-06-30": "14.16090", "2017-03-31": "17.43770", "2016-12-31": "21.26870", "2016-09-30": "19.12220", "2016-06-30": "19.11250", "2016-03-31": "19.83300", "2015-12-31": "20.80170", "2015-09-30": "20.68600", "2015-06-30": "18.95940", "2015-03-31": "22.72300", "2014-12-31": "24.95960", "2014-09-30": "23.60830", "2014-06-30": "22.82940", "2014-03-31": "26.38670", "2013-12-31": "26.81200", "2013-09-30": "25.43620", "2013-06-30": "26.26800", "2013-03-31": "27.89430", "2012-12-31": "25.80980", "2012-09-30": "23.60440", "2012-06-30": "21.05850", "2012-03-31": "22.78430", "2011-12-31": "27.22990", "2011-09-30": "24.17800", "2011-06-30": "27.51770", "2011-03-31": "27.06000", "2010-12-31": "25.98810", "2010-09-30": "23.78690", "2010-06-30": "24.22900", "2010-03-31": "28.59530", "2009-12-31": "27.09510", "2009-09-30": "25.61400", "2009-06-30": "28.36360", "2009-03-31": "29.34760", "2008-12-31": "28.26250", "2008-09-30": "28.84160", "2008-06-30": "28.96280", "2008-03-31": "32.80680", "2007-12-31": "31.62010", "2007-09-30": "26.64100", "2007-06-30": "23.34100", "2007-03-31": "22.74510", "2006-12-31": "24.92380", "2006-09-30": "22.67640", "2006-06-30": "20.96990", "2006-03-31": "22.84610", "2005-12-31": "27.28380", "2005-09-30": "22.15080", "2005-06-30": "25.48070", "2005-03-31": "24.30780"}, "Net Profit Margin": {"2020-09-30": "20.00680", "2020-06-30": "20.37400", "2020-03-31": "16.11220", "2019-12-31": "15.42500", "2019-09-30": "19.42350", "2019-06-30": "16.15650", "2019-03-31": "15.16330", "2018-12-31": "13.17910", "2018-09-30": "16.06610", "2018-06-30": "6.49720", "2018-03-31": "8.03230", "2017-12-31": "4.17940", "2017-09-30": "10.23490", "2017-06-30": "9.36760", "2017-03-31": "12.42440", "2016-12-31": "15.42060", "2016-09-30": "13.01230", "2016-06-30": "12.87020", "2016-03-31": "13.18560", "2015-12-31": "15.26700", "2015-09-30": "15.97740", "2015-06-30": "12.42780", "2015-03-31": "14.76560", "2014-12-31": "18.10700", "2014-09-30": "18.30270", "2014-06-30": "15.31110", "2014-03-31": "16.05290", "2013-12-31": "18.42950", "2013-09-30": "20.15110", "2013-06-30": "16.36980", "2013-03-31": "19.42340", "2012-12-31": "18.07280", "2012-09-30": "13.96700", "2012-06-30": "13.35290", "2012-03-31": "13.53180", "2011-12-31": "18.55840", "2011-09-30": "15.00230", "2011-06-30": "17.30070", "2011-03-31": "18.34260", "2010-12-31": "18.44480", "2010-09-30": "15.66120", "2010-06-30": "15.54020", "2010-03-31": "17.03040", "2009-12-31": "16.81880", "2009-09-30": "15.85710", "2009-06-30": "17.59870", "2009-03-31": "17.62670", "2008-12-31": "19.06950", "2008-09-30": "16.90420", "2008-06-30": "17.69760", "2008-03-31": "19.73650", "2007-12-31": "19.58000", "2007-09-30": "15.04840", "2007-06-30": "14.17980", "2007-03-31": "13.77070", "2006-12-31": "16.40610", "2006-09-30": "12.57370", "2006-06-30": "11.19140", "2006-03-31": "12.65620", "2005-12-31": "31.16370", "2005-09-30": "359.59480", "2005-06-30": "24.59440", "2005-03-31": "23.42750"}, "Asset Turnover": {"2020-09-30": "0.10550", "2020-06-30": "0.11000", "2020-03-31": "0.11000", "2019-12-31": "0.11020", "2019-09-30": "0.11170", "2019-06-30": "0.13200", "2019-03-31": "0.13630", "2018-12-31": "0.13060", "2018-09-30": "0.12480", "2018-06-30": "0.11830", "2018-03-31": "0.14270", "2017-12-31": "0.14160", "2017-09-30": "0.13850", "2017-06-30": "0.13500", "2017-03-31": "0.13490", "2016-12-31": "0.14270", "2016-09-30": "0.13420", "2016-06-30": "0.13400", "2016-03-31": "0.13570", "2015-12-31": "0.13850", "2015-09-30": "0.13170", "2015-06-30": "0.13090", "2015-03-31": "0.13210", "2014-12-31": "0.13400", "2014-09-30": "0.12920", "2014-06-30": "0.12630", "2014-03-31": "0.12420", "2013-12-31": "0.14740", "2013-09-30": "0.13720", "2013-06-30": "0.13870", "2013-03-31": "0.13910", "2012-12-31": "0.14530", "2012-09-30": "0.13600", "2012-06-30": "0.13550", "2012-03-31": "0.13230", "2011-12-31": "0.13800", "2011-09-30": "0.12240", "2011-06-30": "0.11520", "2011-03-31": "0.11620", "2010-12-31": "0.12100", "2010-09-30": "0.11210", "2010-06-30": "0.11140", "2010-03-31": "0.11340", "2009-12-31": "0.11420", "2009-09-30": "0.10180", "2009-06-30": "0.10290", "2009-03-31": "0.10850", "2008-12-31": "0.11300", "2008-09-30": "0.10960", "2008-06-30": "0.11050", "2008-03-31": "0.11010", "2007-12-31": "0.11060", "2007-09-30": "0.10240", "2007-06-30": "0.10040", "2007-03-31": "0.09500", "2006-12-31": "0.10070", "2006-09-30": "0.10850", "2006-06-30": "0.10380", "2006-03-31": "0.09750", "2005-12-31": "0.09270", "2005-09-30": "0.11700", "2005-06-30": "0.17730", "2005-03-31": "0.29810"}, "Inventory Turnover Ratio": {"2020-09-30": "", "2020-06-30": "", "2020-03-31": "", "2019-12-31": "", "2019-09-30": "", "2019-06-30": "", "2019-03-31": "", "2018-12-31": "", "2018-09-30": "", "2018-06-30": "", "2018-03-31": "", "2017-12-31": "", "2017-09-30": "", "2017-06-30": "", "2017-03-31": "", "2016-12-31": "", "2016-09-30": "", "2016-06-30": "", "2016-03-31": "", "2015-12-31": "", "2015-09-30": "", "2015-06-30": "", "2015-03-31": "", "2014-12-31": "", "2014-09-30": "", "2014-06-30": "", "2014-03-31": "", "2013-12-31": "", "2013-09-30": "", "2013-06-30": "", "2013-03-31": "", "2012-12-31": "", "2012-09-30": "", "2012-06-30": "", "2012-03-31": "", "2011-12-31": "", "2011-09-30": "", "2011-06-30": "", "2011-03-31": "", "2010-12-31": "", "2010-09-30": "", "2010-06-30": "", "2010-03-31": "", "2009-12-31": "", "2009-09-30": "", "2009-06-30": "", "2009-03-31": "", "2008-12-31": "", "2008-09-30": "", "2008-06-30": "", "2008-03-31": "", "2007-12-31": "", "2007-09-30": "", "2007-06-30": "", "2007-03-31": "", "2006-12-31": "", "2006-09-30": "", "2006-06-30": "", "2006-03-31": "", "2005-12-31": "", "2005-09-30": "", "2005-06-30": "", "2005-03-31": ""}, "Receiveable Turnover": {"2020-09-30": "1.25770", "2020-06-30": "1.23280", "2020-03-31": "1.24520", "2019-12-31": "1.39890", "2019-09-30": "1.37400", "2019-06-30": "1.34720", "2019-03-31": "1.33470", "2018-12-31": "1.48650", "2018-09-30": "1.43580", "2018-06-30": "1.38110", "2018-03-31": "1.37990", "2017-12-31": "1.42690", "2017-09-30": "1.55780", "2017-06-30": "1.53040", "2017-03-31": "1.49780", "2016-12-31": "1.69310", "2016-09-30": "1.63150", "2016-06-30": "1.57010", "2016-03-31": "1.55500", "2015-12-31": "1.52250", "2015-09-30": "1.50570", "2015-06-30": "1.57680", "2015-03-31": "1.47640", "2014-12-31": "1.62720", "2014-09-30": "1.52420", "2014-06-30": "1.46300", "2014-03-31": "1.50190", "2013-12-31": "1.60290", "2013-09-30": "1.54330", "2013-06-30": "1.59350", "2013-03-31": "1.58420", "2012-12-31": "1.72720", "2012-09-30": "1.46180", "2012-06-30": "1.60580", "2012-03-31": "1.47990", "2011-12-31": "1.53480", "2011-09-30": "1.54300", "2011-06-30": "1.55380", "2011-03-31": "1.62650", "2010-12-31": "1.62340", "2010-09-30": "1.60360", "2010-06-30": "1.49060", "2010-03-31": "1.61420", "2009-12-31": "1.54470", "2009-09-30": "1.35740", "2009-06-30": "1.41560", "2009-03-31": "1.40920", "2008-12-31": "1.52250", "2008-09-30": "1.55470", "2008-06-30": "1.54260", "2008-03-31": "1.52410", "2007-12-31": "1.54050", "2007-09-30": "1.49010", "2007-06-30": "1.53950", "2007-03-31": "1.60320", "2006-12-31": "1.45770", "2006-09-30": "1.65480", "2006-06-30": "1.57360", "2006-03-31": "1.62770", "2005-12-31": "1.58460", "2005-09-30": "1.72330", "2005-06-30": "1.60160", "2005-03-31": "1.75280"}, "Days Sales In Receivables": {"2020-09-30": "71.56070", "2020-06-30": "73.00640", "2020-03-31": "72.27880", "2019-12-31": "64.33540", "2019-09-30": "65.49990", "2019-06-30": "66.80770", "2019-03-31": "67.43190", "2018-12-31": "60.54420", "2018-09-30": "62.68070", "2018-06-30": "65.16370", "2018-03-31": "65.22200", "2017-12-31": "63.07220", "2017-09-30": "57.77260", "2017-06-30": "58.80810", "2017-03-31": "60.08950", "2016-12-31": "53.15750", "2016-09-30": "55.16460", "2016-06-30": "57.32230", "2016-03-31": "57.87890", "2015-12-31": "59.11320", "2015-09-30": "59.77190", "2015-06-30": "57.07860", "2015-03-31": "60.95810", "2014-12-31": "55.30920", "2014-09-30": "59.04570", "2014-06-30": "61.51790", "2014-03-31": "59.92450", "2013-12-31": "56.14690", "2013-09-30": "58.31570", "2013-06-30": "56.48080", "2013-03-31": "56.81230", "2012-12-31": "52.10740", "2012-09-30": "61.56850", "2012-06-30": "56.04620", "2012-03-31": "60.81410", "2011-12-31": "58.64040", "2011-09-30": "58.32710", "2011-06-30": "57.92070", "2011-03-31": "55.33200", "2010-12-31": "55.43940", "2010-09-30": "56.12420", "2010-06-30": "60.37740", "2010-03-31": "55.75430", "2009-12-31": "58.26240", "2009-09-30": "66.30450", "2009-06-30": "63.57930", "2009-03-31": "63.86520", "2008-12-31": "59.11480", "2008-09-30": "57.88820", "2008-06-30": "58.34340", "2008-03-31": "59.05130", "2007-12-31": "58.42110", "2007-09-30": "60.39720", "2007-06-30": "58.45990", "2007-03-31": "56.13800", "2006-12-31": "61.73980", "2006-09-30": "54.38590", "2006-06-30": "57.19550", "2006-03-31": "55.29120", "2005-12-31": "56.79590", "2005-09-30": "52.22550", "2005-06-30": "56.19480", "2005-03-31": "51.34530"}, "ROE - Return On Equity": {"2020-09-30": "3.86170", "2020-06-30": "4.14710", "2020-03-31": "3.35350", "2019-12-31": "3.25590", "2019-09-30": "3.93790", "2019-06-30": "3.35560", "2019-03-31": "3.26300", "2018-12-31": "2.94550", "2018-09-30": "3.40930", "2018-06-30": "1.24990", "2018-03-31": "1.58620", "2017-12-31": "0.81840", "2017-09-30": "1.95290", "2017-06-30": "1.72650", "2017-03-31": "2.28880", "2016-12-31": "2.98460", "2016-09-30": "2.39830", "2016-06-30": "2.33730", "2016-03-31": "2.40420", "2015-12-31": "2.83320", "2015-09-30": "2.85320", "2015-06-30": "2.20670", "2015-03-31": "2.60750", "2014-12-31": "3.29700", "2014-09-30": "3.20020", "2014-06-30": "2.62870", "2014-03-31": "2.68420", "2013-12-31": "3.05580", "2013-09-30": "3.13610", "2013-06-30": "2.52850", "2013-03-31": "2.99760", "2012-12-31": "2.91130", "2012-09-30": "2.13420", "2012-06-30": "1.99760", "2012-03-31": "1.96380", "2011-12-31": "2.78640", "2011-09-30": "1.99270", "2011-06-30": "2.15050", "2011-03-31": "2.29020", "2010-12-31": "2.41140", "2010-09-30": "1.95210", "2010-06-30": "1.93220", "2010-03-31": "2.29590", "2009-12-31": "2.30510", "2009-09-30": "1.92790", "2009-06-30": "2.14210", "2009-03-31": "2.27300", "2008-12-31": "2.58370", "2008-09-30": "2.21490", "2008-06-30": "2.34750", "2008-03-31": "2.64100", "2007-12-31": "2.64090", "2007-09-30": "1.90790", "2007-06-30": "1.75940", "2007-03-31": "1.65150", "2006-12-31": "2.16020", "2006-09-30": "1.89010", "2006-06-30": "1.62280", "2006-03-31": "1.75490", "2005-12-31": "4.12660", "2005-09-30": "72.10430", "2005-06-30": "38.85910", "2005-03-31": "-12.74080"}, "Return On Tangible Equity": {"2020-09-30": "6.82480", "2020-06-30": "7.65900", "2020-03-31": "6.57640", "2019-12-31": "6.34100", "2019-09-30": "7.87170", "2019-06-30": "6.97970", "2019-03-31": "7.08840", "2018-12-31": "6.12030", "2018-09-30": "7.22020", "2018-06-30": "2.43830", "2018-03-31": "3.17060", "2017-12-31": "1.65530", "2017-09-30": "3.67810", "2017-06-30": "3.24950", "2017-03-31": "3.95220", "2016-12-31": "5.21200", "2016-09-30": "4.04500", "2016-06-30": "3.96380", "2016-03-31": "4.13160", "2015-12-31": "4.87290", "2015-09-30": "4.91520", "2015-06-30": "3.85400", "2015-03-31": "4.35060", "2014-12-31": "5.51230", "2014-09-30": "5.49620", "2014-06-30": "4.62920", "2014-03-31": "4.84130", "2013-12-31": "4.47720", "2013-09-30": "4.65850", "2013-06-30": "3.75140", "2013-03-31": "4.52160", "2012-12-31": "4.44180", "2012-09-30": "3.31270", "2012-06-30": "3.11340", "2012-03-31": "3.08310", "2011-12-31": "3.62380", "2011-09-30": "2.61120", "2011-06-30": "2.78370", "2011-03-31": "2.97910", "2010-12-31": "3.15900", "2010-09-30": "2.62200", "2010-06-30": "2.63050", "2010-03-31": "3.22650", "2009-12-31": "3.28230", "2009-09-30": "2.78410", "2009-06-30": "3.11880", "2009-03-31": "3.36790", "2008-12-31": "3.91810", "2008-09-30": "3.12580", "2008-06-30": "3.36430", "2008-03-31": "3.87690", "2007-12-31": "3.94520", "2007-09-30": "2.98250", "2007-06-30": "2.83980", "2007-03-31": "2.71070", "2006-12-31": "3.14170", "2006-09-30": "2.28810", "2006-06-30": "2.00420", "2006-03-31": "2.20770", "2005-12-31": "5.28470", "2005-09-30": "114.35220", "2005-06-30": "-16.04340", "2005-03-31": "-12.17710"}, "ROA - Return On Assets": {"2020-09-30": "2.11090", "2020-06-30": "2.24110", "2020-03-31": "1.77240", "2019-12-31": "1.69980", "2019-09-30": "2.16900", "2019-06-30": "2.13190", "2019-03-31": "2.06700", "2018-12-31": "1.72130", "2018-09-30": "2.00570", "2018-06-30": "0.76830", "2018-03-31": "1.14600", "2017-12-31": "0.59200", "2017-09-30": "1.41740", "2017-06-30": "1.26420", "2017-03-31": "1.67600", "2016-12-31": "2.20060", "2016-09-30": "1.74570", "2016-06-30": "1.72460", "2016-03-31": "1.78930", "2015-12-31": "2.11450", "2015-09-30": "2.10380", "2015-06-30": "1.62670", "2015-03-31": "1.95000", "2014-12-31": "2.42670", "2014-09-30": "2.36500", "2014-06-30": "1.93400", "2014-03-31": "1.99370", "2013-12-31": "2.71660", "2013-09-30": "2.76440", "2013-06-30": "2.27120", "2013-03-31": "2.70100", "2012-12-31": "2.62600", "2012-09-30": "1.89930", "2012-06-30": "1.80890", "2012-03-31": "1.79060", "2011-12-31": "2.56150", "2011-09-30": "1.83690", "2011-06-30": "1.99330", "2011-03-31": "2.13140", "2010-12-31": "2.23190", "2010-09-30": "1.75490", "2010-06-30": "1.73050", "2010-03-31": "1.93120", "2009-12-31": "1.92000", "2009-09-30": "1.61410", "2009-06-30": "1.81030", "2009-03-31": "1.91210", "2008-12-31": "2.15490", "2008-09-30": "1.85250", "2008-06-30": "1.95590", "2008-03-31": "2.17230", "2007-12-31": "2.16650", "2007-09-30": "1.54090", "2007-06-30": "1.42410", "2007-03-31": "1.30770", "2006-12-31": "1.65260", "2006-09-30": "1.36410", "2006-06-30": "1.16190", "2006-03-31": "1.23430", "2005-12-31": "2.88940", "2005-09-30": "42.07780", "2005-06-30": "4.35940", "2005-03-31": "6.98330"}, "ROI - Return On Investment": {"2020-09-30": "2.64490", "2020-06-30": "2.80260", "2020-03-31": "2.22750", "2019-12-31": "2.16630", "2019-09-30": "2.58950", "2019-06-30": "2.65660", "2019-03-31": "2.57100", "2018-12-31": "2.31230", "2018-09-30": "2.67610", "2018-06-30": "1.00130", "2018-03-31": "1.58620", "2017-12-31": "0.68370", "2017-09-30": "1.62630", "2017-06-30": "1.44090", "2017-03-31": "1.91030", "2016-12-31": "2.49020", "2016-09-30": "1.99820", "2016-06-30": "1.94830", "2016-03-31": "2.00310", "2015-12-31": "2.36490", "2015-09-30": "2.37620", "2015-06-30": "1.83620", "2015-03-31": "2.16480", "2014-12-31": "2.73530", "2014-09-30": "2.64330", "2014-06-30": "2.16400", "2014-03-31": "2.20420", "2013-12-31": "3.05580", "2013-09-30": "3.13610", "2013-06-30": "2.52850", "2013-03-31": "2.99760", "2012-12-31": "2.91130", "2012-09-30": "2.13420", "2012-06-30": "1.99760", "2012-03-31": "1.96380", "2011-12-31": "2.78640", "2011-09-30": "1.99270", "2011-06-30": "2.15050", "2011-03-31": "2.29020", "2010-12-31": "2.41140", "2010-09-30": "1.95210", "2010-06-30": "1.93210", "2010-03-31": "2.29590", "2009-12-31": "2.30510", "2009-09-30": "1.72510", "2009-06-30": "1.91450", "2009-03-31": "2.02500", "2008-12-31": "2.29180", "2008-09-30": "1.95550", "2008-06-30": "2.06530", "2008-03-31": "2.31060", "2007-12-31": "2.30220", "2007-09-30": "1.64880", "2007-06-30": "1.51340", "2007-03-31": "1.40890", "2006-12-31": "1.78600", "2006-09-30": "1.48870", "2006-06-30": "1.25980", "2006-03-31": "1.34440", "2005-12-31": "3.12530", "2005-09-30": "47.13710", "2005-06-30": "5.34400", "2005-03-31": "9.63580"}, "Book Value Per Share": {"2020-09-30": "25.23110", "2020-06-30": "24.00720", "2020-03-31": "22.64330", "2019-12-31": "22.57990", "2019-09-30": "21.66030", "2019-06-30": "20.78100", "2019-03-31": "20.08050", "2018-12-31": "19.59340", "2018-09-30": "19.25430", "2018-06-30": "20.34880", "2018-03-31": "19.82100", "2017-12-31": "19.79170", "2017-09-30": "19.28190", "2017-06-30": "19.10850", "2017-03-31": "18.81500", "2016-12-31": "18.61060", "2016-09-30": "18.24680", "2016-06-30": "17.99140", "2016-03-31": "17.68580", "2015-12-31": "17.61100", "2015-09-30": "17.31240", "2015-06-30": "17.03290", "2015-03-31": "16.68690", "2014-12-31": "16.51890", "2014-09-30": "15.98460", "2014-06-30": "15.55360", "2014-03-31": "15.19260", "2013-12-31": "14.72400", "2013-09-30": "14.23070", "2013-06-30": "13.74320", "2013-03-31": "13.40970", "2012-12-31": "13.19450", "2012-09-30": "12.74410", "2012-06-30": "12.45080", "2012-03-31": "12.29420", "2011-12-31": "12.14750", "2011-09-30": "11.82050", "2011-06-30": "11.98140", "2011-03-31": "11.82340", "2010-12-31": "11.66970", "2010-09-30": "11.14920", "2010-06-30": "10.86340", "2010-03-31": "10.37360", "2009-12-31": "10.15320", "2009-09-30": "9.91950", "2009-06-30": "9.72730", "2009-03-31": "9.44500", "2008-12-31": "9.26230", "2008-09-30": "8.90410", "2008-06-30": "8.65890", "2008-03-31": "8.36590", "2007-12-31": "8.17360", "2007-09-30": "7.67750", "2007-06-30": "7.44590", "2007-03-31": "7.07890", "2006-12-31": "5.95570", "2006-09-30": "4.74760", "2006-06-30": "4.46960", "2006-03-31": "4.24650", "2005-12-31": "4.08190", "2005-09-30": "2.70380", "2005-06-30": "0.29470", "2005-03-31": "-0.86740"}, "Operating Cash Flow Per Share": {"2020-09-30": 2.3807, "2020-06-30": 1.8038, "2020-03-31": "1.36390", "2019-12-31": 1.7139, "2019-09-30": 1.8153, "2019-06-30": 1.9253, "2019-03-31": "0.97610", "2018-12-31": 1.6586, "2018-09-30": 1.9119, "2018-06-30": 1.273, "2018-03-31": "1.11630", "2017-12-31": 1.1186, "2017-09-30": 1.4016, "2017-06-30": 1.3033, "2017-03-31": "0.81420", "2016-12-31": 1.0321, "2016-09-30": 1.4454, "2016-06-30": 1.392, "2016-03-31": "1.07790", "2015-12-31": 1.3687, "2015-09-30": 1.0166, "2015-06-30": 1.4611, "2015-03-31": "0.55150", "2014-12-31": 1.076, "2014-09-30": 0.9565, "2014-06-30": 1.1105, "2014-03-31": "0.48900", "2013-12-31": 0.9464, "2013-09-30": 0.8641, "2013-06-30": 0.7781, "2013-03-31": "0.51350", "2012-12-31": 0.8322, "2012-09-30": 0.7527, "2012-06-30": 0.824, "2012-03-31": "0.50730", "2011-12-31": 0.6743, "2011-09-30": 0.6516, "2011-06-30": 0.591, "2011-03-31": "0.46250", "2010-12-31": 0.5839, "2010-09-30": 0.6129, "2010-06-30": 0.4499, "2010-03-31": "0.46430", "2009-12-31": 0.6586, "2009-09-30": 0.566, "2009-06-30": 0.5442, "2009-03-31": "0.48080", "2008-12-31": 0.5031, "2008-09-30": 0.4959, "2008-06-30": 0.3672, "2008-03-31": "0.47380", "2007-12-31": 0.3865, "2007-09-30": 0.4161, "2007-06-30": 0.1889, "2007-03-31": "0.28870", "2006-12-31": 0.133, "2006-09-30": 0.271, "2006-06-30": 0.156, "2006-03-31": "0.19080", "2005-12-31": 0.1838, "2005-09-30": 0.1063, "2005-06-30": 0.1105, "2005-03-31": "0.12700"}, "Free Cash Flow Per Share": {"2020-09-30": 1.0283, "2020-06-30": 1.0828, "2020-03-31": "0.04770", "2019-12-31": 0.9019, "2019-09-30": 0.8831, "2019-06-30": 1.1184, "2019-03-31": "0.11180", "2018-12-31": 0.9781, "2018-09-30": 1.3648, "2018-06-30": 0.7598, "2018-03-31": "0.45890", "2017-12-31": 0.5124, "2017-09-30": 0.6913, "2017-06-30": 0.7388, "2017-03-31": "0.29360", "2016-12-31": 0.6058, "2016-09-30": 0.9864, "2016-06-30": 0.9462, "2016-03-31": "0.61410", "2015-12-31": 0.9323, "2015-09-30": 0.2762, "2015-06-30": 0.9295, "2015-03-31": "-0.20650", "2014-12-31": 0.5681, "2014-09-30": 0.5604, "2014-06-30": 0.7174, "2014-03-31": "0.02760", "2013-12-31": 0.5984, "2013-09-30": 0.5362, "2013-06-30": 0.3569, "2013-03-31": "0.17990", "2012-12-31": 0.4949, "2012-09-30": 0.4181, "2012-06-30": 0.5178, "2012-03-31": "0.26970", "2011-12-31": 0.4695, "2011-09-30": 0.3858, "2011-06-30": 0.3651, "2011-03-31": "0.22100", "2010-12-31": 0.3266, "2010-09-30": 0.3954, "2010-06-30": 0.1044, "2010-03-31": "0.27820", "2009-12-31": 0.5048, "2009-09-30": 0.3988, "2009-06-30": 0.4151, "2009-03-31": "0.35820", "2008-12-31": 0.3907, "2008-09-30": 0.3021, "2008-06-30": 0.2072, "2008-03-31": "0.32230", "2007-12-31": 0.3004, "2007-09-30": 0.2893, "2007-06-30": 0.0312, "2007-03-31": "0.11650", "2006-12-31": 0.0054, "2006-09-30": 0.1795, "2006-06-30": 0.076, "2006-03-31": "0.09770", "2005-12-31": 0.1284, "2005-09-30": 0.0614, "2005-06-30": 0.0464, "2005-03-31": "0.06100"}}, "revenue": {"Akamai Technologies Annual Revenue (Millions of US $)": {"2019": "$2,894", "2018": "$2,714", "2017": "$2,489", "2016": "$2,348", "2015": "$2,197", "2014": "$1,964", "2013": "$1,578", "2012": "$1,374", "2011": "$1,159", "2010": "$1,024", "2009": "$860", "2008": "$791", "2007": "$636", "2006": "$429", "2005": "$283"}, "Akamai Technologies Quarterly Revenue (Millions of US $)": {"2020-09-30": "$793", "2020-06-30": "$795", "2020-03-31": "$764", "2019-12-31": "$772", "2019-09-30": "$710", "2019-06-30": "$705", "2019-03-31": "$707", "2018-12-31": "$713", "2018-09-30": "$670", "2018-06-30": "$663", "2018-03-31": "$669", "2017-12-31": "$658", "2017-09-30": "$624", "2017-06-30": "$606", "2017-03-31": "$600", "2016-12-31": "$624", "2016-09-30": "$584", "2016-06-30": "$572", "2016-03-31": "$568", "2015-12-31": "$579", "2015-09-30": "$551", "2015-06-30": "$541", "2015-03-31": "$527", "2014-12-31": "$536", "2014-09-30": "$498", "2014-06-30": "$476", "2014-03-31": "$454", "2013-12-31": "$436", "2013-09-30": "$396", "2013-06-30": "$378", "2013-03-31": "$368", "2012-12-31": "$378", "2012-09-30": "$345", "2012-06-30": "$331", "2012-03-31": "$319", "2011-12-31": "$324", "2011-09-30": "$282", "2011-06-30": "$277", "2011-03-31": "$276", "2010-12-31": "$285", "2010-09-30": "$254", "2010-06-30": "$245", "2010-03-31": "$240", "2009-12-31": "$238", "2009-09-30": "$207", "2009-06-30": "$205", "2009-03-31": "$210", "2008-12-31": "$213", "2008-09-30": "$197", "2008-06-30": "$194", "2008-03-31": "$187", "2007-12-31": "$183", "2007-09-30": "$161", "2007-06-30": "$153", "2007-03-31": "$139", "2006-12-31": "$126", "2006-09-30": "$111", "2006-06-30": "$101", "2006-03-31": "$91", "2005-12-31": "$83", "2005-09-30": "$76", "2005-06-30": "$65", "2005-03-31": "$60"}}, "gross-profit": {"Akamai Technologies Annual Gross Profit (Millions of US $)": {"2019": "$1,906", "2018": "$1,761", "2017": "$1,613", "2016": "$1,539", "2015": "$1,472", "2014": "$1,353", "2013": "$1,067", "2012": "$844", "2011": "$705", "2010": "$720", "2009": "$610", "2008": "$568", "2007": "$469", "2006": "$335", "2005": "$227"}, "Akamai Technologies Quarterly Gross Profit (Millions of US $)": {"2020-09-30": "$509", "2020-06-30": "$518", "2020-03-31": "$496", "2019-12-31": "$514", "2019-09-30": "$463", "2019-06-30": "$463", "2019-03-31": "$466", "2018-12-31": "$469", "2018-09-30": "$430", "2018-06-30": "$427", "2018-03-31": "$434", "2017-12-31": "$429", "2017-09-30": "$399", "2017-06-30": "$391", "2017-03-31": "$395", "2016-12-31": "$420", "2016-09-30": "$380", "2016-06-30": "$366", "2016-03-31": "$373", "2015-12-31": "$386", "2015-09-30": "$368", "2015-06-30": "$361", "2015-03-31": "$357", "2014-12-31": "$373", "2014-09-30": "$339", "2014-06-30": "$327", "2014-03-31": "$314", "2013-12-31": "$302", "2013-09-30": "$264", "2013-06-30": "$253", "2013-03-31": "$248", "2012-12-31": "$238", "2012-09-30": "$211", "2012-06-30": "$200", "2012-03-31": "$195", "2011-12-31": "$142", "2011-09-30": "$189", "2011-06-30": "$187", "2011-03-31": "$187", "2010-12-31": "$198", "2010-09-30": "$176", "2010-06-30": "$173", "2010-03-31": "$173", "2009-12-31": "$171", "2009-09-30": "$145", "2009-06-30": "$145", "2009-03-31": "$150", "2008-12-31": "$152", "2008-09-30": "$141", "2008-06-30": "$140", "2008-03-31": "$135", "2007-12-31": "$134", "2007-09-30": "$117", "2007-06-30": "$113", "2007-03-31": "$105", "2006-12-31": "$97", "2006-09-30": "$87", "2006-06-30": "$79", "2006-03-31": "$72", "2005-12-31": "$67", "2005-09-30": "$60", "2005-06-30": "$52", "2005-03-31": "$49"}}, "operating-income": {"Akamai Technologies Annual Operating Income (Millions of US $)": {"2019": "$549", "2018": "$362", "2017": "$314", "2016": "$467", "2015": "$466", "2014": "$490", "2013": "$414", "2012": "$314", "2011": "$291", "2010": "$254", "2009": "$223", "2008": "$212", "2007": "$145", "2006": "$83", "2005": "$73"}, "Akamai Technologies Quarterly Operating Income (Millions of US $)": {"2020-09-30": "$181", "2020-06-30": "$190", "2020-03-31": "$152", "2019-12-31": "$135", "2019-09-30": "$143", "2019-06-30": "$136", "2019-03-31": "$135", "2018-12-31": "$120", "2018-09-30": "$117", "2018-06-30": "$57", "2018-03-31": "$69", "2017-12-31": "$32", "2017-09-30": "$91", "2017-06-30": "$86", "2017-03-31": "$105", "2016-12-31": "$130", "2016-09-30": "$112", "2016-06-30": "$110", "2016-03-31": "$114", "2015-12-31": "$123", "2015-09-30": "$116", "2015-06-30": "$106", "2015-03-31": "$122", "2014-12-31": "$136", "2014-09-30": "$120", "2014-06-30": "$112", "2014-03-31": "$121", "2013-12-31": "$116", "2013-09-30": "$100", "2013-06-30": "$98", "2013-03-31": "$101", "2012-12-31": "$96", "2012-09-30": "$80", "2012-06-30": "$67", "2012-03-31": "$72", "2011-12-31": "$79", "2011-09-30": "$65", "2011-06-30": "$73", "2011-03-31": "$73", "2010-12-31": "$72", "2010-09-30": "$59", "2010-06-30": "$57", "2010-03-31": "$66", "2009-12-31": "$62", "2009-09-30": "$51", "2009-06-30": "$54", "2009-03-31": "$56", "2008-12-31": "$55", "2008-09-30": "$52", "2008-06-30": "$52", "2008-03-31": "$53", "2007-12-31": "$51", "2007-09-30": "$36", "2007-06-30": "$31", "2007-03-31": "$27", "2006-12-31": "$26", "2006-09-30": "$22", "2006-06-30": "$17", "2006-03-31": "$18", "2005-12-31": "$21", "2005-09-30": "$19", "2005-06-30": "$17", "2005-03-31": "$16"}}, "ebitda": {"Akamai Technologies Annual EBITDA (Millions of US $)": {"2019": "$1,035", "2018": "$839", "2017": "$705", "2016": "$819", "2015": "$784", "2014": "$752", "2013": "$598", "2012": "$519", "2011": "$459", "2010": "$398", "2009": "$347", "2008": "$311", "2007": "$218", "2006": "$125", "2005": "$99"}, "Akamai Technologies Quarterly EBITDA (Millions of US $)": {"2020-09-30": "$316", "2020-06-30": "$322", "2020-03-31": "$284", "2019-12-31": "$266", "2019-09-30": "$265", "2019-06-30": "$250", "2019-03-31": "$254", "2018-12-31": "$251", "2018-09-30": "$238", "2018-06-30": "$172", "2018-03-31": "$178", "2017-12-31": "$136", "2017-09-30": "$193", "2017-06-30": "$179", "2017-03-31": "$196", "2016-12-31": "$219", "2016-09-30": "$201", "2016-06-30": "$200", "2016-03-31": "$199", "2015-12-31": "$208", "2015-09-30": "$195", "2015-06-30": "$185", "2015-03-31": "$197", "2014-12-31": "$208", "2014-09-30": "$192", "2014-06-30": "$176", "2014-03-31": "$176", "2013-12-31": "$166", "2013-09-30": "$147", "2013-06-30": "$142", "2013-03-31": "$144", "2012-12-31": "$151", "2012-09-30": "$134", "2012-06-30": "$117", "2012-03-31": "$117", "2011-12-31": "$123", "2011-09-30": "$107", "2011-06-30": "$115", "2011-03-31": "$114", "2010-12-31": "$112", "2010-09-30": "$96", "2010-06-30": "$92", "2010-03-31": "$99", "2009-12-31": "$95", "2009-09-30": "$83", "2009-06-30": "$84", "2009-03-31": "$85", "2008-12-31": "$83", "2008-09-30": "$77", "2008-06-30": "$76", "2008-03-31": "$76", "2007-12-31": "$71", "2007-09-30": "$55", "2007-06-30": "$49", "2007-03-31": "$42", "2006-12-31": "$38", "2006-09-30": "$32", "2006-06-30": "$27", "2006-03-31": "$27", "2005-12-31": "$29", "2005-09-30": "$27", "2005-06-30": "$22", "2005-03-31": "$20"}}, "net-income": {"Akamai Technologies Annual Net Income (Millions of US $)": {"2019": "$478", "2018": "$298", "2017": "$223", "2016": "$321", "2015": "$321", "2014": "$334", "2013": "$293", "2012": "$204", "2011": "$201", "2010": "$171", "2009": "$146", "2008": "$145", "2007": "$101", "2006": "$57", "2005": "$328"}, "Akamai Technologies Quarterly Net Income (Millions of US $)": {"2020-09-30": "$159", "2020-06-30": "$162", "2020-03-31": "$123", "2019-12-31": "$119", "2019-09-30": "$138", "2019-06-30": "$114", "2019-03-31": "$107", "2018-12-31": "$94", "2018-09-30": "$108", "2018-06-30": "$43", "2018-03-31": "$54", "2017-12-31": "$28", "2017-09-30": "$64", "2017-06-30": "$57", "2017-03-31": "$75", "2016-12-31": "$96", "2016-09-30": "$76", "2016-06-30": "$74", "2016-03-31": "$75", "2015-12-31": "$88", "2015-09-30": "$88", "2015-06-30": "$67", "2015-03-31": "$78", "2014-12-31": "$97", "2014-09-30": "$91", "2014-06-30": "$73", "2014-03-31": "$73", "2013-12-31": "$80", "2013-09-30": "$80", "2013-06-30": "$62", "2013-03-31": "$71", "2012-12-31": "$68", "2012-09-30": "$48", "2012-06-30": "$44", "2012-03-31": "$43", "2011-12-31": "$60", "2011-09-30": "$42", "2011-06-30": "$48", "2011-03-31": "$51", "2010-12-31": "$53", "2010-09-30": "$40", "2010-06-30": "$38", "2010-03-31": "$41", "2009-12-31": "$40", "2009-09-30": "$33", "2009-06-30": "$36", "2009-03-31": "$37", "2008-12-31": "$41", "2008-09-30": "$33", "2008-06-30": "$34", "2008-03-31": "$37", "2007-12-31": "$36", "2007-09-30": "$24", "2007-06-30": "$22", "2007-03-31": "$19", "2006-12-31": "$21", "2006-09-30": "$14", "2006-06-30": "$11", "2006-03-31": "$11", "2005-12-31": "$26", "2005-09-30": "$272", "2005-06-30": "$16", "2005-03-31": "$14"}}, "eps-earnings-per-share-diluted": {"Akamai Technologies Annual EPS": {"2019": "$2.90", "2018": "$1.76", "2017": "$1.29", "2016": "$1.82", "2015": "$1.78", "2014": "$1.84", "2013": "$1.61", "2012": "$1.12", "2011": "$1.07", "2010": "$0.90", "2009": "$0.78", "2008": "$0.79", "2007": "$0.56", "2006": "$0.34", "2005": "$2.11"}, "Akamai Technologies Quarterly EPS": {"2020-09-30": "$0.95", "2020-06-30": "$0.98", "2020-03-31": "$0.75", "2019-12-31": "$0.72", "2019-09-30": "$0.84", "2019-06-30": "$0.69", "2019-03-31": "$0.65", "2018-12-31": "$0.56", "2018-09-30": "$0.64", "2018-06-30": "$0.25", "2018-03-31": "$0.31", "2017-12-31": "$0.16", "2017-09-30": "$0.37", "2017-06-30": "$0.33", "2017-03-31": "$0.43", "2016-12-31": "$0.55", "2016-09-30": "$0.43", "2016-06-30": "$0.42", "2016-03-31": "$0.42", "2015-12-31": "$0.49", "2015-09-30": "$0.49", "2015-06-30": "$0.37", "2015-03-31": "$0.43", "2014-12-31": "$0.54", "2014-09-30": "$0.50", "2014-06-30": "$0.40", "2014-03-31": "$0.40", "2013-12-31": "$0.44", "2013-09-30": "$0.44", "2013-06-30": "$0.34", "2013-03-31": "$0.39", "2012-12-31": "$0.37", "2012-09-30": "$0.27", "2012-06-30": "$0.24", "2012-03-31": "$0.24", "2011-12-31": "$0.33", "2011-09-30": "$0.23", "2011-06-30": "$0.25", "2011-03-31": "$0.26", "2010-12-31": "$0.27", "2010-09-30": "$0.21", "2010-06-30": "$0.20", "2010-03-31": "$0.22", "2009-12-31": "$0.21", "2009-09-30": "$0.18", "2009-06-30": "$0.19", "2009-03-31": "$0.20", "2008-12-31": "$0.22", "2008-09-30": "$0.18", "2008-06-30": "$0.19", "2008-03-31": "$0.20", "2007-12-31": "$0.20", "2007-09-30": "$0.13", "2007-06-30": "$0.12", "2007-03-31": "$0.11", "2006-12-31": "$0.12", "2006-09-30": "$0.08", "2006-06-30": "$0.07", "2006-03-31": "$0.07", "2005-12-31": "$0.19", "2005-09-30": "$1.71", "2005-06-30": "$0.11", "2005-03-31": "$0.10"}}, "shares-outstanding": {"Akamai Technologies Annual Shares Outstanding (Millions of Shares)": {"2019": "165", "2018": "169", "2017": "173", "2016": "176", "2015": "180", "2014": "181", "2013": "182", "2012": "182", "2011": "188", "2010": "191", "2009": "189", "2008": "187", "2007": "185", "2006": "177", "2005": "157"}, "Akamai Technologies Quarterly Shares Outstanding (Millions of Shares)": {"2020-09-30": "167", "2020-06-30": "165", "2020-03-31": "164", "2019-12-31": "165", "2019-09-30": "165", "2019-06-30": "165", "2019-03-31": "165", "2018-12-31": "169", "2018-09-30": "168", "2018-06-30": "172", "2018-03-31": "172", "2017-12-31": "173", "2017-09-30": "172", "2017-06-30": "173", "2017-03-31": "175", "2016-12-31": "176", "2016-09-30": "176", "2016-06-30": "176", "2016-03-31": "178", "2015-12-31": "180", "2015-09-30": "180", "2015-06-30": "181", "2015-03-31": "181", "2014-12-31": "181", "2014-09-30": "181", "2014-06-30": "181", "2014-03-31": "182", "2013-12-31": "182", "2013-09-30": "182", "2013-06-30": "181", "2013-03-31": "182", "2012-12-31": "182", "2012-09-30": "181", "2012-06-30": "182", "2012-03-31": "182", "2011-12-31": "188", "2011-09-30": "186", "2011-06-30": "190", "2011-03-31": "191", "2010-12-31": "191", "2010-09-30": "191", "2010-06-30": "190", "2010-03-31": "189", "2009-12-31": "189", "2009-09-30": "188", "2009-06-30": "190", "2009-03-31": "188", "2008-12-31": "187", "2008-09-30": "188", "2008-06-30": "188", "2008-03-31": "186", "2007-12-31": "185", "2007-09-30": "185", "2007-06-30": "186", "2007-03-31": "183", "2006-12-31": "177", "2006-09-30": "177", "2006-06-30": "176", "2006-03-31": "174", "2005-12-31": "157", "2005-09-30": "160", "2005-06-30": "150", "2005-03-31": "147"}}, "total-assets": {"Akamai Technologies Annual Total Assets (Millions of US $)": {"2019": "$7,007", "2018": "$5,462", "2017": "$4,649", "2016": "$4,373", "2015": "$4,182", "2014": "$4,002", "2013": "$2,958", "2012": "$2,601", "2011": "$2,346", "2010": "$2,353", "2009": "$2,088", "2008": "$1,881", "2007": "$1,656", "2006": "$1,248", "2005": "$891"}, "Akamai Technologies Quarterly Total Assets (Millions of US $)": {"2020-09-30": "$7,514", "2020-06-30": "$7,225", "2020-03-31": "$6,948", "2019-12-31": "$7,007", "2019-09-30": "$6,357", "2019-06-30": "$5,343", "2019-03-31": "$5,183", "2018-12-31": "$5,462", "2018-09-30": "$5,364", "2018-06-30": "$5,605", "2018-03-31": "$4,687", "2017-12-31": "$4,649", "2017-09-30": "$4,509", "2017-06-30": "$4,489", "2017-03-31": "$4,450", "2016-12-31": "$4,373", "2016-09-30": "$4,354", "2016-06-30": "$4,270", "2016-03-31": "$4,184", "2015-12-31": "$4,182", "2015-09-30": "$4,185", "2015-06-30": "$4,131", "2015-03-31": "$3,987", "2014-12-31": "$4,002", "2014-09-30": "$3,854", "2014-06-30": "$3,769", "2014-03-31": "$3,651", "2013-12-31": "$2,958", "2013-09-30": "$2,885", "2013-06-30": "$2,725", "2013-03-31": "$2,647", "2012-12-31": "$2,601", "2012-09-30": "$2,539", "2012-06-30": "$2,446", "2012-03-31": "$2,414", "2011-12-31": "$2,346", "2011-09-30": "$2,302", "2011-06-30": "$2,404", "2011-03-31": "$2,375", "2010-12-31": "$2,353", "2010-09-30": "$2,263", "2010-06-30": "$2,203", "2010-03-31": "$2,117", "2009-12-31": "$2,088", "2009-09-30": "$2,029", "2009-06-30": "$1,989", "2009-03-31": "$1,939", "2008-12-31": "$1,881", "2008-09-30": "$1,801", "2008-06-30": "$1,755", "2008-03-31": "$1,699", "2007-12-31": "$1,656", "2007-09-30": "$1,575", "2007-06-30": "$1,520", "2007-03-31": "$1,467", "2006-12-31": "$1,248", "2006-09-30": "$1,028", "2006-06-30": "$969", "2006-03-31": "$931", "2005-12-31": "$891", "2005-09-30": "$647", "2005-06-30": "$365", "2005-03-31": "$202"}}, "cash-on-hand": {"Akamai Technologies Annual Cash on Hand (Millions of US $)": {"2019": "$1,537", "2018": "$1,892", "2017": "$712", "2016": "$837", "2015": "$750", "2014": "$758", "2013": "$674", "2012": "$438", "2011": "$849", "2010": "$607", "2009": "$567", "2008": "$331", "2007": "$546", "2006": "$270", "2005": "$292"}, "Akamai Technologies Quarterly Cash on Hand (Millions of US $)": {"2020-09-30": "$1,444", "2020-06-30": "$1,373", "2020-03-31": "$1,249", "2019-12-31": "$1,537", "2019-09-30": "$1,570", "2019-06-30": "$1,042", "2019-03-31": "$1,119", "2018-12-31": "$1,892", "2018-09-30": "$1,802", "2018-06-30": "$1,857", "2018-03-31": "$812", "2017-12-31": "$712", "2017-09-30": "$752", "2017-06-30": "$683", "2017-03-31": "$845", "2016-12-31": "$837", "2016-09-30": "$911", "2016-06-30": "$869", "2016-03-31": "$838", "2015-12-31": "$750", "2015-09-30": "$668", "2015-06-30": "$644", "2015-03-31": "$713", "2014-12-31": "$758", "2014-09-30": "$711", "2014-06-30": "$757", "2014-03-31": "$698", "2013-12-31": "$674", "2013-09-30": "$566", "2013-06-30": "$531", "2013-03-31": "$513", "2012-12-31": "$438", "2012-09-30": "$465", "2012-06-30": "$497", "2012-03-31": "$405", "2011-12-31": "$849", "2011-09-30": "$688", "2011-06-30": "$497", "2011-03-31": "$564", "2010-12-31": "$607", "2010-09-30": "$608", "2010-06-30": "$504", "2010-03-31": "$605", "2009-12-31": "$567", "2009-09-30": "$582", "2009-06-30": "$620", "2009-03-31": "$454", "2008-12-31": "$331", "2008-09-30": "$301", "2008-06-30": "$292", "2008-03-31": "$322", "2007-12-31": "$546", "2007-09-30": "$437", "2007-06-30": "$356", "2007-03-31": "$342", "2006-12-31": "$270", "2006-09-30": "$278", "2006-06-30": "$259", "2006-03-31": "$285", "2005-12-31": "$292", "2005-09-30": "$67", "2005-06-30": "$104", "2005-03-31": "$84"}}, "long-term-debt": {"Akamai Technologies Annual Long Term Debt (Millions of US $)": {"2019": "$1,840", "2018": "$874", "2017": "$663", "2016": "$640", "2015": "$618", "2014": "$605", "2013": "$", "2012": "$", "2011": "$", "2010": "$", "2009": "$", "2008": "$200", "2007": "$200", "2006": "$200", "2005": "$200"}, "Akamai Technologies Quarterly Long Term Debt (Millions of US $)": {"2020-09-30": "$1,890", "2020-06-30": "$1,873", "2020-03-31": "$1,856", "2019-12-31": "$1,840", "2019-09-30": "$1,823", "2019-06-30": "$893", "2019-03-31": "$884", "2018-12-31": "$874", "2018-09-30": "$865", "2018-06-30": "$855", "2018-03-31": "", "2017-12-31": "$663", "2017-09-30": "$657", "2017-06-30": "$651", "2017-03-31": "$646", "2016-12-31": "$640", "2016-09-30": "$635", "2016-06-30": "$629", "2016-03-31": "$623", "2015-12-31": "$618", "2015-09-30": "$619", "2015-06-30": "$614", "2015-03-31": "$610", "2014-12-31": "$605", "2014-09-30": "$600", "2014-06-30": "$595", "2014-03-31": "$591", "2013-12-31": "", "2013-09-30": "", "2013-06-30": "", "2013-03-31": "", "2012-12-31": "", "2012-09-30": "", "2012-06-30": "", "2012-03-31": "", "2011-12-31": "", "2011-09-30": "", "2011-06-30": "", "2011-03-31": "", "2010-12-31": "", "2010-09-30": "", "2010-06-30": "", "2010-03-31": "", "2009-12-31": "", "2009-09-30": "$200", "2009-06-30": "$200", "2009-03-31": "$200", "2008-12-31": "$200", "2008-09-30": "$200", "2008-06-30": "$200", "2008-03-31": "$200", "2007-12-31": "$200", "2007-09-30": "$200", "2007-06-30": "$200", "2007-03-31": "$200", "2006-12-31": "$200", "2006-09-30": "$200", "2006-06-30": "$200", "2006-03-31": "$200", "2005-12-31": "$200", "2005-09-30": "$200", "2005-06-30": "$257", "2005-03-31": "$257"}}, "total-liabilities": {"Akamai Technologies Annual Total Liabilities (Millions of US $)": {"2019": "$3,349", "2018": "$2,270", "2017": "$1,286", "2016": "$1,149", "2015": "$1,061", "2014": "$1,056", "2013": "$328", "2012": "$255", "2011": "$189", "2010": "$175", "2009": "$349", "2008": "$312", "2007": "$297", "2006": "$293", "2005": "$267"}, "Akamai Technologies Quarterly Total Liabilities (Millions of US $)": {"2020-09-30": "$3,407", "2020-06-30": "$3,321", "2020-03-31": "$3,276", "2019-12-31": "$3,349", "2019-09-30": "$2,856", "2019-06-30": "$1,948", "2019-03-31": "$1,900", "2018-12-31": "$2,270", "2018-09-30": "$2,208", "2018-06-30": "$2,159", "2018-03-31": "$1,301", "2017-12-31": "$1,286", "2017-09-30": "$1,236", "2017-06-30": "$1,202", "2017-03-31": "$1,191", "2016-12-31": "$1,149", "2016-09-30": "$1,185", "2016-06-30": "$1,119", "2016-03-31": "$1,070", "2015-12-31": "$1,061", "2015-09-30": "$1,099", "2015-06-30": "$1,086", "2015-03-31": "$1,005", "2014-12-31": "$1,056", "2014-09-30": "$1,006", "2014-06-30": "$996", "2014-03-31": "$939", "2013-12-31": "$328", "2013-09-30": "$342", "2013-06-30": "$277", "2013-03-31": "$262", "2012-12-31": "$255", "2012-09-30": "$280", "2012-06-30": "$231", "2012-03-31": "$213", "2011-12-31": "$189", "2011-09-30": "$180", "2011-06-30": "$176", "2011-03-31": "$165", "2010-12-31": "$175", "2010-09-30": "$229", "2010-06-30": "$230", "2010-03-31": "$336", "2009-12-31": "$349", "2009-09-30": "$330", "2009-06-30": "$308", "2009-03-31": "$308", "2008-12-31": "$312", "2008-09-30": "$295", "2008-06-30": "$293", "2008-03-31": "$302", "2007-12-31": "$297", "2007-09-30": "$303", "2007-06-30": "$290", "2007-03-31": "$305", "2006-12-31": "$293", "2006-09-30": "$286", "2006-06-30": "$275", "2006-03-31": "$276", "2005-12-31": "$267", "2005-09-30": "$269", "2005-06-30": "$324", "2005-03-31": "$312"}}, "total-share-holder-equity": {"Akamai Technologies Annual Share Holder Equity (Millions of US $)": {"2019": "$3,658", "2018": "$3,192", "2017": "$3,362", "2016": "$3,224", "2015": "$3,121", "2014": "$2,945", "2013": "$2,629", "2012": "$2,346", "2011": "$2,156", "2010": "$2,178", "2009": "$1,739", "2008": "$1,569", "2007": "$1,359", "2006": "$955", "2005": "$624"}, "Akamai Technologies Quarterly Share Holder Equity (Millions of US $)": {"2020-09-30": "$4,108", "2020-06-30": "$3,904", "2020-03-31": "$3,672", "2019-12-31": "$3,658", "2019-09-30": "$3,502", "2019-06-30": "$3,395", "2019-03-31": "$3,283", "2018-12-31": "$3,192", "2018-09-30": "$3,156", "2018-06-30": "$3,445", "2018-03-31": "$3,386", "2017-12-31": "$3,362", "2017-09-30": "$3,273", "2017-06-30": "$3,287", "2017-03-31": "$3,259", "2016-12-31": "$3,224", "2016-09-30": "$3,169", "2016-06-30": "$3,150", "2016-03-31": "$3,114", "2015-12-31": "$3,121", "2015-09-30": "$3,086", "2015-06-30": "$3,045", "2015-03-31": "$2,982", "2014-12-31": "$2,945", "2014-09-30": "$2,848", "2014-06-30": "$2,773", "2014-03-31": "$2,712", "2013-12-31": "$2,629", "2013-09-30": "$2,543", "2013-06-30": "$2,448", "2013-03-31": "$2,385", "2012-12-31": "$2,346", "2012-09-30": "$2,260", "2012-06-30": "$2,215", "2012-03-31": "$2,201", "2011-12-31": "$2,156", "2011-09-30": "$2,122", "2011-06-30": "$2,228", "2011-03-31": "$2,210", "2010-12-31": "$2,178", "2010-09-30": "$2,034", "2010-06-30": "$1,973", "2010-03-31": "$1,780", "2009-12-31": "$1,739", "2009-09-30": "$1,698", "2009-06-30": "$1,681", "2009-03-31": "$1,631", "2008-12-31": "$1,569", "2008-09-30": "$1,506", "2008-06-30": "$1,463", "2008-03-31": "$1,398", "2007-12-31": "$1,359", "2007-09-30": "$1,272", "2007-06-30": "$1,230", "2007-03-31": "$1,161", "2006-12-31": "$955", "2006-09-30": "$742", "2006-06-30": "$694", "2006-03-31": "$655", "2005-12-31": "$624", "2005-09-30": "$378", "2005-06-30": "$41", "2005-03-31": "$-111"}}, "profit-margins": {"current": "17.42%"}, "gross margin": {"2020-09-30": "65.20%", "2020-06-30": "65.47%", "2020-03-31": "65.60%", "2019-12-31": "65.86%", "2019-09-30": "65.64%", "2019-06-30": "65.40%", "2019-03-31": "65.09%", "2018-12-31": "64.83%", "2018-09-30": "64.66%", "2018-06-30": "64.61%", "2018-03-31": "64.65%", "2017-12-31": "64.87%", "2017-09-30": "65.40%", "2017-06-30": "65.70%", "2017-03-31": "65.59%", "2016-12-31": "65.55%", "2016-09-30": "65.35%", "2016-06-30": "65.77%", "2016-03-31": "66.46%", "2015-12-31": "66.97%", "2015-09-30": "67.70%", "2015-06-30": "68.03%", "2015-03-31": "68.53%", "2014-12-31": "68.89%", "2014-09-30": "68.78%", "2014-06-30": "68.50%", "2014-03-31": "68.09%", "2013-12-31": "67.62%", "2013-09-30": "65.99%", "2013-06-30": "64.67%", "2013-03-31": "63.08%", "2012-12-31": "61.47%", "2012-09-30": "56.71%", "2012-06-30": "57.80%", "2012-03-31": "59.32%", "2011-12-31": "60.83%", "2011-09-30": "67.95%", "2011-06-30": "68.50%", "2011-03-31": "69.25%", "2010-12-31": "70.31%", "2010-09-30": "70.93%", "2010-06-30": "71.18%", "2010-03-31": "71.24%", "2009-12-31": "71.05%", "2009-09-30": "70.90%", "2009-06-30": "71.27%", "2009-03-31": "71.62%", "2008-12-31": "71.81%", "2008-09-30": "72.27%", "2008-06-30": "72.55%", "2008-03-31": "72.95%", "2007-12-31": "73.74%", "2007-09-30": "74.61%", "2007-06-30": "75.99%", "2007-03-31": "77.15%", "2006-12-31": "78.09%", "2006-09-30": "79.02%", "2006-06-30": "79.20%", "2006-03-31": "79.68%", "2005-12-31": "80.28%"}, "operating margin": {"2020-09-30": "21.06%", "2020-06-30": "20.39%", "2020-03-31": "19.18%", "2019-12-31": "18.97%", "2019-09-30": "18.84%", "2019-06-30": "18.18%", "2019-03-31": "15.58%", "2018-12-31": "13.37%", "2018-09-30": "10.34%", "2018-06-30": "9.53%", "2018-03-31": "10.87%", "2017-12-31": "12.62%", "2017-09-30": "16.79%", "2017-06-30": "17.94%", "2017-03-31": "19.20%", "2016-12-31": "19.85%", "2016-09-30": "19.93%", "2016-06-30": "20.40%", "2016-03-31": "20.50%", "2015-12-31": "21.25%", "2015-09-30": "22.27%", "2015-06-30": "23.03%", "2015-03-31": "24.05%", "2014-12-31": "24.90%", "2014-09-30": "25.16%", "2014-06-30": "25.48%", "2014-03-31": "26.14%", "2013-12-31": "26.30%", "2013-09-30": "25.99%", "2013-06-30": "25.53%", "2013-03-31": "24.19%", "2012-12-31": "22.94%", "2012-09-30": "22.59%", "2012-06-30": "22.53%", "2012-03-31": "24.04%", "2011-12-31": "25.02%", "2011-09-30": "25.27%", "2011-06-30": "25.37%", "2011-03-31": "24.62%", "2010-12-31": "24.80%", "2010-09-30": "24.97%", "2010-06-30": "25.38%", "2010-03-31": "26.18%", "2009-12-31": "25.93%", "2009-09-30": "25.87%", "2009-06-30": "26.30%", "2009-03-31": "26.41%", "2008-12-31": "26.80%", "2008-09-30": "27.33%", "2008-06-30": "26.48%", "2008-03-31": "25.00%", "2007-12-31": "22.80%", "2007-09-30": "20.73%", "2007-06-30": "20.04%", "2007-03-31": "19.29%", "2006-12-31": "19.35%", "2006-09-30": "20.21%", "2006-06-30": "21.37%", "2006-03-31": "23.81%", "2005-12-31": "25.70%"}, "ebitda margin": {"2020-09-30": "38.03%", "2020-06-30": "37.39%", "2020-03-31": "36.09%", "2019-12-31": "35.76%", "2019-09-30": "35.98%", "2019-06-30": "35.53%", "2019-03-31": "33.24%", "2018-12-31": "30.90%", "2018-09-30": "27.22%", "2018-06-30": "25.98%", "2018-03-31": "26.83%", "2017-12-31": "28.30%", "2017-09-30": "32.07%", "2017-06-30": "32.93%", "2017-03-31": "34.29%", "2016-12-31": "34.88%", "2016-09-30": "35.08%", "2016-06-30": "35.33%", "2016-03-31": "35.15%", "2015-12-31": "35.71%", "2015-09-30": "36.43%", "2015-06-30": "37.20%", "2015-03-31": "37.95%", "2014-12-31": "38.29%", "2014-09-30": "38.09%", "2014-06-30": "37.74%", "2014-03-31": "37.92%", "2013-12-31": "37.96%", "2013-09-30": "38.42%", "2013-06-30": "38.87%", "2013-03-31": "38.40%", "2012-12-31": "37.80%", "2012-09-30": "37.23%", "2012-06-30": "36.94%", "2012-03-31": "38.44%", "2011-12-31": "39.60%", "2011-09-30": "40.00%", "2011-06-30": "40.02%", "2011-03-31": "39.06%", "2010-12-31": "38.96%", "2010-09-30": "39.10%", "2010-06-30": "39.68%", "2010-03-31": "40.56%", "2009-12-31": "40.35%", "2009-09-30": "40.12%", "2009-06-30": "39.88%", "2009-03-31": "39.43%", "2008-12-31": "39.44%", "2008-09-30": "39.42%", "2008-06-30": "38.34%", "2008-03-31": "36.70%", "2007-12-31": "34.12%", "2007-09-30": "31.78%", "2007-06-30": "30.43%", "2007-03-31": "29.14%", "2006-12-31": "28.90%", "2006-09-30": "29.79%", "2006-06-30": "31.34%", "2006-03-31": "33.33%", "2005-12-31": "34.51%"}, "pre tax profit margin": {"2020-09-30": "19.72%", "2020-06-30": "19.27%", "2020-03-31": "18.23%", "2019-12-31": "18.38%", "2019-09-30": "18.20%", "2019-06-30": "17.50%", "2019-03-31": "14.82%", "2018-12-31": "12.67%", "2018-09-30": "9.89%", "2018-06-30": "9.33%", "2018-03-31": "10.87%", "2017-12-31": "12.66%", "2017-09-30": "16.95%", "2017-06-30": "18.06%", "2017-03-31": "19.29%", "2016-12-31": "19.89%", "2016-09-30": "19.71%", "2016-06-30": "20.09%", "2016-03-31": "20.10%", "2015-12-31": "20.79%", "2015-09-30": "21.86%", "2015-06-30": "22.60%", "2015-03-31": "23.61%", "2014-12-31": "24.49%", "2014-09-30": "24.89%", "2014-06-30": "25.37%", "2014-03-31": "26.26%", "2013-12-31": "26.62%", "2013-09-30": "26.38%", "2013-06-30": "26.00%", "2013-03-31": "24.82%", "2012-12-31": "23.53%", "2012-09-30": "23.73%", "2012-06-30": "23.81%", "2012-03-31": "25.37%", "2011-12-31": "26.49%", "2011-09-30": "26.16%", "2011-06-30": "26.10%", "2011-03-31": "25.28%", "2010-12-31": "25.59%", "2010-09-30": "25.90%", "2010-06-30": "26.45%", "2010-03-31": "27.53%", "2009-12-31": "27.67%", "2009-09-30": "27.90%", "2009-06-30": "28.73%", "2009-03-31": "28.87%", "2008-12-31": "29.58%", "2008-09-30": "30.49%", "2008-06-30": "30.07%", "2008-03-31": "28.95%", "2007-12-31": "26.57%", "2007-09-30": "24.53%", "2007-06-30": "23.44%", "2007-03-31": "22.85%", "2006-12-31": "22.84%", "2006-09-30": "23.32%", "2006-06-30": "23.36%", "2006-03-31": "24.44%", "2005-12-31": "25.00%"}, "net profit margin": {"2020-09-30": "18.02%", "2020-06-30": "17.82%", "2020-03-31": "16.74%", "2019-12-31": "16.52%", "2019-09-30": "15.98%", "2019-06-30": "15.13%", "2019-03-31": "12.79%", "2018-12-31": "11.01%", "2018-09-30": "8.76%", "2018-06-30": "7.23%", "2018-03-31": "7.94%", "2017-12-31": "9.00%", "2017-09-30": "11.90%", "2017-06-30": "12.59%", "2017-03-31": "13.49%", "2016-12-31": "13.67%", "2016-09-30": "13.59%", "2016-06-30": "14.32%", "2016-03-31": "14.20%", "2015-12-31": "14.60%", "2015-09-30": "15.31%", "2015-06-30": "15.84%", "2015-03-31": "16.64%", "2014-12-31": "17.01%", "2014-09-30": "17.01%", "2014-06-30": "17.37%", "2014-03-31": "17.73%", "2013-12-31": "18.57%", "2013-09-30": "18.49%", "2013-06-30": "16.95%", "2013-03-31": "16.24%", "2012-12-31": "14.79%", "2012-09-30": "14.78%", "2012-06-30": "15.05%", "2012-03-31": "16.06%", "2011-12-31": "17.34%", "2011-09-30": "17.32%", "2011-06-30": "17.58%", "2011-03-31": "17.17%", "2010-12-31": "16.80%", "2010-09-30": "16.27%", "2010-06-30": "16.34%", "2010-03-31": "16.85%", "2009-12-31": "16.98%", "2009-09-30": "17.60%", "2009-06-30": "17.82%", "2009-03-31": "17.81%", "2008-12-31": "18.33%", "2008-09-30": "18.40%", "2008-06-30": "18.07%", "2008-03-31": "17.40%", "2007-12-31": "15.88%", "2007-09-30": "14.85%", "2007-06-30": "14.37%", "2007-03-31": "13.63%", "2006-12-31": "13.29%", "2006-09-30": "16.06%", "2006-06-30": "91.17%", "2006-03-31": "103.17%", "2005-12-31": "115.49%"}, "pe ratio": {"current": "28.09", "2021-02-11": "29.75", "2020-09-30": "32.42", "2020-06-30": "32.45", "2020-03-31": "30.40", "2019-12-31": "29.68", "2019-09-30": "33.23", "2019-06-30": "31.43", "2019-03-31": "33.99", "2018-12-31": "34.51", "2018-09-30": "55.84", "2018-06-30": "71.79", "2018-03-31": "64.53", "2017-12-31": "52.03", "2017-09-30": "29.35", "2017-06-30": "28.63", "2017-03-31": "32.62", "2016-12-31": "37.25", "2016-09-30": "30.11", "2016-06-30": "30.73", "2016-03-31": "31.40", "2015-12-31": "29.57", "2015-09-30": "37.74", "2015-06-30": "37.95", "2015-03-31": "37.99", "2014-12-31": "34.22", "2014-09-30": "34.37", "2014-06-30": "36.35", "2014-03-31": "35.93", "2013-12-31": "29.30", "2013-09-30": "33.35", "2013-06-30": "30.83", "2013-03-31": "27.59", "2012-12-31": "36.20", "2012-09-30": "35.43", "2012-06-30": "30.53", "2012-03-31": "34.95", "2011-12-31": "30.17", "2011-09-30": "19.68", "2011-06-30": "31.79", "2011-03-31": "40.43", "2010-12-31": "52.28", "2010-09-30": "59.74", "2010-06-30": "50.09", "2010-03-31": "39.28", "2009-12-31": "32.49", "2009-09-30": "24.91", "2009-06-30": "24.28", "2009-03-31": "24.87", "2008-12-31": "19.35", "2008-09-30": "23.25", "2008-06-30": "49.70", "2008-03-31": "44.00", "2007-12-31": "62.91", "2007-09-30": "59.85", "2007-06-30": "113.12", "2007-03-31": "134.92", "2006-12-31": "160.97"}, "price sales": {"2021-02-11": "5.36", "2020-09-30": "5.83", "2020-06-30": "5.79", "2020-03-31": "5.10", "2019-12-31": "4.92", "2019-09-30": "5.35", "2019-06-30": "4.78", "2019-03-31": "4.39", "2018-12-31": "3.83", "2018-09-30": "4.71", "2018-06-30": "4.82", "2018-03-31": "4.78", "2017-12-31": "4.53", "2017-09-30": "3.45", "2017-06-30": "3.61", "2017-03-31": "4.41", "2016-12-31": "5.01", "2016-09-30": "4.08", "2016-06-30": "4.40", "2016-03-31": "4.46", "2015-12-31": "4.32", "2015-09-30": "5.79", "2015-06-30": "6.01", "2015-03-31": "6.31", "2014-12-31": "5.81", "2014-09-30": "5.82", "2014-06-30": "6.30", "2014-03-31": "6.36", "2013-12-31": "5.43", "2013-09-30": "6.18", "2013-06-30": "5.25", "2013-03-31": "4.51", "2012-12-31": "5.41", "2012-09-30": "5.31", "2012-06-30": "4.66", "2012-03-31": "5.69", "2011-12-31": "5.26", "2011-09-30": "3.36", "2011-06-30": "5.50", "2011-03-31": "6.85", "2010-12-31": "8.75", "2010-09-30": "9.75", "2010-06-30": "8.25", "2010-03-31": "6.67", "2009-12-31": "5.56", "2009-09-30": "4.44", "2009-06-30": "4.37", "2009-03-31": "4.47", "2008-12-31": "3.57", "2008-09-30": "4.27", "2008-06-30": "8.92", "2008-03-31": "7.63", "2007-12-31": "10.05", "2007-09-30": "9.08", "2007-06-30": "16.64", "2007-03-31": "18.67", "2006-12-31": "21.80"}, "price book": {"current": "4.67", "2021-02-11": "4.02", "2020-09-30": "4.38", "2020-06-30": "4.46", "2020-03-31": "4.04", "2019-12-31": "3.83", "2019-09-30": "4.22", "2019-06-30": "3.86", "2019-03-31": "3.57", "2018-12-31": "3.12", "2018-09-30": "3.80", "2018-06-30": "3.60", "2018-03-31": "3.58", "2017-12-31": "3.29", "2017-09-30": "2.53", "2017-06-30": "2.61", "2017-03-31": "3.17", "2016-12-31": "3.58", "2016-09-30": "2.90", "2016-06-30": "3.11", "2016-03-31": "3.14", "2015-12-31": "2.99", "2015-09-30": "3.99", "2015-06-30": "4.10", "2015-03-31": "4.26", "2014-12-31": "3.81", "2014-09-30": "3.74", "2014-06-30": "3.93", "2014-03-31": "3.83", "2013-12-31": "3.20", "2013-09-30": "3.63", "2013-06-30": "3.10", "2013-03-31": "2.63", "2012-12-31": "3.10", "2012-09-30": "3.00", "2012-06-30": "2.55", "2012-03-31": "2.99", "2011-12-31": "2.66", "2011-09-30": "1.68", "2011-06-30": "2.63", "2011-03-31": "3.21", "2010-12-31": "4.03", "2010-09-30": "4.50", "2010-06-30": "3.73", "2010-03-31": "3.03", "2009-12-31": "2.50", "2009-09-30": "1.98", "2009-06-30": "1.97", "2009-03-31": "2.05", "2008-12-31": "1.63", "2008-09-30": "1.96", "2008-06-30": "4.02", "2008-03-31": "3.37", "2007-12-31": "4.23", "2007-09-30": "3.74", "2007-06-30": "6.53", "2007-03-31": "7.05", "2006-12-31": "8.92", "2006-09-30": "10.53", "2006-06-30": "8.10", "2006-03-31": "7.75"}, "price fcf": {"2021-02-11": "", "2020-09-30": "$3.06", "2020-06-30": "$2.92", "2020-03-31": "$2.95", "2019-12-31": "$3.02", "2019-09-30": "$3.09", "2019-06-30": "$3.57", "2019-03-31": "$3.21", "2018-12-31": "$3.56", "2018-09-30": "$3.10", "2018-06-30": "$2.42", "2018-03-31": "$2.40", "2017-12-31": "$2.24", "2017-09-30": "$2.33", "2017-06-30": "$2.62", "2017-03-31": "$2.83", "2016-12-31": "$3.15", "2016-09-30": "$3.48", "2016-06-30": "$2.77", "2016-03-31": "$2.75", "2015-12-31": "$1.93", "2015-09-30": "$1.57", "2015-06-30": "$1.85", "2015-03-31": "$1.64", "2014-12-31": "$1.87", "2014-09-30": "$1.90", "2014-06-30": "$1.88", "2014-03-31": "$1.52", "2013-12-31": "$1.67", "2013-09-30": "$1.57", "2013-06-30": "$1.45", "2013-03-31": "$1.61", "2012-12-31": "$1.70", "2012-09-30": "$1.68", "2012-06-30": "$1.64", "2012-03-31": "$1.49", "2011-12-31": "$1.44", "2011-09-30": "$1.30", "2011-06-30": "$1.31", "2011-03-31": "$1.05", "2010-12-31": "$1.10", "2010-09-30": "$1.28", "2010-06-30": "$1.29", "2010-03-31": "$1.60", "2009-12-31": "$1.68", "2009-09-30": "$1.56", "2009-06-30": "$1.47", "2009-03-31": "$1.26", "2008-12-31": "$1.22", "2008-09-30": "$1.13", "2008-06-30": "$1.12", "2008-03-31": "$0.94", "2007-12-31": "$0.74", "2007-09-30": "$0.44", "2007-06-30": "$0.33", "2007-03-31": "$0.38", "2006-12-31": "$0.36"}, "net worth": {"value": "$19.2B"}, "current ratio": {"current": "3.13", "2020-09-30": "3.13", "2020-06-30": "3.34", "2020-03-31": "3.20", "2019-12-31": "3.22", "2019-09-30": "3.74", "2019-06-30": "2.95", "2019-03-31": "3.19", "2018-12-31": "2.09", "2018-09-30": "2.03", "2018-06-30": "2.19", "2018-03-31": "1.29", "2017-12-31": "2.95", "2017-09-30": "3.01", "2017-06-30": "3.10", "2017-03-31": "3.66", "2016-12-31": "3.50", "2016-09-30": "3.21", "2016-06-30": "3.63", "2016-03-31": "3.99", "2015-12-31": "3.77", "2015-09-30": "3.65", "2015-06-30": "3.31", "2015-03-31": "4.61", "2014-12-31": "3.78", "2014-09-30": "3.82", "2014-06-30": "4.24", "2014-03-31": "4.62", "2013-12-31": "3.91", "2013-09-30": "3.19", "2013-06-30": "3.79", "2013-03-31": "3.93", "2012-12-31": "3.59", "2012-09-30": "3.54", "2012-06-30": "4.56", "2012-03-31": "4.58", "2011-12-31": "7.56", "2011-09-30": "6.66", "2011-06-30": "5.41", "2011-03-31": "6.09", "2010-12-31": "5.91", "2010-09-30": "4.25", "2010-06-30": "3.89", "2010-03-31": "2.76", "2009-12-31": "2.33", "2009-09-30": "7.04", "2009-06-30": "8.92", "2009-03-31": "7.02", "2008-12-31": "5.00", "2008-09-30": "5.56", "2008-06-30": "5.58", "2008-03-31": "5.29", "2007-12-31": "7.87", "2007-09-30": "6.04", "2007-06-30": "5.78", "2007-03-31": "4.57", "2006-12-31": "4.20", "2006-09-30": "4.40", "2006-06-30": "4.76", "2006-03-31": "4.94", "2005-12-31": "5.74", "2005-09-30": "2.08", "2005-06-30": "2.50", "2005-03-31": "2.48"}, "quick ratio": {"2020-09-30": "0.00", "2020-06-30": "0.00", "2020-03-31": "0.00", "2019-12-31": "0.00", "2019-09-30": "0.00", "2019-06-30": "0.00", "2019-03-31": "0.00", "2018-12-31": "0.00", "2018-09-30": "0.00", "2018-06-30": "0.00", "2018-03-31": "0.00", "2017-12-31": "0.00", "2017-09-30": "0.00", "2017-06-30": "0.00", "2017-03-31": "0.00", "2016-12-31": "0.00", "2016-09-30": "0.00", "2016-06-30": "0.00", "2016-03-31": "0.00", "2015-12-31": "0.00", "2015-09-30": "0.00", "2015-06-30": "0.00", "2015-03-31": "0.00", "2014-12-31": "0.00", "2014-09-30": "0.00", "2014-06-30": "0.00", "2014-03-31": "0.00", "2013-12-31": "0.00", "2013-09-30": "0.00", "2013-06-30": "0.00", "2013-03-31": "0.00", "2012-12-31": "0.00", "2012-09-30": "0.00", "2012-06-30": "0.00", "2012-03-31": "0.00", "2011-12-31": "0.00", "2011-09-30": "0.00", "2011-06-30": "0.00", "2011-03-31": "0.00", "2010-12-31": "0.00", "2010-09-30": "0.00", "2010-06-30": "0.00", "2010-03-31": "0.00", "2009-12-31": "0.00", "2009-09-30": "0.00", "2009-06-30": "0.00", "2009-03-31": "0.00", "2008-12-31": "0.00", "2008-09-30": "0.00", "2008-06-30": "0.00", "2008-03-31": "0.00", "2007-12-31": "0.00", "2007-09-30": "0.00", "2007-06-30": "0.00", "2007-03-31": "0.00", "2006-12-31": "0.00", "2006-09-30": "0.00", "2006-06-30": "0.00", "2006-03-31": "0.00", "2005-12-31": "0.00", "2005-09-30": "0.00", "2005-06-30": "0.00", "2005-03-31": "0.00"}, "debt equity ratio": {"current": "0.46", "2020-09-30": "0.83", "2020-06-30": "0.85", "2020-03-31": "0.89", "2019-12-31": "0.92", "2019-09-30": "0.82", "2019-06-30": "0.57", "2019-03-31": "0.58", "2018-12-31": "0.71", "2018-09-30": "0.70", "2018-06-30": "0.63", "2018-03-31": "0.38", "2017-12-31": "0.38", "2017-09-30": "0.38", "2017-06-30": "0.37", "2017-03-31": "0.37", "2016-12-31": "0.36", "2016-09-30": "0.37", "2016-06-30": "0.36", "2016-03-31": "0.34", "2015-12-31": "0.34", "2015-09-30": "0.36", "2015-06-30": "0.36", "2015-03-31": "0.34", "2014-12-31": "0.36", "2014-09-30": "0.35", "2014-06-30": "0.36", "2014-03-31": "0.35", "2013-12-31": "0.13", "2013-09-30": "0.13", "2013-06-30": "0.11", "2013-03-31": "0.11", "2012-12-31": "0.11", "2012-09-30": "0.12", "2012-06-30": "0.10", "2012-03-31": "0.10", "2011-12-31": "0.09", "2011-09-30": "0.09", "2011-06-30": "0.08", "2011-03-31": "0.07", "2010-12-31": "0.08", "2010-09-30": "0.11", "2010-06-30": "0.12", "2010-03-31": "0.19", "2009-12-31": "0.20", "2009-09-30": "0.19", "2009-06-30": "0.18", "2009-03-31": "0.19", "2008-12-31": "0.20", "2008-09-30": "0.20", "2008-06-30": "0.20", "2008-03-31": "0.22", "2007-12-31": "0.22", "2007-09-30": "0.24", "2007-06-30": "0.24", "2007-03-31": "0.26", "2006-12-31": "0.31", "2006-09-30": "0.39", "2006-06-30": "0.40", "2006-03-31": "0.42", "2005-12-31": "0.43", "2005-09-30": "0.71", "2005-06-30": "7.91", "2005-03-31": "-2.82"}, "return on equity": {"2020-09-30": "14.68%", "2020-06-30": "14.71%", "2020-03-31": "13.89%", "2019-12-31": "13.82%", "2019-09-30": "13.55%", "2019-06-30": "12.99%", "2019-03-31": "10.77%", "2018-12-31": "9.08%", "2018-09-30": "6.98%", "2018-06-30": "5.61%", "2018-03-31": "6.10%", "2017-12-31": "6.80%", "2017-09-30": "8.95%", "2017-06-30": "9.40%", "2017-03-31": "10.03%", "2016-12-31": "10.14%", "2016-09-30": "9.97%", "2016-06-30": "10.42%", "2016-03-31": "10.29%", "2015-12-31": "10.50%", "2015-09-30": "10.95%", "2015-06-30": "11.27%", "2015-03-31": "11.74%", "2014-12-31": "11.85%", "2014-09-30": "11.57%", "2014-06-30": "11.49%", "2014-03-31": "11.42%", "2013-12-31": "11.71%", "2013-09-30": "11.56%", "2013-06-30": "10.55%", "2013-03-31": "10.04%", "2012-12-31": "9.00%", "2012-09-30": "8.83%", "2012-06-30": "8.70%", "2012-03-31": "8.87%", "2011-12-31": "9.22%", "2011-09-30": "8.88%", "2011-06-30": "8.88%", "2011-03-31": "8.67%", "2010-12-31": "8.64%", "2010-09-30": "8.45%", "2010-06-30": "8.46%", "2010-03-31": "8.70%", "2009-12-31": "8.65%", "2009-09-30": "8.94%", "2009-06-30": "9.21%", "2009-03-31": "9.40%", "2008-12-31": "9.77%", "2008-09-30": "9.78%", "2008-06-30": "9.54%", "2008-03-31": "9.05%", "2007-12-31": "8.04%", "2007-09-30": "7.45%", "2007-06-30": "7.44%", "2007-03-31": "7.32%", "2006-12-31": "7.49%", "2006-09-30": "9.13%", "2006-06-30": "54.44%", "2006-03-31": "76.56%", "2005-12-31": "140.77%"}, "return on assets": {"2020-09-30": "7.85%", "2020-06-30": "7.87%", "2020-03-31": "7.70%", "2019-12-31": "8.00%", "2019-09-30": "8.11%", "2019-06-30": "7.92%", "2019-03-31": "6.51%", "2018-12-31": "5.66%", "2018-09-30": "4.59%", "2018-06-30": "3.89%", "2018-03-31": "4.43%", "2017-12-31": "4.95%", "2017-09-30": "6.55%", "2017-06-30": "6.88%", "2017-03-31": "7.36%", "2016-12-31": "7.47%", "2016-09-30": "7.37%", "2016-06-30": "7.73%", "2016-03-31": "7.62%", "2015-12-31": "7.79%", "2015-09-30": "8.10%", "2015-06-30": "8.34%", "2015-03-31": "8.69%", "2014-12-31": "8.75%", "2014-09-30": "8.91%", "2014-06-30": "9.23%", "2014-03-31": "9.66%", "2013-12-31": "10.45%", "2013-09-30": "10.35%", "2013-06-30": "9.47%", "2013-03-31": "9.03%", "2012-12-31": "8.12%", "2012-09-30": "8.00%", "2012-06-30": "7.95%", "2012-03-31": "8.16%", "2011-12-31": "8.53%", "2011-09-30": "8.23%", "2011-06-30": "8.17%", "2011-03-31": "7.92%", "2010-12-31": "7.70%", "2010-09-30": "7.33%", "2010-06-30": "7.21%", "2010-03-31": "7.30%", "2009-12-31": "7.26%", "2009-09-30": "7.50%", "2009-06-30": "7.73%", "2009-03-31": "7.86%", "2008-12-31": "8.13%", "2008-09-30": "8.10%", "2008-06-30": "7.84%", "2008-03-31": "7.38%", "2007-12-31": "6.50%", "2007-09-30": "5.92%", "2007-06-30": "5.78%", "2007-03-31": "5.52%", "2006-12-31": "5.46%", "2006-09-30": "6.49%", "2006-06-30": "37.23%", "2006-03-31": "45.87%", "2005-12-31": "62.33%"}, "return on investments": {"2020-09-30": "11.54%", "2020-06-30": "11.21%", "2020-03-31": "10.97%", "2019-12-31": "11.39%", "2019-09-30": "11.97%", "2019-06-30": "12.28%", "2019-03-31": "10.37%", "2018-12-31": "11.72%", "2018-09-30": "8.91%", "2018-06-30": "8.13%", "2018-03-31": "9.35%", "2017-12-31": "7.95%", "2017-09-30": "10.54%", "2017-06-30": "11.17%", "2017-03-31": "11.91%", "2016-12-31": "12.28%", "2016-09-30": "12.19%", "2016-06-30": "12.38%", "2016-03-31": "12.37%", "2015-12-31": "12.71%", "2015-09-30": "13.24%", "2015-06-30": "13.59%", "2015-03-31": "14.04%", "2014-12-31": "14.31%", "2014-09-30": "18.54%", "2014-06-30": "26.92%", "2014-03-31": "52.68%", "2013-12-31": "inf%", "2013-09-30": "inf%", "2013-06-30": "inf%", "2013-03-31": "inf%", "2012-12-31": "inf%", "2012-09-30": "inf%", "2012-06-30": "inf%", "2012-03-31": "inf%", "2011-12-31": "inf%", "2011-09-30": "inf%", "2011-06-30": "inf%", "2011-03-31": "inf%", "2010-12-31": "inf%", "2010-09-30": "inf%", "2010-06-30": "49.74%", "2010-03-31": "24.66%", "2009-12-31": "15.90%", "2009-09-30": "11.71%", "2009-06-30": "12.08%", "2009-03-31": "12.34%", "2008-12-31": "12.59%", "2008-09-30": "12.75%", "2008-06-30": "12.21%", "2008-03-31": "11.29%", "2007-12-31": "9.96%", "2007-09-30": "8.86%", "2007-06-30": "8.67%", "2007-03-31": "8.46%", "2006-12-31": "8.63%", "2006-09-30": "8.88%", "2006-06-30": "9.52%", "2006-03-31": "11.74%", "2005-12-31": "15.82%"}, "return on tangible equity": {"2020-09-30": "27.50%", "2020-06-30": "28.46%", "2020-03-31": "27.69%", "2019-12-31": "28.23%", "2019-09-30": "28.18%", "2019-06-30": "27.43%", "2019-03-31": "22.34%", "2018-12-31": "18.44%", "2018-09-30": "14.09%", "2018-06-30": "11.02%", "2018-03-31": "11.87%", "2017-12-31": "12.74%", "2017-09-30": "16.18%", "2017-06-30": "16.52%", "2017-03-31": "17.19%", "2016-12-31": "17.36%", "2016-09-30": "17.00%", "2016-06-30": "17.87%", "2016-03-31": "17.76%", "2015-12-31": "17.99%", "2015-09-30": "18.63%", "2015-06-30": "19.16%", "2015-03-31": "19.99%", "2014-12-31": "20.56%", "2014-09-30": "19.41%", "2014-06-30": "18.59%", "2014-03-31": "17.72%", "2013-12-31": "17.39%", "2013-09-30": "17.35%", "2013-06-30": "16.00%", "2013-03-31": "15.41%", "2012-12-31": "13.96%", "2012-09-30": "13.14%", "2012-06-30": "12.39%", "2012-03-31": "12.06%", "2011-12-31": "12.00%", "2011-09-30": "11.58%", "2011-06-30": "11.64%", "2011-03-31": "11.51%", "2010-12-31": "11.68%", "2010-09-30": "11.67%", "2010-06-30": "11.89%", "2010-03-31": "12.45%", "2009-12-31": "12.55%", "2009-09-30": "13.17%", "2009-06-30": "13.50%", "2009-03-31": "13.73%", "2008-12-31": "14.23%", "2008-09-30": "14.18%", "2008-06-30": "14.18%", "2008-03-31": "13.85%", "2007-12-31": "12.65%", "2007-09-30": "11.70%", "2007-06-30": "11.10%", "2007-03-31": "10.24%", "2006-12-31": "9.69%", "2006-09-30": "11.36%", "2006-06-30": "70.80%", "2006-03-31": "113.34%", "2005-12-31": "257.25%"}, "dividend yield history": {"last payout": "$0.00", "last yield": "0.00%"}}