{"ticker": "ALB", "price": {"title": "Albemarle Historical Annual Stock Price Data", "value": 157.17, "historical": {"2021": {"Average Stock Price": "172.3454", "Year Open": "152.6300", "Year High": "185.2500", "Year Low": "152.6300", "Year Close": "157.1700", "Annual % Change": "6.54%"}, "2020": {"Average Stock Price": "88.1456", "Year Open": "72.6100", "Year High": "149.9100", "Year Low": "50.9000", "Year Close": "147.5200", "Annual % Change": "101.97%"}, "2019": {"Average Stock Price": "72.4973", "Year Open": "78.1100", "Year High": "92.2800", "Year Low": "59.3000", "Year Close": "73.0400", "Annual % Change": "-5.23%"}, "2018": {"Average Stock Price": "99.2239", "Year Open": "131.5300", "Year High": "137.4500", "Year Low": "73.1300", "Year Close": "77.0700", "Annual % Change": "-39.74%"}, "2017": {"Average Stock Price": "115.2164", "Year Open": "88.0500", "Year High": "144.5800", "Year Low": "88.0500", "Year Close": "127.8900", "Annual % Change": "48.57%"}, "2016": {"Average Stock Price": "74.0016", "Year Open": "55.5500", "Year High": "91.8000", "Year Low": "47.7100", "Year Close": "86.0800", "Annual % Change": "53.69%"}, "2015": {"Average Stock Price": "53.6138", "Year Open": "60.3100", "Year High": "64.3800", "Year Low": "41.7800", "Year Close": "56.0100", "Annual % Change": "-6.85%"}, "2014": {"Average Stock Price": "64.2877", "Year Open": "63.1400", "Year High": "72.6200", "Year Low": "53.1600", "Year Close": "60.1300", "Annual % Change": "-5.14%"}, "2013": {"Average Stock Price": "63.9722", "Year Open": "64.3000", "Year High": "69.5500", "Year Low": "57.7500", "Year Close": "63.3900", "Annual % Change": "2.04%"}, "2012": {"Average Stock Price": "59.5910", "Year Open": "52.7300", "Year High": "67.7000", "Year Low": "51.5600", "Year Close": "62.1200", "Annual % Change": "20.60%"}, "2011": {"Average Stock Price": "57.0944", "Year Open": "55.8600", "Year High": "71.1100", "Year Low": "39.0000", "Year Close": "51.5100", "Annual % Change": "-7.66%"}, "2010": {"Average Stock Price": "44.1556", "Year Open": "38.0900", "Year High": "56.7300", "Year Low": "34.8600", "Year Close": "55.7800", "Annual % Change": "53.37%"}, "2009": {"Average Stock Price": "28.3064", "Year Open": "23.1000", "Year High": "37.2700", "Year Low": "15.8100", "Year Close": "36.3700", "Annual % Change": "63.09%"}, "2008": {"Average Stock Price": "34.3290", "Year Open": "40.7800", "Year High": "45.7900", "Year Low": "16.4600", "Year Close": "22.3000", "Annual % Change": "-45.94%"}, "2007": {"Average Stock Price": "41.2534", "Year Open": "35.9900", "Year High": "47.7600", "Year Low": "35.0200", "Year Close": "41.2500", "Annual % Change": "14.90%"}, "2006": {"Average Stock Price": "25.7960", "Year Open": "20.4850", "Year High": "36.6500", "Year Low": "19.4150", "Year Close": "35.9000", "Annual % Change": "87.22%"}, "2005": {"Average Stock Price": "18.2381", "Year Open": "19.0250", "Year High": "19.4550", "Year Low": "16.2300", "Year Close": "19.1750", "Annual % Change": "-0.93%"}, "2004": {"Average Stock Price": "16.0312", "Year Open": "15.1250", "Year High": "20.1600", "Year Low": "13.6750", "Year Close": "19.3550", "Annual % Change": "29.16%"}, "2003": {"Average Stock Price": "13.5229", "Year Open": "14.3000", "Year High": "15.2200", "Year Low": "11.1400", "Year Close": "14.9850", "Annual % Change": "5.34%"}, "2002": {"Average Stock Price": "14.0956", "Year Open": "11.9500", "Year High": "16.4450", "Year Low": "11.2000", "Year Close": "14.2250", "Annual % Change": "18.54%"}, "2001": {"Average Stock Price": "11.0250", "Year Open": "11.6900", "Year High": "12.5250", "Year Low": "8.6750", "Year Close": "12.0000", "Annual % Change": "-3.03%"}, "2000": {"Average Stock Price": "10.4581", "Year Open": "9.0000", "Year High": "12.8150", "Year Low": "7.2800", "Year Close": "12.3750", "Annual % Change": "28.97%"}, "1999": {"Average Stock Price": "10.1940", "Year Open": "12.0300", "Year High": "12.5950", "Year Low": "8.4050", "Year Close": "9.5950", "Annual % Change": "-19.20%"}, "1998": {"Average Stock Price": "10.9022", "Year Open": "12.0300", "Year High": "13.0000", "Year Low": "8.3150", "Year Close": "11.8750", "Annual % Change": "-0.54%"}, "1997": {"Average Stock Price": "10.8457", "Year Open": "9.5650", "Year High": "13.5300", "Year Low": "8.7500", "Year Close": "11.9400", "Annual % Change": "31.79%"}, "1996": {"Average Stock Price": "9.5629", "Year Open": "9.5600", "Year High": "12.0000", "Year Low": "7.4375", "Year Close": "9.0600", "Annual % Change": "-6.50%"}, "1995": {"Average Stock Price": "7.8931", "Year Open": "6.9400", "Year High": "9.9400", "Year Low": "6.1900", "Year Close": "9.6900", "Annual % Change": "39.63%"}}}, "market cap": {"value": "$16.8B"}, "income statement": {"Revenue": {"2019-12-31": "3589.42700", "2018-12-31": "3374.95000", "2017-12-31": "3071.97600", "2016-12-31": "2677.20300", "2015-12-31": "2826.42900", "2014-12-31": "2445.54800", "2013-12-31": "2394.27000", "2012-12-31": "2519.15400", "2011-12-31": "2869.00500", "2010-12-31": "2362.76400", "2009-12-31": "2005.39400", "2008-12-31": "2467.11500", "2007-12-31": "2336.18700", "2006-12-31": "2368.50600", "2005-12-31": "2107.49900"}, "Cost Of Goods Sold": {"2019-12-31": "2331.64900", "2018-12-31": "2157.69400", "2017-12-31": "1965.70000", "2016-12-31": "1706.89700", "2015-12-31": "1966.19600", "2014-12-31": "1674.70000", "2013-12-31": "1543.79900", "2012-12-31": "1620.31100", "2011-12-31": "1914.05800", "2010-12-31": "1620.85400", "2009-12-31": "1521.53200", "2008-12-31": "1859.44100", "2007-12-31": "1713.69600", "2006-12-31": "1817.69200", "2005-12-31": "1684.10100"}, "Gross Profit": {"2019-12-31": "1257.77800", "2018-12-31": "1217.25600", "2017-12-31": "1106.27600", "2016-12-31": "970.30590", "2015-12-31": "860.23290", "2014-12-31": "770.84810", "2013-12-31": "850.47110", "2012-12-31": "898.84300", "2011-12-31": "954.94690", "2010-12-31": "741.90990", "2009-12-31": "483.86210", "2008-12-31": "607.67400", "2007-12-31": "622.49100", "2006-12-31": "550.81410", "2005-12-31": "423.39810"}, "Research And Development Expenses": {"2019-12-31": "58.28700", "2018-12-31": "70.05400", "2017-12-31": "84.33000", "2016-12-31": "80.47500", "2015-12-31": "89.18700", "2014-12-31": "88.31000", "2013-12-31": "82.24600", "2012-12-31": "78.91900", "2011-12-31": "", "2010-12-31": "58.39400", "2009-12-31": "60.91800", "2008-12-31": "67.29200", "2007-12-31": "62.69100", "2006-12-31": "46.29900", "2005-12-31": "41.67500"}, "SG&A Expenses": {"2019-12-31": "533.36800", "2018-12-31": "446.09000", "2017-12-31": "450.28600", "2016-12-31": "353.76500", "2015-12-31": "300.44000", "2014-12-31": "355.13500", "2013-12-31": "158.18900", "2012-12-31": "308.45600", "2011-12-31": "360.07000", "2010-12-31": "274.61500", "2009-12-31": "212.62800", "2008-12-31": "255.13200", "2007-12-31": "244.96900", "2006-12-31": "237.85600", "2005-12-31": "219.72500"}, "Other Operating Income Or Expenses": {"2019-12-31": "", "2018-12-31": "210.42800", "2017-12-31": "", "2016-12-31": "64.91400", "2015-12-31": "-132.29900", "2014-12-31": "-30.15800", "2013-12-31": "", "2012-12-31": "", "2011-12-31": "", "2010-12-31": "", "2009-12-31": "-12.39300", "2008-12-31": "-38.54400", "2007-12-31": "-4.94400", "2006-12-31": "-89.17500", "2005-12-31": "1.89800"}, "Operating Expenses": {"2019-12-31": "2923.30400", "2018-12-31": "2463.41000", "2017-12-31": "2500.31600", "2016-12-31": "2076.22300", "2015-12-31": "2481.31800", "2014-12-31": "2174.25000", "2013-12-31": "1817.59500", "2012-12-31": "2119.37100", "2011-12-31": "2351.21100", "2010-12-31": "1960.82100", "2009-12-31": "1819.11400", "2008-12-31": "2246.19800", "2007-12-31": "2026.30000", "2006-12-31": "2191.02200", "2005-12-31": "1943.60300"}, "Operating Income": {"2019-12-31": "666.12300", "2018-12-31": "911.53980", "2017-12-31": "571.66020", "2016-12-31": "600.98000", "2015-12-31": "345.11080", "2014-12-31": "271.29810", "2013-12-31": "576.67520", "2012-12-31": "399.78300", "2011-12-31": "517.79390", "2010-12-31": "401.94290", "2009-12-31": "186.28020", "2008-12-31": "220.91700", "2007-12-31": "309.88700", "2006-12-31": "177.48410", "2005-12-31": "163.89600"}, "Total Non-Operating Income/Expense": {"2019-12-31": "-103.17300", "2018-12-31": "-116.83900", "2017-12-31": "-124.86200", "2016-12-31": "-85.71600", "2015-12-31": "-34.36700", "2014-12-31": "-58.11900", "2013-12-31": "-38.23300", "2012-12-31": "-31.57100", "2011-12-31": "-37.21700", "2010-12-31": "-22.74500", "2009-12-31": "-26.00700", "2008-12-31": "-37.57400", "2007-12-31": "-32.06800", "2006-12-31": "-44.09800", "2005-12-31": "-40.45800"}, "Pre-Tax Income": {"2019-12-31": "562.95000", "2018-12-31": "794.70100", "2017-12-31": "446.79800", "2016-12-31": "515.26400", "2015-12-31": "310.74400", "2014-12-31": "213.17900", "2013-12-31": "538.44200", "2012-12-31": "368.21200", "2011-12-31": "480.57700", "2010-12-31": "379.19800", "2009-12-31": "160.27300", "2008-12-31": "183.34300", "2007-12-31": "277.81900", "2006-12-31": "133.38600", "2005-12-31": "123.43800"}, "Income Taxes": {"2019-12-31": "88.16100", "2018-12-31": "144.82600", "2017-12-31": "431.81700", "2016-12-31": "96.26300", "2015-12-31": "11.13400", "2014-12-31": "18.48400", "2013-12-31": "134.44500", "2012-12-31": "80.43300", "2011-12-31": "104.13400", "2010-12-31": "87.75600", "2009-12-31": "-7.02800", "2008-12-31": "-6.53900", "2007-12-31": "55.07800", "2006-12-31": "2.19200", "2005-12-31": "27.59300"}, "Income After Taxes": {"2019-12-31": "474.78900", "2018-12-31": "649.87500", "2017-12-31": "14.98100", "2016-12-31": "419.00100", "2015-12-31": "299.61000", "2014-12-31": "194.69500", "2013-12-31": "403.99700", "2012-12-31": "287.77900", "2011-12-31": "376.44300", "2010-12-31": "291.44200", "2009-12-31": "167.30100", "2008-12-31": "189.88200", "2007-12-31": "222.74100", "2006-12-31": "131.19400", "2005-12-31": "95.84500"}, "Other Income": {"2019-12-31": "", "2018-12-31": "", "2017-12-31": "", "2016-12-31": "", "2015-12-31": "", "2014-12-31": "", "2013-12-31": "", "2012-12-31": "", "2011-12-31": "", "2010-12-31": "", "2009-12-31": "", "2008-12-31": "", "2007-12-31": "", "2006-12-31": "", "2005-12-31": ""}, "Income From Continuous Operations": {"2019-12-31": "604.35700", "2018-12-31": "739.13900", "2017-12-31": "99.46800", "2016-12-31": "478.63800", "2015-12-31": "327.58800", "2014-12-31": "230.43700", "2013-12-31": "435.72600", "2012-12-31": "325.84600", "2011-12-31": "420.19700", "2010-12-31": "329.41700", "2009-12-31": "189.62300", "2008-12-31": "213.00800", "2007-12-31": "247.32200", "2006-12-31": "142.96900", "2005-12-31": "114.86700"}, "Income From Discontinued Operations": {"2019-12-31": "", "2018-12-31": "", "2017-12-31": "", "2016-12-31": "202.13100", "2015-12-31": "32.47600", "2014-12-31": "-69.53100", "2013-12-31": "4.10800", "2012-12-31": "4.28100", "2011-12-31": "", "2010-12-31": "", "2009-12-31": "", "2008-12-31": "", "2007-12-31": "", "2006-12-31": "", "2005-12-31": ""}, "Net Income": {"2019-12-31": "533.22800", "2018-12-31": "693.56200", "2017-12-31": "54.85000", "2016-12-31": "643.67500", "2015-12-31": "334.90600", "2014-12-31": "133.31600", "2013-12-31": "413.17100", "2012-12-31": "311.53600", "2011-12-31": "392.11400", "2010-12-31": "315.77800", "2009-12-31": "178.36800", "2008-12-31": "194.20200", "2007-12-31": "229.69000", "2006-12-31": "142.96900", "2005-12-31": "114.86700"}, "EBITDA": {"2019-12-31": "879.60710", "2018-12-31": "1112.23800", "2017-12-31": "768.58810", "2016-12-31": "827.14900", "2015-12-31": "605.18680", "2014-12-31": "374.87010", "2013-12-31": "684.04520", "2012-12-31": "498.80290", "2011-12-31": "614.54690", "2010-12-31": "497.52090", "2009-12-31": "286.79320", "2008-12-31": "332.60200", "2007-12-31": "416.74200", "2006-12-31": "290.43410", "2005-12-31": "281.33100"}, "EBIT": {"2019-12-31": "666.12300", "2018-12-31": "911.53980", "2017-12-31": "571.66020", "2016-12-31": "600.98000", "2015-12-31": "345.11080", "2014-12-31": "271.29810", "2013-12-31": "576.67520", "2012-12-31": "399.78300", "2011-12-31": "517.79390", "2010-12-31": "401.94290", "2009-12-31": "186.28020", "2008-12-31": "220.91700", "2007-12-31": "309.88700", "2006-12-31": "177.48410", "2005-12-31": "163.89600"}, "Basic Shares Outstanding": {"2019-12-31": "105.94900", "2018-12-31": "108.42700", "2017-12-31": "110.91400", "2016-12-31": "112.37900", "2015-12-31": "111.18200", "2014-12-31": "78.69600", "2013-12-31": "83.83900", "2012-12-31": "89.18900", "2011-12-31": "90.52200", "2010-12-31": "91.39300", "2009-12-31": "91.51200", "2008-12-31": "91.65700", "2007-12-31": "95.49600", "2006-12-31": "94.62400", "2005-12-31": "92.69600"}, "Shares Outstanding": {"2019-12-31": "106.32100", "2018-12-31": "109.45800", "2017-12-31": "112.38000", "2016-12-31": "113.23900", "2015-12-31": "111.55600", "2014-12-31": "79.10200", "2013-12-31": "84.32200", "2012-12-31": "89.88400", "2011-12-31": "91.52200", "2010-12-31": "92.18400", "2009-12-31": "92.04600", "2008-12-31": "92.74100", "2007-12-31": "97.39600", "2006-12-31": "97.13600", "2005-12-31": "95.49500"}, "Basic EPS": {"2019-12-31": "5.03000", "2018-12-31": "6.40000", "2017-12-31": "0.49000", "2016-12-31": "5.73000", "2015-12-31": "3.01000", "2014-12-31": "1.69000", "2013-12-31": "4.93000", "2012-12-31": "3.49000", "2011-12-31": "4.33000", "2010-12-31": "3.46000", "2009-12-31": "1.95000", "2008-12-31": "2.12000", "2007-12-31": "2.41000", "2006-12-31": "1.51000", "2005-12-31": "1.24000"}, "EPS - Earnings Per Share": {"2019-12-31": "5.02000", "2018-12-31": "6.34000", "2017-12-31": "0.49000", "2016-12-31": "5.68000", "2015-12-31": "3.00000", "2014-12-31": "1.69000", "2013-12-31": "4.90000", "2012-12-31": "3.47000", "2011-12-31": "4.28000", "2010-12-31": "3.43000", "2009-12-31": "1.94000", "2008-12-31": "2.09000", "2007-12-31": "2.36000", "2006-12-31": "1.47000", "2005-12-31": "1.20000"}}, "income statement, quarterly": {"Revenue": {"2020-09-30": "746.86800", "2020-06-30": "764.04900", "2020-03-31": "738.84500", "2019-12-31": "992.56390", "2019-09-30": "879.74700", "2019-06-30": "885.05200", "2019-03-31": "832.06400", "2018-12-31": "921.69890", "2018-09-30": "777.74800", "2018-06-30": "853.87400", "2018-03-31": "821.62900", "2017-12-31": "857.78910", "2017-09-30": "754.86600", "2017-06-30": "737.25800", "2017-03-31": "722.06300", "2016-12-31": "696.65480", "2016-09-30": "654.01000", "2016-06-30": "669.32700", "2016-03-31": "657.21100", "2015-12-31": "530.51890", "2015-09-30": "693.21600", "2015-06-30": "718.29000", "2015-03-31": "884.40400", "2014-12-31": "598.56620", "2014-09-30": "642.41800", "2014-06-30": "604.72100", "2014-03-31": "599.84300", "2013-12-31": "584.60690", "2013-09-30": "591.19600", "2013-06-30": "576.84200", "2013-03-31": "641.62500", "2012-12-31": "461.33000", "2012-09-30": "661.22600", "2012-06-30": "684.89400", "2012-03-31": "711.70400", "2011-12-31": "707.38990", "2011-09-30": "722.97700", "2011-06-30": "742.10800", "2011-03-31": "696.53000", "2010-12-31": "604.97490", "2010-09-30": "585.03600", "2010-06-30": "592.48300", "2010-03-31": "580.27000", "2009-12-31": "558.22810", "2009-09-30": "515.27600", "2009-06-30": "445.29900", "2009-03-31": "486.59100", "2008-12-31": "517.72500", "2008-09-30": "660.46300", "2008-06-30": "620.75000", "2008-03-31": "668.17700", "2007-12-31": "599.15610", "2007-09-30": "583.98100", "2007-06-30": "563.81200", "2007-03-31": "589.23800", "2006-12-31": "584.53710", "2006-09-30": "607.81800", "2006-06-30": "568.79700", "2006-03-31": "607.35400", "2005-12-31": "588.17500", "2005-09-30": "506.60500", "2005-06-30": "502.75400", "2005-03-31": "509.96500"}, "Cost Of Goods Sold": {"2020-09-30": "492.81200", "2020-06-30": "530.69000", "2020-03-31": "496.82700", "2019-12-31": "654.05290", "2019-09-30": "569.88000", "2019-06-30": "559.13800", "2019-03-31": "548.57800", "2018-12-31": "601.31510", "2018-09-30": "497.21100", "2018-06-30": "542.51800", "2018-03-31": "516.65000", "2017-12-31": "554.08600", "2017-09-30": "479.21000", "2017-06-30": "465.29700", "2017-03-31": "467.10700", "2016-12-31": "455.95900", "2016-09-30": "415.03800", "2016-06-30": "421.22300", "2016-03-31": "414.67700", "2015-12-31": "359.82800", "2015-09-30": "474.17100", "2015-06-30": "506.25900", "2015-03-31": "625.93800", "2014-12-31": "436.12600", "2014-09-30": "436.97200", "2014-06-30": "397.35800", "2014-03-31": "404.24400", "2013-12-31": "335.00700", "2013-09-30": "381.58500", "2013-06-30": "385.17200", "2013-03-31": "442.03500", "2012-12-31": "280.50500", "2012-09-30": "443.47600", "2012-06-30": "435.60600", "2012-03-31": "460.72400", "2011-12-31": "495.42000", "2011-09-30": "464.96500", "2011-06-30": "490.15900", "2011-03-31": "463.51400", "2010-12-31": "412.52590", "2010-09-30": "388.21300", "2010-06-30": "404.31600", "2010-03-31": "415.79900", "2009-12-31": "408.76900", "2009-09-30": "381.19700", "2009-06-30": "335.48100", "2009-03-31": "396.08500", "2008-12-31": "394.62600", "2008-09-30": "506.28000", "2008-06-30": "457.76900", "2008-03-31": "500.76600", "2007-12-31": "442.79800", "2007-09-30": "431.01900", "2007-06-30": "410.43000", "2007-03-31": "429.44900", "2006-12-31": "435.78810", "2006-09-30": "459.59000", "2006-06-30": "437.41300", "2006-03-31": "484.90100", "2005-12-31": "476.87690", "2005-09-30": "406.99400", "2005-06-30": "397.58700", "2005-03-31": "402.64300"}, "Gross Profit": {"2020-09-30": "254.05600", "2020-06-30": "233.35900", "2020-03-31": "242.01800", "2019-12-31": "338.51100", "2019-09-30": "309.86700", "2019-06-30": "325.91400", "2019-03-31": "283.48600", "2018-12-31": "320.38380", "2018-09-30": "280.53700", "2018-06-30": "311.35600", "2018-03-31": "304.97900", "2017-12-31": "303.70310", "2017-09-30": "275.65600", "2017-06-30": "271.96100", "2017-03-31": "254.95600", "2016-12-31": "240.69590", "2016-09-30": "238.97200", "2016-06-30": "248.10400", "2016-03-31": "242.53400", "2015-12-31": "170.69090", "2015-09-30": "219.04500", "2015-06-30": "212.03100", "2015-03-31": "258.46600", "2014-12-31": "162.44020", "2014-09-30": "205.44600", "2014-06-30": "207.36300", "2014-03-31": "195.59900", "2013-12-31": "249.59990", "2013-09-30": "209.61100", "2013-06-30": "191.67000", "2013-03-31": "199.59000", "2012-12-31": "180.82500", "2012-09-30": "217.75000", "2012-06-30": "249.28800", "2012-03-31": "250.98000", "2011-12-31": "211.96990", "2011-09-30": "258.01200", "2011-06-30": "251.94900", "2011-03-31": "233.01600", "2010-12-31": "192.44890", "2010-09-30": "196.82300", "2010-06-30": "188.16700", "2010-03-31": "164.47100", "2009-12-31": "149.45910", "2009-09-30": "134.07900", "2009-06-30": "109.81800", "2009-03-31": "90.50600", "2008-12-31": "123.09900", "2008-09-30": "154.18300", "2008-06-30": "162.98100", "2008-03-31": "167.41100", "2007-12-31": "156.35810", "2007-09-30": "152.96200", "2007-06-30": "153.38200", "2007-03-31": "159.78900", "2006-12-31": "148.74900", "2006-09-30": "148.22800", "2006-06-30": "131.38400", "2006-03-31": "122.45300", "2005-12-31": "111.29820", "2005-09-30": "99.61100", "2005-06-30": "105.16700", "2005-03-31": "107.32200"}, "Research And Development Expenses": {"2020-09-30": "13.53200", "2020-06-30": "14.21000", "2020-03-31": "16.09700", "2019-12-31": "14.26300", "2019-09-30": "15.58500", "2019-06-30": "13.46200", "2019-03-31": "14.97700", "2018-12-31": "16.38400", "2018-09-30": "16.61000", "2018-06-30": "16.07400", "2018-03-31": "20.98600", "2017-12-31": "20.90700", "2017-09-30": "21.76300", "2017-06-30": "17.33700", "2017-03-31": "24.32300", "2016-12-31": "19.09100", "2016-09-30": "21.01200", "2016-06-30": "20.50000", "2016-03-31": "19.87200", "2015-12-31": "18.86700", "2015-09-30": "21.90300", "2015-06-30": "21.92500", "2015-03-31": "26.49200", "2014-12-31": "21.39400", "2014-09-30": "22.40700", "2014-06-30": "21.93700", "2014-03-31": "22.57200", "2013-12-31": "21.28700", "2013-09-30": "19.44100", "2013-06-30": "21.56500", "2013-03-31": "19.95300", "2012-12-31": "19.12800", "2012-09-30": "19.83100", "2012-06-30": "20.91100", "2012-03-31": "19.04900", "2011-12-31": "", "2011-09-30": "20.53400", "2011-06-30": "19.94700", "2011-03-31": "17.61500", "2010-12-31": "14.67200", "2010-09-30": "14.33600", "2010-06-30": "14.66700", "2010-03-31": "14.71900", "2009-12-31": "14.83700", "2009-09-30": "14.98300", "2009-06-30": "14.95300", "2009-03-31": "16.14500", "2008-12-31": "15.50700", "2008-09-30": "17.39200", "2008-06-30": "17.59300", "2008-03-31": "16.80000", "2007-12-31": "16.63400", "2007-09-30": "15.42200", "2007-06-30": "14.92400", "2007-03-31": "15.71100", "2006-12-31": "12.10700", "2006-09-30": "11.54900", "2006-06-30": "11.19800", "2006-03-31": "11.44500", "2005-12-31": "10.24600", "2005-09-30": "10.10700", "2005-06-30": "10.34200", "2005-03-31": "10.98000"}, "SG&A Expenses": {"2020-09-30": "96.09200", "2020-06-30": "106.94900", "2020-03-31": "101.87700", "2019-12-31": "185.16300", "2019-09-30": "108.13500", "2019-06-30": "126.71500", "2019-03-31": "113.35500", "2018-12-31": "120.91600", "2018-09-30": "100.16700", "2018-06-30": "123.63700", "2018-03-31": "101.37000", "2017-12-31": "118.30200", "2017-09-30": "106.47100", "2017-06-30": "116.58500", "2017-03-31": "108.92800", "2016-12-31": "98.77700", "2016-09-30": "86.30200", "2016-06-30": "86.05500", "2016-03-31": "82.63100", "2015-12-31": "-4.34700", "2015-09-30": "81.01200", "2015-06-30": "88.01000", "2015-03-31": "135.76500", "2014-12-31": "144.00800", "2014-09-30": "66.01200", "2014-06-30": "67.01100", "2014-03-31": "78.10400", "2013-12-31": "-29.65400", "2013-09-30": "61.36800", "2013-06-30": "61.72500", "2013-03-31": "64.75000", "2012-12-31": "119.31300", "2012-09-30": "53.40400", "2012-06-30": "61.73500", "2012-03-31": "74.00400", "2011-12-31": "126.95500", "2011-09-30": "77.16900", "2011-06-30": "82.90700", "2011-03-31": "73.03900", "2010-12-31": "79.29600", "2010-09-30": "61.92400", "2010-06-30": "66.86500", "2010-03-31": "66.53000", "2009-12-31": "59.54200", "2009-09-30": "56.17100", "2009-06-30": "51.48100", "2009-03-31": "45.43400", "2008-12-31": "64.11600", "2008-09-30": "59.89900", "2008-06-30": "67.59800", "2008-03-31": "63.51900", "2007-12-31": "62.22400", "2007-09-30": "61.00400", "2007-06-30": "59.25500", "2007-03-31": "62.48600", "2006-12-31": "59.80100", "2006-09-30": "58.00000", "2006-06-30": "62.20200", "2006-03-31": "57.85300", "2005-12-31": "58.60700", "2005-09-30": "50.42300", "2005-06-30": "53.66900", "2005-03-31": "57.02600"}, "Other Operating Income Or Expenses": {"2020-09-30": "", "2020-06-30": "", "2020-03-31": "", "2019-12-31": "", "2019-09-30": "", "2019-06-30": "", "2019-03-31": "", "2018-12-31": "-8.27700", "2018-09-30": "", "2018-06-30": "218.70500", "2018-03-31": "", "2017-12-31": "", "2017-09-30": "", "2017-06-30": "0.00000", "2017-03-31": "", "2016-12-31": "-13.04700", "2016-09-30": "-6.74900", "2016-06-30": "-18.05600", "2016-03-31": "102.76600", "2015-12-31": "-13.43000", "2015-09-30": "-36.51400", "2015-06-30": "-22.83200", "2015-03-31": "-59.52300", "2014-12-31": "-15.05400", "2014-09-30": "-10.26100", "2014-06-30": "-4.84300", "2014-03-31": "", "2013-12-31": "", "2013-09-30": "0.00000", "2013-06-30": "", "2013-03-31": "", "2012-12-31": "", "2012-09-30": "", "2012-06-30": "", "2012-03-31": "", "2011-12-31": "", "2011-09-30": "", "2011-06-30": "", "2011-03-31": "", "2010-12-31": "", "2010-09-30": "", "2010-06-30": "", "2010-03-31": "", "2009-12-31": "", "2009-09-30": "", "2009-06-30": "-12.39300", "2009-03-31": "", "2008-12-31": "-35.26600", "2008-09-30": "", "2008-06-30": "", "2008-03-31": "-3.27800", "2007-12-31": "", "2007-09-30": "", "2007-06-30": "-4.94400", "2007-03-31": "", "2006-12-31": "", "2006-09-30": "-89.17500", "2006-06-30": "", "2006-03-31": "", "2005-12-31": "-2.97000", "2005-09-30": "0.00000", "2005-06-30": "4.86800", "2005-03-31": ""}, "Operating Expenses": {"2020-09-30": "602.43600", "2020-06-30": "651.84900", "2020-03-31": "614.80100", "2019-12-31": "853.47890", "2019-09-30": "693.60000", "2019-06-30": "699.31490", "2019-03-31": "676.91000", "2018-12-31": "746.89220", "2018-09-30": "613.98800", "2018-06-30": "463.52400", "2018-03-31": "639.00600", "2017-12-31": "693.29500", "2017-09-30": "607.44400", "2017-06-30": "599.21900", "2017-03-31": "600.35800", "2016-12-31": "586.87380", "2016-09-30": "529.10100", "2016-06-30": "545.83400", "2016-03-31": "414.41400", "2015-12-31": "387.77820", "2015-09-30": "606.79600", "2015-06-30": "639.02600", "2015-03-31": "847.71800", "2014-12-31": "621.90400", "2014-09-30": "535.94500", "2014-06-30": "494.48100", "2014-03-31": "521.92000", "2013-12-31": "360.00070", "2013-09-30": "462.39400", "2013-06-30": "468.46200", "2013-03-31": "526.73800", "2012-12-31": "435.92820", "2012-09-30": "516.71100", "2012-06-30": "612.95500", "2012-03-31": "553.77700", "2011-12-31": "641.36210", "2011-09-30": "562.66800", "2011-06-30": "593.01300", "2011-03-31": "554.16800", "2010-12-31": "506.49400", "2010-09-30": "464.47300", "2010-06-30": "485.84800", "2010-03-31": "504.00600", "2009-12-31": "494.79100", "2009-09-30": "452.35100", "2009-06-30": "414.30800", "2009-03-31": "457.66400", "2008-12-31": "535.30400", "2008-09-30": "583.57100", "2008-06-30": "542.96000", "2008-03-31": "584.36300", "2007-12-31": "521.65600", "2007-09-30": "507.44500", "2007-06-30": "489.55300", "2007-03-31": "507.64600", "2006-12-31": "507.69600", "2006-09-30": "618.31400", "2006-06-30": "510.81300", "2006-03-31": "554.19900", "2005-12-31": "548.70010", "2005-09-30": "467.52400", "2005-06-30": "456.73000", "2005-03-31": "470.64900"}, "Operating Income": {"2020-09-30": "144.43190", "2020-06-30": "112.20000", "2020-03-31": "124.04390", "2019-12-31": "139.08500", "2019-09-30": "186.14700", "2019-06-30": "185.73710", "2019-03-31": "155.15410", "2018-12-31": "174.80670", "2018-09-30": "163.76000", "2018-06-30": "390.35000", "2018-03-31": "182.62300", "2017-12-31": "164.49410", "2017-09-30": "147.42210", "2017-06-30": "138.03900", "2017-03-31": "121.70500", "2016-12-31": "109.78100", "2016-09-30": "124.90900", "2016-06-30": "123.49300", "2016-03-31": "242.79700", "2015-12-31": "142.74070", "2015-09-30": "86.42000", "2015-06-30": "79.26400", "2015-03-31": "36.68600", "2014-12-31": "-23.33780", "2014-09-30": "106.47300", "2014-06-30": "110.24000", "2014-03-31": "77.92300", "2013-12-31": "224.60620", "2013-09-30": "128.80200", "2013-06-30": "108.38000", "2013-03-31": "114.88700", "2012-12-31": "25.40180", "2012-09-30": "144.51500", "2012-06-30": "71.93900", "2012-03-31": "157.92700", "2011-12-31": "66.02780", "2011-09-30": "160.30900", "2011-06-30": "149.09500", "2011-03-31": "142.36210", "2010-12-31": "98.48090", "2010-09-30": "120.56300", "2010-06-30": "106.63500", "2010-03-31": "76.26400", "2009-12-31": "63.43710", "2009-09-30": "62.92500", "2009-06-30": "30.99100", "2009-03-31": "28.92700", "2008-12-31": "-17.57900", "2008-09-30": "76.89200", "2008-06-30": "77.79000", "2008-03-31": "83.81400", "2007-12-31": "77.50010", "2007-09-30": "76.53600", "2007-06-30": "74.25900", "2007-03-31": "81.59200", "2006-12-31": "76.84110", "2006-09-30": "-10.49600", "2006-06-30": "57.98400", "2006-03-31": "53.15500", "2005-12-31": "39.47500", "2005-09-30": "39.08100", "2005-06-30": "46.02400", "2005-03-31": "39.31600"}, "Total Non-Operating Income/Expense": {"2020-09-30": "-22.88800", "2020-06-30": "-24.12500", "2020-03-31": "-8.57100", "2019-12-31": "-60.78800", "2019-09-30": "-22.42400", "2019-06-30": "-18.66600", "2019-03-31": "-1.29500", "2018-12-31": "-45.09900", "2018-09-30": "-9.19500", "2018-06-30": "-18.53100", "2018-03-31": "-44.01400", "2017-12-31": "-22.56800", "2017-09-30": "-17.77800", "2017-06-30": "-16.26800", "2017-03-31": "-68.24800", "2016-12-31": "-39.59600", "2016-09-30": "-12.95600", "2016-06-30": "-18.09700", "2016-03-31": "-15.06700", "2015-12-31": "-9.09500", "2015-09-30": "-19.17000", "2015-06-30": "-20.31300", "2015-03-31": "14.21100", "2014-12-31": "-25.41000", "2014-09-30": "-15.36700", "2014-06-30": "-9.71200", "2014-03-31": "-7.63000", "2013-12-31": "-9.73600", "2013-09-30": "-9.86400", "2013-06-30": "-9.19300", "2013-03-31": "-9.44000", "2012-12-31": "-8.00100", "2012-09-30": "-5.54400", "2012-06-30": "-9.17400", "2012-03-31": "-8.85200", "2011-12-31": "-9.17500", "2011-09-30": "-8.75400", "2011-06-30": "-10.03400", "2011-03-31": "-9.25400", "2010-12-31": "-6.27000", "2010-09-30": "-4.83600", "2010-06-30": "-6.71300", "2010-03-31": "-4.92600", "2009-12-31": "-7.93400", "2009-09-30": "-5.85600", "2009-06-30": "-4.81200", "2009-03-31": "-7.40500", "2008-12-31": "-11.16800", "2008-09-30": "-12.53300", "2008-06-30": "-6.50300", "2008-03-31": "-7.37000", "2007-12-31": "-6.65200", "2007-09-30": "-8.67200", "2007-06-30": "-8.78600", "2007-03-31": "-7.95800", "2006-12-31": "-10.31300", "2006-09-30": "-9.75200", "2006-06-30": "-14.34000", "2006-03-31": "-9.69300", "2005-12-31": "-10.28800", "2005-09-30": "-10.34800", "2005-06-30": "-10.05700", "2005-03-31": "-9.76500"}, "Pre-Tax Income": {"2020-09-30": "121.54400", "2020-06-30": "88.07500", "2020-03-31": "115.47300", "2019-12-31": "78.29700", "2019-09-30": "163.72300", "2019-06-30": "167.07100", "2019-03-31": "153.85900", "2018-12-31": "129.70800", "2018-09-30": "154.56500", "2018-06-30": "371.81900", "2018-03-31": "138.60900", "2017-12-31": "141.92600", "2017-09-30": "129.64400", "2017-06-30": "121.77100", "2017-03-31": "53.45700", "2016-12-31": "70.18500", "2016-09-30": "111.95300", "2016-06-30": "105.39600", "2016-03-31": "227.73000", "2015-12-31": "133.64600", "2015-09-30": "67.25000", "2015-06-30": "58.95100", "2015-03-31": "50.89700", "2014-12-31": "-48.74800", "2014-09-30": "91.10600", "2014-06-30": "100.52800", "2014-03-31": "70.29300", "2013-12-31": "214.87000", "2013-09-30": "118.93800", "2013-06-30": "99.18700", "2013-03-31": "105.44700", "2012-12-31": "17.40100", "2012-09-30": "138.97100", "2012-06-30": "62.76500", "2012-03-31": "149.07500", "2011-12-31": "56.85300", "2011-09-30": "151.55500", "2011-06-30": "139.06100", "2011-03-31": "133.10800", "2010-12-31": "92.21100", "2010-09-30": "115.72700", "2010-06-30": "99.92200", "2010-03-31": "71.33800", "2009-12-31": "55.50300", "2009-09-30": "57.06900", "2009-06-30": "26.17900", "2009-03-31": "21.52200", "2008-12-31": "-28.74700", "2008-09-30": "64.35900", "2008-06-30": "71.28700", "2008-03-31": "76.44400", "2007-12-31": "70.84800", "2007-09-30": "67.86400", "2007-06-30": "65.47300", "2007-03-31": "73.63400", "2006-12-31": "66.52800", "2006-09-30": "-20.24800", "2006-06-30": "43.64400", "2006-03-31": "43.46200", "2005-12-31": "29.18700", "2005-09-30": "28.73300", "2005-06-30": "35.96700", "2005-03-31": "29.55100"}, "Income Taxes": {"2020-09-30": "30.65300", "2020-06-30": "15.43100", "2020-03-31": "18.44200", "2019-12-31": "-5.10500", "2019-09-30": "25.34100", "2019-06-30": "30.41100", "2019-03-31": "37.51400", "2018-12-31": "11.19600", "2018-09-30": "33.16700", "2018-06-30": "80.10200", "2018-03-31": "20.36100", "2017-12-31": "378.22100", "2017-09-30": "18.49500", "2017-06-30": "23.13000", "2017-03-31": "11.97100", "2016-12-31": "34.72800", "2016-09-30": "12.39400", "2016-06-30": "23.65600", "2016-03-31": "25.48500", "2015-12-31": "-31.00100", "2015-09-30": "13.14400", "2015-06-30": "14.85100", "2015-03-31": "14.14000", "2014-12-31": "-28.21600", "2014-09-30": "11.73700", "2014-06-30": "21.77300", "2014-03-31": "13.19000", "2013-12-31": "60.89400", "2013-09-30": "26.96300", "2013-06-30": "20.39600", "2013-03-31": "26.19200", "2012-12-31": "-12.94900", "2012-09-30": "32.47200", "2012-06-30": "21.88200", "2012-03-31": "39.02800", "2011-12-31": "3.71100", "2011-09-30": "38.09700", "2011-06-30": "30.15400", "2011-03-31": "32.17200", "2010-12-31": "18.83900", "2010-09-30": "27.88600", "2010-06-30": "24.33100", "2010-03-31": "16.70000", "2009-12-31": "-5.35300", "2009-09-30": "5.54900", "2009-06-30": "-7.74900", "2009-03-31": "0.52500", "2008-12-31": "-45.94500", "2008-09-30": "9.87800", "2008-06-30": "12.90200", "2008-03-31": "16.62600", "2007-12-31": "12.12400", "2007-09-30": "10.43300", "2007-06-30": "15.58500", "2007-03-31": "16.93600", "2006-12-31": "3.14400", "2006-09-30": "-23.33000", "2006-06-30": "11.04100", "2006-03-31": "11.33700", "2005-12-31": "-1.99700", "2005-09-30": "4.50200", "2005-06-30": "13.94800", "2005-03-31": "11.14000"}, "Income After Taxes": {"2020-09-30": "90.89100", "2020-06-30": "72.64400", "2020-03-31": "97.03100", "2019-12-31": "83.40200", "2019-09-30": "138.38200", "2019-06-30": "136.66000", "2019-03-31": "116.34500", "2018-12-31": "118.51200", "2018-09-30": "121.39800", "2018-06-30": "291.71700", "2018-03-31": "118.24800", "2017-12-31": "-236.29500", "2017-09-30": "111.14900", "2017-06-30": "98.64100", "2017-03-31": "41.48600", "2016-12-31": "35.45700", "2016-09-30": "99.55900", "2016-06-30": "81.74000", "2016-03-31": "202.24500", "2015-12-31": "164.64700", "2015-09-30": "54.10600", "2015-06-30": "44.10000", "2015-03-31": "36.75700", "2014-12-31": "-20.53200", "2014-09-30": "79.36900", "2014-06-30": "78.75500", "2014-03-31": "57.10300", "2013-12-31": "153.97600", "2013-09-30": "91.97500", "2013-06-30": "78.79100", "2013-03-31": "79.25500", "2012-12-31": "30.35000", "2012-09-30": "106.49900", "2012-06-30": "40.88300", "2012-03-31": "110.04700", "2011-12-31": "53.14200", "2011-09-30": "113.45800", "2011-06-30": "108.90700", "2011-03-31": "100.93600", "2010-12-31": "73.37200", "2010-09-30": "87.84100", "2010-06-30": "75.59100", "2010-03-31": "54.63800", "2009-12-31": "60.85600", "2009-09-30": "51.52000", "2009-06-30": "33.92800", "2009-03-31": "20.99700", "2008-12-31": "17.19800", "2008-09-30": "54.48100", "2008-06-30": "58.38500", "2008-03-31": "59.81800", "2007-12-31": "58.72400", "2007-09-30": "57.43100", "2007-06-30": "49.88800", "2007-03-31": "56.69800", "2006-12-31": "63.38400", "2006-09-30": "3.08200", "2006-06-30": "32.60300", "2006-03-31": "32.12500", "2005-12-31": "31.18400", "2005-09-30": "24.23100", "2005-06-30": "22.01900", "2005-03-31": "18.41100"}, "Other Income": {"2020-09-30": "", "2020-06-30": "", "2020-03-31": "", "2019-12-31": "", "2019-09-30": "", "2019-06-30": "", "2019-03-31": "", "2018-12-31": "", "2018-09-30": "", "2018-06-30": "", "2018-03-31": "", "2017-12-31": "", "2017-09-30": "", "2017-06-30": "", "2017-03-31": "", "2016-12-31": "", "2016-09-30": "", "2016-06-30": "", "2016-03-31": "", "2015-12-31": "", "2015-09-30": "", "2015-06-30": "", "2015-03-31": "", "2014-12-31": "", "2014-09-30": "", "2014-06-30": "", "2014-03-31": "", "2013-12-31": "", "2013-09-30": "", "2013-06-30": "", "2013-03-31": "", "2012-12-31": "", "2012-09-30": "", "2012-06-30": "", "2012-03-31": "", "2011-12-31": "", "2011-09-30": "", "2011-06-30": "", "2011-03-31": "", "2010-12-31": "", "2010-09-30": "", "2010-06-30": "", "2010-03-31": "", "2009-12-31": "", "2009-09-30": "", "2009-06-30": "", "2009-03-31": "", "2008-12-31": "", "2008-09-30": "", "2008-06-30": "", "2008-03-31": "", "2007-12-31": "", "2007-09-30": "", "2007-06-30": "", "2007-03-31": "", "2006-12-31": "", "2006-09-30": "", "2006-06-30": "", "2006-03-31": "", "2005-12-31": "", "2005-09-30": "", "2005-06-30": "", "2005-03-31": ""}, "Income From Continuous Operations": {"2020-09-30": "117.04500", "2020-06-30": "103.75800", "2020-03-31": "123.63500", "2019-12-31": "106.24300", "2019-09-30": "171.61800", "2019-06-30": "174.97000", "2019-03-31": "151.52600", "2018-12-31": "146.04900", "2018-09-30": "143.47900", "2018-06-30": "310.68600", "2018-03-31": "138.92500", "2017-12-31": "-207.07100", "2017-09-30": "130.19300", "2017-06-30": "113.68900", "2017-03-31": "62.65700", "2016-12-31": "50.30400", "2016-09-30": "114.51200", "2016-06-30": "95.58600", "2016-03-31": "218.23600", "2015-12-31": "171.37900", "2015-09-30": "59.84200", "2015-06-30": "49.21800", "2015-03-31": "47.14900", "2014-12-31": "-12.99000", "2014-09-30": "88.01900", "2014-06-30": "89.40400", "2014-03-31": "66.00400", "2013-12-31": "160.39700", "2013-09-30": "97.31300", "2013-06-30": "88.50000", "2013-03-31": "89.51600", "2012-12-31": "39.18400", "2012-09-30": "114.43400", "2012-06-30": "53.59500", "2012-03-31": "118.63300", "2011-12-31": "59.77800", "2011-09-30": "122.95800", "2011-06-30": "123.69400", "2011-03-31": "113.76700", "2010-12-31": "81.39700", "2010-09-30": "97.02000", "2010-06-30": "86.08600", "2010-03-31": "64.91400", "2009-12-31": "65.21600", "2009-09-30": "57.32900", "2009-06-30": "40.13200", "2009-03-31": "26.94600", "2008-12-31": "18.34900", "2008-09-30": "60.76200", "2008-06-30": "67.05100", "2008-03-31": "66.84600", "2007-12-31": "76.25200", "2007-09-30": "59.09900", "2007-06-30": "53.86300", "2007-03-31": "58.10800", "2006-12-31": "62.97700", "2006-09-30": "2.28900", "2006-06-30": "43.32700", "2006-03-31": "34.37600", "2005-12-31": "32.19800", "2005-09-30": "26.29200", "2005-06-30": "32.05800", "2005-03-31": "24.31900"}, "Income From Discontinued Operations": {"2020-09-30": "", "2020-06-30": "", "2020-03-31": "", "2019-12-31": "", "2019-09-30": "", "2019-06-30": "", "2019-03-31": "", "2018-12-31": "", "2018-09-30": "", "2018-06-30": "", "2018-03-31": "", "2017-12-31": "", "2017-09-30": "", "2017-06-30": "", "2017-03-31": "", "2016-12-31": "559.97400", "2016-09-30": "23.18500", "2016-06-30": "-398.34000", "2016-03-31": "17.31200", "2015-12-31": "11.32400", "2015-09-30": "11.03000", "2015-06-30": "10.12200", "2015-03-31": "", "2014-12-31": "-1.05800", "2014-09-30": "-6.67900", "2014-06-30": "-60.02500", "2014-03-31": "-1.76900", "2013-12-31": "0.94900", "2013-09-30": "0.53100", "2013-06-30": "2.62800", "2013-03-31": "", "2012-12-31": "", "2012-09-30": "", "2012-06-30": "", "2012-03-31": "", "2011-12-31": "", "2011-09-30": "", "2011-06-30": "", "2011-03-31": "", "2010-12-31": "", "2010-09-30": "", "2010-06-30": "", "2010-03-31": "", "2009-12-31": "", "2009-09-30": "", "2009-06-30": "", "2009-03-31": "", "2008-12-31": "", "2008-09-30": "", "2008-06-30": "", "2008-03-31": "", "2007-12-31": "", "2007-09-30": "", "2007-06-30": "", "2007-03-31": "", "2006-12-31": "", "2006-09-30": "", "2006-06-30": "", "2006-03-31": "", "2005-12-31": "", "2005-09-30": "", "2005-06-30": "", "2005-03-31": ""}, "Net Income": {"2020-09-30": "98.30100", "2020-06-30": "85.62400", "2020-03-31": "107.20400", "2019-12-31": "90.39100", "2019-09-30": "155.07000", "2019-06-30": "154.19800", "2019-03-31": "133.56900", "2018-12-31": "129.59600", "2018-09-30": "129.74500", "2018-06-30": "302.46100", "2018-03-31": "131.76000", "2017-12-31": "-218.36600", "2017-09-30": "118.67000", "2017-06-30": "103.33300", "2017-03-31": "51.21300", "2016-12-31": "602.09000", "2016-09-30": "128.22000", "2016-06-30": "-314.82100", "2016-03-31": "228.18600", "2015-12-31": "174.25200", "2015-09-30": "65.39200", "2015-06-30": "52.14700", "2015-03-31": "43.11500", "2014-12-31": "-18.50800", "2014-09-30": "72.79400", "2014-06-30": "22.44700", "2014-03-31": "56.58300", "2013-12-31": "155.93300", "2013-09-30": "90.51200", "2013-06-30": "82.73900", "2013-03-31": "83.98700", "2012-12-31": "37.72600", "2012-09-30": "109.45900", "2012-06-30": "50.08900", "2012-03-31": "114.26200", "2011-12-31": "55.27700", "2011-09-30": "116.09800", "2011-06-30": "114.15900", "2011-03-31": "106.58000", "2010-12-31": "77.03000", "2010-09-30": "93.68900", "2010-06-30": "81.75100", "2010-03-31": "63.30800", "2009-12-31": "62.34500", "2009-09-30": "52.13100", "2009-06-30": "38.49300", "2009-03-31": "25.39900", "2008-12-31": "13.11100", "2008-09-30": "56.17500", "2008-06-30": "61.65500", "2008-03-31": "63.26100", "2007-12-31": "58.62000", "2007-09-30": "59.09900", "2007-06-30": "53.86300", "2007-03-31": "58.10800", "2006-12-31": "62.97700", "2006-09-30": "2.28900", "2006-06-30": "43.32700", "2006-03-31": "34.37600", "2005-12-31": "32.19800", "2005-09-30": "26.29200", "2005-06-30": "32.05800", "2005-03-31": "24.31900"}, "EBITDA": {"2020-09-30": "203.11090", "2020-06-30": "170.04100", "2020-03-31": "177.73790", "2019-12-31": "195.85100", "2019-09-30": "240.63400", "2019-06-30": "238.68510", "2019-03-31": "204.43710", "2018-12-31": "224.99370", "2018-09-30": "213.46700", "2018-06-30": "440.82400", "2018-03-31": "232.95300", "2017-12-31": "217.33510", "2017-09-30": "197.31710", "2017-06-30": "187.16100", "2017-03-31": "166.77500", "2016-12-31": "159.45100", "2016-09-30": "172.90300", "2016-06-30": "191.44600", "2016-03-31": "303.34900", "2015-12-31": "202.44470", "2015-09-30": "155.32300", "2015-06-30": "146.74700", "2015-03-31": "100.67200", "2014-12-31": "1.89020", "2014-09-30": "132.10300", "2014-06-30": "135.14500", "2014-03-31": "105.73200", "2013-12-31": "252.49920", "2013-09-30": "156.46200", "2013-06-30": "134.95300", "2013-03-31": "140.13100", "2012-12-31": "49.99380", "2012-09-30": "169.49400", "2012-06-30": "97.15300", "2012-03-31": "182.16200", "2011-12-31": "90.85480", "2011-09-30": "184.92500", "2011-06-30": "173.40100", "2011-03-31": "165.36610", "2010-12-31": "122.57290", "2010-09-30": "143.63800", "2010-06-30": "130.34500", "2010-03-31": "100.96500", "2009-12-31": "89.41110", "2009-09-30": "87.06000", "2009-06-30": "55.62000", "2009-03-31": "54.70200", "2008-12-31": "12.55100", "2008-09-30": "104.40500", "2008-06-30": "105.29000", "2008-03-31": "110.35600", "2007-12-31": "104.53110", "2007-09-30": "102.60200", "2007-06-30": "100.66800", "2007-03-31": "108.94100", "2006-12-31": "103.77610", "2006-09-30": "17.85300", "2006-06-30": "85.02400", "2006-03-31": "83.78100", "2005-12-31": "70.71300", "2005-09-30": "67.58600", "2005-06-30": "74.67100", "2005-03-31": "68.36100"}, "EBIT": {"2020-09-30": "144.43190", "2020-06-30": "112.20000", "2020-03-31": "124.04390", "2019-12-31": "139.08500", "2019-09-30": "186.14700", "2019-06-30": "185.73710", "2019-03-31": "155.15410", "2018-12-31": "174.80680", "2018-09-30": "163.76000", "2018-06-30": "390.35000", "2018-03-31": "182.62300", "2017-12-31": "164.49410", "2017-09-30": "147.42210", "2017-06-30": "138.03900", "2017-03-31": "121.70500", "2016-12-31": "109.78090", "2016-09-30": "124.90900", "2016-06-30": "123.49300", "2016-03-31": "242.79700", "2015-12-31": "142.74080", "2015-09-30": "86.42000", "2015-06-30": "79.26400", "2015-03-31": "36.68600", "2014-12-31": "-23.33800", "2014-09-30": "106.47300", "2014-06-30": "110.24000", "2014-03-31": "77.92300", "2013-12-31": "224.60630", "2013-09-30": "128.80200", "2013-06-30": "108.38000", "2013-03-31": "114.88700", "2012-12-31": "25.40200", "2012-09-30": "144.51500", "2012-06-30": "71.93900", "2012-03-31": "157.92700", "2011-12-31": "66.02790", "2011-09-30": "160.30900", "2011-06-30": "149.09500", "2011-03-31": "142.36210", "2010-12-31": "98.48090", "2010-09-30": "120.56300", "2010-06-30": "106.63500", "2010-03-31": "76.26400", "2009-12-31": "63.43710", "2009-09-30": "62.92500", "2009-06-30": "30.99100", "2009-03-31": "28.92700", "2008-12-31": "-17.57900", "2008-09-30": "76.89200", "2008-06-30": "77.79000", "2008-03-31": "83.81400", "2007-12-31": "77.50000", "2007-09-30": "76.53600", "2007-06-30": "74.25900", "2007-03-31": "81.59200", "2006-12-31": "76.84120", "2006-09-30": "-10.49600", "2006-06-30": "57.98400", "2006-03-31": "53.15500", "2005-12-31": "39.47500", "2005-09-30": "39.08100", "2005-06-30": "46.02400", "2005-03-31": "39.31600"}, "Basic Shares Outstanding": {"2020-09-30": "106.38600", "2020-06-30": "106.32900", "2020-03-31": "106.22700", "2019-12-31": "105.94900", "2019-09-30": "105.99900", "2019-06-30": "105.96100", "2019-03-31": "105.79900", "2018-12-31": "108.42700", "2018-09-30": "107.31500", "2018-06-30": "109.67100", "2018-03-31": "110.68100", "2017-12-31": "110.91400", "2017-09-30": "110.47600", "2017-06-30": "110.68600", "2017-03-31": "111.98600", "2016-12-31": "112.37900", "2016-09-30": "112.42900", "2016-06-30": "112.33900", "2016-03-31": "112.26000", "2015-12-31": "111.18200", "2015-09-30": "112.20200", "2015-06-30": "112.18900", "2015-03-31": "108.13000", "2014-12-31": "78.69600", "2014-09-30": "78.24400", "2014-06-30": "78.66200", "2014-03-31": "79.73500", "2013-12-31": "83.83900", "2013-09-30": "81.38500", "2013-06-30": "84.02800", "2013-03-31": "88.71900", "2012-12-31": "89.18900", "2012-09-30": "89.32700", "2012-06-30": "89.41400", "2012-03-31": "88.99700", "2011-12-31": "90.52200", "2011-09-30": "89.93500", "2011-06-30": "91.71300", "2011-03-31": "91.63300", "2010-12-31": "91.39300", "2010-09-30": "91.31200", "2010-06-30": "91.30800", "2010-03-31": "91.38600", "2009-12-31": "91.51200", "2009-09-30": "91.58800", "2009-06-30": "91.47400", "2009-03-31": "91.38000", "2008-12-31": "91.65700", "2008-09-30": "91.39500", "2008-06-30": "91.48900", "2008-03-31": "92.65400", "2007-12-31": "95.49600", "2007-09-30": "95.24500", "2007-06-30": "95.27200", "2007-03-31": "95.28800", "2006-12-31": "94.62400", "2006-09-30": "94.75500", "2006-06-30": "94.68900", "2006-03-31": "94.15300", "2005-12-31": "92.69600", "2005-09-30": "93.21400", "2005-06-30": "93.16200", "2005-03-31": "91.07600"}, "Shares Outstanding": {"2020-09-30": "106.87300", "2020-06-30": "106.53500", "2020-03-31": "106.51200", "2019-12-31": "106.32100", "2019-09-30": "106.29900", "2019-06-30": "106.31600", "2019-03-31": "106.35600", "2018-12-31": "109.45800", "2018-09-30": "108.30200", "2018-06-30": "110.65900", "2018-03-31": "111.86700", "2017-12-31": "112.38000", "2017-09-30": "111.97500", "2017-06-30": "112.10500", "2017-03-31": "113.28900", "2016-12-31": "113.23900", "2016-09-30": "113.44800", "2016-06-30": "113.17500", "2016-03-31": "112.77000", "2015-12-31": "111.55600", "2015-09-30": "112.54400", "2015-06-30": "112.60700", "2015-03-31": "108.46400", "2014-12-31": "79.10200", "2014-09-30": "78.65900", "2014-06-30": "79.09100", "2014-03-31": "80.11200", "2013-12-31": "84.32200", "2013-09-30": "81.85200", "2013-06-30": "84.48900", "2013-03-31": "89.23600", "2012-12-31": "89.88400", "2012-09-30": "89.87900", "2012-06-30": "90.05100", "2012-03-31": "89.94700", "2011-12-31": "91.52200", "2011-09-30": "90.95800", "2011-06-30": "92.79500", "2011-03-31": "92.51700", "2010-12-31": "92.18400", "2010-09-30": "92.08200", "2010-06-30": "92.11100", "2010-03-31": "92.19300", "2009-12-31": "92.04600", "2009-09-30": "92.17400", "2009-06-30": "92.01100", "2009-03-31": "91.79700", "2008-12-31": "92.74100", "2008-09-30": "92.46300", "2008-06-30": "92.56400", "2008-03-31": "93.90500", "2007-12-31": "97.39600", "2007-09-30": "97.10600", "2007-06-30": "97.25600", "2007-03-31": "97.50400", "2006-12-31": "97.13600", "2006-09-30": "97.29800", "2006-06-30": "97.15900", "2006-03-31": "96.56900", "2005-12-31": "95.49500", "2005-09-30": "96.02800", "2005-06-30": "95.94200", "2005-03-31": "93.88000"}, "Basic EPS": {"2020-09-30": "0.92000", "2020-06-30": "0.81000", "2020-03-31": "1.01000", "2019-12-31": "0.85000", "2019-09-30": "1.46000", "2019-06-30": "1.46000", "2019-03-31": "1.26000", "2018-12-31": "1.24000", "2018-09-30": "1.21000", "2018-06-30": "2.76000", "2018-03-31": "1.19000", "2017-12-31": "-1.97000", "2017-09-30": "1.07000", "2017-06-30": "0.93000", "2017-03-31": "0.46000", "2016-12-31": "5.36000", "2016-09-30": "1.14000", "2016-06-30": "-2.80000", "2016-03-31": "2.03000", "2015-12-31": "1.57000", "2015-09-30": "0.58000", "2015-06-30": "0.46000", "2015-03-31": "0.40000", "2014-12-31": "-0.24000", "2014-09-30": "0.93000", "2014-06-30": "0.29000", "2014-03-31": "0.71000", "2013-12-31": "1.89000", "2013-09-30": "1.11000", "2013-06-30": "0.98000", "2013-03-31": "0.95000", "2012-12-31": "0.42000", "2012-09-30": "1.23000", "2012-06-30": "0.56000", "2012-03-31": "1.28000", "2011-12-31": "0.64000", "2011-09-30": "1.29000", "2011-06-30": "1.24000", "2011-03-31": "1.16000", "2010-12-31": "0.84000", "2010-09-30": "1.03000", "2010-06-30": "0.90000", "2010-03-31": "0.69000", "2009-12-31": "0.68000", "2009-09-30": "0.57000", "2009-06-30": "0.42000", "2009-03-31": "0.28000", "2008-12-31": "0.16000", "2008-09-30": "0.61000", "2008-06-30": "0.67000", "2008-03-31": "0.68000", "2007-12-31": "0.61000", "2007-09-30": "0.62000", "2007-06-30": "0.57000", "2007-03-31": "0.61000", "2006-12-31": "0.66000", "2006-09-30": "0.02000", "2006-06-30": "0.46000", "2006-03-31": "0.37000", "2005-12-31": "0.35000", "2005-09-30": "0.28000", "2005-06-30": "0.34500", "2005-03-31": "0.26500"}, "EPS - Earnings Per Share": {"2020-09-30": "0.92000", "2020-06-30": "0.80000", "2020-03-31": "1.01000", "2019-12-31": "0.85000", "2019-09-30": "1.46000", "2019-06-30": "1.45000", "2019-03-31": "1.26000", "2018-12-31": "1.23000", "2018-09-30": "1.20000", "2018-06-30": "2.73000", "2018-03-31": "1.18000", "2017-12-31": "-1.94000", "2017-09-30": "1.06000", "2017-06-30": "0.92000", "2017-03-31": "0.45000", "2016-12-31": "5.33000", "2016-09-30": "1.13000", "2016-06-30": "-2.80000", "2016-03-31": "2.02000", "2015-12-31": "1.56000", "2015-09-30": "0.58000", "2015-06-30": "0.46000", "2015-03-31": "0.40000", "2014-12-31": "-0.23000", "2014-09-30": "0.93000", "2014-06-30": "0.28000", "2014-03-31": "0.71000", "2013-12-31": "1.87000", "2013-09-30": "1.11000", "2013-06-30": "0.98000", "2013-03-31": "0.94000", "2012-12-31": "0.42000", "2012-09-30": "1.22000", "2012-06-30": "0.56000", "2012-03-31": "1.27000", "2011-12-31": "0.62000", "2011-09-30": "1.28000", "2011-06-30": "1.23000", "2011-03-31": "1.15000", "2010-12-31": "0.83000", "2010-09-30": "1.02000", "2010-06-30": "0.89000", "2010-03-31": "0.69000", "2009-12-31": "0.67000", "2009-09-30": "0.57000", "2009-06-30": "0.42000", "2009-03-31": "0.28000", "2008-12-31": "0.14000", "2008-09-30": "0.61000", "2008-06-30": "0.67000", "2008-03-31": "0.67000", "2007-12-31": "0.60000", "2007-09-30": "0.61000", "2007-06-30": "0.55000", "2007-03-31": "0.60000", "2006-12-31": "0.64000", "2006-09-30": "0.02000", "2006-06-30": "0.45000", "2006-03-31": "0.36000", "2005-12-31": "0.33000", "2005-09-30": "0.27500", "2005-06-30": "0.33500", "2005-03-31": "0.26000"}}, "balance sheet": {"Cash On Hand": {"2019-12-31": "613.11000", "2018-12-31": "555.32000", "2017-12-31": "1137.30300", "2016-12-31": "2269.75600", "2015-12-31": "213.73400", "2014-12-31": "2489.76800", "2013-12-31": "477.23900", "2012-12-31": "477.69600", "2011-12-31": "469.41600", "2010-12-31": "529.65000", "2009-12-31": "308.79100", "2008-12-31": "253.30300", "2007-12-31": "130.55100", "2006-12-31": "149.49900", "2005-12-31": "58.57000"}, "Receivables": {"2019-12-31": "680.20200", "2018-12-31": "657.77100", "2017-12-31": "572.26300", "2016-12-31": "528.02000", "2015-12-31": "472.90100", "2014-12-31": "434.63500", "2013-12-31": "491.95800", "2012-12-31": "422.81700", "2011-12-31": "391.57100", "2010-12-31": "374.66000", "2009-12-31": "329.21500", "2008-12-31": "327.75800", "2007-12-31": "425.36200", "2006-12-31": "400.05300", "2005-12-31": "387.46300"}, "Inventory": {"2019-12-31": "768.98400", "2018-12-31": "700.54000", "2017-12-31": "592.78100", "2016-12-31": "450.26300", "2015-12-31": "439.51300", "2014-12-31": "358.36100", "2013-12-31": "436.04900", "2012-12-31": "428.14500", "2011-12-31": "431.49500", "2010-12-31": "389.21000", "2009-12-31": "347.50600", "2008-12-31": "538.85700", "2007-12-31": "472.82600", "2006-12-31": "378.30200", "2005-12-31": "411.02300"}, "Pre-Paid Expenses": {"2019-12-31": "", "2018-12-31": "", "2017-12-31": "", "2016-12-31": "", "2015-12-31": "", "2014-12-31": "", "2013-12-31": "", "2012-12-31": "", "2011-12-31": "", "2010-12-31": "", "2009-12-31": "", "2008-12-31": "", "2007-12-31": "", "2006-12-31": "", "2005-12-31": ""}, "Other Current Assets": {"2019-12-31": "162.81300", "2018-12-31": "84.79000", "2017-12-31": "175.21600", "2016-12-31": "58.57900", "2015-12-31": "62.92200", "2014-12-31": "66.08600", "2013-12-31": "77.66900", "2012-12-31": "78.65500", "2011-12-31": "63.13800", "2010-12-31": "54.67800", "2009-12-31": "46.57500", "2008-12-31": "59.00500", "2007-12-31": "35.26700", "2006-12-31": "", "2005-12-31": ""}, "Total Current Assets": {"2019-12-31": "2225.10900", "2018-12-31": "1998.42100", "2017-12-31": "2477.56300", "2016-12-31": "3306.61800", "2015-12-31": "1831.00200", "2014-12-31": "3348.85000", "2013-12-31": "1482.91500", "2012-12-31": "1407.31300", "2011-12-31": "1355.62000", "2010-12-31": "1348.19800", "2009-12-31": "1032.08700", "2008-12-31": "1178.92300", "2007-12-31": "1064.00600", "2006-12-31": "960.85400", "2005-12-31": "873.66300"}, "Property, Plant, And Equipment": {"2019-12-31": "4909.47300", "2018-12-31": "3021.08400", "2017-12-31": "2493.31000", "2016-12-31": "2360.14000", "2015-12-31": "2321.09500", "2014-12-31": "1231.86800", "2013-12-31": "1357.06900", "2012-12-31": "1296.57100", "2011-12-31": "1129.48000", "2010-12-31": "1006.31300", "2009-12-31": "1026.88300", "2008-12-31": "1012.34800", "2007-12-31": "1038.54300", "2006-12-31": "980.57500", "2005-12-31": "966.81700"}, "Long-Term Investments": {"2019-12-31": "579.81300", "2018-12-31": "528.72200", "2017-12-31": "534.06400", "2016-12-31": "457.53300", "2015-12-31": "435.58400", "2014-12-31": "194.04200", "2013-12-31": "212.17800", "2012-12-31": "207.14100", "2011-12-31": "198.42700", "2010-12-31": "180.69000", "2009-12-31": "146.08400", "2008-12-31": "121.95100", "2007-12-31": "128.17000", "2006-12-31": "111.63300", "2005-12-31": "92.93300"}, "Goodwill And Intangible Assets": {"2019-12-31": "1933.40700", "2018-12-31": "1953.31200", "2017-12-31": "2031.85800", "2016-12-31": "1894.59600", "2015-12-31": "1844.42000", "2014-12-31": "287.38700", "2013-12-31": "372.40600", "2012-12-31": "371.43000", "2011-12-31": "403.42600", "2010-12-31": "407.00200", "2009-12-31": "443.24400", "2008-12-31": "445.77800", "2007-12-31": "441.53900", "2006-12-31": "403.05100", "2005-12-31": "394.47000"}, "Other Long-Term Assets": {"2019-12-31": "213.06100", "2018-12-31": "80.13500", "2017-12-31": "213.97700", "2016-12-31": "142.32000", "2015-12-31": "3165.85300", "2014-12-31": "160.95600", "2013-12-31": "160.22900", "2012-12-31": "154.83600", "2011-12-31": "116.87100", "2010-12-31": "125.87800", "2009-12-31": "123.25900", "2008-12-31": "113.71700", "2007-12-31": "101.48700", "2006-12-31": "34.89400", "2005-12-31": "40.37500"}, "Total Long-Term Assets": {"2019-12-31": "7635.75400", "2018-12-31": "5583.25300", "2017-12-31": "5273.20900", "2016-12-31": "4854.58800", "2015-12-31": "7766.95200", "2014-12-31": "1874.25300", "2013-12-31": "2101.88200", "2012-12-31": "2029.97800", "2011-12-31": "1848.20400", "2010-12-31": "1719.88300", "2009-12-31": "1739.47000", "2008-12-31": "1693.79400", "2007-12-31": "1777.01200", "2006-12-31": "1569.51400", "2005-12-31": "1681.95500"}, "Total Assets": {"2019-12-31": "9860.86300", "2018-12-31": "7581.67400", "2017-12-31": "7750.77200", "2016-12-31": "8161.20700", "2015-12-31": "9597.95400", "2014-12-31": "5223.10300", "2013-12-31": "3584.79700", "2012-12-31": "3437.29100", "2011-12-31": "3203.82400", "2010-12-31": "3068.08100", "2009-12-31": "2771.55700", "2008-12-31": "2872.71700", "2007-12-31": "2841.01800", "2006-12-31": "2530.36800", "2005-12-31": "2555.61800"}, "Total Current Liabilities": {"2019-12-31": "1408.99600", "2018-12-31": "1183.17300", "2017-12-31": "1200.92500", "2016-12-31": "1140.10300", "2015-12-31": "1616.68500", "2014-12-31": "1139.88600", "2013-12-31": "436.36300", "2012-12-31": "385.00900", "2011-12-31": "401.17800", "2010-12-31": "364.17700", "2009-12-31": "353.26400", "2008-12-31": "438.36700", "2007-12-31": "413.48500", "2006-12-31": "482.94900", "2005-12-31": "421.91700"}, "Long Term Debt": {"2019-12-31": "2862.92100", "2018-12-31": "1397.91600", "2017-12-31": "1415.36000", "2016-12-31": "2121.71800", "2015-12-31": "3142.16300", "2014-12-31": "2223.03500", "2013-12-31": "1054.31000", "2012-12-31": "686.58800", "2011-12-31": "749.25700", "2010-12-31": "851.92700", "2009-12-31": "776.40300", "2008-12-31": "906.06200", "2007-12-31": "707.31100", "2006-12-31": "681.85900", "2005-12-31": "775.88900"}, "Other Non-Current Liabilities": {"2019-12-31": "754.53600", "2018-12-31": "526.94200", "2017-12-31": "599.78800", "2016-12-31": "194.81000", "2015-12-31": "703.31100", "2014-12-31": "87.70500", "2013-12-31": "110.61000", "2012-12-31": "114.02200", "2011-12-31": "111.10700", "2010-12-31": "108.81100", "2009-12-31": "104.78200", "2008-12-31": "142.78300", "2007-12-31": "234.53000", "2006-12-31": "122.82400", "2005-12-31": "109.86400"}, "Total Long Term Liabilities": {"2019-12-31": "4358.28700", "2018-12-31": "2639.39300", "2017-12-31": "2732.15100", "2016-12-31": "3078.50000", "2015-12-31": "4579.95600", "2014-12-31": "2594.58200", "2013-12-31": "1405.65800", "2012-12-31": "1120.27400", "2011-12-31": "1123.81900", "2010-12-31": "1228.15800", "2009-12-31": "1164.97500", "2008-12-31": "1317.86700", "2007-12-31": "1149.22800", "2006-12-31": "1019.32100", "2005-12-31": "1203.42600"}, "Total Liabilities": {"2019-12-31": "5767.28300", "2018-12-31": "3822.56600", "2017-12-31": "3933.07600", "2016-12-31": "4218.60300", "2015-12-31": "6196.64100", "2014-12-31": "3734.46800", "2013-12-31": "1842.02100", "2012-12-31": "1505.28300", "2011-12-31": "1524.99700", "2010-12-31": "1592.33500", "2009-12-31": "1518.23900", "2008-12-31": "1756.23400", "2007-12-31": "1562.71300", "2006-12-31": "1502.27000", "2005-12-31": "1625.34300"}, "Common Stock Net": {"2019-12-31": "1.06100", "2018-12-31": "1.05600", "2017-12-31": "1.10500", "2016-12-31": "1.12500", "2015-12-31": "1.12200", "2014-12-31": "0.78000", "2013-12-31": "0.80100", "2012-12-31": "0.88900", "2011-12-31": "0.88800", "2010-12-31": "0.91600", "2009-12-31": "0.91500", "2008-12-31": "0.91000", "2007-12-31": "0.94700", "2006-12-31": "0.94900", "2005-12-31": "0.93500"}, "Retained Earnings (Accumulated Deficit)": {"2019-12-31": "2943.47800", "2018-12-31": "2566.05000", "2017-12-31": "2035.16300", "2016-12-31": "2121.93100", "2015-12-31": "1615.40700", "2014-12-31": "1410.65100", "2013-12-31": "1500.35800", "2012-12-31": "1744.68400", "2011-12-31": "1514.86600", "2010-12-31": "1560.51900", "2009-12-31": "1287.98300", "2008-12-31": "1165.50300", "2007-12-31": "1023.02200", "2006-12-31": "838.16200", "2005-12-31": "727.87400"}, "Comprehensive Income": {"2019-12-31": "-395.73500", "2018-12-31": "-350.68200", "2017-12-31": "-225.66800", "2016-12-31": "-412.41200", "2015-12-31": "-421.28800", "2014-12-31": "-62.41300", "2013-12-31": "116.24500", "2012-12-31": "85.26400", "2011-12-31": "60.32900", "2010-12-31": "-164.19600", "2009-12-31": "-91.86000", "2008-12-31": "-100.64200", "2007-12-31": "99.88500", "2006-12-31": "-10.05800", "2005-12-31": "12.04700"}, "Other Share Holders Equity": {"2019-12-31": "", "2018-12-31": "", "2017-12-31": "", "2016-12-31": "", "2015-12-31": "", "2014-12-31": "", "2013-12-31": "", "2012-12-31": "", "2011-12-31": "", "2010-12-31": "", "2009-12-31": "", "2008-12-31": "", "2007-12-31": "", "2006-12-31": "", "2005-12-31": ""}, "Share Holder Equity": {"2019-12-31": "4093.58000", "2018-12-31": "3759.10800", "2017-12-31": "3817.69600", "2016-12-31": "3942.60400", "2015-12-31": "3401.31300", "2014-12-31": "1488.63500", "2013-12-31": "1742.77600", "2012-12-31": "1932.00800", "2011-12-31": "1678.82700", "2010-12-31": "1475.74600", "2009-12-31": "1253.31800", "2008-12-31": "1116.48300", "2007-12-31": "1278.30500", "2006-12-31": "1028.09800", "2005-12-31": "930.27500"}, "Total Liabilities And Share Holders Equity": {"2019-12-31": "9860.86300", "2018-12-31": "7581.67400", "2017-12-31": "7750.77200", "2016-12-31": "8161.20700", "2015-12-31": "9597.95400", "2014-12-31": "5223.10300", "2013-12-31": "3584.79700", "2012-12-31": "3437.29100", "2011-12-31": "3203.82400", "2010-12-31": "3068.08100", "2009-12-31": "2771.55700", "2008-12-31": "2872.71700", "2007-12-31": "2841.01800", "2006-12-31": "2530.36800", "2005-12-31": "2555.61800"}}, "balance sheet, quarterly": {"Cash On Hand": {"2020-09-30": "702.07300", "2020-06-30": "736.69600", "2020-03-31": "553.22800", "2019-12-31": "613.11000", "2019-09-30": "317.82300", "2019-06-30": "398.18300", "2019-03-31": "465.27400", "2018-12-31": "555.32000", "2018-09-30": "641.22600", "2018-06-30": "908.14400", "2018-03-31": "692.18800", "2017-12-31": "1137.30300", "2017-09-30": "1045.33900", "2017-06-30": "1006.94500", "2017-03-31": "1254.53600", "2016-12-31": "2269.75600", "2016-09-30": "233.59900", "2016-06-30": "193.66100", "2016-03-31": "252.38200", "2015-12-31": "213.73400", "2015-09-30": "234.49000", "2015-06-30": "207.23800", "2015-03-31": "261.42100", "2014-12-31": "2489.76800", "2014-09-30": "653.12000", "2014-06-30": "515.11900", "2014-03-31": "524.04300", "2013-12-31": "477.23900", "2013-09-30": "401.42700", "2013-06-30": "314.65900", "2013-03-31": "434.90400", "2012-12-31": "477.69600", "2012-09-30": "402.64200", "2012-06-30": "461.75100", "2012-03-31": "519.35900", "2011-12-31": "469.41600", "2011-09-30": "481.25800", "2011-06-30": "490.71500", "2011-03-31": "441.01300", "2010-12-31": "529.65000", "2010-09-30": "424.67300", "2010-06-30": "324.12300", "2010-03-31": "267.31700", "2009-12-31": "308.79100", "2009-09-30": "260.43400", "2009-06-30": "172.47600", "2009-03-31": "183.89900", "2008-12-31": "253.30300", "2008-09-30": "207.21100", "2008-06-30": "168.48200", "2008-03-31": "135.13000", "2007-12-31": "130.55100", "2007-09-30": "101.28100", "2007-06-30": "200.40600", "2007-03-31": "125.01600", "2006-12-31": "149.49900", "2006-09-30": "89.57500", "2006-06-30": "98.99500", "2006-03-31": "67.10000", "2005-12-31": "58.57000", "2005-09-30": "47.85900", "2005-06-30": "98.28800", "2005-03-31": "73.78000"}, "Receivables": {"2020-09-30": "577.68800", "2020-06-30": "594.58290", "2020-03-31": "592.46800", "2019-12-31": "680.20200", "2019-09-30": "723.59300", "2019-06-30": "730.01500", "2019-03-31": "660.56100", "2018-12-31": "657.77100", "2018-09-30": "592.74900", "2018-06-30": "615.48300", "2018-03-31": "650.37800", "2017-12-31": "572.26300", "2017-09-30": "570.14700", "2017-06-30": "539.22700", "2017-03-31": "562.94600", "2016-12-31": "528.02000", "2016-09-30": "491.51600", "2016-06-30": "490.78900", "2016-03-31": "652.96300", "2015-12-31": "472.90100", "2015-09-30": "694.57200", "2015-06-30": "710.58000", "2015-03-31": "709.99800", "2014-12-31": "434.63500", "2014-09-30": "424.58600", "2014-06-30": "446.71100", "2014-03-31": "462.89800", "2013-12-31": "491.95800", "2013-09-30": "446.71300", "2013-06-30": "451.24500", "2013-03-31": "454.95600", "2012-12-31": "422.81700", "2012-09-30": "418.85200", "2012-06-30": "416.14700", "2012-03-31": "425.85100", "2011-12-31": "391.57100", "2011-09-30": "439.94700", "2011-06-30": "457.23000", "2011-03-31": "446.50300", "2010-12-31": "374.66000", "2010-09-30": "370.72900", "2010-06-30": "384.38500", "2010-03-31": "405.06500", "2009-12-31": "329.21500", "2009-09-30": "325.77400", "2009-06-30": "302.72400", "2009-03-31": "313.83000", "2008-12-31": "327.75800", "2008-09-30": "449.70400", "2008-06-30": "441.49500", "2008-03-31": "472.15900", "2007-12-31": "425.36200", "2007-09-30": "435.18900", "2007-06-30": "388.35700", "2007-03-31": "432.99600", "2006-12-31": "400.05300", "2006-09-30": "430.11200", "2006-06-30": "397.64900", "2006-03-31": "407.96800", "2005-12-31": "387.46300", "2005-09-30": "354.61100", "2005-06-30": "346.87500", "2005-03-31": "374.60900"}, "Inventory": {"2020-09-30": "828.08000", "2020-06-30": "851.25600", "2020-03-31": "853.50000", "2019-12-31": "768.98400", "2019-09-30": "802.43400", "2019-06-30": "814.02200", "2019-03-31": "756.19300", "2018-12-31": "700.54000", "2018-09-30": "727.38100", "2018-06-30": "665.52200", "2018-03-31": "666.56700", "2017-12-31": "592.78100", "2017-09-30": "610.21200", "2017-06-30": "565.89400", "2017-03-31": "518.93600", "2016-12-31": "450.26300", "2016-09-30": "504.98400", "2016-06-30": "517.05200", "2016-03-31": "531.23000", "2015-12-31": "439.51300", "2015-09-30": "629.39300", "2015-06-30": "602.02500", "2015-03-31": "620.17700", "2014-12-31": "358.36100", "2014-09-30": "367.91100", "2014-06-30": "370.56400", "2014-03-31": "420.29900", "2013-12-31": "436.04900", "2013-09-30": "485.80400", "2013-06-30": "451.99800", "2013-03-31": "433.06100", "2012-12-31": "428.14500", "2012-09-30": "491.93000", "2012-06-30": "499.68000", "2012-03-31": "460.81000", "2011-12-31": "431.49500", "2011-09-30": "474.78700", "2011-06-30": "443.25300", "2011-03-31": "402.96700", "2010-12-31": "389.21000", "2010-09-30": "373.40600", "2010-06-30": "324.69500", "2010-03-31": "333.83200", "2009-12-31": "347.50600", "2009-09-30": "364.16900", "2009-06-30": "385.91600", "2009-03-31": "440.21100", "2008-12-31": "538.85700", "2008-09-30": "521.25700", "2008-06-30": "558.82000", "2008-03-31": "501.89700", "2007-12-31": "472.82600", "2007-09-30": "446.29800", "2007-06-30": "409.91400", "2007-03-31": "390.51500", "2006-12-31": "378.30200", "2006-09-30": "385.80400", "2006-06-30": "415.71900", "2006-03-31": "403.95100", "2005-12-31": "411.02300", "2005-09-30": "431.51600", "2005-06-30": "396.82600", "2005-03-31": "369.67000"}, "Pre-Paid Expenses": {"2020-09-30": "", "2020-06-30": "", "2020-03-31": "", "2019-12-31": "", "2019-09-30": "", "2019-06-30": "", "2019-03-31": "", "2018-12-31": "", "2018-09-30": "", "2018-06-30": "", "2018-03-31": "", "2017-12-31": "", "2017-09-30": "", "2017-06-30": "", "2017-03-31": "", "2016-12-31": "", "2016-09-30": "", "2016-06-30": "", "2016-03-31": "", "2015-12-31": "", "2015-09-30": "", "2015-06-30": "", "2015-03-31": "", "2014-12-31": "", "2014-09-30": "", "2014-06-30": "", "2014-03-31": "", "2013-12-31": "", "2013-09-30": "", "2013-06-30": "", "2013-03-31": "", "2012-12-31": "", "2012-09-30": "", "2012-06-30": "", "2012-03-31": "", "2011-12-31": "", "2011-09-30": "", "2011-06-30": "", "2011-03-31": "", "2010-12-31": "", "2010-09-30": "", "2010-06-30": "", "2010-03-31": "", "2009-12-31": "", "2009-09-30": "", "2009-06-30": "", "2009-03-31": "", "2008-12-31": "", "2008-09-30": "", "2008-06-30": "", "2008-03-31": "", "2007-12-31": "", "2007-09-30": "", "2007-06-30": "", "2007-03-31": "", "2006-12-31": "", "2006-09-30": "", "2006-06-30": "", "2006-03-31": "", "2005-12-31": "", "2005-09-30": "", "2005-06-30": "", "2005-03-31": ""}, "Other Current Assets": {"2020-09-30": "119.17100", "2020-06-30": "109.87400", "2020-03-31": "155.98500", "2019-12-31": "162.81300", "2019-09-30": "125.90200", "2019-06-30": "94.41700", "2019-03-31": "105.14800", "2018-12-31": "84.79000", "2018-09-30": "98.22100", "2018-06-30": "93.92100", "2018-03-31": "149.59200", "2017-12-31": "175.21600", "2017-09-30": "101.62600", "2017-06-30": "92.38200", "2017-03-31": "53.83600", "2016-12-31": "58.57900", "2016-09-30": "72.02700", "2016-06-30": "70.31700", "2016-03-31": "68.51900", "2015-12-31": "62.92200", "2015-09-30": "162.46000", "2015-06-30": "134.23800", "2015-03-31": "94.94700", "2014-12-31": "66.08600", "2014-09-30": "62.69000", "2014-06-30": "55.50500", "2014-03-31": "70.16200", "2013-12-31": "77.66900", "2013-09-30": "60.76200", "2013-06-30": "63.97600", "2013-03-31": "80.57900", "2012-12-31": "78.65500", "2012-09-30": "73.42800", "2012-06-30": "74.09700", "2012-03-31": "63.53600", "2011-12-31": "63.13800", "2011-09-30": "53.36200", "2011-06-30": "64.49800", "2011-03-31": "55.89100", "2010-12-31": "54.67800", "2010-09-30": "43.25400", "2010-06-30": "47.88300", "2010-03-31": "57.41700", "2009-12-31": "46.57500", "2009-09-30": "52.37600", "2009-06-30": "51.55700", "2009-03-31": "63.63900", "2008-12-31": "59.00500", "2008-09-30": "", "2008-06-30": "", "2008-03-31": "", "2007-12-31": "35.26700", "2007-09-30": "", "2007-06-30": "", "2007-03-31": "", "2006-12-31": "", "2006-09-30": "", "2006-06-30": "", "2006-03-31": "", "2005-12-31": "", "2005-09-30": "", "2005-06-30": "", "2005-03-31": ""}, "Total Current Assets": {"2020-09-30": "2227.01200", "2020-06-30": "2292.40900", "2020-03-31": "2155.18100", "2019-12-31": "2225.10900", "2019-09-30": "1969.75200", "2019-06-30": "2036.63700", "2019-03-31": "1987.17600", "2018-12-31": "1998.42100", "2018-09-30": "2059.57700", "2018-06-30": "2283.07000", "2018-03-31": "2158.72500", "2017-12-31": "2477.56300", "2017-09-30": "2327.32400", "2017-06-30": "2204.44800", "2017-03-31": "2390.25400", "2016-12-31": "3306.61800", "2016-09-30": "1557.70300", "2016-06-30": "1527.76000", "2016-03-31": "1615.39100", "2015-12-31": "1831.00200", "2015-09-30": "1720.91500", "2015-06-30": "1654.08100", "2015-03-31": "1686.54300", "2014-12-31": "3348.85000", "2014-09-30": "1508.30700", "2014-06-30": "1525.88300", "2014-03-31": "1477.40200", "2013-12-31": "1482.91500", "2013-09-30": "1394.70600", "2013-06-30": "1281.87800", "2013-03-31": "1403.50000", "2012-12-31": "1407.31300", "2012-09-30": "1386.85200", "2012-06-30": "1451.67500", "2012-03-31": "1469.55600", "2011-12-31": "1355.62000", "2011-09-30": "1449.35400", "2011-06-30": "1455.69600", "2011-03-31": "1346.37400", "2010-12-31": "1348.19800", "2010-09-30": "1212.06200", "2010-06-30": "1081.08600", "2010-03-31": "1063.63100", "2009-12-31": "1032.08700", "2009-09-30": "1002.75300", "2009-06-30": "912.67300", "2009-03-31": "1001.57900", "2008-12-31": "1178.92300", "2008-09-30": "1214.57000", "2008-06-30": "1204.14400", "2008-03-31": "1143.44700", "2007-12-31": "1064.00600", "2007-09-30": "1011.37400", "2007-06-30": "1028.80700", "2007-03-31": "981.10300", "2006-12-31": "960.85400", "2006-09-30": "932.25400", "2006-06-30": "933.10100", "2006-03-31": "899.75200", "2005-12-31": "873.66300", "2005-09-30": "854.71500", "2005-06-30": "857.55800", "2005-03-31": "841.91100"}, "Property, Plant, And Equipment": {"2020-09-30": "5242.72400", "2020-06-30": "5136.35700", "2020-03-31": "5025.96900", "2019-12-31": "4909.47300", "2019-09-30": "3524.03700", "2019-06-30": "3390.62500", "2019-03-31": "3170.19000", "2018-12-31": "3021.08400", "2018-09-30": "2825.36500", "2018-06-30": "2669.66000", "2018-03-31": "2569.20600", "2017-12-31": "2493.31000", "2017-09-30": "2484.28500", "2017-06-30": "2416.82900", "2017-03-31": "2381.38000", "2016-12-31": "2360.14000", "2016-09-30": "2344.96700", "2016-06-30": "2346.13200", "2016-03-31": "2489.54000", "2015-12-31": "2321.09500", "2015-09-30": "2600.85200", "2015-06-30": "2618.53700", "2015-03-31": "2617.02700", "2014-12-31": "1231.86800", "2014-09-30": "1230.27400", "2014-06-30": "1239.58600", "2014-03-31": "1340.33800", "2013-12-31": "1357.06900", "2013-09-30": "1348.97600", "2013-06-30": "1333.76500", "2013-03-31": "1317.75900", "2012-12-31": "1296.57100", "2012-09-30": "1253.13900", "2012-06-30": "1176.97000", "2012-03-31": "1167.22200", "2011-12-31": "1129.48000", "2011-09-30": "1090.89700", "2011-06-30": "1063.44000", "2011-03-31": "1040.00500", "2010-12-31": "1006.31300", "2010-09-30": "1009.86400", "2010-06-30": "977.34400", "2010-03-31": "1002.75800", "2009-12-31": "1026.88300", "2009-09-30": "1042.33000", "2009-06-30": "1031.12900", "2009-03-31": "1005.12400", "2008-12-31": "1012.34800", "2008-09-30": "1033.81700", "2008-06-30": "1063.43500", "2008-03-31": "1064.76800", "2007-12-31": "1038.54300", "2007-09-30": "1023.68100", "2007-06-30": "989.88000", "2007-03-31": "986.89000", "2006-12-31": "980.57500", "2006-09-30": "964.35100", "2006-06-30": "986.49000", "2006-03-31": "974.07100", "2005-12-31": "966.81700", "2005-09-30": "982.75900", "2005-06-30": "882.30700", "2005-03-31": "909.46200"}, "Long-Term Investments": {"2020-09-30": "603.74500", "2020-06-30": "614.14500", "2020-03-31": "543.67000", "2019-12-31": "579.81300", "2019-09-30": "551.65700", "2019-06-30": "541.01400", "2019-03-31": "563.03000", "2018-12-31": "528.72200", "2018-09-30": "535.29200", "2018-06-30": "519.51800", "2018-03-31": "524.68700", "2017-12-31": "534.06400", "2017-09-30": "530.22700", "2017-06-30": "505.24200", "2017-03-31": "493.40600", "2016-12-31": "457.53300", "2016-09-30": "468.76500", "2016-06-30": "458.65000", "2016-03-31": "476.70100", "2015-12-31": "435.58400", "2015-09-30": "453.86900", "2015-06-30": "605.44200", "2015-03-31": "652.97200", "2014-12-31": "194.04200", "2014-09-30": "196.51200", "2014-06-30": "224.05000", "2014-03-31": "219.07600", "2013-12-31": "212.17800", "2013-09-30": "208.07700", "2013-06-30": "206.75500", "2013-03-31": "215.90000", "2012-12-31": "207.14100", "2012-09-30": "199.86400", "2012-06-30": "196.09500", "2012-03-31": "209.40600", "2011-12-31": "198.42700", "2011-09-30": "201.05100", "2011-06-30": "216.98300", "2011-03-31": "207.37900", "2010-12-31": "180.69000", "2010-09-30": "174.52800", "2010-06-30": "160.04200", "2010-03-31": "157.05400", "2009-12-31": "146.08400", "2009-09-30": "145.09000", "2009-06-30": "139.00000", "2009-03-31": "122.32900", "2008-12-31": "121.95100", "2008-09-30": "138.84500", "2008-06-30": "148.17500", "2008-03-31": "137.63100", "2007-12-31": "128.17000", "2007-09-30": "124.59400", "2007-06-30": "127.72100", "2007-03-31": "120.14300", "2006-12-31": "111.63300", "2006-09-30": "114.01200", "2006-06-30": "109.90400", "2006-03-31": "101.08800", "2005-12-31": "92.93300", "2005-09-30": "97.93000", "2005-06-30": "128.02700", "2005-03-31": "125.51000"}, "Goodwill And Intangible Assets": {"2020-09-30": "1946.96800", "2020-06-30": "1914.11900", "2020-03-31": "1903.61600", "2019-12-31": "1933.40700", "2019-09-30": "1895.29900", "2019-06-30": "1939.54600", "2019-03-31": "1939.59300", "2018-12-31": "1953.31200", "2018-09-30": "1988.90700", "2018-06-30": "1991.00700", "2018-03-31": "2073.36000", "2017-12-31": "2031.85800", "2017-09-30": "2032.89100", "2017-06-30": "2004.23000", "2017-03-31": "1954.93100", "2016-12-31": "1894.59600", "2016-09-30": "1864.55000", "2016-06-30": "1853.53700", "2016-03-31": "4662.52500", "2015-12-31": "1844.42000", "2015-09-30": "4708.07900", "2015-06-30": "4708.80000", "2015-03-31": "4658.00500", "2014-12-31": "287.38700", "2014-09-30": "298.08200", "2014-06-30": "308.65000", "2014-03-31": "369.12600", "2013-12-31": "372.40600", "2013-09-30": "369.23000", "2013-06-30": "363.50400", "2013-03-31": "361.54400", "2012-12-31": "371.43000", "2012-09-30": "367.06600", "2012-06-30": "362.81100", "2012-03-31": "406.98600", "2011-12-31": "403.42600", "2011-09-30": "415.57500", "2011-06-30": "432.97400", "2011-03-31": "422.75900", "2010-12-31": "407.00200", "2010-09-30": "417.35300", "2010-06-30": "398.58700", "2010-03-31": "421.91000", "2009-12-31": "443.24400", "2009-09-30": "451.47100", "2009-06-30": "444.00000", "2009-03-31": "422.86100", "2008-12-31": "445.77800", "2008-09-30": "462.63300", "2008-06-30": "477.18600", "2008-03-31": "459.78500", "2007-12-31": "441.53900", "2007-09-30": "435.99700", "2007-06-30": "394.72400", "2007-03-31": "402.08100", "2006-12-31": "403.05100", "2006-09-30": "395.89100", "2006-06-30": "405.09200", "2006-03-31": "397.63800", "2005-12-31": "394.47000", "2005-09-30": "409.66400", "2005-06-30": "434.95500", "2005-03-31": "407.78700"}, "Other Long-Term Assets": {"2020-09-30": "211.53400", "2020-06-30": "213.22300", "2020-03-31": "219.20200", "2019-12-31": "213.06100", "2019-09-30": "200.85800", "2019-06-30": "186.59200", "2019-03-31": "211.07300", "2018-12-31": "80.13500", "2018-09-30": "78.05400", "2018-06-30": "75.10800", "2018-03-31": "230.36200", "2017-12-31": "213.97700", "2017-09-30": "148.57300", "2017-06-30": "161.24000", "2017-03-31": "146.49700", "2016-12-31": "142.32000", "2016-09-30": "3160.95900", "2016-06-30": "3126.30200", "2016-03-31": "194.81100", "2015-12-31": "3165.85300", "2015-09-30": "191.34900", "2015-06-30": "183.94900", "2015-03-31": "180.21200", "2014-12-31": "160.95600", "2014-09-30": "160.29100", "2014-06-30": "156.36300", "2014-03-31": "152.78600", "2013-12-31": "160.22900", "2013-09-30": "149.07600", "2013-06-30": "150.04700", "2013-03-31": "151.74200", "2012-12-31": "154.83600", "2012-09-30": "155.73400", "2012-06-30": "115.15600", "2012-03-31": "110.32900", "2011-12-31": "116.87100", "2011-09-30": "112.17800", "2011-06-30": "123.25400", "2011-03-31": "123.36400", "2010-12-31": "125.87800", "2010-09-30": "122.85300", "2010-06-30": "114.01100", "2010-03-31": "111.53500", "2009-12-31": "123.25900", "2009-09-30": "138.50400", "2009-06-30": "134.10600", "2009-03-31": "133.19600", "2008-12-31": "113.71700", "2008-09-30": "99.68500", "2008-06-30": "105.81100", "2008-03-31": "100.94400", "2007-12-31": "101.48700", "2007-09-30": "84.89000", "2007-06-30": "80.38100", "2007-03-31": "79.24200", "2006-12-31": "34.89400", "2006-09-30": "23.54300", "2006-06-30": "23.33300", "2006-03-31": "23.72100", "2005-12-31": "40.37500", "2005-09-30": "28.80100", "2005-06-30": "34.32900", "2005-03-31": "29.41200"}, "Total Long-Term Assets": {"2020-09-30": "8004.97200", "2020-06-30": "7877.84400", "2020-03-31": "7692.45800", "2019-12-31": "7635.75400", "2019-09-30": "6171.85100", "2019-06-30": "6057.77700", "2019-03-31": "5883.88600", "2018-12-31": "5583.25300", "2018-09-30": "5427.61800", "2018-06-30": "5255.29300", "2018-03-31": "5397.61500", "2017-12-31": "5273.20900", "2017-09-30": "5195.97600", "2017-06-30": "5087.54100", "2017-03-31": "4976.21400", "2016-12-31": "4854.58800", "2016-09-30": "7839.24100", "2016-06-30": "7784.62100", "2016-03-31": "7823.57700", "2015-12-31": "7766.95200", "2015-09-30": "7954.14900", "2015-06-30": "8116.72800", "2015-03-31": "8108.21600", "2014-12-31": "1874.25300", "2014-09-30": "1885.15900", "2014-06-30": "1928.64900", "2014-03-31": "2081.32600", "2013-12-31": "2101.88200", "2013-09-30": "2075.35900", "2013-06-30": "2054.07100", "2013-03-31": "2046.94500", "2012-12-31": "2029.97800", "2012-09-30": "1975.80300", "2012-06-30": "1851.03200", "2012-03-31": "1893.94300", "2011-12-31": "1848.20400", "2011-09-30": "1819.70100", "2011-06-30": "1836.65100", "2011-03-31": "1793.50700", "2010-12-31": "1719.88300", "2010-09-30": "1724.59800", "2010-06-30": "1649.98400", "2010-03-31": "1693.25700", "2009-12-31": "1739.47000", "2009-09-30": "1777.39500", "2009-06-30": "1748.23500", "2009-03-31": "1683.51000", "2008-12-31": "1693.79400", "2008-09-30": "1807.01900", "2008-06-30": "1865.02000", "2008-03-31": "1831.94800", "2007-12-31": "1777.01200", "2007-09-30": "1713.61300", "2007-06-30": "1636.05600", "2007-03-31": "1628.84100", "2006-12-31": "1569.51400", "2006-09-30": "1680.45300", "2006-06-30": "1709.04100", "2006-03-31": "1682.49700", "2005-12-31": "1681.95500", "2005-09-30": "1707.21000", "2005-06-30": "1668.36900", "2005-03-31": "1661.46300"}, "Total Assets": {"2020-09-30": "10231.98000", "2020-06-30": "10170.25000", "2020-03-31": "9847.63800", "2019-12-31": "9860.86300", "2019-09-30": "8141.60300", "2019-06-30": "8094.41400", "2019-03-31": "7871.06200", "2018-12-31": "7581.67400", "2018-09-30": "7487.19500", "2018-06-30": "7538.36300", "2018-03-31": "7556.34000", "2017-12-31": "7750.77200", "2017-09-30": "7523.30000", "2017-06-30": "7291.98900", "2017-03-31": "7366.46800", "2016-12-31": "8161.20700", "2016-09-30": "9396.94400", "2016-06-30": "9312.38100", "2016-03-31": "9438.96800", "2015-12-31": "9597.95400", "2015-09-30": "9675.06400", "2015-06-30": "9770.80900", "2015-03-31": "9794.75900", "2014-12-31": "5223.10300", "2014-09-30": "3393.46600", "2014-06-30": "3454.53200", "2014-03-31": "3558.72800", "2013-12-31": "3584.79700", "2013-09-30": "3470.06500", "2013-06-30": "3335.94900", "2013-03-31": "3450.44500", "2012-12-31": "3437.29100", "2012-09-30": "3362.65500", "2012-06-30": "3302.70700", "2012-03-31": "3363.49900", "2011-12-31": "3203.82400", "2011-09-30": "3269.05500", "2011-06-30": "3292.34700", "2011-03-31": "3139.88100", "2010-12-31": "3068.08100", "2010-09-30": "2936.66000", "2010-06-30": "2731.07000", "2010-03-31": "2756.88800", "2009-12-31": "2771.55700", "2009-09-30": "2780.14800", "2009-06-30": "2660.90800", "2009-03-31": "2685.08900", "2008-12-31": "2872.71700", "2008-09-30": "3021.58900", "2008-06-30": "3069.16400", "2008-03-31": "2975.39500", "2007-12-31": "2841.01800", "2007-09-30": "2724.98700", "2007-06-30": "2664.86300", "2007-03-31": "2609.94400", "2006-12-31": "2530.36800", "2006-09-30": "2612.70700", "2006-06-30": "2642.14200", "2006-03-31": "2582.24900", "2005-12-31": "2555.61800", "2005-09-30": "2561.92500", "2005-06-30": "2525.92700", "2005-03-31": "2503.37400"}, "Total Current Liabilities": {"2020-09-30": "1612.73900", "2020-06-30": "1420.80300", "2020-03-31": "1192.92600", "2019-12-31": "1408.99600", "2019-09-30": "1421.24300", "2019-06-30": "1399.98100", "2019-03-31": "1278.19100", "2018-12-31": "1183.17300", "2018-09-30": "1127.00900", "2018-06-30": "1041.66100", "2018-03-31": "868.86000", "2017-12-31": "1200.92500", "2017-09-30": "1103.01700", "2017-06-30": "983.66200", "2017-03-31": "1207.94700", "2016-12-31": "1140.10300", "2016-09-30": "1076.83400", "2016-06-30": "1159.05800", "2016-03-31": "1225.09800", "2015-12-31": "1616.68500", "2015-09-30": "1322.54800", "2015-06-30": "1368.07800", "2015-03-31": "1456.34400", "2014-12-31": "1139.88600", "2014-09-30": "812.71000", "2014-06-30": "815.91400", "2014-03-31": "423.19900", "2013-12-31": "436.36300", "2013-09-30": "410.83700", "2013-06-30": "375.58300", "2013-03-31": "434.25100", "2012-12-31": "385.00900", "2012-09-30": "382.51200", "2012-06-30": "413.30300", "2012-03-31": "433.36200", "2011-12-31": "401.17800", "2011-09-30": "402.39400", "2011-06-30": "394.41300", "2011-03-31": "381.61100", "2010-12-31": "364.17700", "2010-09-30": "347.74400", "2010-06-30": "317.14800", "2010-03-31": "350.94200", "2009-12-31": "353.26400", "2009-09-30": "341.87200", "2009-06-30": "291.89200", "2009-03-31": "322.89600", "2008-12-31": "438.36700", "2008-09-30": "377.41000", "2008-06-30": "429.99200", "2008-03-31": "408.63800", "2007-12-31": "413.48500", "2007-09-30": "401.26300", "2007-06-30": "353.53100", "2007-03-31": "368.69000", "2006-12-31": "482.94900", "2006-09-30": "416.90200", "2006-06-30": "419.63400", "2006-03-31": "397.28700", "2005-12-31": "421.91700", "2005-09-30": "431.35400", "2005-06-30": "400.74700", "2005-03-31": "391.11600"}, "Long Term Debt": {"2020-09-30": "2940.53300", "2020-06-30": "3132.19100", "2020-03-31": "3105.22500", "2019-12-31": "2862.92100", "2019-09-30": "1381.98400", "2019-06-30": "1398.41900", "2019-03-31": "1393.90400", "2018-12-31": "1397.91600", "2018-09-30": "1411.60500", "2018-06-30": "1406.72400", "2018-03-31": "1436.85200", "2017-12-31": "1415.36000", "2017-09-30": "1407.17100", "2017-06-30": "1421.46800", "2017-03-31": "1398.38600", "2016-12-31": "2121.71800", "2016-09-30": "3048.44000", "2016-06-30": "3019.47800", "2016-03-31": "3105.35100", "2015-12-31": "3142.16300", "2015-09-30": "3558.96400", "2015-06-30": "3562.30800", "2015-03-31": "3541.31200", "2014-12-31": "2223.03500", "2014-09-30": "684.10700", "2014-06-30": "685.84500", "2014-03-31": "1052.79000", "2013-12-31": "1054.31000", "2013-09-30": "1060.28200", "2013-06-30": "1067.85200", "2013-03-31": "686.59200", "2012-12-31": "686.58800", "2012-09-30": "701.16200", "2012-06-30": "742.25200", "2012-03-31": "742.19900", "2011-12-31": "749.25700", "2011-09-30": "878.38400", "2011-06-30": "758.86700", "2011-03-31": "758.59700", "2010-12-31": "851.92700", "2010-09-30": "755.55200", "2010-06-30": "784.95900", "2010-03-31": "797.29400", "2009-12-31": "776.40300", "2009-09-30": "793.09800", "2009-06-30": "820.55600", "2009-03-31": "891.87800", "2008-12-31": "906.06200", "2008-09-30": "944.02600", "2008-06-30": "869.84400", "2008-03-31": "861.06500", "2007-12-31": "707.31100", "2007-09-30": "679.72600", "2007-06-30": "776.85600", "2007-03-31": "734.53300", "2006-12-31": "681.85900", "2006-09-30": "733.24800", "2006-06-30": "748.27300", "2006-03-31": "776.35200", "2005-12-31": "775.88900", "2005-09-30": "820.61300", "2005-06-30": "839.23800", "2005-03-31": "820.45600"}, "Other Non-Current Liabilities": {"2020-09-30": "612.01300", "2020-06-30": "670.00100", "2020-03-31": "768.75700", "2019-12-31": "754.53600", "2019-09-30": "618.82200", "2019-06-30": "609.20900", "2019-03-31": "616.00700", "2018-12-31": "526.94200", "2018-09-30": "553.46900", "2018-06-30": "553.12900", "2018-03-31": "589.32200", "2017-12-31": "599.78800", "2017-09-30": "199.27300", "2017-06-30": "203.10600", "2017-03-31": "201.88400", "2016-12-31": "194.81000", "2016-09-30": "694.95700", "2016-06-30": "685.79900", "2016-03-31": "248.17700", "2015-12-31": "703.31100", "2015-09-30": "250.73700", "2015-06-30": "246.40900", "2015-03-31": "241.97100", "2014-12-31": "87.70500", "2014-09-30": "93.73200", "2014-06-30": "96.47200", "2014-03-31": "101.63000", "2013-12-31": "110.61000", "2013-09-30": "100.92500", "2013-06-30": "103.79400", "2013-03-31": "106.27600", "2012-12-31": "114.02200", "2012-09-30": "108.15300", "2012-06-30": "112.92100", "2012-03-31": "114.82100", "2011-12-31": "111.10700", "2011-09-30": "96.70500", "2011-06-30": "105.05800", "2011-03-31": "105.61600", "2010-12-31": "108.81100", "2010-09-30": "111.05300", "2010-06-30": "110.21700", "2010-03-31": "110.15700", "2009-12-31": "104.78200", "2009-09-30": "123.99400", "2009-06-30": "120.19400", "2009-03-31": "137.78400", "2008-12-31": "142.78300", "2008-09-30": "224.41000", "2008-06-30": "224.95000", "2008-03-31": "227.77100", "2007-12-31": "234.53000", "2007-09-30": "219.33300", "2007-06-30": "204.84500", "2007-03-31": "212.26000", "2006-12-31": "122.82400", "2006-09-30": "119.70100", "2006-06-30": "113.45800", "2006-03-31": "116.13600", "2005-12-31": "109.86400", "2005-09-30": "111.36200", "2005-06-30": "80.15800", "2005-03-31": "82.49600"}, "Total Long Term Liabilities": {"2020-09-30": "4293.86300", "2020-06-30": "4543.28900", "2020-03-31": "4613.18700", "2019-12-31": "4358.28700", "2019-09-30": "2712.02300", "2019-06-30": "2720.03000", "2019-03-31": "2728.83200", "2018-12-31": "2639.39300", "2018-09-30": "2673.90900", "2018-06-30": "2659.42200", "2018-03-31": "2744.05000", "2017-12-31": "2732.15100", "2017-09-30": "2380.71100", "2017-06-30": "2408.53600", "2017-03-31": "2374.54900", "2016-12-31": "3078.50000", "2016-09-30": "4868.67700", "2016-06-30": "4846.97700", "2016-03-31": "4518.99900", "2015-12-31": "4579.95600", "2015-09-30": "5078.00200", "2015-06-30": "5086.82100", "2015-03-31": "5091.08500", "2014-12-31": "2594.58200", "2014-09-30": "993.48500", "2014-06-30": "1013.52800", "2014-03-31": "1407.92800", "2013-12-31": "1405.65800", "2013-09-30": "1482.07900", "2013-06-30": "1494.97300", "2013-03-31": "1113.95400", "2012-12-31": "1120.27400", "2012-09-30": "1078.86000", "2012-06-30": "1095.76000", "2012-03-31": "1122.76300", "2011-12-31": "1123.81900", "2011-09-30": "1196.03800", "2011-06-30": "1095.81500", "2011-03-31": "1095.60200", "2010-12-31": "1228.15800", "2010-09-30": "1150.87500", "2010-06-30": "1164.46000", "2010-03-31": "1164.79300", "2009-12-31": "1164.97500", "2009-09-30": "1194.00400", "2009-06-30": "1215.88200", "2009-03-31": "1296.54900", "2008-12-31": "1317.86700", "2008-09-30": "1390.41800", "2008-06-30": "1330.49100", "2008-03-31": "1317.43700", "2007-12-31": "1149.22800", "2007-09-30": "1108.12000", "2007-06-30": "1199.29200", "2007-03-31": "1156.86600", "2006-12-31": "1019.32100", "2006-09-30": "1166.10200", "2006-06-30": "1192.22200", "2006-03-31": "1213.09800", "2005-12-31": "1203.42600", "2005-09-30": "1222.96800", "2005-06-30": "1232.96700", "2005-03-31": "1240.69000"}, "Total Liabilities": {"2020-09-30": "5906.60200", "2020-06-30": "5964.09200", "2020-03-31": "5806.11300", "2019-12-31": "5767.28300", "2019-09-30": "4133.26600", "2019-06-30": "4120.01100", "2019-03-31": "4007.02300", "2018-12-31": "3822.56600", "2018-09-30": "3800.91800", "2018-06-30": "3701.08300", "2018-03-31": "3612.91000", "2017-12-31": "3933.07600", "2017-09-30": "3483.72800", "2017-06-30": "3392.19800", "2017-03-31": "3582.49600", "2016-12-31": "4218.60300", "2016-09-30": "5945.51100", "2016-06-30": "6006.03500", "2016-03-31": "5744.09700", "2015-12-31": "6196.64100", "2015-09-30": "6400.55000", "2015-06-30": "6454.89900", "2015-03-31": "6547.42900", "2014-12-31": "3734.46800", "2014-09-30": "1806.19500", "2014-06-30": "1829.44200", "2014-03-31": "1831.12700", "2013-12-31": "1842.02100", "2013-09-30": "1892.91600", "2013-06-30": "1870.55600", "2013-03-31": "1548.20500", "2012-12-31": "1505.28300", "2012-09-30": "1461.37200", "2012-06-30": "1509.06300", "2012-03-31": "1556.12500", "2011-12-31": "1524.99700", "2011-09-30": "1598.43200", "2011-06-30": "1490.22800", "2011-03-31": "1477.21300", "2010-12-31": "1592.33500", "2010-09-30": "1498.61900", "2010-06-30": "1481.60800", "2010-03-31": "1515.73500", "2009-12-31": "1518.23900", "2009-09-30": "1535.87600", "2009-06-30": "1507.77400", "2009-03-31": "1619.44500", "2008-12-31": "1756.23400", "2008-09-30": "1767.82800", "2008-06-30": "1760.48300", "2008-03-31": "1726.07500", "2007-12-31": "1562.71300", "2007-09-30": "1509.38300", "2007-06-30": "1552.82300", "2007-03-31": "1525.55600", "2006-12-31": "1502.27000", "2006-09-30": "1583.00400", "2006-06-30": "1611.85600", "2006-03-31": "1610.38500", "2005-12-31": "1625.34300", "2005-09-30": "1654.32200", "2005-06-30": "1633.71400", "2005-03-31": "1631.80600"}, "Common Stock Net": {"2020-09-30": "1.06500", "2020-06-30": "1.06400", "2020-03-31": "1.06300", "2019-12-31": "1.06100", "2019-09-30": "1.06000", "2019-06-30": "1.05900", "2019-03-31": "1.05900", "2018-12-31": "1.05600", "2018-09-30": "1.06200", "2018-06-30": "1.08400", "2018-03-31": "1.10700", "2017-12-31": "1.10500", "2017-09-30": "1.10500", "2017-06-30": "1.10400", "2017-03-31": "1.10800", "2016-12-31": "1.12500", "2016-09-30": "1.12400", "2016-06-30": "1.12400", "2016-03-31": "1.12300", "2015-12-31": "1.12200", "2015-09-30": "1.12200", "2015-06-30": "1.12200", "2015-03-31": "1.12200", "2014-12-31": "0.78000", "2014-09-30": "0.78200", "2014-06-30": "0.78200", "2014-03-31": "0.79500", "2013-12-31": "0.80100", "2013-09-30": "0.81400", "2013-06-30": "0.81400", "2013-03-31": "0.88100", "2012-12-31": "0.88900", "2012-09-30": "0.89300", "2012-06-30": "0.89500", "2012-03-31": "0.89200", "2011-12-31": "0.88800", "2011-09-30": "0.88800", "2011-06-30": "0.91700", "2011-03-31": "0.91700", "2010-12-31": "0.91600", "2010-09-30": "0.91400", "2010-06-30": "0.91200", "2010-03-31": "0.91300", "2009-12-31": "0.91500", "2009-09-30": "0.91700", "2009-06-30": "0.91500", "2009-03-31": "0.91400", "2008-12-31": "0.91000", "2008-09-30": "0.91200", "2008-06-30": "0.91500", "2008-03-31": "0.91400", "2007-12-31": "0.94700", "2007-09-30": "0.95700", "2007-06-30": "0.95500", "2007-03-31": "0.95600", "2006-12-31": "0.94900", "2006-09-30": "0.47300", "2006-06-30": "0.47300", "2006-03-31": "0.47300", "2005-12-31": "0.93500", "2005-09-30": "0.46600", "2005-06-30": "0.46600", "2005-03-31": "0.46600"}, "Retained Earnings (Accumulated Deficit)": {"2020-09-30": "3111.74900", "2020-06-30": "3054.43400", "2020-03-31": "3009.74900", "2019-12-31": "2943.47800", "2019-09-30": "2892.05700", "2019-06-30": "2775.94000", "2019-03-31": "2660.68400", "2018-12-31": "2566.05000", "2018-09-30": "2478.71100", "2018-06-30": "2384.64500", "2018-03-31": "2118.62100", "2017-12-31": "2035.16300", "2017-09-30": "2288.90400", "2017-06-30": "2205.59200", "2017-03-31": "2137.70300", "2016-12-31": "2121.93100", "2016-09-30": "1554.16000", "2016-06-30": "1460.24200", "2016-03-31": "1809.34200", "2015-12-31": "1615.40700", "2015-09-30": "1473.69800", "2015-06-30": "1440.84500", "2015-03-31": "1421.23400", "2014-12-31": "1410.65100", "2014-09-30": "1450.61800", "2014-06-30": "1399.34200", "2014-03-31": "1493.91600", "2013-12-31": "1500.35800", "2013-09-30": "1363.97000", "2013-06-30": "1292.99300", "2013-03-31": "1744.10000", "2012-12-31": "1744.68400", "2012-09-30": "1989.58600", "2012-06-30": "1908.17700", "2012-03-31": "1888.33600", "2011-12-31": "1514.86600", "2011-09-30": "1714.22000", "2011-06-30": "1750.99800", "2011-03-31": "1651.97600", "2010-12-31": "1560.51900", "2010-09-30": "1488.36900", "2010-06-30": "1407.48000", "2010-03-31": "1338.50300", "2009-12-31": "1287.98300", "2009-09-30": "1237.07700", "2009-06-30": "1196.40200", "2009-03-31": "1169.35200", "2008-12-31": "1165.50300", "2008-09-30": "1170.29600", "2008-06-30": "1125.06600", "2008-03-31": "1074.39400", "2007-12-31": "1023.02200", "2007-09-30": "974.34900", "2007-06-30": "915.25600", "2007-03-31": "881.46600", "2006-12-31": "838.16200", "2006-09-30": "783.72700", "2006-06-30": "789.96400", "2006-03-31": "754.45600", "2005-12-31": "727.87400", "2005-09-30": "703.15100", "2005-06-30": "676.86400", "2005-03-31": "659.24800"}, "Comprehensive Income": {"2020-09-30": "-398.46700", "2020-06-30": "-431.13100", "2020-03-31": "-526.48900", "2019-12-31": "-395.73500", "2019-09-30": "-435.97700", "2019-06-30": "-349.41100", "2019-03-31": "-357.53800", "2018-12-31": "-350.68200", "2018-09-30": "-314.19100", "2018-06-30": "-301.67900", "2018-03-31": "-174.73900", "2017-12-31": "-225.66800", "2017-09-30": "-249.94300", "2017-06-30": "-296.83300", "2017-03-31": "-346.98100", "2016-12-31": "-412.41200", "2016-09-30": "-334.43100", "2016-06-30": "-375.45600", "2016-03-31": "-331.66300", "2015-12-31": "-421.28800", "2015-09-30": "-386.41300", "2015-06-30": "-316.40600", "2015-03-31": "-362.28200", "2014-12-31": "-62.41300", "2014-09-30": "-1.65100", "2014-06-30": "99.64400", "2014-03-31": "106.92700", "2013-12-31": "116.24500", "2013-09-30": "96.29500", "2013-06-30": "56.18200", "2013-03-31": "51.00900", "2012-12-31": "85.26400", "2012-09-30": "-192.41500", "2012-06-30": "-231.63900", "2012-03-31": "-187.98100", "2011-12-31": "60.32900", "2011-09-30": "-130.78200", "2011-06-30": "-62.64200", "2011-03-31": "-85.64000", "2010-12-31": "-164.19600", "2010-09-30": "-117.76600", "2010-06-30": "-214.40800", "2010-03-31": "-146.90200", "2009-12-31": "-91.86000", "2009-09-30": "-55.22500", "2009-06-30": "-89.69100", "2009-03-31": "-156.88100", "2008-12-31": "-100.64200", "2008-09-30": "76.35500", "2008-06-30": "167.93300", "2008-03-31": "164.98200", "2007-12-31": "99.88500", "2007-09-30": "42.92500", "2007-06-30": "6.22100", "2007-03-31": "-2.60300", "2006-12-31": "-10.05800", "2006-09-30": "45.44800", "2006-06-30": "40.86300", "2006-03-31": "23.10700", "2005-12-31": "12.04700", "2005-09-30": "23.43000", "2005-06-30": "36.18600", "2005-03-31": "36.16000"}, "Other Share Holders Equity": {"2020-09-30": "", "2020-06-30": "", "2020-03-31": "", "2019-12-31": "", "2019-09-30": "", "2019-06-30": "", "2019-03-31": "", "2018-12-31": "", "2018-09-30": "", "2018-06-30": "", "2018-03-31": "", "2017-12-31": "", "2017-09-30": "", "2017-06-30": "", "2017-03-31": "", "2016-12-31": "", "2016-09-30": "", "2016-06-30": "", "2016-03-31": "", "2015-12-31": "", "2015-09-30": "", "2015-06-30": "", "2015-03-31": "", "2014-12-31": "", "2014-09-30": "", "2014-06-30": "", "2014-03-31": "", "2013-12-31": "", "2013-09-30": "", "2013-06-30": "", "2013-03-31": "", "2012-12-31": "", "2012-09-30": "", "2012-06-30": "", "2012-03-31": "", "2011-12-31": "", "2011-09-30": "", "2011-06-30": "", "2011-03-31": "", "2010-12-31": "", "2010-09-30": "", "2010-06-30": "", "2010-03-31": "", "2009-12-31": "", "2009-09-30": "", "2009-06-30": "", "2009-03-31": "", "2008-12-31": "", "2008-09-30": "", "2008-06-30": "", "2008-03-31": "", "2007-12-31": "", "2007-09-30": "", "2007-06-30": "", "2007-03-31": "", "2006-12-31": "", "2006-09-30": "", "2006-06-30": "", "2006-03-31": "", "2005-12-31": "", "2005-09-30": "", "2005-06-30": "", "2005-03-31": ""}, "Share Holder Equity": {"2020-09-30": "4325.38100", "2020-06-30": "4206.16100", "2020-03-31": "4041.52500", "2019-12-31": "4093.58000", "2019-09-30": "4008.33700", "2019-06-30": "3974.40300", "2019-03-31": "3864.03900", "2018-12-31": "3759.10800", "2018-09-30": "3686.27700", "2018-06-30": "3837.28000", "2018-03-31": "3943.43000", "2017-12-31": "3817.69600", "2017-09-30": "4039.57200", "2017-06-30": "3899.79100", "2017-03-31": "3783.97200", "2016-12-31": "3942.60400", "2016-09-30": "3451.43300", "2016-06-30": "3306.34600", "2016-03-31": "3694.87100", "2015-12-31": "3401.31300", "2015-09-30": "3274.51400", "2015-06-30": "3315.91000", "2015-03-31": "3247.33000", "2014-12-31": "1488.63500", "2014-09-30": "1587.27100", "2014-06-30": "1625.09000", "2014-03-31": "1727.60100", "2013-12-31": "1742.77600", "2013-09-30": "1577.14900", "2013-06-30": "1465.39300", "2013-03-31": "1902.24000", "2012-12-31": "1932.00800", "2012-09-30": "1901.28300", "2012-06-30": "1793.64400", "2012-03-31": "1807.37400", "2011-12-31": "1678.82700", "2011-09-30": "1670.62300", "2011-06-30": "1802.11900", "2011-03-31": "1662.66800", "2010-12-31": "1475.74600", "2010-09-30": "1438.04100", "2010-06-30": "1249.46200", "2010-03-31": "1241.15300", "2009-12-31": "1253.31800", "2009-09-30": "1244.27200", "2009-06-30": "1153.13400", "2009-03-31": "1065.64400", "2008-12-31": "1116.48300", "2008-09-30": "1253.76100", "2008-06-30": "1308.68100", "2008-03-31": "1249.32000", "2007-12-31": "1278.30500", "2007-09-30": "1215.60400", "2007-06-30": "1112.04000", "2007-03-31": "1084.38800", "2006-12-31": "1028.09800", "2006-09-30": "1029.70300", "2006-06-30": "1030.28600", "2006-03-31": "971.86400", "2005-12-31": "930.27500", "2005-09-30": "907.60300", "2005-06-30": "892.21300", "2005-03-31": "871.56800"}, "Total Liabilities And Share Holders Equity": {"2020-09-30": "10231.98000", "2020-06-30": "10170.25000", "2020-03-31": "9847.63800", "2019-12-31": "9860.86300", "2019-09-30": "8141.60300", "2019-06-30": "8094.41400", "2019-03-31": "7871.06200", "2018-12-31": "7581.67400", "2018-09-30": "7487.19500", "2018-06-30": "7538.36300", "2018-03-31": "7556.34000", "2017-12-31": "7750.77200", "2017-09-30": "7523.30000", "2017-06-30": "7291.98900", "2017-03-31": "7366.46800", "2016-12-31": "8161.20700", "2016-09-30": "9396.94400", "2016-06-30": "9312.38100", "2016-03-31": "9438.96800", "2015-12-31": "9597.95400", "2015-09-30": "9675.06400", "2015-06-30": "9770.80900", "2015-03-31": "9794.75900", "2014-12-31": "5223.10300", "2014-09-30": "3393.46600", "2014-06-30": "3454.53200", "2014-03-31": "3558.72800", "2013-12-31": "3584.79700", "2013-09-30": "3470.06500", "2013-06-30": "3335.94900", "2013-03-31": "3450.44500", "2012-12-31": "3437.29100", "2012-09-30": "3362.65500", "2012-06-30": "3302.70700", "2012-03-31": "3363.49900", "2011-12-31": "3203.82400", "2011-09-30": "3269.05500", "2011-06-30": "3292.34700", "2011-03-31": "3139.88100", "2010-12-31": "3068.08100", "2010-09-30": "2936.66000", "2010-06-30": "2731.07000", "2010-03-31": "2756.88800", "2009-12-31": "2771.55700", "2009-09-30": "2780.14800", "2009-06-30": "2660.90800", "2009-03-31": "2685.08900", "2008-12-31": "2872.71700", "2008-09-30": "3021.58900", "2008-06-30": "3069.16400", "2008-03-31": "2975.39500", "2007-12-31": "2841.01800", "2007-09-30": "2724.98700", "2007-06-30": "2664.86300", "2007-03-31": "2609.94400", "2006-12-31": "2530.36800", "2006-09-30": "2612.70700", "2006-06-30": "2642.14200", "2006-03-31": "2582.24900", "2005-12-31": "2555.61800", "2005-09-30": "2561.92500", "2005-06-30": "2525.92700", "2005-03-31": "2503.37400"}}, "cash flow statement": {"Net Income/Loss": {"2019-12-31": "604.35700", "2018-12-31": "739.13900", "2017-12-31": "99.46800", "2016-12-31": "680.76900", "2015-12-31": "360.06400", "2014-12-31": "160.90600", "2013-12-31": "439.83400", "2012-12-31": "330.12700", "2011-12-31": "420.19700", "2010-12-31": "329.41700", "2009-12-31": "189.62300", "2008-12-31": "213.00800", "2007-12-31": "247.32200", "2006-12-31": "142.96900", "2005-12-31": "114.86700"}, "Total Depreciation And Amortization - Cash Flow": {"2019-12-31": "213.48400", "2018-12-31": "200.69800", "2017-12-31": "196.92800", "2016-12-31": "226.16900", "2015-12-31": "260.07600", "2014-12-31": "103.57200", "2013-12-31": "107.37000", "2012-12-31": "99.02000", "2011-12-31": "96.75300", "2010-12-31": "95.57800", "2009-12-31": "100.51300", "2008-12-31": "111.68500", "2007-12-31": "106.85500", "2006-12-31": "112.95000", "2005-12-31": "117.43500"}, "Other Non-Cash Items": {"2019-12-31": "-21.10200", "2018-12-31": "-183.23800", "2017-12-31": "-49.97000", "2016-12-31": "-470.15700", "2015-12-31": "-155.31700", "2014-12-31": "164.22800", "2013-12-31": "-88.01600", "2012-12-31": "90.42500", "2011-12-31": "21.97400", "2010-12-31": "-19.45100", "2009-12-31": "-13.87100", "2008-12-31": "27.86800", "2007-12-31": "-17.92400", "2006-12-31": "34.77900", "2005-12-31": "7.57100"}, "Total Non-Cash Items": {"2019-12-31": "192.38200", "2018-12-31": "17.46000", "2017-12-31": "146.95800", "2016-12-31": "-243.98800", "2015-12-31": "104.75900", "2014-12-31": "267.80000", "2013-12-31": "19.35400", "2012-12-31": "189.44500", "2011-12-31": "118.72700", "2010-12-31": "76.12700", "2009-12-31": "86.64200", "2008-12-31": "139.55300", "2007-12-31": "88.93100", "2006-12-31": "147.72900", "2005-12-31": "125.00600"}, "Change In Accounts Receivable": {"2019-12-31": "-18.22000", "2018-12-31": "-97.44800", "2017-12-31": "-74.54500", "2016-12-31": "-42.81600", "2015-12-31": "-8.78800", "2014-12-31": "36.22100", "2013-12-31": "-65.90600", "2012-12-31": "-25.99200", "2011-12-31": "-16.43500", "2010-12-31": "-57.41400", "2009-12-31": "1.26900", "2008-12-31": "90.48100", "2007-12-31": "11.23200", "2006-12-31": "-18.25600", "2005-12-31": "-57.41100"}, "Change In Inventories": {"2019-12-31": "-46.30400", "2018-12-31": "-124.06700", "2017-12-31": "-101.54500", "2016-12-31": "25.97400", "2015-12-31": "27.64900", "2014-12-31": "-6.48600", "2013-12-31": "-1.81000", "2012-12-31": "7.36400", "2011-12-31": "-41.74900", "2010-12-31": "-58.58200", "2009-12-31": "180.13200", "2008-12-31": "-87.92900", "2007-12-31": "-70.63600", "2006-12-31": "38.62600", "2005-12-31": "-73.02200"}, "Change In Accounts Payable": {"2019-12-31": "-12.23400", "2018-12-31": "73.73000", "2017-12-31": "53.42100", "2016-12-31": "43.95300", "2015-12-31": "23.74500", "2014-12-31": "28.29600", "2013-12-31": "19.26700", "2012-12-31": "-11.47300", "2011-12-31": "-11.97100", "2010-12-31": "13.46300", "2009-12-31": "-53.54300", "2008-12-31": "33.45200", "2007-12-31": "-12.58500", "2006-12-31": "-17.55700", "2005-12-31": "59.11800"}, "Change In Assets/Liabilities": {"2019-12-31": "-32.94100", "2018-12-31": "-2.18100", "2017-12-31": "-0.21300", "2016-12-31": "1.80800", "2015-12-31": "12.75600", "2014-12-31": "5.80900", "2013-12-31": "5.26100", "2012-12-31": "-19.59000", "2011-12-31": "4.49900", "2010-12-31": "-14.51100", "2009-12-31": "-9.58500", "2008-12-31": "-18.94900", "2007-12-31": "-33.80200", "2006-12-31": "8.32900", "2005-12-31": "-0.30300"}, "Total Change In Assets/Liabilities": {"2019-12-31": "-114.33900", "2018-12-31": "-151.96500", "2017-12-31": "-392.26300", "2016-12-31": "239.19500", "2015-12-31": "-41.53400", "2014-12-31": "57.16000", "2013-12-31": "-31.00300", "2012-12-31": "-47.71000", "2011-12-31": "-37.42700", "2010-12-31": "-77.95200", "2009-12-31": "65.53800", "2008-12-31": "-29.00900", "2007-12-31": "-89.89200", "2006-12-31": "85.59600", "2005-12-31": "-71.01100"}, "Cash Flow From Operating Activities": {"2019-12-31": "719.37400", "2018-12-31": "546.16500", "2017-12-31": "303.97900", "2016-12-31": "735.52400", "2015-12-31": "360.81000", "2014-12-31": "492.60900", "2013-12-31": "432.85900", "2012-12-31": "488.76600", "2011-12-31": "487.35900", "2010-12-31": "331.30900", "2009-12-31": "358.52500", "2008-12-31": "327.15800", "2007-12-31": "246.36100", "2006-12-31": "376.29400", "2005-12-31": "168.86200"}, "Net Change In Property, Plant, And Equipment": {"2019-12-31": "-841.44000", "2018-12-31": "-699.99100", "2017-12-31": "-317.70300", "2016-12-31": "-196.65400", "2015-12-31": "-227.64900", "2014-12-31": "-110.57600", "2013-12-31": "-155.34600", "2012-12-31": "-280.87300", "2011-12-31": "-190.57400", "2010-12-31": "-75.47800", "2009-12-31": "-100.78600", "2008-12-31": "-93.73600", "2007-12-31": "-98.74000", "2006-12-31": "-99.84700", "2005-12-31": "-70.08000"}, "Net Change In Intangible Assets": {"2019-12-31": "", "2018-12-31": "", "2017-12-31": "", "2016-12-31": "", "2015-12-31": "", "2014-12-31": "", "2013-12-31": "", "2012-12-31": "", "2011-12-31": "", "2010-12-31": "", "2009-12-31": "", "2008-12-31": "", "2007-12-31": "", "2006-12-31": "", "2005-12-31": ""}, "Net Acquisitions/Divestitures": {"2019-12-31": "-820.00000", "2018-12-31": "402.16600", "2017-12-31": "-37.51000", "2016-12-31": "3116.83700", "2015-12-31": "-2091.60700", "2014-12-31": "104.71800", "2013-12-31": "-2.56500", "2012-12-31": "6.28600", "2011-12-31": "-13.16400", "2010-12-31": "-16.02700", "2009-12-31": "-20.45700", "2008-12-31": "-66.51600", "2007-12-31": "-29.58100", "2006-12-31": "-40.69700", "2005-12-31": "-7.47300"}, "Net Change In Short-term Investments": {"2019-12-31": "", "2018-12-31": "", "2017-12-31": "", "2016-12-31": "", "2015-12-31": "", "2014-12-31": "0.64900", "2013-12-31": "0.16900", "2012-12-31": "-1.61500", "2011-12-31": "1.67000", "2010-12-31": "", "2009-12-31": "-0.34700", "2008-12-31": "-3.26200", "2007-12-31": "", "2006-12-31": "", "2005-12-31": "3.13500"}, "Net Change In Long-Term Investments": {"2019-12-31": "-2.18500", "2018-12-31": "-5.87000", "2017-12-31": "-2.59000", "2016-12-31": "0.30500", "2015-12-31": "0.99800", "2014-12-31": "", "2013-12-31": "", "2012-12-31": "", "2011-12-31": "-10.86800", "2010-12-31": "-0.68600", "2009-12-31": "-0.04000", "2008-12-31": "-0.19000", "2007-12-31": "-4.60900", "2006-12-31": "-4.57600", "2005-12-31": "-3.60900"}, "Net Change In Investments - Total": {"2019-12-31": "-2.18500", "2018-12-31": "-5.87000", "2017-12-31": "-2.59000", "2016-12-31": "0.30500", "2015-12-31": "0.99800", "2014-12-31": "0.64900", "2013-12-31": "0.16900", "2012-12-31": "-1.61500", "2011-12-31": "-9.19800", "2010-12-31": "-0.68600", "2009-12-31": "-0.38700", "2008-12-31": "-3.45200", "2007-12-31": "-4.60900", "2006-12-31": "-4.57600", "2005-12-31": "-0.47400"}, "Investing Activities - Other": {"2019-12-31": "", "2018-12-31": "", "2017-12-31": "", "2016-12-31": "", "2015-12-31": "157.70600", "2014-12-31": "-40.92400", "2013-12-31": "", "2012-12-31": "-24.95900", "2011-12-31": "", "2010-12-31": "", "2009-12-31": "", "2008-12-31": "", "2007-12-31": "", "2006-12-31": "", "2005-12-31": ""}, "Cash Flow From Investing Activities": {"2019-12-31": "-1663.62500", "2018-12-31": "-303.69500", "2017-12-31": "-357.80300", "2016-12-31": "2920.48800", "2015-12-31": "-2160.55200", "2014-12-31": "-46.13300", "2013-12-31": "-157.74200", "2012-12-31": "-301.16100", "2011-12-31": "-212.93600", "2010-12-31": "-92.19100", "2009-12-31": "-121.63000", "2008-12-31": "-163.70400", "2007-12-31": "-132.93000", "2006-12-31": "-145.12000", "2005-12-31": "-78.02700"}, "Net Long-Term Debt": {"2019-12-31": "1296.22800", "2018-12-31": "-113.56700", "2017-12-31": "-612.45800", "2016-12-31": "-1252.30200", "2015-12-31": "-278.27590", "2014-12-31": "1876.35500", "2013-12-31": "379.81100", "2012-12-31": "-14.39000", "2011-12-31": "-100.17600", "2010-12-31": "48.52700", "2009-12-31": "-120.03200", "2008-12-31": "207.07000", "2007-12-31": "-25.55700", "2006-12-31": "-104.97000", "2005-12-31": "-191.48000"}, "Net Current Debt": {"2019-12-31": "-7.51400", "2018-12-31": "", "2017-12-31": "", "2016-12-31": "", "2015-12-31": "", "2014-12-31": "", "2013-12-31": "", "2012-12-31": "", "2011-12-31": "", "2010-12-31": "", "2009-12-31": "", "2008-12-31": "", "2007-12-31": "", "2006-12-31": "", "2005-12-31": ""}, "Debt Issuance/Retirement Net - Total": {"2019-12-31": "1288.71400", "2018-12-31": "-113.56700", "2017-12-31": "-612.45800", "2016-12-31": "-1252.30200", "2015-12-31": "-278.27590", "2014-12-31": "1876.35500", "2013-12-31": "379.81100", "2012-12-31": "-14.39000", "2011-12-31": "-100.17600", "2010-12-31": "48.52700", "2009-12-31": "-120.03200", "2008-12-31": "207.07000", "2007-12-31": "-25.55700", "2006-12-31": "-104.97000", "2005-12-31": "-191.48000"}, "Net Common Equity Issued/Repurchased": {"2019-12-31": "4.81400", "2018-12-31": "-496.36700", "2017-12-31": "-241.76200", "2016-12-31": "9.40100", "2015-12-31": "0.51700", "2014-12-31": "-147.28700", "2013-12-31": "-576.74500", "2012-12-31": "-42.42700", "2011-12-31": "-175.90200", "2010-12-31": "-7.81000", "2009-12-31": "-1.65900", "2008-12-31": "-165.02100", "2007-12-31": "-79.26000", "2006-12-31": "-10.44200", "2005-12-31": "154.20800"}, "Net Total Equity Issued/Repurchased": {"2019-12-31": "4.81400", "2018-12-31": "-496.36700", "2017-12-31": "-241.76200", "2016-12-31": "9.40100", "2015-12-31": "0.51700", "2014-12-31": "-147.28700", "2013-12-31": "-576.74500", "2012-12-31": "-42.42700", "2011-12-31": "-175.90200", "2010-12-31": "-7.81000", "2009-12-31": "-1.65900", "2008-12-31": "-165.02100", "2007-12-31": "-79.26000", "2006-12-31": "-10.44200", "2005-12-31": "154.20800"}, "Total Common And Preferred Stock Dividends Paid": {"2019-12-31": "-235.39100", "2018-12-31": "-159.35200", "2017-12-31": "-177.31300", "2016-12-31": "-171.20800", "2015-12-31": "-142.58800", "2014-12-31": "-99.63700", "2013-12-31": "-88.12100", "2012-12-31": "-76.74100", "2011-12-31": "-57.75900", "2010-12-31": "-49.64300", "2009-12-31": "-56.14100", "2008-12-31": "-55.93500", "2007-12-31": "-54.35900", "2006-12-31": "-38.37800", "2005-12-31": "-29.84700"}, "Financial Activities - Other": {"2019-12-31": "-15.45000", "2018-12-31": "-17.24000", "2017-12-31": "-55.33500", "2016-12-31": "-165.91500", "2015-12-31": "-58.09900", "2014-12-31": "-20.10200", "2013-12-31": "-2.99100", "2012-12-31": "-43.73600", "2011-12-31": "4.71800", "2010-12-31": "0.98800", "2009-12-31": "-2.95100", "2008-12-31": "-11.14600", "2007-12-31": "15.68700", "2006-12-31": "10.26500", "2005-12-31": "-2.11000"}, "Cash Flow From Financial Activities": {"2019-12-31": "1042.68700", "2018-12-31": "-786.52600", "2017-12-31": "-1086.86800", "2016-12-31": "-1580.02400", "2015-12-31": "-478.44600", "2014-12-31": "1609.32900", "2013-12-31": "-288.04600", "2012-12-31": "-177.29400", "2011-12-31": "-329.11900", "2010-12-31": "-7.93800", "2009-12-31": "-180.78300", "2008-12-31": "-25.03200", "2007-12-31": "-143.48900", "2006-12-31": "-143.52500", "2005-12-31": "-69.22900"}, "Net Cash Flow": {"2019-12-31": "57.79000", "2018-12-31": "-581.98300", "2017-12-31": "-1132.45300", "2016-12-31": "2056.02200", "2015-12-31": "-2276.03400", "2014-12-31": "2012.52900", "2013-12-31": "-0.45700", "2012-12-31": "8.28000", "2011-12-31": "-60.23400", "2010-12-31": "220.85900", "2009-12-31": "55.48800", "2008-12-31": "122.75200", "2007-12-31": "-18.94800", "2006-12-31": "90.92900", "2005-12-31": "12.18000"}, "Stock-Based Compensation": {"2019-12-31": "19.68000", "2018-12-31": "15.22800", "2017-12-31": "19.40400", "2016-12-31": "17.03100", "2015-12-31": "15.18800", "2014-12-31": "14.26700", "2013-12-31": "10.16400", "2012-12-31": "15.21100", "2011-12-31": "27.06900", "2010-12-31": "15.69400", "2009-12-31": "0.30700", "2008-12-31": "18.46700", "2007-12-31": "18.11000", "2006-12-31": "15.83800", "2005-12-31": "9.01200"}, "Common Stock Dividends Paid": {"2019-12-31": "-235.39100", "2018-12-31": "-159.35200", "2017-12-31": "-177.31300", "2016-12-31": "-171.20800", "2015-12-31": "-142.58800", "2014-12-31": "-99.63700", "2013-12-31": "-88.12100", "2012-12-31": "-76.74100", "2011-12-31": "-57.75900", "2010-12-31": "-49.64300", "2009-12-31": "-56.14100", "2008-12-31": "-55.93500", "2007-12-31": "-54.35900", "2006-12-31": "-38.37800", "2005-12-31": "-29.84700"}}, "cash flow statement, quarterly": {"Net Income/Loss": {"2020-09-30": 117.045, "2020-06-30": 103.758, "2020-03-31": "123.63500", "2019-12-31": 106.243, "2019-09-30": 171.618, "2019-06-30": 174.97, "2019-03-31": "151.52600", "2018-12-31": 146.049, "2018-09-30": 143.479, "2018-06-30": 310.686, "2018-03-31": "138.92500", "2017-12-31": -207.071, "2017-09-30": 130.193, "2017-06-30": 113.689, "2017-03-31": "62.65700", "2016-12-31": 610.278, "2016-09-30": 137.697, "2016-06-30": -302.754, "2016-03-31": "235.54800", "2015-12-31": 182.677, "2015-09-30": 70.892, "2015-06-30": 59.346, "2015-03-31": "47.14900", "2014-12-31": -14.048, "2014-09-30": 81.34, "2014-06-30": 29.379, "2014-03-31": "64.23500", "2013-12-31": 161.346, "2013-09-30": 97.844, "2013-06-30": 91.128, "2013-03-31": "89.51600", "2012-12-31": 43.465, "2012-09-30": 114.434, "2012-06-30": 53.595, "2012-03-31": "118.63300", "2011-12-31": 59.778, "2011-09-30": 122.958, "2011-06-30": 123.694, "2011-03-31": "113.76700", "2010-12-31": 81.397, "2010-09-30": 97.02, "2010-06-30": 86.086, "2010-03-31": "64.91400", "2009-12-31": 65.216, "2009-09-30": 57.329, "2009-06-30": 40.132, "2009-03-31": "26.94600", "2008-12-31": 18.349, "2008-09-30": 60.762, "2008-06-30": 67.051, "2008-03-31": "66.84600", "2007-12-31": 76.252, "2007-09-30": 59.099, "2007-06-30": 53.863, "2007-03-31": "58.10800", "2006-12-31": 62.977, "2006-09-30": 2.289, "2006-06-30": 43.327, "2006-03-31": "34.37600", "2005-12-31": 32.198, "2005-09-30": 26.292, "2005-06-30": 32.058, "2005-03-31": "24.31900"}, "Total Depreciation And Amortization - Cash Flow": {"2020-09-30": 58.679, "2020-06-30": 57.841, "2020-03-31": "53.69400", "2019-12-31": 56.766, "2019-09-30": 54.487, "2019-06-30": 52.948, "2019-03-31": "49.28300", "2018-12-31": 50.187, "2018-09-30": 49.707, "2018-06-30": 50.474, "2018-03-31": "50.33000", "2017-12-31": 52.841, "2017-09-30": 49.895, "2017-06-30": 49.122, "2017-03-31": "45.07000", "2016-12-31": 49.67, "2016-09-30": 47.994, "2016-06-30": 67.953, "2016-03-31": "60.55200", "2015-12-31": 59.704, "2015-09-30": 68.903, "2015-06-30": 67.483, "2015-03-31": "63.98600", "2014-12-31": 25.228, "2014-09-30": 25.63, "2014-06-30": 24.905, "2014-03-31": "27.80900", "2013-12-31": 27.893, "2013-09-30": 27.66, "2013-06-30": 26.573, "2013-03-31": "25.24400", "2012-12-31": 24.592, "2012-09-30": 24.979, "2012-06-30": 25.214, "2012-03-31": "24.23500", "2011-12-31": 24.827, "2011-09-30": 24.616, "2011-06-30": 24.306, "2011-03-31": "23.00400", "2010-12-31": 24.092, "2010-09-30": 23.075, "2010-06-30": 23.71, "2010-03-31": "24.70100", "2009-12-31": 25.974, "2009-09-30": 24.135, "2009-06-30": 24.629, "2009-03-31": "25.77500", "2008-12-31": 30.13, "2008-09-30": 27.513, "2008-06-30": 27.5, "2008-03-31": "26.54200", "2007-12-31": 27.031, "2007-09-30": 26.066, "2007-06-30": 26.409, "2007-03-31": "27.34900", "2006-12-31": 26.935, "2006-09-30": 28.349, "2006-06-30": 27.04, "2006-03-31": "30.62600", "2005-12-31": 31.238, "2005-09-30": 28.505, "2005-06-30": 28.647, "2005-03-31": "29.04500"}, "Other Non-Cash Items": {"2020-09-30": 19.807, "2020-06-30": -9.489, "2020-03-31": "-27.77200", "2019-12-31": 21.615, "2019-09-30": -24.844, "2019-06-30": 15.67, "2019-03-31": "-33.54300", "2018-12-31": 24.606, "2018-09-30": -8.815, "2018-06-30": -230.919, "2018-03-31": "31.89000", "2017-12-31": -62.108, "2017-09-30": -3.905, "2017-06-30": -13.324, "2017-03-31": "29.36700", "2016-12-31": -746.144, "2016-09-30": -19.701, "2016-06-30": 430.346, "2016-03-31": "-134.65800", "2015-12-31": -123.443, "2015-09-30": -16.526, "2015-06-30": 27.858, "2015-03-31": "-43.20600", "2014-12-31": 66.824, "2014-09-30": 15.031, "2014-06-30": 64.74, "2014-03-31": "17.63300", "2013-12-31": -85.584, "2013-09-30": 0.024, "2013-06-30": 1.324, "2013-03-31": "-3.78000", "2012-12-31": 46.235, "2012-09-30": -9.855, "2012-06-30": 48.812, "2012-03-31": "5.23300", "2011-12-31": 49.915, "2011-09-30": 4.027, "2011-06-30": 1.48, "2011-03-31": "-33.44800", "2010-12-31": -28.798, "2010-09-30": 0.629, "2010-06-30": 10.261, "2010-03-31": "-1.54300", "2009-12-31": -1.022, "2009-09-30": -3.118, "2009-06-30": 2.288, "2009-03-31": "-12.01900", "2008-12-31": 27.855, "2008-09-30": 8.062, "2008-06-30": -2.202, "2008-03-31": "-5.84700", "2007-12-31": -2.967, "2007-09-30": -25.013, "2007-06-30": 17.675, "2007-03-31": "-7.61900", "2006-12-31": -37.339, "2006-09-30": 74.797, "2006-06-30": -6.246, "2006-03-31": "3.56700", "2005-12-31": 30.421, "2005-09-30": -16.077, "2005-06-30": -2.494, "2005-03-31": "-4.27900"}, "Total Non-Cash Items": {"2020-09-30": 78.486, "2020-06-30": 48.352, "2020-03-31": "25.92200", "2019-12-31": 78.381, "2019-09-30": 29.643, "2019-06-30": 68.618, "2019-03-31": "15.74000", "2018-12-31": 74.793, "2018-09-30": 40.892, "2018-06-30": -180.445, "2018-03-31": "82.22000", "2017-12-31": -9.267, "2017-09-30": 45.99, "2017-06-30": 35.798, "2017-03-31": "74.43700", "2016-12-31": -696.474, "2016-09-30": 28.293, "2016-06-30": 498.299, "2016-03-31": "-74.10600", "2015-12-31": -63.739, "2015-09-30": 52.377, "2015-06-30": 95.341, "2015-03-31": "20.78000", "2014-12-31": 92.052, "2014-09-30": 40.661, "2014-06-30": 89.645, "2014-03-31": "45.44200", "2013-12-31": -57.691, "2013-09-30": 27.684, "2013-06-30": 27.897, "2013-03-31": "21.46400", "2012-12-31": 70.827, "2012-09-30": 15.124, "2012-06-30": 74.026, "2012-03-31": "29.46800", "2011-12-31": 74.742, "2011-09-30": 28.643, "2011-06-30": 25.786, "2011-03-31": "-10.44400", "2010-12-31": -4.706, "2010-09-30": 23.704, "2010-06-30": 33.971, "2010-03-31": "23.15800", "2009-12-31": 24.952, "2009-09-30": 21.017, "2009-06-30": 26.917, "2009-03-31": "13.75600", "2008-12-31": 57.985, "2008-09-30": 35.575, "2008-06-30": 25.298, "2008-03-31": "20.69500", "2007-12-31": 24.064, "2007-09-30": 1.053, "2007-06-30": 44.084, "2007-03-31": "19.73000", "2006-12-31": -10.404, "2006-09-30": 103.146, "2006-06-30": 20.794, "2006-03-31": "34.19300", "2005-12-31": 61.659, "2005-09-30": 12.428, "2005-06-30": 26.153, "2005-03-31": "24.76600"}, "Change In Accounts Receivable": {"2020-09-30": 0, "2020-06-30": 0, "2020-03-31": "", "2019-12-31": -18.22, "2019-09-30": 0, "2019-06-30": 0, "2019-03-31": "", "2018-12-31": -97.448, "2018-09-30": 0, "2018-06-30": 0, "2018-03-31": "", "2017-12-31": -74.545, "2017-09-30": 0, "2017-06-30": 0, "2017-03-31": "", "2016-12-31": -42.816, "2016-09-30": 0, "2016-06-30": 0, "2016-03-31": "", "2015-12-31": -8.788, "2015-09-30": 0, "2015-06-30": 0, "2015-03-31": "", "2014-12-31": 36.221, "2014-09-30": 0, "2014-06-30": 0, "2014-03-31": "", "2013-12-31": -65.906, "2013-09-30": 0, "2013-06-30": 0, "2013-03-31": "", "2012-12-31": -25.992, "2012-09-30": 0, "2012-06-30": 0, "2012-03-31": "", "2011-12-31": -16.435, "2011-09-30": 0, "2011-06-30": 0, "2011-03-31": "", "2010-12-31": -57.414, "2010-09-30": 0, "2010-06-30": 0, "2010-03-31": "", "2009-12-31": 1.269, "2009-09-30": 0, "2009-06-30": 0, "2009-03-31": "", "2008-12-31": 90.481, "2008-09-30": 0, "2008-06-30": 0, "2008-03-31": "", "2007-12-31": 11.232, "2007-09-30": 0, "2007-06-30": 0, "2007-03-31": "", "2006-12-31": -18.256, "2006-09-30": 0, "2006-06-30": 0, "2006-03-31": "", "2005-12-31": -57.411, "2005-09-30": 0, "2005-06-30": 0, "2005-03-31": ""}, "Change In Inventories": {"2020-09-30": 0, "2020-06-30": 0, "2020-03-31": "", "2019-12-31": -46.304, "2019-09-30": 0, "2019-06-30": 0, "2019-03-31": "", "2018-12-31": -124.067, "2018-09-30": 0, "2018-06-30": 0, "2018-03-31": "", "2017-12-31": -101.545, "2017-09-30": 0, "2017-06-30": 0, "2017-03-31": "", "2016-12-31": 25.974, "2016-09-30": 0, "2016-06-30": 0, "2016-03-31": "", "2015-12-31": 27.649, "2015-09-30": 0, "2015-06-30": 0, "2015-03-31": "", "2014-12-31": -6.486, "2014-09-30": 0, "2014-06-30": 0, "2014-03-31": "", "2013-12-31": -1.81, "2013-09-30": 0, "2013-06-30": 0, "2013-03-31": "", "2012-12-31": 7.364, "2012-09-30": 0, "2012-06-30": 0, "2012-03-31": "", "2011-12-31": -41.749, "2011-09-30": 0, "2011-06-30": 0, "2011-03-31": "", "2010-12-31": -58.582, "2010-09-30": 0, "2010-06-30": 0, "2010-03-31": "", "2009-12-31": 180.132, "2009-09-30": 0, "2009-06-30": 0, "2009-03-31": "", "2008-12-31": -87.929, "2008-09-30": 0, "2008-06-30": 0, "2008-03-31": "", "2007-12-31": -70.636, "2007-09-30": 0, "2007-06-30": 0, "2007-03-31": "", "2006-12-31": 38.626, "2006-09-30": 0, "2006-06-30": 0, "2006-03-31": "", "2005-12-31": -73.022, "2005-09-30": 0, "2005-06-30": 0, "2005-03-31": ""}, "Change In Accounts Payable": {"2020-09-30": 0, "2020-06-30": 0, "2020-03-31": "", "2019-12-31": -12.234, "2019-09-30": 0, "2019-06-30": 0, "2019-03-31": "", "2018-12-31": 73.73, "2018-09-30": 0, "2018-06-30": 0, "2018-03-31": "", "2017-12-31": 53.421, "2017-09-30": 0, "2017-06-30": 0, "2017-03-31": "", "2016-12-31": 43.953, "2016-09-30": 0, "2016-06-30": 0, "2016-03-31": "", "2015-12-31": 23.745, "2015-09-30": 0, "2015-06-30": 0, "2015-03-31": "", "2014-12-31": 28.296, "2014-09-30": 0, "2014-06-30": 0, "2014-03-31": "", "2013-12-31": 19.267, "2013-09-30": 0, "2013-06-30": 0, "2013-03-31": "", "2012-12-31": -11.473, "2012-09-30": 0, "2012-06-30": 0, "2012-03-31": "", "2011-12-31": -11.971, "2011-09-30": 0, "2011-06-30": 0, "2011-03-31": "", "2010-12-31": 13.463, "2010-09-30": 0, "2010-06-30": 0, "2010-03-31": "", "2009-12-31": -53.543, "2009-09-30": 0, "2009-06-30": 0, "2009-03-31": "", "2008-12-31": 33.452, "2008-09-30": 0, "2008-06-30": 0, "2008-03-31": "", "2007-12-31": -12.585, "2007-09-30": 0, "2007-06-30": 0, "2007-03-31": "", "2006-12-31": -17.557, "2006-09-30": 0, "2006-06-30": 0, "2006-03-31": "", "2005-12-31": 59.118, "2005-09-30": 0, "2005-06-30": 0, "2005-03-31": ""}, "Change In Assets/Liabilities": {"2020-09-30": -10.857, "2020-06-30": -174.309, "2020-03-31": "17.73000", "2019-12-31": 256.646, "2019-09-30": -66.349, "2019-06-30": -100.299, "2019-03-31": "-122.93900", "2018-12-31": 129.632, "2018-09-30": -40.624, "2018-06-30": 3.861, "2018-03-31": "-95.05000", "2017-12-31": 398.7, "2017-09-30": -45.775, "2017-06-30": -298.629, "2017-03-31": "-54.50900", "2016-12-31": 81.492, "2016-09-30": 28.332, "2016-06-30": -118.483, "2016-03-31": "10.46700", "2015-12-31": -2.067, "2015-09-30": 59.755, "2015-06-30": -73.813, "2015-03-31": "28.88100", "2014-12-31": -83.211, "2014-09-30": 25.785, "2014-06-30": 23.409, "2014-03-31": "39.82600", "2013-12-31": 44.614, "2013-09-30": 13.665, "2013-06-30": -40.377, "2013-03-31": "-12.64100", "2012-12-31": 86.902, "2012-09-30": -3.974, "2012-06-30": -69.79, "2012-03-31": "-32.72800", "2011-12-31": 114.907, "2011-09-30": -11.612, "2011-06-30": -42.029, "2011-03-31": "-56.76700", "2010-12-31": 35.992, "2010-09-30": 28.41, "2010-06-30": -4.09, "2010-03-31": "-74.82300", "2009-12-31": -83.64, "2009-09-30": 64.62, "2009-06-30": 45.263, "2009-03-31": "-35.82800", "2008-12-31": 99.745, "2008-09-30": -38.501, "2008-06-30": -17.065, "2008-03-31": "-63.12800", "2007-12-31": 51.519, "2007-09-30": 4.829, "2007-06-30": -19.57, "2007-03-31": "-70.58000", "2006-12-31": 30.596, "2006-09-30": -18.654, "2006-06-30": 28.229, "2006-03-31": "-31.84200", "2005-12-31": 42.119, "2005-09-30": 17.901, "2005-06-30": -4.118, "2005-03-31": "-56.20500"}, "Total Change In Assets/Liabilities": {"2020-09-30": -10.857, "2020-06-30": -174.309, "2020-03-31": "17.73000", "2019-12-31": 175.248, "2019-09-30": -66.349, "2019-06-30": -100.299, "2019-03-31": "-122.93900", "2018-12-31": -20.152, "2018-09-30": -40.624, "2018-06-30": 3.861, "2018-03-31": "-95.05000", "2017-12-31": 6.65, "2017-09-30": -45.775, "2017-06-30": -298.629, "2017-03-31": "-54.50900", "2016-12-31": 318.879, "2016-09-30": 28.332, "2016-06-30": -118.483, "2016-03-31": "10.46700", "2015-12-31": -56.357, "2015-09-30": 59.755, "2015-06-30": -73.813, "2015-03-31": "28.88100", "2014-12-31": -31.86, "2014-09-30": 25.785, "2014-06-30": 23.409, "2014-03-31": "39.82600", "2013-12-31": 8.35, "2013-09-30": 13.665, "2013-06-30": -40.377, "2013-03-31": "-12.64100", "2012-12-31": 58.782, "2012-09-30": -3.974, "2012-06-30": -69.79, "2012-03-31": "-32.72800", "2011-12-31": 72.981, "2011-09-30": -11.612, "2011-06-30": -42.029, "2011-03-31": "-56.76700", "2010-12-31": -27.449, "2010-09-30": 26.056, "2010-06-30": -3.958, "2010-03-31": "-72.60100", "2009-12-31": 7.852, "2009-09-30": 66.682, "2009-06-30": 29.196, "2009-03-31": "-38.19200", "2008-12-31": 83.419, "2008-09-30": -33.455, "2008-06-30": -16.221, "2008-03-31": "-62.75200", "2007-12-31": -4.571, "2007-09-30": 4.829, "2007-06-30": -19.57, "2007-03-31": "-70.58000", "2006-12-31": 107.863, "2006-09-30": -18.654, "2006-06-30": 28.229, "2006-03-31": "-31.84200", "2005-12-31": -28.589, "2005-09-30": 17.901, "2005-06-30": -4.118, "2005-03-31": "-56.20500"}, "Cash Flow From Operating Activities": {"2020-09-30": 253.797, "2020-06-30": 52.863, "2020-03-31": "155.05400", "2019-12-31": 373.736, "2019-09-30": 146.35, "2019-06-30": 144.372, "2019-03-31": "54.91600", "2018-12-31": 169.224, "2018-09-30": 153.084, "2018-06-30": 102.303, "2018-03-31": "121.55400", "2017-12-31": 229.135, "2017-09-30": 129.299, "2017-06-30": -137.04, "2017-03-31": "82.58500", "2016-12-31": 281.41, "2016-09-30": 201.265, "2016-06-30": 80.141, "2016-03-31": "172.70800", "2015-12-31": 43.907, "2015-09-30": 183.72, "2015-06-30": 87.392, "2015-03-31": "45.79100", "2014-12-31": 62.067, "2014-09-30": 135.395, "2014-06-30": 145.974, "2014-03-31": "149.17300", "2013-12-31": 115.338, "2013-09-30": 138.667, "2013-06-30": 80.204, "2013-03-31": "98.65000", "2012-12-31": 182.284, "2012-09-30": 121.573, "2012-06-30": 61.365, "2012-03-31": "123.54400", "2011-12-31": 201.892, "2011-09-30": 139.297, "2011-06-30": 99.614, "2011-03-31": "46.55600", "2010-12-31": 55.577, "2010-09-30": 141.588, "2010-06-30": 116.06, "2010-03-31": "18.08400", "2009-12-31": 99.117, "2009-09-30": 152.295, "2009-06-30": 106.635, "2009-03-31": "0.47800", "2008-12-31": 165.405, "2008-09-30": 67.273, "2008-06-30": 75.675, "2008-03-31": "18.80500", "2007-12-31": 95.745, "2007-09-30": 64.981, "2007-06-30": 78.377, "2007-03-31": "7.25800", "2006-12-31": 160.436, "2006-09-30": 84.049, "2006-06-30": 95.082, "2006-03-31": "36.72700", "2005-12-31": 74.843, "2005-09-30": 52.739, "2005-06-30": 43.723, "2005-03-31": "-2.44300"}, "Net Change In Property, Plant, And Equipment": {"2020-09-30": -202.38, "2020-06-30": -204.462, "2020-03-31": "-214.52900", "2019-12-31": -243.34, "2019-09-30": -192.83, "2019-06-30": -199.494, "2019-03-31": "-205.77600", "2018-12-31": -228.316, "2018-09-30": -190.73, "2018-06-30": -149.13, "2018-03-31": "-131.81500", "2017-12-31": -130.184, "2017-09-30": -89.754, "2017-06-30": -43.622, "2017-03-31": "-54.14300", "2016-12-31": -55.353, "2016-09-30": -41.792, "2016-06-30": -41.389, "2016-03-31": "-58.12000", "2015-12-31": -63.081, "2015-09-30": -52.845, "2015-06-30": -54.982, "2015-03-31": "-56.74100", "2014-12-31": -33.894, "2014-09-30": -30.012, "2014-06-30": -23.003, "2014-03-31": "-23.66700", "2013-12-31": -20.318, "2013-09-30": -31.86, "2013-06-30": -47.833, "2013-03-31": "-55.33500", "2012-12-31": -62.165, "2012-09-30": -92.085, "2012-06-30": -71.839, "2012-03-31": "-54.78400", "2011-12-31": -63.463, "2011-09-30": -59.484, "2011-06-30": -35.733, "2011-03-31": "-31.89400", "2010-12-31": -25.472, "2010-09-30": -16.076, "2010-06-30": -17.789, "2010-03-31": "-16.14100", "2009-12-31": -17.176, "2009-09-30": -23.151, "2009-06-30": -27.391, "2009-03-31": "-33.06800", "2008-12-31": -36.269, "2008-09-30": -23.23, "2008-06-30": -20.098, "2008-03-31": "-14.13900", "2007-12-31": -27.478, "2007-09-30": -21.281, "2007-06-30": -23.74, "2007-03-31": "-26.24100", "2006-12-31": -26.744, "2006-09-30": -24.091, "2006-06-30": -27.994, "2006-03-31": "-21.01800", "2005-12-31": -19.486, "2005-09-30": -14.405, "2005-06-30": -17.388, "2005-03-31": "-18.80100"}, "Net Change In Intangible Assets": {"2020-09-30": 0, "2020-06-30": 0, "2020-03-31": "", "2019-12-31": 0, "2019-09-30": 0, "2019-06-30": 0, "2019-03-31": "", "2018-12-31": 0, "2018-09-30": 0, "2018-06-30": 0, "2018-03-31": "", "2017-12-31": 0, "2017-09-30": 0, "2017-06-30": 0, "2017-03-31": "", "2016-12-31": 0, "2016-09-30": 0, "2016-06-30": 0, "2016-03-31": "", "2015-12-31": 0, "2015-09-30": 0, "2015-06-30": 0, "2015-03-31": "", "2014-12-31": 0, "2014-09-30": 0, "2014-06-30": 0, "2014-03-31": "", "2013-12-31": 0, "2013-09-30": 0, "2013-06-30": 0, "2013-03-31": "", "2012-12-31": 0, "2012-09-30": 0, "2012-06-30": 0, "2012-03-31": "", "2011-12-31": 0, "2011-09-30": 0, "2011-06-30": 0, "2011-03-31": "", "2010-12-31": 0, "2010-09-30": 0, "2010-06-30": 0, "2010-03-31": "", "2009-12-31": 0, "2009-09-30": 0, "2009-06-30": 0, "2009-03-31": "", "2008-12-31": 0, "2008-09-30": 0, "2008-06-30": 0, "2008-03-31": "", "2007-12-31": 0, "2007-09-30": 0, "2007-06-30": 0, "2007-03-31": "", "2006-12-31": 0, "2006-09-30": 0, "2006-06-30": 0, "2006-03-31": "", "2005-12-31": 0, "2005-09-30": 0, "2005-06-30": 0, "2005-03-31": ""}, "Net Acquisitions/Divestitures": {"2020-09-30": 0, "2020-06-30": 0, "2020-03-31": "-22.57200", "2019-12-31": -820, "2019-09-30": 0, "2019-06-30": 0, "2019-03-31": "", "2018-12-31": 0.09, "2018-09-30": -6.992, "2018-06-30": 409.068, "2018-03-31": "", "2017-12-31": 1.039, "2017-09-30": -5.881, "2017-06-30": -4.926, "2017-03-31": "-27.74200", "2016-12-31": 2888.226, "2016-09-30": 0, "2016-06-30": 3.434, "2016-03-31": "225.17700", "2015-12-31": 2.75, "2015-09-30": 6.133, "2015-06-30": -3.295, "2015-03-31": "-2097.19500", "2014-12-31": 0, "2014-09-30": 104.718, "2014-06-30": 0, "2014-03-31": "", "2013-12-31": -2.315, "2013-09-30": 0, "2013-06-30": -0.25, "2013-03-31": "", "2012-12-31": 8.774, "2012-09-30": -0.104, "2012-06-30": -2.25, "2012-03-31": "-0.13400", "2011-12-31": -2.119, "2011-09-30": -5.137, "2011-06-30": -5.275, "2011-03-31": "-0.63300", "2010-12-31": -4.505, "2010-09-30": 1.644, "2010-06-30": 0, "2010-03-31": "-13.16600", "2009-12-31": -1.939, "2009-09-30": -5.477, "2009-06-30": -8.692, "2009-03-31": "-4.34900", "2008-12-31": -6.677, "2008-09-30": -37.318, "2008-06-30": -19.965, "2008-03-31": "-2.55600", "2007-12-31": -4.261, "2007-09-30": -20.998, "2007-06-30": -3.014, "2007-03-31": "-1.30800", "2006-12-31": -1.75, "2006-09-30": -38.947, "2006-06-30": 0, "2006-03-31": "", "2005-12-31": 0.08, "2005-09-30": 0, "2005-06-30": 2.724, "2005-03-31": "-10.27700"}, "Net Change In Short-term Investments": {"2020-09-30": 0, "2020-06-30": 0, "2020-03-31": "", "2019-12-31": 0, "2019-09-30": 0, "2019-06-30": 0, "2019-03-31": "", "2018-12-31": 0, "2018-09-30": 0.439, "2018-06-30": -0.439, "2018-03-31": "", "2017-12-31": 0, "2017-09-30": -0.208, "2017-06-30": 0.208, "2017-03-31": "", "2016-12-31": 0, "2016-09-30": -0.969, "2016-06-30": -0.222, "2016-03-31": "1.19100", "2015-12-31": 0, "2015-09-30": -1.433, "2015-06-30": -0.124, "2015-03-31": "1.55700", "2014-12-31": 0.649, "2014-09-30": -0.642, "2014-06-30": -1.509, "2014-03-31": "2.15100", "2013-12-31": -1.045, "2013-09-30": 0.446, "2013-06-30": 0.768, "2013-03-31": "", "2012-12-31": -0.478, "2012-09-30": 0.098, "2012-06-30": -1.235, "2012-03-31": "", "2011-12-31": 1.67, "2011-09-30": 0, "2011-06-30": 0, "2011-03-31": "", "2010-12-31": 0, "2010-09-30": -1.213, "2010-06-30": 1.213, "2010-03-31": "", "2009-12-31": -0.119, "2009-09-30": 0.241, "2009-06-30": -0.469, "2009-03-31": "", "2008-12-31": -3.262, "2008-09-30": 0, "2008-06-30": 0, "2008-03-31": "", "2007-12-31": -0.414, "2007-09-30": 0, "2007-06-30": 0, "2007-03-31": "0.41400", "2006-12-31": 0, "2006-09-30": 0, "2006-06-30": 0, "2006-03-31": "", "2005-12-31": 3.135, "2005-09-30": 0, "2005-06-30": 0, "2005-03-31": ""}, "Net Change In Long-Term Investments": {"2020-09-30": -0.588, "2020-06-30": -1.223, "2020-03-31": "2.23300", "2019-12-31": -0.793, "2019-09-30": 0.249, "2019-06-30": -0.222, "2019-03-31": "-1.41900", "2018-12-31": 0.237, "2018-09-30": -4.128, "2018-06-30": -1.254, "2018-03-31": "-0.72500", "2017-12-31": -3.04, "2017-09-30": 0.45, "2017-06-30": -0.492, "2017-03-31": "0.49200", "2016-12-31": -0.517, "2016-09-30": 0.822, "2016-06-30": 0, "2016-03-31": "", "2015-12-31": -0.267, "2015-09-30": 1.265, "2015-06-30": 0, "2015-03-31": "", "2014-12-31": -0.943, "2014-09-30": 0.943, "2014-06-30": 0, "2014-03-31": "", "2013-12-31": 0, "2013-09-30": 0, "2013-06-30": -0.821, "2013-03-31": "0.82100", "2012-12-31": 0, "2012-09-30": 0, "2012-06-30": 1.113, "2012-03-31": "-1.11300", "2011-12-31": -1.629, "2011-09-30": -0.178, "2011-06-30": -0.267, "2011-03-31": "-8.79400", "2010-12-31": -1.619, "2010-09-30": 0.938, "2010-06-30": -1.391, "2010-03-31": "1.38600", "2009-12-31": 0, "2009-09-30": 0, "2009-06-30": 0.259, "2009-03-31": "-0.29900", "2008-12-31": 2.774, "2008-09-30": -0.393, "2008-06-30": 0.494, "2008-03-31": "-3.06500", "2007-12-31": -0.462, "2007-09-30": -0.23, "2007-06-30": -1.102, "2007-03-31": "-2.81500", "2006-12-31": -1.066, "2006-09-30": -0.442, "2006-06-30": -0.276, "2006-03-31": "-2.79200", "2005-12-31": -1.543, "2005-09-30": 5.468, "2005-06-30": -7.815, "2005-03-31": "0.28100"}, "Net Change In Investments - Total": {"2020-09-30": -0.588, "2020-06-30": -1.223, "2020-03-31": "2.23300", "2019-12-31": -0.793, "2019-09-30": 0.249, "2019-06-30": -0.222, "2019-03-31": "-1.41900", "2018-12-31": 0.237, "2018-09-30": -3.689, "2018-06-30": -1.693, "2018-03-31": "-0.72500", "2017-12-31": -3.04, "2017-09-30": 0.242, "2017-06-30": -0.284, "2017-03-31": "0.49200", "2016-12-31": -0.517, "2016-09-30": -0.147, "2016-06-30": -0.222, "2016-03-31": "1.19100", "2015-12-31": -0.267, "2015-09-30": -0.168, "2015-06-30": -0.124, "2015-03-31": "1.55700", "2014-12-31": -0.294, "2014-09-30": 0.301, "2014-06-30": -1.509, "2014-03-31": "2.15100", "2013-12-31": -1.045, "2013-09-30": 0.446, "2013-06-30": -0.053, "2013-03-31": "0.82100", "2012-12-31": -0.478, "2012-09-30": 0.098, "2012-06-30": -0.122, "2012-03-31": "-1.11300", "2011-12-31": 0.041, "2011-09-30": -0.178, "2011-06-30": -0.267, "2011-03-31": "-8.79400", "2010-12-31": -1.619, "2010-09-30": -0.275, "2010-06-30": -0.178, "2010-03-31": "1.38600", "2009-12-31": -0.119, "2009-09-30": 0.241, "2009-06-30": -0.21, "2009-03-31": "-0.29900", "2008-12-31": -0.488, "2008-09-30": -0.393, "2008-06-30": 0.494, "2008-03-31": "-3.06500", "2007-12-31": -0.876, "2007-09-30": -0.23, "2007-06-30": -1.102, "2007-03-31": "-2.40100", "2006-12-31": -1.066, "2006-09-30": -0.442, "2006-06-30": -0.276, "2006-03-31": "-2.79200", "2005-12-31": 1.592, "2005-09-30": 5.468, "2005-06-30": -7.815, "2005-03-31": "0.28100"}, "Investing Activities - Other": {"2020-09-30": 0, "2020-06-30": 0, "2020-03-31": "", "2019-12-31": 0, "2019-09-30": 0, "2019-06-30": 0, "2019-03-31": "", "2018-12-31": 0, "2018-09-30": 0, "2018-06-30": 0, "2018-03-31": "", "2017-12-31": -1.25, "2017-09-30": 0, "2017-06-30": 0, "2017-03-31": "1.25000", "2016-12-31": 0, "2016-09-30": 0, "2016-06-30": 0, "2016-03-31": "", "2015-12-31": 0, "2015-09-30": 98, "2015-06-30": 0, "2015-03-31": "59.70600", "2014-12-31": -33.425, "2014-09-30": -7.499, "2014-06-30": 0, "2014-03-31": "", "2013-12-31": 0, "2013-09-30": 0, "2013-06-30": 0, "2013-03-31": "", "2012-12-31": -2.459, "2012-09-30": -12.5, "2012-06-30": -10, "2012-03-31": "", "2011-12-31": 0, "2011-09-30": 0, "2011-06-30": 0, "2011-03-31": "", "2010-12-31": 0, "2010-09-30": 0, "2010-06-30": 0, "2010-03-31": "", "2009-12-31": 0, "2009-09-30": 0, "2009-06-30": 0, "2009-03-31": "", "2008-12-31": 0, "2008-09-30": 0, "2008-06-30": 0, "2008-03-31": "", "2007-12-31": 0, "2007-09-30": 0, "2007-06-30": 0, "2007-03-31": "", "2006-12-31": 0, "2006-09-30": 0, "2006-06-30": 0, "2006-03-31": "", "2005-12-31": -0.08, "2005-09-30": 0.08, "2005-06-30": 0, "2005-03-31": ""}, "Cash Flow From Investing Activities": {"2020-09-30": -202.968, "2020-06-30": -205.685, "2020-03-31": "-234.86800", "2019-12-31": -1064.133, "2019-09-30": -192.581, "2019-06-30": -199.716, "2019-03-31": "-207.19500", "2018-12-31": -227.989, "2018-09-30": -201.411, "2018-06-30": 258.245, "2018-03-31": "-132.54000", "2017-12-31": -133.435, "2017-09-30": -95.393, "2017-06-30": -48.832, "2017-03-31": "-80.14300", "2016-12-31": 2832.356, "2016-09-30": -41.939, "2016-06-30": -38.177, "2016-03-31": "168.24800", "2015-12-31": -60.598, "2015-09-30": 51.12, "2015-06-30": -58.401, "2015-03-31": "-2092.67300", "2014-12-31": -67.613, "2014-09-30": 67.508, "2014-06-30": -24.512, "2014-03-31": "-21.51600", "2013-12-31": -23.678, "2013-09-30": -31.414, "2013-06-30": -48.136, "2013-03-31": "-54.51400", "2012-12-31": -56.328, "2012-09-30": -104.591, "2012-06-30": -84.211, "2012-03-31": "-56.03100", "2011-12-31": -65.541, "2011-09-30": -64.799, "2011-06-30": -41.275, "2011-03-31": "-41.32100", "2010-12-31": -31.596, "2010-09-30": -14.707, "2010-06-30": -17.967, "2010-03-31": "-27.92100", "2009-12-31": -19.234, "2009-09-30": -28.387, "2009-06-30": -36.293, "2009-03-31": "-37.71600", "2008-12-31": -43.434, "2008-09-30": -60.941, "2008-06-30": -39.569, "2008-03-31": "-19.76000", "2007-12-31": -32.615, "2007-09-30": -42.509, "2007-06-30": -27.856, "2007-03-31": "-29.95000", "2006-12-31": -29.56, "2006-09-30": -63.48, "2006-06-30": -28.27, "2006-03-31": "-23.81000", "2005-12-31": -17.894, "2005-09-30": -8.857, "2005-06-30": -22.479, "2005-03-31": "-28.79700"}, "Net Long-Term Debt": {"2020-09-30": -60.17, "2020-06-30": 366.991, "2020-03-31": "98.12800", "2019-12-31": 1064.045, "2019-09-30": 49.131, "2019-06-30": 64.829, "2019-03-31": "118.22300", "2018-12-31": 20.938, "2018-09-30": 77.328, "2018-06-30": 169.326, "2018-03-31": "-381.15900", "2017-12-31": 34.548, "2017-09-30": 45.317, "2017-06-30": -7.498, "2017-03-31": "-684.82500", "2016-12-31": -860.546, "2016-09-30": -77.459, "2016-06-30": -51.531, "2016-03-31": "-262.76600", "2015-12-31": 70.8711, "2015-09-30": -151.198, "2015-06-30": -39.2571, "2015-03-31": "-158.69190", "2014-12-31": 1902.932, "2014-09-30": -10.478, "2014-06-30": -7.564, "2014-03-31": "-8.53500", "2013-12-31": -0.655, "2013-09-30": 269.846, "2013-06-30": 114.224, "2013-03-31": "-3.60400", "2012-12-31": 34.853, "2012-09-30": -40.474, "2012-06-30": -1.62, "2012-03-31": "-7.14900", "2011-12-31": -127.959, "2011-09-30": 118.431, "2011-06-30": 3.28, "2011-03-31": "-93.92800", "2010-12-31": 99.163, "2010-09-30": -30.422, "2010-06-30": -12.423, "2010-03-31": "-7.79100", "2009-12-31": -6.969, "2009-09-30": -28.049, "2009-06-30": -71.32, "2009-03-31": "-13.69400", "2008-12-31": -35.628, "2008-09-30": 78.352, "2008-06-30": 9.691, "2008-03-31": "154.65500", "2007-12-31": 25.564, "2007-09-30": -110.756, "2007-06-30": 54.252, "2007-03-31": "5.38300", "2006-12-31": -54.599, "2006-09-30": -16.079, "2006-06-30": -31.027, "2006-03-31": "-3.26500", "2005-12-31": -45.887, "2005-09-30": -88.211, "2005-06-30": 20.412, "2005-03-31": "-77.79400"}, "Net Current Debt": {"2020-09-30": -0.082, "2020-06-30": -2.455, "2020-03-31": "-0.21400", "2019-12-31": -7.514, "2019-09-30": 0, "2019-06-30": 0, "2019-03-31": "", "2018-12-31": 0, "2018-09-30": 0, "2018-06-30": 0, "2018-03-31": "", "2017-12-31": 0, "2017-09-30": 0, "2017-06-30": 0, "2017-03-31": "", "2016-12-31": 0, "2016-09-30": 0, "2016-06-30": 0, "2016-03-31": "", "2015-12-31": 0, "2015-09-30": 0, "2015-06-30": 0, "2015-03-31": "", "2014-12-31": 0, "2014-09-30": 0, "2014-06-30": 0, "2014-03-31": "", "2013-12-31": 0, "2013-09-30": 0, "2013-06-30": 0, "2013-03-31": "", "2012-12-31": 0, "2012-09-30": 0, "2012-06-30": 0, "2012-03-31": "", "2011-12-31": 0, "2011-09-30": 0, "2011-06-30": 0, "2011-03-31": "", "2010-12-31": 0, "2010-09-30": 0, "2010-06-30": 0, "2010-03-31": "", "2009-12-31": 0, "2009-09-30": 0, "2009-06-30": 0, "2009-03-31": "", "2008-12-31": 0, "2008-09-30": 0, "2008-06-30": 0, "2008-03-31": "", "2007-12-31": 0, "2007-09-30": 0, "2007-06-30": 0, "2007-03-31": "", "2006-12-31": 0, "2006-09-30": 0, "2006-06-30": 0, "2006-03-31": "", "2005-12-31": 0, "2005-09-30": 0, "2005-06-30": 0, "2005-03-31": ""}, "Debt Issuance/Retirement Net - Total": {"2020-09-30": -60.252, "2020-06-30": 364.536, "2020-03-31": "97.91400", "2019-12-31": 1056.531, "2019-09-30": 49.131, "2019-06-30": 64.829, "2019-03-31": "118.22300", "2018-12-31": 20.938, "2018-09-30": 77.328, "2018-06-30": 169.326, "2018-03-31": "-381.15900", "2017-12-31": 34.548, "2017-09-30": 45.317, "2017-06-30": -7.498, "2017-03-31": "-684.82500", "2016-12-31": -860.546, "2016-09-30": -77.459, "2016-06-30": -51.531, "2016-03-31": "-262.76600", "2015-12-31": 70.8711, "2015-09-30": -151.198, "2015-06-30": -39.2571, "2015-03-31": "-158.69190", "2014-12-31": 1902.932, "2014-09-30": -10.478, "2014-06-30": -7.564, "2014-03-31": "-8.53500", "2013-12-31": -0.655, "2013-09-30": 269.846, "2013-06-30": 114.224, "2013-03-31": "-3.60400", "2012-12-31": 34.853, "2012-09-30": -40.474, "2012-06-30": -1.62, "2012-03-31": "-7.14900", "2011-12-31": -127.959, "2011-09-30": 118.431, "2011-06-30": 3.28, "2011-03-31": "-93.92800", "2010-12-31": 99.163, "2010-09-30": -30.422, "2010-06-30": -12.423, "2010-03-31": "-7.79100", "2009-12-31": -6.969, "2009-09-30": -28.049, "2009-06-30": -71.32, "2009-03-31": "-13.69400", "2008-12-31": -35.628, "2008-09-30": 78.352, "2008-06-30": 9.691, "2008-03-31": "154.65500", "2007-12-31": 25.564, "2007-09-30": -110.756, "2007-06-30": 54.252, "2007-03-31": "5.38300", "2006-12-31": -54.599, "2006-09-30": -16.079, "2006-06-30": -31.027, "2006-03-31": "-3.26500", "2005-12-31": -45.887, "2005-09-30": -88.211, "2005-06-30": 20.412, "2005-03-31": "-77.79400"}, "Net Common Equity Issued/Repurchased": {"2020-09-30": 6.116, "2020-06-30": 0.614, "2020-03-31": "10.19500", "2019-12-31": 0, "2019-09-30": 1.609, "2019-06-30": 0.529, "2019-03-31": "2.67600", "2018-12-31": 1.331, "2018-09-30": -248.986, "2018-06-30": -249.358, "2018-03-31": "0.64600", "2017-12-31": 1.227, "2017-09-30": 3.674, "2017-06-30": 1.167, "2017-03-31": "-247.83000", "2016-12-31": 2.622, "2016-09-30": 1.84, "2016-06-30": 4.939, "2016-03-31": "", "2015-12-31": 0.175, "2015-09-30": 0, "2015-06-30": 0.252, "2015-03-31": "0.09000", "2014-12-31": 0, "2014-09-30": 0.358, "2014-06-30": -98.9, "2014-03-31": "-48.74500", "2013-12-31": 1.043, "2013-09-30": 0.593, "2013-06-30": -519.303, "2013-03-31": "-59.07800", "2012-12-31": -21.934, "2012-09-30": -20.228, "2012-06-30": -2.834, "2012-03-31": "2.56900", "2011-12-31": 1.127, "2011-09-30": -178.111, "2011-06-30": 0.877, "2011-03-31": "0.20500", "2010-12-31": 2.456, "2010-09-30": 2.908, "2010-06-30": -5.518, "2010-03-31": "-7.65600", "2009-12-31": -5.742, "2009-09-30": 1.876, "2009-06-30": 1.544, "2009-03-31": "0.66300", "2008-12-31": -5.45, "2008-09-30": -12.365, "2008-06-30": 0.533, "2008-03-31": "-147.73900", "2007-12-31": -47.763, "2007-09-30": 0.243, "2007-06-30": -24.045, "2007-03-31": "-7.69500", "2006-12-31": -9.442, "2006-09-30": -3.971, "2006-06-30": 0.996, "2006-03-31": "1.97500", "2005-12-31": 3.453, "2005-09-30": 0.189, "2005-06-30": 0.409, "2005-03-31": "150.15700"}, "Net Total Equity Issued/Repurchased": {"2020-09-30": 6.116, "2020-06-30": 0.614, "2020-03-31": "10.19500", "2019-12-31": 0, "2019-09-30": 1.609, "2019-06-30": 0.529, "2019-03-31": "2.67600", "2018-12-31": 1.331, "2018-09-30": -248.986, "2018-06-30": -249.358, "2018-03-31": "0.64600", "2017-12-31": 1.227, "2017-09-30": 3.674, "2017-06-30": 1.167, "2017-03-31": "-247.83000", "2016-12-31": 2.622, "2016-09-30": 1.84, "2016-06-30": 4.939, "2016-03-31": "", "2015-12-31": 0.175, "2015-09-30": 0, "2015-06-30": 0.252, "2015-03-31": "0.09000", "2014-12-31": 0, "2014-09-30": 0.358, "2014-06-30": -98.9, "2014-03-31": "-48.74500", "2013-12-31": 1.043, "2013-09-30": 0.593, "2013-06-30": -519.303, "2013-03-31": "-59.07800", "2012-12-31": -21.934, "2012-09-30": -20.228, "2012-06-30": -2.834, "2012-03-31": "2.56900", "2011-12-31": 1.127, "2011-09-30": -178.111, "2011-06-30": 0.877, "2011-03-31": "0.20500", "2010-12-31": 2.456, "2010-09-30": 2.908, "2010-06-30": -5.518, "2010-03-31": "-7.65600", "2009-12-31": -5.742, "2009-09-30": 1.876, "2009-06-30": 1.544, "2009-03-31": "0.66300", "2008-12-31": -5.45, "2008-09-30": -12.365, "2008-06-30": 0.533, "2008-03-31": "-147.73900", "2007-12-31": -47.763, "2007-09-30": 0.243, "2007-06-30": -24.045, "2007-03-31": "-7.69500", "2006-12-31": -9.442, "2006-09-30": -3.971, "2006-06-30": 0.996, "2006-03-31": "1.97500", "2005-12-31": 3.453, "2005-09-30": 0.189, "2005-06-30": 0.409, "2005-03-31": "150.15700"}, "Total Common And Preferred Stock Dividends Paid": {"2020-09-30": -40.927, "2020-06-30": -40.927, "2020-03-31": "-53.26800", "2019-12-31": -64.858, "2019-09-30": -57.258, "2019-06-30": -77.888, "2019-03-31": "-35.38700", "2018-12-31": -35.674, "2018-09-30": -43.816, "2018-06-30": -37.102, "2018-03-31": "-42.76000", "2017-12-31": -44.317, "2017-09-30": -45.304, "2017-06-30": -53.362, "2017-03-31": "-34.33000", "2016-12-31": -46.274, "2016-09-30": -41.091, "2016-06-30": -51.302, "2016-03-31": "-32.54100", "2015-12-31": -32.623, "2015-09-30": -47.445, "2015-06-30": -40.79, "2015-03-31": "-21.73000", "2014-12-31": -29.198, "2014-09-30": -29.123, "2014-06-30": -21.734, "2014-03-31": "-19.58200", "2013-12-31": -19.533, "2013-09-30": -29.539, "2013-06-30": -21.241, "2013-03-31": "-17.80800", "2012-12-31": -17.826, "2012-09-30": -17.888, "2012-06-30": -25.449, "2012-03-31": "-15.57800", "2011-12-31": -14.661, "2011-09-30": -15.138, "2011-06-30": -15.104, "2011-03-31": "-12.85600", "2010-12-31": -12.76, "2010-09-30": -12.754, "2010-06-30": -12.728, "2010-03-31": "-11.40100", "2009-12-31": -13.924, "2009-09-30": -11.358, "2009-06-30": -16.987, "2009-03-31": "-13.87200", "2008-12-31": -12.705, "2008-09-30": -15.417, "2008-06-30": -12.62, "2008-03-31": "-15.19300", "2007-12-31": -12.299, "2007-09-30": -14.325, "2007-06-30": -14.733, "2007-03-31": "-13.00200", "2006-12-31": -11.692, "2006-09-30": -7.838, "2006-06-30": -10.176, "2006-03-31": "-8.67200", "2005-12-31": -8.655, "2005-09-30": -8.214, "2005-06-30": -7.98, "2005-03-31": "-4.99800"}, "Financial Activities - Other": {"2020-09-30": -0.784, "2020-06-30": -0.194, "2020-03-31": "-3.82500", "2019-12-31": -4.231, "2019-09-30": -0.204, "2019-06-30": -0.76, "2019-03-31": "-10.25500", "2018-12-31": -0.193, "2018-09-30": -0.587, "2018-06-30": -1.451, "2018-03-31": "-15.00900", "2017-12-31": -0.059, "2017-09-30": -0.148, "2017-06-30": -0.314, "2017-03-31": "-54.81400", "2016-12-31": -163.907, "2016-09-30": -0.026, "2016-06-30": -0.013, "2016-03-31": "-1.96900", "2015-12-31": -48.872, "2015-09-30": -3.022, "2015-06-30": -3.89, "2015-03-31": "-2.31500", "2014-12-31": -14.656, "2014-09-30": -1.691, "2014-06-30": -0.003, "2014-03-31": "-3.75200", "2013-12-31": 0.137, "2013-09-30": -265.985, "2013-06-30": 266.399, "2013-03-31": "-3.54200", "2012-12-31": -49.036, "2012-09-30": 1.969, "2012-06-30": 5.303, "2012-03-31": "-1.97200", "2011-12-31": 3.847, "2011-09-30": -3.051, "2011-06-30": 0.606, "2011-03-31": "3.31600", "2010-12-31": 0.711, "2010-09-30": 2.34, "2010-06-30": -2.469, "2010-03-31": "0.40600", "2009-12-31": -0.152, "2009-09-30": 0.879, "2009-06-30": 0.673, "2009-03-31": "-4.35100", "2008-12-31": -7.621, "2008-09-30": -11.106, "2008-06-30": 0.768, "2008-03-31": "6.81300", "2007-12-31": -3.631, "2007-09-30": 3.31, "2007-06-30": 4.367, "2007-03-31": "11.64100", "2006-12-31": 4.248, "2006-09-30": 0.744, "2006-06-30": 0.919, "2006-03-31": "4.35400", "2005-12-31": 0, "2005-09-30": 0, "2005-06-30": 0, "2005-03-31": "-2.11000"}, "Cash Flow From Financial Activities": {"2020-09-30": -95.847, "2020-06-30": 324.029, "2020-03-31": "51.01600", "2019-12-31": 987.442, "2019-09-30": -6.722, "2019-06-30": -13.29, "2019-03-31": "75.25700", "2018-12-31": -13.598, "2018-09-30": -216.061, "2018-06-30": -118.585, "2018-03-31": "-438.28200", "2017-12-31": -8.601, "2017-09-30": 3.539, "2017-06-30": -60.007, "2017-03-31": "-1021.79900", "2016-12-31": -1068.105, "2016-09-30": -116.736, "2016-06-30": -97.907, "2016-03-31": "-297.27600", "2015-12-31": -10.449, "2015-09-30": -201.665, "2015-06-30": -83.685, "2015-03-31": "-182.64700", "2014-12-31": 1859.078, "2014-09-30": -40.934, "2014-06-30": -128.201, "2014-03-31": "-80.61400", "2013-12-31": -19.008, "2013-09-30": -25.085, "2013-06-30": -159.921, "2013-03-31": "-84.03200", "2012-12-31": -53.943, "2012-09-30": -76.621, "2012-06-30": -24.6, "2012-03-31": "-22.13000", "2011-12-31": -137.646, "2011-09-30": -77.869, "2011-06-30": -10.341, "2011-03-31": "-103.26300", "2010-12-31": 89.57, "2010-09-30": -37.928, "2010-06-30": -33.138, "2010-03-31": "-26.44200", "2009-12-31": -26.787, "2009-09-30": -36.652, "2009-06-30": -86.09, "2009-03-31": "-31.25400", "2008-12-31": -61.404, "2008-09-30": 39.464, "2008-06-30": -1.628, "2008-03-31": "-1.46400", "2007-12-31": -38.129, "2007-09-30": -121.528, "2007-06-30": 19.841, "2007-03-31": "-3.67300", "2006-12-31": -71.485, "2006-09-30": -27.144, "2006-06-30": -39.288, "2006-03-31": "-5.60800", "2005-12-31": -51.089, "2005-09-30": -96.236, "2005-06-30": 12.841, "2005-03-31": "65.25500"}, "Net Cash Flow": {"2020-09-30": -34.623, "2020-06-30": 183.468, "2020-03-31": "-59.88200", "2019-12-31": 295.287, "2019-09-30": -80.36, "2019-06-30": -67.091, "2019-03-31": "-90.04600", "2018-12-31": -85.906, "2018-09-30": -266.918, "2018-06-30": 215.956, "2018-03-31": "-445.11500", "2017-12-31": 91.964, "2017-09-30": 38.394, "2017-06-30": -247.591, "2017-03-31": "-1015.22000", "2016-12-31": 2036.157, "2016-09-30": 39.938, "2016-06-30": -58.721, "2016-03-31": "38.64800", "2015-12-31": -20.756, "2015-09-30": 27.252, "2015-06-30": -54.183, "2015-03-31": "-2228.34700", "2014-12-31": 1836.648, "2014-09-30": 138.001, "2014-06-30": -8.924, "2014-03-31": "46.80400", "2013-12-31": 75.812, "2013-09-30": 86.768, "2013-06-30": -120.245, "2013-03-31": "-42.79200", "2012-12-31": 75.054, "2012-09-30": -59.109, "2012-06-30": -57.608, "2012-03-31": "49.94300", "2011-12-31": -11.842, "2011-09-30": -9.457, "2011-06-30": 49.702, "2011-03-31": "-88.63700", "2010-12-31": 104.977, "2010-09-30": 100.55, "2010-06-30": 56.806, "2010-03-31": "-41.47400", "2009-12-31": 48.357, "2009-09-30": 87.958, "2009-06-30": -11.423, "2009-03-31": "-69.40400", "2008-12-31": 46.092, "2008-09-30": 38.729, "2008-06-30": 33.352, "2008-03-31": "4.57900", "2007-12-31": 29.27, "2007-09-30": -99.125, "2007-06-30": 75.39, "2007-03-31": "-24.48300", "2006-12-31": 59.924, "2006-09-30": -9.42, "2006-06-30": 31.895, "2006-03-31": "8.53000", "2005-12-31": 10.711, "2005-09-30": -50.429, "2005-06-30": 24.508, "2005-03-31": "27.39000"}, "Stock-Based Compensation": {"2020-09-30": 6.099, "2020-06-30": 7.264, "2020-03-31": "2.50100", "2019-12-31": 4.511, "2019-09-30": 5.033, "2019-06-30": 4.58, "2019-03-31": "5.55600", "2018-12-31": 3.443, "2018-09-30": 3.709, "2018-06-30": 5.207, "2018-03-31": "2.86900", "2017-12-31": 3.809, "2017-09-30": 6.103, "2017-06-30": 4.446, "2017-03-31": "5.04600", "2016-12-31": 3.213, "2016-09-30": 5.085, "2016-06-30": 4.726, "2016-03-31": "4.00700", "2015-12-31": 4.017, "2015-09-30": 1.978, "2015-06-30": 4.281, "2015-03-31": "4.91200", "2014-12-31": 3.82, "2014-09-30": 3.128, "2014-06-30": 3.917, "2014-03-31": "3.40200", "2013-12-31": 3.128, "2013-09-30": 2.507, "2013-06-30": 2.016, "2013-03-31": "2.51300", "2012-12-31": 4.403, "2012-09-30": 0.078, "2012-06-30": 3.804, "2012-03-31": "6.92600", "2011-12-31": 7.704, "2011-09-30": 5.473, "2011-06-30": 7.103, "2011-03-31": "6.78900", "2010-12-31": 4.229, "2010-09-30": 2.873, "2010-06-30": 4.245, "2010-03-31": "4.34700", "2009-12-31": 2.185, "2009-09-30": 2.401, "2009-06-30": 2.13, "2009-03-31": "-6.40900", "2008-12-31": 4.682, "2008-09-30": 3.679, "2008-06-30": 5.516, "2008-03-31": "4.59000", "2007-12-31": 4.655, "2007-09-30": 4.76, "2007-06-30": 4.556, "2007-03-31": "4.13900", "2006-12-31": 4.321, "2006-09-30": 4.404, "2006-06-30": 4.622, "2006-03-31": "2.49100", "2005-12-31": 2.646, "2005-09-30": -0.388, "2005-06-30": 3.381, "2005-03-31": "3.37300"}, "Common Stock Dividends Paid": {"2020-09-30": -40.927, "2020-06-30": -40.927, "2020-03-31": "-53.26800", "2019-12-31": -64.858, "2019-09-30": -57.258, "2019-06-30": -77.888, "2019-03-31": "-35.38700", "2018-12-31": -35.674, "2018-09-30": -43.816, "2018-06-30": -37.102, "2018-03-31": "-42.76000", "2017-12-31": -44.317, "2017-09-30": -45.304, "2017-06-30": -53.362, "2017-03-31": "-34.33000", "2016-12-31": -46.274, "2016-09-30": -41.091, "2016-06-30": -51.302, "2016-03-31": "-32.54100", "2015-12-31": -32.623, "2015-09-30": -47.445, "2015-06-30": -40.79, "2015-03-31": "-21.73000", "2014-12-31": -29.198, "2014-09-30": -29.123, "2014-06-30": -21.734, "2014-03-31": "-19.58200", "2013-12-31": -19.533, "2013-09-30": -29.539, "2013-06-30": -21.241, "2013-03-31": "-17.80800", "2012-12-31": -17.826, "2012-09-30": -17.888, "2012-06-30": -25.449, "2012-03-31": "-15.57800", "2011-12-31": -14.661, "2011-09-30": -15.138, "2011-06-30": -15.104, "2011-03-31": "-12.85600", "2010-12-31": -12.76, "2010-09-30": -12.754, "2010-06-30": -12.728, "2010-03-31": "-11.40100", "2009-12-31": -13.924, "2009-09-30": -11.358, "2009-06-30": -16.987, "2009-03-31": "-13.87200", "2008-12-31": -12.705, "2008-09-30": -15.417, "2008-06-30": -12.62, "2008-03-31": "-15.19300", "2007-12-31": -12.299, "2007-09-30": -14.325, "2007-06-30": -14.733, "2007-03-31": "-13.00200", "2006-12-31": -11.692, "2006-09-30": -7.838, "2006-06-30": -10.176, "2006-03-31": "-8.67200", "2005-12-31": -8.655, "2005-09-30": -8.214, "2005-06-30": -7.98, "2005-03-31": "-4.99800"}}, "financial ratios": {"Current Ratio": {"2019-12-31": "1.57920", "2018-12-31": "1.68900", "2017-12-31": "2.06300", "2016-12-31": "2.90030", "2015-12-31": "1.13260", "2014-12-31": "2.93790", "2013-12-31": "3.39840", "2012-12-31": "3.65530", "2011-12-31": "3.37910", "2010-12-31": "3.70200", "2009-12-31": "2.92160", "2008-12-31": "2.68940", "2007-12-31": "2.57330", "2006-12-31": "1.98960", "2005-12-31": "2.07070"}, "Long-term Debt / Capital": {"2019-12-31": "0.41150", "2018-12-31": "0.27110", "2017-12-31": "0.27050", "2016-12-31": "0.34990", "2015-12-31": "0.48020", "2014-12-31": "0.59890", "2013-12-31": "0.37690", "2012-12-31": "0.26220", "2011-12-31": "0.30860", "2010-12-31": "0.36600", "2009-12-31": "0.38250", "2008-12-31": "0.44800", "2007-12-31": "0.35620", "2006-12-31": "0.39880", "2005-12-31": "0.45480"}, "Debt/Equity Ratio": {"2019-12-31": "0.74510", "2018-12-31": "0.45360", "2017-12-31": "0.48130", "2016-12-31": "0.60090", "2015-12-31": "1.12230", "2014-12-31": "1.97100", "2013-12-31": "0.61900", "2012-12-31": "0.36190", "2011-12-31": "0.45490", "2010-12-31": "0.58340", "2009-12-31": "0.64840", "2008-12-31": "0.83500", "2007-12-31": "0.56630", "2006-12-31": "0.71260", "2005-12-31": "0.89590"}, "Gross Margin": {"2019-12-31": "35.04120", "2018-12-31": "36.06740", "2017-12-31": "36.01190", "2016-12-31": "36.24330", "2015-12-31": "30.43530", "2014-12-31": "31.52050", "2013-12-31": "35.52110", "2012-12-31": "35.68040", "2011-12-31": "33.28500", "2010-12-31": "31.40010", "2009-12-31": "24.12800", "2008-12-31": "24.63100", "2007-12-31": "26.64560", "2006-12-31": "23.25580", "2005-12-31": "20.09010"}, "Operating Margin": {"2019-12-31": "18.55790", "2018-12-31": "27.00900", "2017-12-31": "18.60890", "2016-12-31": "22.44810", "2015-12-31": "12.21010", "2014-12-31": "11.09360", "2013-12-31": "24.08560", "2012-12-31": "15.86970", "2011-12-31": "18.04790", "2010-12-31": "17.01160", "2009-12-31": "9.28900", "2008-12-31": "8.95450", "2007-12-31": "13.26470", "2006-12-31": "7.49350", "2005-12-31": "7.77680"}, "EBIT Margin": {"2019-12-31": "18.55790", "2018-12-31": "27.00900", "2017-12-31": "18.60890", "2016-12-31": "22.44810", "2015-12-31": "12.21010", "2014-12-31": "11.09360", "2013-12-31": "24.08560", "2012-12-31": "15.86970", "2011-12-31": "18.04790", "2010-12-31": "17.01160", "2009-12-31": "9.28900", "2008-12-31": "8.95450", "2007-12-31": "13.26470", "2006-12-31": "7.49350", "2005-12-31": "7.77680"}, "EBITDA Margin": {"2019-12-31": "24.50550", "2018-12-31": "32.95570", "2017-12-31": "25.01930", "2016-12-31": "30.89600", "2015-12-31": "21.41170", "2014-12-31": "15.32870", "2013-12-31": "28.57010", "2012-12-31": "19.80040", "2011-12-31": "21.42020", "2010-12-31": "21.05670", "2009-12-31": "14.30110", "2008-12-31": "13.48140", "2007-12-31": "17.83860", "2006-12-31": "12.26230", "2005-12-31": "13.34900"}, "Pre-Tax Profit Margin": {"2019-12-31": "15.68360", "2018-12-31": "23.54710", "2017-12-31": "14.54430", "2016-12-31": "19.24640", "2015-12-31": "10.99420", "2014-12-31": "8.71700", "2013-12-31": "22.48880", "2012-12-31": "14.61650", "2011-12-31": "16.75070", "2010-12-31": "16.04890", "2009-12-31": "7.99210", "2008-12-31": "7.43150", "2007-12-31": "11.89200", "2006-12-31": "5.63170", "2005-12-31": "5.85710"}, "Net Profit Margin": {"2019-12-31": "14.85550", "2018-12-31": "20.55030", "2017-12-31": "1.78550", "2016-12-31": "24.04280", "2015-12-31": "11.84910", "2014-12-31": "5.45140", "2013-12-31": "17.25670", "2012-12-31": "12.36670", "2011-12-31": "13.66730", "2010-12-31": "13.36480", "2009-12-31": "8.89440", "2008-12-31": "7.87160", "2007-12-31": "9.83180", "2006-12-31": "6.03630", "2005-12-31": "5.45040"}, "Asset Turnover": {"2019-12-31": "0.36400", "2018-12-31": "0.44510", "2017-12-31": "0.39630", "2016-12-31": "0.32800", "2015-12-31": "0.29450", "2014-12-31": "0.46820", "2013-12-31": "0.66790", "2012-12-31": "0.73290", "2011-12-31": "0.89550", "2010-12-31": "0.77010", "2009-12-31": "0.72360", "2008-12-31": "0.85880", "2007-12-31": "0.82230", "2006-12-31": "0.93600", "2005-12-31": "0.82470"}, "Inventory Turnover Ratio": {"2019-12-31": "3.03210", "2018-12-31": "3.08000", "2017-12-31": "3.31610", "2016-12-31": "3.79090", "2015-12-31": "4.47360", "2014-12-31": "4.67320", "2013-12-31": "3.54040", "2012-12-31": "3.78450", "2011-12-31": "4.43590", "2010-12-31": "4.16450", "2009-12-31": "4.37840", "2008-12-31": "3.45070", "2007-12-31": "3.62440", "2006-12-31": "4.80490", "2005-12-31": "4.09730"}, "Receiveable Turnover": {"2019-12-31": "5.27700", "2018-12-31": "5.13090", "2017-12-31": "5.36810", "2016-12-31": "5.07030", "2015-12-31": "5.97680", "2014-12-31": "5.62670", "2013-12-31": "4.86680", "2012-12-31": "5.95800", "2011-12-31": "7.32690", "2010-12-31": "6.30640", "2009-12-31": "6.09140", "2008-12-31": "7.52720", "2007-12-31": "5.49220", "2006-12-31": "5.92050", "2005-12-31": "5.43920"}, "Days Sales In Receivables": {"2019-12-31": "69.16810", "2018-12-31": "71.13780", "2017-12-31": "67.99400", "2016-12-31": "71.98830", "2015-12-31": "61.06960", "2014-12-31": "64.86960", "2013-12-31": "74.99770", "2012-12-31": "61.26190", "2011-12-31": "49.81640", "2010-12-31": "57.87750", "2009-12-31": "59.92010", "2008-12-31": "48.49050", "2007-12-31": "66.45750", "2006-12-31": "61.65040", "2005-12-31": "67.10510"}, "ROE - Return On Equity": {"2019-12-31": "14.76350", "2018-12-31": "19.66260", "2017-12-31": "2.60540", "2016-12-31": "12.14020", "2015-12-31": "9.63120", "2014-12-31": "15.47980", "2013-12-31": "25.00180", "2012-12-31": "16.86570", "2011-12-31": "25.02920", "2010-12-31": "22.32210", "2009-12-31": "15.12970", "2008-12-31": "19.07850", "2007-12-31": "19.34770", "2006-12-31": "13.90620", "2005-12-31": "12.34760"}, "Return On Tangible Equity": {"2019-12-31": "27.97730", "2018-12-31": "40.93150", "2017-12-31": "5.56980", "2016-12-31": "23.37090", "2015-12-31": "21.04110", "2014-12-31": "19.18310", "2013-12-31": "31.79620", "2012-12-31": "20.87980", "2011-12-31": "32.94630", "2010-12-31": "30.82280", "2009-12-31": "23.40810", "2008-12-31": "31.75880", "2007-12-31": "29.55690", "2006-12-31": "22.87330", "2005-12-31": "21.43820"}, "ROA - Return On Assets": {"2019-12-31": "6.12880", "2018-12-31": "9.74900", "2017-12-31": "1.28330", "2016-12-31": "5.86480", "2015-12-31": "3.41310", "2014-12-31": "4.41190", "2013-12-31": "12.15480", "2012-12-31": "9.47970", "2011-12-31": "13.11550", "2010-12-31": "10.73690", "2009-12-31": "6.84180", "2008-12-31": "7.41490", "2007-12-31": "8.70540", "2006-12-31": "5.65010", "2005-12-31": "4.49470"}, "ROI - Return On Investment": {"2019-12-31": "8.68770", "2018-12-31": "14.33270", "2017-12-31": "1.90080", "2016-12-31": "7.89270", "2015-12-31": "5.00630", "2014-12-31": "6.20840", "2013-12-31": "15.57790", "2012-12-31": "12.44350", "2011-12-31": "17.30570", "2010-12-31": "14.15220", "2009-12-31": "9.34230", "2008-12-31": "10.53170", "2007-12-31": "12.45570", "2006-12-31": "8.36100", "2005-12-31": "6.73250"}, "Book Value Per Share": {"2019-12-31": "38.60410", "2018-12-31": "35.59220", "2017-12-31": "34.53460", "2016-12-31": "35.03790", "2015-12-31": "30.30960", "2014-12-31": "19.07750", "2013-12-31": "21.77030", "2012-12-31": "21.73260", "2011-12-31": "18.89700", "2010-12-31": "16.11180", "2009-12-31": "13.69610", "2008-12-31": "12.27170", "2007-12-31": "13.49360", "2006-12-31": "10.83810", "2005-12-31": "4.97480"}, "Operating Cash Flow Per Share": {"2019-12-31": 1.7764, "2018-12-31": 2.2848, "2017-12-31": -3.7904, "2016-12-31": 3.261, "2015-12-31": -2.9932, "2014-12-31": 1.0941, "2013-12-31": -0.3043, "2012-12-31": 0.1127, "2011-12-31": 1.731, "2010-12-31": -0.3011, "2009-12-31": 0.3674, "2008-12-31": 0.9982, "2007-12-31": -1.3444, "2006-12-31": 2.1056, "2005-12-31": 1.7683}, "Free Cash Flow Per Share": {"2019-12-31": 0.2572, "2018-12-31": -1.2832, "2017-12-31": -4.8808, "2016-12-31": 3.565, "2015-12-31": -3.6359, "2014-12-31": 1.5385, "2013-12-31": 0.9782, "2012-12-31": -0.9299, "2011-12-31": 0.4676, "2010-12-31": -0.0249, "2009-12-31": 0.2832, "2008-12-31": 1.0012, "2007-12-31": -1.3303, "2006-12-31": 1.8116, "2005-12-31": 1.0344}}, "financial ratios, quarterly": {"Current Ratio": {"2020-09-30": "1.38090", "2020-06-30": "1.61350", "2020-03-31": "1.80660", "2019-12-31": "1.57920", "2019-09-30": "1.38590", "2019-06-30": "1.45480", "2019-03-31": "1.55470", "2018-12-31": "1.68900", "2018-09-30": "1.82750", "2018-06-30": "2.19180", "2018-03-31": "2.48450", "2017-12-31": "2.06300", "2017-09-30": "2.11000", "2017-06-30": "2.24110", "2017-03-31": "1.97880", "2016-12-31": "2.90030", "2016-09-30": "1.44660", "2016-06-30": "1.31810", "2016-03-31": "1.31860", "2015-12-31": "1.13260", "2015-09-30": "1.30120", "2015-06-30": "1.20910", "2015-03-31": "1.15810", "2014-12-31": "2.93790", "2014-09-30": "1.85590", "2014-06-30": "1.87020", "2014-03-31": "3.49100", "2013-12-31": "3.39840", "2013-09-30": "3.39480", "2013-06-30": "3.41300", "2013-03-31": "3.23200", "2012-12-31": "3.65530", "2012-09-30": "3.62560", "2012-06-30": "3.51240", "2012-03-31": "3.39110", "2011-12-31": "3.37910", "2011-09-30": "3.60180", "2011-06-30": "3.69080", "2011-03-31": "3.52810", "2010-12-31": "3.70200", "2010-09-30": "3.48550", "2010-06-30": "3.40880", "2010-03-31": "3.03080", "2009-12-31": "2.92160", "2009-09-30": "2.93310", "2009-06-30": "3.12670", "2009-03-31": "3.10190", "2008-12-31": "2.68940", "2008-09-30": "3.21820", "2008-06-30": "2.80040", "2008-03-31": "2.79820", "2007-12-31": "2.57330", "2007-09-30": "2.52050", "2007-06-30": "2.91010", "2007-03-31": "2.66110", "2006-12-31": "1.98960", "2006-09-30": "2.23610", "2006-06-30": "2.22360", "2006-03-31": "2.26470", "2005-12-31": "2.07070", "2005-09-30": "1.98150", "2005-06-30": "2.13990", "2005-03-31": "2.15260"}, "Long-term Debt / Capital": {"2020-09-30": "0.40470", "2020-06-30": "0.42680", "2020-03-31": "0.43450", "2019-12-31": "0.41150", "2019-09-30": "0.25640", "2019-06-30": "0.26030", "2019-03-31": "0.26510", "2018-12-31": "0.27110", "2018-09-30": "0.27690", "2018-06-30": "0.26830", "2018-03-31": "0.26710", "2017-12-31": "0.27050", "2017-09-30": "0.25840", "2017-06-30": "0.26710", "2017-03-31": "0.26980", "2016-12-31": "0.34990", "2016-09-30": "0.46900", "2016-06-30": "0.47730", "2016-03-31": "0.45670", "2015-12-31": "0.48020", "2015-09-30": "0.52080", "2015-06-30": "0.51790", "2015-03-31": "0.52170", "2014-12-31": "0.59890", "2014-09-30": "0.30120", "2014-06-30": "0.29680", "2014-03-31": "0.37860", "2013-12-31": "0.37690", "2013-09-30": "0.40200", "2013-06-30": "0.42150", "2013-03-31": "0.26520", "2012-12-31": "0.26220", "2012-09-30": "0.26940", "2012-06-30": "0.29270", "2012-03-31": "0.29110", "2011-12-31": "0.30860", "2011-09-30": "0.34460", "2011-06-30": "0.29630", "2011-03-31": "0.31330", "2010-12-31": "0.36600", "2010-09-30": "0.34440", "2010-06-30": "0.38580", "2010-03-31": "0.39110", "2009-12-31": "0.38250", "2009-09-30": "0.38930", "2009-06-30": "0.41570", "2009-03-31": "0.45560", "2008-12-31": "0.44800", "2008-09-30": "0.42950", "2008-06-30": "0.39930", "2008-03-31": "0.40800", "2007-12-31": "0.35620", "2007-09-30": "0.35860", "2007-06-30": "0.41130", "2007-03-31": "0.40380", "2006-12-31": "0.39880", "2006-09-30": "0.41590", "2006-06-30": "0.42070", "2006-03-31": "0.44410", "2005-12-31": "0.45480", "2005-09-30": "0.47480", "2005-06-30": "0.48470", "2005-03-31": "0.48490"}, "Debt/Equity Ratio": {"2020-09-30": "0.81940", "2020-06-30": "0.84120", "2020-03-31": "0.77710", "2019-12-31": "0.74510", "2019-09-30": "0.47950", "2019-06-30": "0.47530", "2019-03-31": "0.47090", "2018-12-31": "0.45360", "2018-09-30": "0.46060", "2018-06-30": "0.42100", "2018-03-31": "0.37430", "2017-12-31": "0.48130", "2017-09-30": "0.44300", "2017-06-30": "0.44320", "2017-03-31": "0.45270", "2016-12-31": "0.60090", "2016-09-30": "0.99940", "2016-06-30": "1.06260", "2016-03-31": "0.97160", "2015-12-31": "1.12230", "2015-09-30": "1.17370", "2015-06-30": "1.20340", "2015-03-31": "1.23580", "2014-12-31": "1.97100", "2014-09-30": "0.66300", "2014-06-30": "0.65430", "2014-03-31": "0.61980", "2013-12-31": "0.61900", "2013-09-30": "0.68470", "2013-06-30": "0.73510", "2013-03-31": "0.36580", "2012-12-31": "0.36190", "2012-09-30": "0.37540", "2012-06-30": "0.42080", "2012-03-31": "0.41870", "2011-12-31": "0.45490", "2011-09-30": "0.53340", "2011-06-30": "0.42820", "2011-03-31": "0.46170", "2010-12-31": "0.58340", "2010-09-30": "0.53250", "2010-06-30": "0.63510", "2010-03-31": "0.64910", "2009-12-31": "0.64840", "2009-09-30": "0.65970", "2009-06-30": "0.73480", "2009-03-31": "0.86160", "2008-12-31": "0.83500", "2008-09-30": "0.77260", "2008-06-30": "0.68090", "2008-03-31": "0.70470", "2007-12-31": "0.56630", "2007-09-30": "0.57460", "2007-06-30": "0.71510", "2007-03-31": "0.68400", "2006-12-31": "0.71260", "2006-09-30": "0.76230", "2006-06-30": "0.77630", "2006-03-31": "0.85220", "2005-12-31": "0.89590", "2005-09-30": "0.96950", "2005-06-30": "0.99110", "2005-03-31": "0.99300"}, "Gross Margin": {"2020-09-30": "34.01620", "2020-06-30": "30.54240", "2020-03-31": "32.75630", "2019-12-31": "34.10470", "2019-09-30": "35.22230", "2019-06-30": "36.82430", "2019-03-31": "34.07020", "2018-12-31": "34.76020", "2018-09-30": "36.07040", "2018-06-30": "36.46390", "2018-03-31": "37.11880", "2017-12-31": "35.40530", "2017-09-30": "36.51720", "2017-06-30": "36.88820", "2017-03-31": "35.30940", "2016-12-31": "34.55030", "2016-09-30": "36.53950", "2016-06-30": "37.06770", "2016-03-31": "36.90350", "2015-12-31": "32.17440", "2015-09-30": "31.59840", "2015-06-30": "29.51890", "2015-03-31": "29.22490", "2014-12-31": "27.13820", "2014-09-30": "31.98010", "2014-06-30": "34.29070", "2014-03-31": "32.60840", "2013-12-31": "42.69540", "2013-09-30": "35.45540", "2013-06-30": "33.22750", "2013-03-31": "31.10700", "2012-12-31": "39.19650", "2012-09-30": "32.93130", "2012-06-30": "36.39800", "2012-03-31": "35.26470", "2011-12-31": "29.96510", "2011-09-30": "35.68740", "2011-06-30": "33.95050", "2011-03-31": "33.45380", "2010-12-31": "31.81110", "2010-09-30": "33.64290", "2010-06-30": "31.75910", "2010-03-31": "28.34390", "2009-12-31": "26.77380", "2009-09-30": "26.02080", "2009-06-30": "24.66160", "2009-03-31": "18.60000", "2008-12-31": "23.77690", "2008-09-30": "23.34470", "2008-06-30": "26.25550", "2008-03-31": "25.05490", "2007-12-31": "26.09640", "2007-09-30": "26.19300", "2007-06-30": "27.20450", "2007-03-31": "27.11790", "2006-12-31": "25.44730", "2006-09-30": "24.38690", "2006-06-30": "23.09860", "2006-03-31": "20.16170", "2005-12-31": "18.92260", "2005-09-30": "19.66250", "2005-06-30": "20.91820", "2005-03-31": "21.04500"}, "Operating Margin": {"2020-09-30": "19.33840", "2020-06-30": "14.68490", "2020-03-31": "16.78890", "2019-12-31": "14.01270", "2019-09-30": "21.15920", "2019-06-30": "20.98600", "2019-03-31": "18.64690", "2018-12-31": "18.96570", "2018-09-30": "21.05570", "2018-06-30": "45.71520", "2018-03-31": "22.22690", "2017-12-31": "19.17650", "2017-09-30": "19.52960", "2017-06-30": "18.72330", "2017-03-31": "16.85520", "2016-12-31": "15.75830", "2016-09-30": "19.09890", "2016-06-30": "18.45030", "2016-03-31": "36.94350", "2015-12-31": "26.90590", "2015-09-30": "12.46650", "2015-06-30": "11.03510", "2015-03-31": "4.14810", "2014-12-31": "-3.89900", "2014-09-30": "16.57380", "2014-06-30": "18.22990", "2014-03-31": "12.99060", "2013-12-31": "38.42000", "2013-09-30": "21.78670", "2013-06-30": "18.78850", "2013-03-31": "17.90560", "2012-12-31": "5.50620", "2012-09-30": "21.85560", "2012-06-30": "10.50370", "2012-03-31": "22.19000", "2011-12-31": "9.33400", "2011-09-30": "22.17350", "2011-06-30": "20.09070", "2011-03-31": "20.43880", "2010-12-31": "16.27850", "2010-09-30": "20.60780", "2010-06-30": "17.99800", "2010-03-31": "13.14290", "2009-12-31": "11.36400", "2009-09-30": "12.21190", "2009-06-30": "6.95960", "2009-03-31": "5.94480", "2008-12-31": "-3.39540", "2008-09-30": "11.64210", "2008-06-30": "12.53160", "2008-03-31": "12.54370", "2007-12-31": "12.93490", "2007-09-30": "13.10590", "2007-06-30": "13.17090", "2007-03-31": "13.84700", "2006-12-31": "13.14560", "2006-09-30": "-1.72680", "2006-06-30": "10.19420", "2006-03-31": "8.75190", "2005-12-31": "6.71140", "2005-09-30": "7.71430", "2005-06-30": "9.15440", "2005-03-31": "7.70950"}, "EBIT Margin": {"2020-09-30": "19.33840", "2020-06-30": "14.68490", "2020-03-31": "16.78890", "2019-12-31": "14.01270", "2019-09-30": "21.15920", "2019-06-30": "20.98600", "2019-03-31": "18.64690", "2018-12-31": "18.96570", "2018-09-30": "21.05570", "2018-06-30": "45.71520", "2018-03-31": "22.22690", "2017-12-31": "19.17650", "2017-09-30": "19.52960", "2017-06-30": "18.72330", "2017-03-31": "16.85520", "2016-12-31": "15.75830", "2016-09-30": "19.09890", "2016-06-30": "18.45030", "2016-03-31": "36.94350", "2015-12-31": "26.90590", "2015-09-30": "12.46650", "2015-06-30": "11.03510", "2015-03-31": "4.14810", "2014-12-31": "-3.89900", "2014-09-30": "16.57380", "2014-06-30": "18.22990", "2014-03-31": "12.99060", "2013-12-31": "38.42010", "2013-09-30": "21.78670", "2013-06-30": "18.78850", "2013-03-31": "17.90560", "2012-12-31": "5.50620", "2012-09-30": "21.85560", "2012-06-30": "10.50370", "2012-03-31": "22.19000", "2011-12-31": "9.33400", "2011-09-30": "22.17350", "2011-06-30": "20.09070", "2011-03-31": "20.43880", "2010-12-31": "16.27850", "2010-09-30": "20.60780", "2010-06-30": "17.99800", "2010-03-31": "13.14290", "2009-12-31": "11.36400", "2009-09-30": "12.21190", "2009-06-30": "6.95960", "2009-03-31": "5.94480", "2008-12-31": "-3.39540", "2008-09-30": "11.64210", "2008-06-30": "12.53160", "2008-03-31": "12.54370", "2007-12-31": "12.93490", "2007-09-30": "13.10590", "2007-06-30": "13.17090", "2007-03-31": "13.84700", "2006-12-31": "13.14570", "2006-09-30": "-1.72680", "2006-06-30": "10.19420", "2006-03-31": "8.75190", "2005-12-31": "6.71140", "2005-09-30": "7.71430", "2005-06-30": "9.15440", "2005-03-31": "7.70950"}, "EBITDA Margin": {"2020-09-30": "", "2020-06-30": "", "2020-03-31": "", "2019-12-31": "", "2019-09-30": "", "2019-06-30": "", "2019-03-31": "", "2018-12-31": "", "2018-09-30": "", "2018-06-30": "", "2018-03-31": "", "2017-12-31": "", "2017-09-30": "", "2017-06-30": "", "2017-03-31": "", "2016-12-31": "", "2016-09-30": "", "2016-06-30": "", "2016-03-31": "", "2015-12-31": "", "2015-09-30": "", "2015-06-30": "", "2015-03-31": "", "2014-12-31": "", "2014-09-30": "", "2014-06-30": "", "2014-03-31": "", "2013-12-31": "", "2013-09-30": "", "2013-06-30": "", "2013-03-31": "", "2012-12-31": "", "2012-09-30": "", "2012-06-30": "", "2012-03-31": "", "2011-12-31": "", "2011-09-30": "", "2011-06-30": "", "2011-03-31": "", "2010-12-31": "", "2010-09-30": "", "2010-06-30": "", "2010-03-31": "", "2009-12-31": "", "2009-09-30": "", "2009-06-30": "", "2009-03-31": "", "2008-12-31": "", "2008-09-30": "", "2008-06-30": "", "2008-03-31": "", "2007-12-31": "", "2007-09-30": "", "2007-06-30": "", "2007-03-31": "", "2006-12-31": "", "2006-09-30": "", "2006-06-30": "", "2006-03-31": "", "2005-12-31": "", "2005-09-30": "", "2005-06-30": "", "2005-03-31": ""}, "Pre-Tax Profit Margin": {"2020-09-30": "16.27380", "2020-06-30": "11.52740", "2020-03-31": "15.62890", "2019-12-31": "7.88840", "2019-09-30": "18.61020", "2019-06-30": "18.87700", "2019-03-31": "18.49130", "2018-12-31": "14.07270", "2018-09-30": "19.87340", "2018-06-30": "43.54500", "2018-03-31": "16.87000", "2017-12-31": "16.54560", "2017-09-30": "17.17440", "2017-06-30": "16.51670", "2017-03-31": "7.40340", "2016-12-31": "10.07460", "2016-09-30": "17.11790", "2016-06-30": "15.74660", "2016-03-31": "34.65100", "2015-12-31": "25.19160", "2015-09-30": "9.70120", "2015-06-30": "8.20710", "2015-03-31": "5.75490", "2014-12-31": "-8.14410", "2014-09-30": "14.18170", "2014-06-30": "16.62390", "2014-03-31": "11.71860", "2013-12-31": "36.75460", "2013-09-30": "20.11820", "2013-06-30": "17.19480", "2013-03-31": "16.43440", "2012-12-31": "3.77190", "2012-09-30": "21.01720", "2012-06-30": "9.16420", "2012-03-31": "20.94620", "2011-12-31": "8.03700", "2011-09-30": "20.96260", "2011-06-30": "18.73870", "2011-03-31": "19.11020", "2010-12-31": "15.24210", "2010-09-30": "19.78120", "2010-06-30": "16.86500", "2010-03-31": "12.29390", "2009-12-31": "9.94270", "2009-09-30": "11.07540", "2009-06-30": "5.87900", "2009-03-31": "4.42300", "2008-12-31": "-5.55260", "2008-09-30": "9.74450", "2008-06-30": "11.48400", "2008-03-31": "11.44070", "2007-12-31": "11.82460", "2007-09-30": "11.62090", "2007-06-30": "11.61260", "2007-03-31": "12.49650", "2006-12-31": "11.38130", "2006-09-30": "-3.33130", "2006-06-30": "7.67300", "2006-03-31": "7.15600", "2005-12-31": "4.96230", "2005-09-30": "5.67170", "2005-06-30": "7.15400", "2005-03-31": "5.79470"}, "Net Profit Margin": {"2020-09-30": "13.16180", "2020-06-30": "11.20660", "2020-03-31": "14.50970", "2019-12-31": "9.10680", "2019-09-30": "17.62670", "2019-06-30": "17.42250", "2019-03-31": "16.05270", "2018-12-31": "14.06060", "2018-09-30": "16.68210", "2018-06-30": "35.42220", "2018-03-31": "16.03640", "2017-12-31": "-25.45680", "2017-09-30": "15.72070", "2017-06-30": "14.01590", "2017-03-31": "7.09260", "2016-12-31": "86.42590", "2016-09-30": "19.60520", "2016-06-30": "-47.03550", "2016-03-31": "34.72040", "2015-12-31": "32.84560", "2015-09-30": "9.43310", "2015-06-30": "7.25990", "2015-03-31": "4.87500", "2014-12-31": "-3.09210", "2014-09-30": "11.33130", "2014-06-30": "3.71200", "2014-03-31": "9.43300", "2013-12-31": "26.67310", "2013-09-30": "15.31000", "2013-06-30": "14.34340", "2013-03-31": "13.08970", "2012-12-31": "8.17770", "2012-09-30": "16.55400", "2012-06-30": "7.31340", "2012-03-31": "16.05470", "2011-12-31": "7.81420", "2011-09-30": "16.05830", "2011-06-30": "15.38310", "2011-03-31": "15.30160", "2010-12-31": "12.73280", "2010-09-30": "16.01420", "2010-06-30": "13.79800", "2010-03-31": "10.91010", "2009-12-31": "11.16840", "2009-09-30": "10.11710", "2009-06-30": "8.64430", "2009-03-31": "5.21980", "2008-12-31": "2.53240", "2008-09-30": "8.50540", "2008-06-30": "9.93230", "2008-03-31": "9.46770", "2007-12-31": "9.78380", "2007-09-30": "10.12000", "2007-06-30": "9.55340", "2007-03-31": "9.86160", "2006-12-31": "10.77380", "2006-09-30": "0.37660", "2006-06-30": "7.61730", "2006-03-31": "5.66000", "2005-12-31": "5.47420", "2005-09-30": "5.18980", "2005-06-30": "6.37650", "2005-03-31": "4.76880"}, "Asset Turnover": {"2020-09-30": "0.07300", "2020-06-30": "0.07510", "2020-03-31": "0.07500", "2019-12-31": "0.10070", "2019-09-30": "0.10810", "2019-06-30": "0.10930", "2019-03-31": "0.10570", "2018-12-31": "0.12160", "2018-09-30": "0.10390", "2018-06-30": "0.11330", "2018-03-31": "0.10870", "2017-12-31": "0.11070", "2017-09-30": "0.10030", "2017-06-30": "0.10110", "2017-03-31": "0.09800", "2016-12-31": "0.08540", "2016-09-30": "0.06960", "2016-06-30": "0.07190", "2016-03-31": "0.06960", "2015-12-31": "0.05530", "2015-09-30": "0.07160", "2015-06-30": "0.07350", "2015-03-31": "0.09030", "2014-12-31": "0.11460", "2014-09-30": "0.18930", "2014-06-30": "0.17510", "2014-03-31": "0.16860", "2013-12-31": "0.16310", "2013-09-30": "0.17040", "2013-06-30": "0.17290", "2013-03-31": "0.18600", "2012-12-31": "0.13420", "2012-09-30": "0.19660", "2012-06-30": "0.20740", "2012-03-31": "0.21160", "2011-12-31": "0.22080", "2011-09-30": "0.22120", "2011-06-30": "0.22540", "2011-03-31": "0.22180", "2010-12-31": "0.19720", "2010-09-30": "0.19920", "2010-06-30": "0.21690", "2010-03-31": "0.21050", "2009-12-31": "0.20140", "2009-09-30": "0.18530", "2009-06-30": "0.16730", "2009-03-31": "0.18120", "2008-12-31": "0.18020", "2008-09-30": "0.21860", "2008-06-30": "0.20230", "2008-03-31": "0.22460", "2007-12-31": "0.21090", "2007-09-30": "0.21430", "2007-06-30": "0.21160", "2007-03-31": "0.22580", "2006-12-31": "0.23100", "2006-09-30": "0.23260", "2006-06-30": "0.21530", "2006-03-31": "0.23520", "2005-12-31": "0.23010", "2005-09-30": "0.19770", "2005-06-30": "0.19900", "2005-03-31": "0.20370"}, "Inventory Turnover Ratio": {"2020-09-30": "0.59510", "2020-06-30": "0.62340", "2020-03-31": "0.58210", "2019-12-31": "0.85050", "2019-09-30": "0.71020", "2019-06-30": "0.68690", "2019-03-31": "0.72540", "2018-12-31": "0.85840", "2018-09-30": "0.68360", "2018-06-30": "0.81520", "2018-03-31": "0.77510", "2017-12-31": "0.93470", "2017-09-30": "0.78530", "2017-06-30": "0.82220", "2017-03-31": "0.90010", "2016-12-31": "1.01270", "2016-09-30": "0.82190", "2016-06-30": "0.81470", "2016-03-31": "0.78060", "2015-12-31": "0.81870", "2015-09-30": "0.75340", "2015-06-30": "0.84090", "2015-03-31": "1.00930", "2014-12-31": "1.21700", "2014-09-30": "1.18770", "2014-06-30": "1.07230", "2014-03-31": "0.96180", "2013-12-31": "0.76830", "2013-09-30": "0.78550", "2013-06-30": "0.85220", "2013-03-31": "1.02070", "2012-12-31": "0.65520", "2012-09-30": "0.90150", "2012-06-30": "0.87180", "2012-03-31": "0.99980", "2011-12-31": "1.14810", "2011-09-30": "0.97930", "2011-06-30": "1.10580", "2011-03-31": "1.15030", "2010-12-31": "1.05990", "2010-09-30": "1.03970", "2010-06-30": "1.24520", "2010-03-31": "1.24550", "2009-12-31": "1.17630", "2009-09-30": "1.04680", "2009-06-30": "0.86930", "2009-03-31": "0.89980", "2008-12-31": "0.73230", "2008-09-30": "0.97130", "2008-06-30": "0.81920", "2008-03-31": "0.99770", "2007-12-31": "0.93650", "2007-09-30": "0.96580", "2007-06-30": "1.00130", "2007-03-31": "1.09970", "2006-12-31": "1.15200", "2006-09-30": "1.19130", "2006-06-30": "1.05220", "2006-03-31": "1.20040", "2005-12-31": "1.16020", "2005-09-30": "0.94320", "2005-06-30": "1.00190", "2005-03-31": "1.08920"}, "Receiveable Turnover": {"2020-09-30": "1.29290", "2020-06-30": "1.28500", "2020-03-31": "1.24710", "2019-12-31": "1.45920", "2019-09-30": "1.21580", "2019-06-30": "1.21240", "2019-03-31": "1.25960", "2018-12-31": "1.40120", "2018-09-30": "1.31210", "2018-06-30": "1.38730", "2018-03-31": "1.26330", "2017-12-31": "1.49890", "2017-09-30": "1.32400", "2017-06-30": "1.36730", "2017-03-31": "1.28270", "2016-12-31": "1.31940", "2016-09-30": "1.33060", "2016-06-30": "1.36380", "2016-03-31": "1.00650", "2015-12-31": "1.12180", "2015-09-30": "0.99800", "2015-06-30": "1.01090", "2015-03-31": "1.24560", "2014-12-31": "1.37720", "2014-09-30": "1.51300", "2014-06-30": "1.35370", "2014-03-31": "1.29580", "2013-12-31": "1.18830", "2013-09-30": "1.32340", "2013-06-30": "1.27830", "2013-03-31": "1.41030", "2012-12-31": "1.09110", "2012-09-30": "1.57870", "2012-06-30": "1.64580", "2012-03-31": "1.67130", "2011-12-31": "1.80650", "2011-09-30": "1.64330", "2011-06-30": "1.62310", "2011-03-31": "1.56000", "2010-12-31": "1.61470", "2010-09-30": "1.57810", "2010-06-30": "1.54140", "2010-03-31": "1.43250", "2009-12-31": "1.69560", "2009-09-30": "1.58170", "2009-06-30": "1.47100", "2009-03-31": "1.55050", "2008-12-31": "1.57960", "2008-09-30": "1.46870", "2008-06-30": "1.40600", "2008-03-31": "1.41520", "2007-12-31": "1.40860", "2007-09-30": "1.34190", "2007-06-30": "1.45180", "2007-03-31": "1.36080", "2006-12-31": "1.46110", "2006-09-30": "1.41320", "2006-06-30": "1.43040", "2006-03-31": "1.48870", "2005-12-31": "1.51800", "2005-09-30": "1.42860", "2005-06-30": "1.44940", "2005-03-31": "1.36130"}, "Days Sales In Receivables": {"2020-09-30": "69.61330", "2020-06-30": "70.03800", "2020-03-31": "72.16960", "2019-12-31": "61.67680", "2019-09-30": "74.02510", "2019-06-30": "74.23440", "2019-03-31": "71.44940", "2018-12-31": "64.22860", "2018-09-30": "68.59220", "2018-06-30": "64.87310", "2018-03-31": "71.24140", "2017-12-31": "60.04240", "2017-09-30": "67.97660", "2017-06-30": "65.82560", "2017-03-31": "70.16720", "2016-12-31": "68.21430", "2016-09-30": "67.63880", "2016-06-30": "65.99320", "2016-03-31": "89.41830", "2015-12-31": "80.22540", "2015-09-30": "90.17610", "2015-06-30": "89.03400", "2015-03-31": "72.25190", "2014-12-31": "65.35140", "2014-09-30": "59.48270", "2014-06-30": "66.48350", "2014-03-31": "69.45290", "2013-12-31": "75.73670", "2013-09-30": "68.00480", "2013-06-30": "70.40410", "2013-03-31": "63.81620", "2012-12-31": "82.48660", "2012-09-30": "57.01030", "2012-06-30": "54.68470", "2012-03-31": "53.85190", "2011-12-31": "49.81890", "2011-09-30": "54.76690", "2011-06-30": "55.45110", "2011-03-31": "57.69350", "2010-12-31": "55.73690", "2010-09-30": "57.03170", "2010-06-30": "58.38930", "2010-03-31": "62.82570", "2009-12-31": "53.07750", "2009-09-30": "56.90090", "2009-06-30": "61.18400", "2009-03-31": "58.04610", "2008-12-31": "56.97660", "2008-09-30": "61.28030", "2008-06-30": "64.01060", "2008-03-31": "63.59740", "2007-12-31": "63.89420", "2007-09-30": "67.06900", "2007-06-30": "61.99250", "2007-03-31": "66.13570", "2006-12-31": "61.59540", "2006-09-30": "63.68700", "2006-06-30": "62.91950", "2006-03-31": "60.45420", "2005-12-31": "59.28790", "2005-09-30": "62.99780", "2005-06-30": "62.09550", "2005-03-31": "66.11200"}, "ROE - Return On Equity": {"2020-09-30": "2.70600", "2020-06-30": "2.46680", "2020-03-31": "3.05910", "2019-12-31": "2.59540", "2019-09-30": "4.28150", "2019-06-30": "4.40240", "2019-03-31": "3.92140", "2018-12-31": "3.88520", "2018-09-30": "3.89220", "2018-06-30": "8.09650", "2018-03-31": "3.52290", "2017-12-31": "-5.42400", "2017-09-30": "3.22290", "2017-06-30": "2.91530", "2017-03-31": "1.65590", "2016-12-31": "1.27590", "2016-09-30": "3.31780", "2016-06-30": "2.89100", "2016-03-31": "5.90650", "2015-12-31": "5.03860", "2015-09-30": "1.82750", "2015-06-30": "1.48430", "2015-03-31": "1.45190", "2014-12-31": "-0.87260", "2014-09-30": "5.54530", "2014-06-30": "5.50150", "2014-03-31": "3.82060", "2013-12-31": "9.20350", "2013-09-30": "6.17020", "2013-06-30": "6.03930", "2013-03-31": "4.70580", "2012-12-31": "2.02820", "2012-09-30": "6.01880", "2012-06-30": "2.98810", "2012-03-31": "6.56380", "2011-12-31": "3.56070", "2011-09-30": "7.36000", "2011-06-30": "6.86380", "2011-03-31": "6.84240", "2010-12-31": "5.51570", "2010-09-30": "6.74670", "2010-06-30": "6.88980", "2010-03-31": "5.23010", "2009-12-31": "5.20350", "2009-09-30": "4.60740", "2009-06-30": "3.48030", "2009-03-31": "2.52860", "2008-12-31": "1.64350", "2008-09-30": "4.84640", "2008-06-30": "5.12360", "2008-03-31": "5.35060", "2007-12-31": "5.96510", "2007-09-30": "4.86170", "2007-06-30": "4.84360", "2007-03-31": "5.35860", "2006-12-31": "6.12560", "2006-09-30": "0.22230", "2006-06-30": "4.20530", "2006-03-31": "3.53710", "2005-12-31": "3.46110", "2005-09-30": "2.89690", "2005-06-30": "3.59310", "2005-03-31": "2.79030"}, "Return On Tangible Equity": {"2020-09-30": "4.92110", "2020-06-30": "4.52690", "2020-03-31": "5.78300", "2019-12-31": "4.91830", "2019-09-30": "8.12190", "2019-06-30": "8.59860", "2019-03-31": "7.87370", "2018-12-31": "8.08780", "2018-09-30": "8.45300", "2018-06-30": "16.82770", "2018-03-31": "7.42890", "2017-12-31": "-11.59520", "2017-09-30": "6.48800", "2017-06-30": "5.99760", "2017-03-31": "3.42570", "2016-12-31": "2.45620", "2016-09-30": "7.21620", "2016-06-30": "6.57940", "2016-03-31": "-22.55310", "2015-12-31": "11.00780", "2015-09-30": "-4.17440", "2015-06-30": "-3.53350", "2015-03-31": "-3.34230", "2014-12-31": "-1.08140", "2014-09-30": "6.82750", "2014-06-30": "6.79130", "2014-03-31": "4.85870", "2013-12-31": "11.70470", "2013-09-30": "8.05630", "2013-06-30": "8.03170", "2013-03-31": "5.81010", "2012-12-31": "2.51090", "2012-09-30": "7.45880", "2012-06-30": "3.74570", "2012-03-31": "8.47140", "2011-12-31": "4.68700", "2011-09-30": "9.79710", "2011-06-30": "9.03440", "2011-03-31": "9.17540", "2010-12-31": "7.61610", "2010-09-30": "9.50540", "2010-06-30": "10.11740", "2010-03-31": "7.92370", "2009-12-31": "8.05060", "2009-09-30": "7.23120", "2009-06-30": "5.65930", "2009-03-31": "4.19210", "2008-12-31": "2.73580", "2008-09-30": "7.68040", "2008-06-30": "8.06390", "2008-03-31": "8.46650", "2007-12-31": "9.11270", "2007-09-30": "7.58060", "2007-06-30": "7.50900", "2007-03-31": "8.51640", "2006-12-31": "10.07560", "2006-09-30": "0.36110", "2006-06-30": "6.93020", "2006-03-31": "5.98650", "2005-12-31": "6.00930", "2005-09-30": "5.28020", "2005-06-30": "7.01090", "2005-03-31": "5.24360"}, "ROA - Return On Assets": {"2020-09-30": "1.14390", "2020-06-30": "1.02020", "2020-03-31": "1.25550", "2019-12-31": "1.07740", "2019-09-30": "2.10790", "2019-06-30": "2.16160", "2019-03-31": "1.92510", "2018-12-31": "1.92630", "2018-09-30": "1.91630", "2018-06-30": "4.12140", "2018-03-31": "1.83850", "2017-12-31": "-2.67160", "2017-09-30": "1.73050", "2017-06-30": "1.55910", "2017-03-31": "0.85060", "2016-12-31": "0.61640", "2016-09-30": "1.21860", "2016-06-30": "1.02640", "2016-03-31": "2.31210", "2015-12-31": "1.78560", "2015-09-30": "0.61850", "2015-06-30": "0.50370", "2015-03-31": "0.48140", "2014-12-31": "-0.24870", "2014-09-30": "2.59380", "2014-06-30": "2.58800", "2014-03-31": "1.85470", "2013-12-31": "4.47440", "2013-09-30": "2.80440", "2013-06-30": "2.65290", "2013-03-31": "2.59430", "2012-12-31": "1.14000", "2012-09-30": "3.40310", "2012-06-30": "1.62280", "2012-03-31": "3.52710", "2011-12-31": "1.86580", "2011-09-30": "3.76130", "2011-06-30": "3.75700", "2011-03-31": "3.62330", "2010-12-31": "2.65300", "2010-09-30": "3.30380", "2010-06-30": "3.15210", "2010-03-31": "2.35460", "2009-12-31": "2.35300", "2009-09-30": "2.06210", "2009-06-30": "1.50820", "2009-03-31": "1.00350", "2008-12-31": "0.63870", "2008-09-30": "2.01090", "2008-06-30": "2.18470", "2008-03-31": "2.24660", "2007-12-31": "2.68400", "2007-09-30": "2.16880", "2007-06-30": "2.02120", "2007-03-31": "2.22640", "2006-12-31": "2.48880", "2006-09-30": "0.08760", "2006-06-30": "1.63980", "2006-03-31": "1.33120", "2005-12-31": "1.25990", "2005-09-30": "1.02630", "2005-06-30": "1.26920", "2005-03-31": "0.97140"}, "ROI - Return On Investment": {"2020-09-30": "1.61090", "2020-06-30": "1.41390", "2020-03-31": "1.72990", "2019-12-31": "1.52720", "2019-09-30": "3.18380", "2019-06-30": "3.25660", "2019-03-31": "2.88180", "2018-12-31": "2.83200", "2018-09-30": "2.81450", "2018-06-30": "5.92460", "2018-03-31": "2.58210", "2017-12-31": "-3.95700", "2017-09-30": "2.39030", "2017-06-30": "2.13650", "2017-03-31": "1.20900", "2016-12-31": "0.82950", "2016-09-30": "1.76180", "2016-06-30": "1.51100", "2016-03-31": "3.20920", "2015-12-31": "2.61910", "2015-09-30": "0.87570", "2015-06-30": "0.71560", "2015-03-31": "0.69450", "2014-12-31": "-0.35000", "2014-09-30": "3.87510", "2014-06-30": "3.86870", "2014-03-31": "2.37390", "2013-12-31": "5.73440", "2013-09-30": "3.68970", "2013-06-30": "3.49350", "2013-03-31": "3.45780", "2012-12-31": "1.49640", "2012-09-30": "4.39720", "2012-06-30": "2.11350", "2012-03-31": "4.65310", "2011-12-31": "2.46190", "2011-09-30": "4.82380", "2011-06-30": "4.82990", "2011-03-31": "4.69870", "2010-12-31": "3.49690", "2010-09-30": "4.42290", "2010-06-30": "4.23150", "2010-03-31": "3.18450", "2009-12-31": "3.21310", "2009-09-30": "2.81390", "2009-06-30": "2.03330", "2009-03-31": "1.37650", "2008-12-31": "0.90720", "2008-09-30": "2.76470", "2008-06-30": "3.07780", "2008-03-31": "3.16750", "2007-12-31": "3.84020", "2007-09-30": "3.11810", "2007-06-30": "2.85160", "2007-03-31": "3.19460", "2006-12-31": "3.68300", "2006-09-30": "0.12980", "2006-06-30": "2.43610", "2006-03-31": "1.96630", "2005-12-31": "1.88720", "2005-09-30": "1.52130", "2005-06-30": "1.85150", "2005-03-31": "1.43730"}, "Book Value Per Share": {"2020-09-30": "40.63030", "2020-06-30": "39.55500", "2020-03-31": "38.01320", "2019-12-31": "38.60410", "2019-09-30": "37.80340", "2019-06-30": "37.50460", "2019-03-31": "36.47040", "2018-12-31": "35.59220", "2018-09-30": "34.71500", "2018-06-30": "35.38590", "2018-03-31": "35.60470", "2017-12-31": "34.53460", "2017-09-30": "36.55890", "2017-06-30": "35.32710", "2017-03-31": "34.16620", "2016-12-31": "35.03790", "2016-09-30": "30.68870", "2016-06-30": "29.41830", "2016-03-31": "32.90270", "2015-12-31": "30.30960", "2015-09-30": "29.18410", "2015-06-30": "29.55540", "2015-03-31": "28.94620", "2014-12-31": "19.07750", "2014-09-30": "20.28490", "2014-06-30": "20.77220", "2014-03-31": "21.71880", "2013-12-31": "21.77030", "2013-09-30": "19.37630", "2013-06-30": "18.01010", "2013-03-31": "21.59650", "2012-12-31": "21.73260", "2012-09-30": "21.30050", "2012-06-30": "20.04430", "2012-03-31": "20.26910", "2011-12-31": "18.89700", "2011-09-30": "18.82270", "2011-06-30": "19.64420", "2011-03-31": "18.13790", "2010-12-31": "16.11180", "2010-09-30": "15.72510", "2010-06-30": "13.69410", "2010-03-31": "13.58770", "2009-12-31": "13.69610", "2009-09-30": "13.54490", "2009-06-30": "12.59720", "2009-03-31": "11.65950", "2008-12-31": "12.27170", "2008-09-30": "13.74840", "2008-06-30": "14.29750", "2008-03-31": "13.66180", "2007-12-31": "13.49360", "2007-09-30": "12.69610", "2007-06-30": "11.64110", "2007-03-31": "11.34340", "2006-12-31": "10.83810", "2006-09-30": "10.87420", "2006-06-30": "10.87300", "2006-03-31": "10.27730", "2005-12-31": "4.97480", "2005-09-30": "9.73380", "2005-06-30": "9.57540", "2005-03-31": "9.35720"}, "Operating Cash Flow Per Share": {"2020-09-30": 2.3686, "2020-06-30": 0.4959, "2020-03-31": "1.45570", "2019-12-31": 3.5145, "2019-09-30": 1.3771, "2019-06-30": 1.3582, "2019-03-31": "0.51630", "2018-12-31": 1.5092, "2018-09-30": 1.4576, "2018-06-30": 0.9363, "2018-03-31": "1.08660", "2017-12-31": 2.0365, "2017-09-30": 1.1542, "2017-06-30": -1.2148, "2017-03-31": "0.72900", "2016-12-31": 2.4925, "2016-09-30": 1.7687, "2016-06-30": 0.7026, "2016-03-31": "1.53150", "2015-12-31": 0.4185, "2015-09-30": 1.6331, "2015-06-30": 0.7605, "2015-03-31": "0.42220", "2014-12-31": 0.754, "2014-09-30": 1.7418, "2014-06-30": 1.8696, "2014-03-31": "1.86210", "2013-12-31": 1.2542, "2013-09-30": 1.7623, "2013-06-30": 1.0114, "2013-03-31": "1.10550", "2012-12-31": 2.0278, "2012-09-30": 1.3565, "2012-06-30": 0.6799, "2012-03-31": "1.37350", "2011-12-31": 2.1866, "2011-09-30": 1.5632, "2011-06-30": 1.072, "2011-03-31": "0.50320", "2010-12-31": 0.5996, "2010-09-30": 1.5381, "2010-06-30": 1.2601, "2010-03-31": "0.19620", "2009-12-31": 1.0808, "2009-09-30": 1.6502, "2009-06-30": 1.1589, "2009-03-31": "0.00520", "2008-12-31": 1.7783, "2008-09-30": 0.7287, "2008-06-30": 0.8204, "2008-03-31": "0.20030", "2007-12-31": 0.9785, "2007-09-30": 0.6705, "2007-06-30": 0.8061, "2007-03-31": "0.07440", "2006-12-31": 1.6554, "2006-09-30": 0.8619, "2006-06-30": 0.9763, "2006-03-31": "0.38030", "2005-12-31": 0.7892, "2005-09-30": 0.5488, "2005-06-30": 0.4563, "2005-03-31": "-0.02600"}, "Free Cash Flow Per Share": {"2020-09-30": 0.4874, "2020-06-30": -1.4229, "2020-03-31": "-0.55840", "2019-12-31": 1.2269, "2019-09-30": -0.4375, "2019-06-30": -0.5191, "2019-03-31": "-1.41840", "2018-12-31": -0.5306, "2018-09-30": -0.3588, "2018-06-30": -0.4242, "2018-03-31": "-0.09170", "2017-12-31": 0.8842, "2017-09-30": 0.3515, "2017-06-30": -1.6089, "2017-03-31": "0.25110", "2016-12-31": 2.0014, "2016-09-30": 1.4024, "2016-06-30": 0.3388, "2016-03-31": "1.01610", "2015-12-31": -0.1599, "2015-09-30": 1.163, "2015-06-30": 0.2916, "2015-03-31": "-0.10100", "2014-12-31": 0.3309, "2014-09-30": 1.357, "2014-06-30": 1.5751, "2014-03-31": "1.56660", "2013-12-31": 1.0616, "2013-09-30": 1.3337, "2013-06-30": 0.4104, "2013-03-31": "0.48540", "2012-12-31": 1.3363, "2012-09-30": 0.3293, "2012-06-30": -0.1172, "2012-03-31": "0.76450", "2011-12-31": 1.5018, "2011-09-30": 0.8946, "2011-06-30": 0.6879, "2011-03-31": "0.15850", "2010-12-31": 0.3238, "2010-09-30": 1.3634, "2010-06-30": 1.0669, "2010-03-31": "0.02110", "2009-12-31": 0.8929, "2009-09-30": 1.4002, "2009-06-30": 0.862, "2009-03-31": "-0.35500", "2008-12-31": 1.389, "2008-09-30": 0.4771, "2008-06-30": 0.6011, "2008-03-31": "0.04970", "2007-12-31": 0.6985, "2007-09-30": 0.4506, "2007-06-30": 0.5613, "2007-03-31": "-0.19470", "2006-12-31": 1.3788, "2006-09-30": 0.615, "2006-06-30": 0.6895, "2006-03-31": "0.16270", "2005-12-31": 0.5822, "2005-09-30": 0.3991, "2005-06-30": 0.2794, "2005-03-31": "-0.22630"}}, "revenue": {"Albemarle Annual Revenue (Millions of US $)": {"2019": "$3,589", "2018": "$3,375", "2017": "$3,072", "2016": "$2,677", "2015": "$2,826", "2014": "$2,446", "2013": "$2,394", "2012": "$2,519", "2011": "$2,869", "2010": "$2,363", "2009": "$2,005", "2008": "$2,467", "2007": "$2,336", "2006": "$2,369", "2005": "$2,107"}, "Albemarle Quarterly Revenue (Millions of US $)": {"2020-09-30": "$747", "2020-06-30": "$764", "2020-03-31": "$739", "2019-12-31": "$993", "2019-09-30": "$880", "2019-06-30": "$885", "2019-03-31": "$832", "2018-12-31": "$922", "2018-09-30": "$778", "2018-06-30": "$854", "2018-03-31": "$822", "2017-12-31": "$858", "2017-09-30": "$755", "2017-06-30": "$737", "2017-03-31": "$722", "2016-12-31": "$697", "2016-09-30": "$654", "2016-06-30": "$669", "2016-03-31": "$657", "2015-12-31": "$531", "2015-09-30": "$693", "2015-06-30": "$718", "2015-03-31": "$884", "2014-12-31": "$599", "2014-09-30": "$642", "2014-06-30": "$605", "2014-03-31": "$600", "2013-12-31": "$585", "2013-09-30": "$591", "2013-06-30": "$577", "2013-03-31": "$642", "2012-12-31": "$461", "2012-09-30": "$661", "2012-06-30": "$685", "2012-03-31": "$712", "2011-12-31": "$707", "2011-09-30": "$723", "2011-06-30": "$742", "2011-03-31": "$697", "2010-12-31": "$605", "2010-09-30": "$585", "2010-06-30": "$592", "2010-03-31": "$580", "2009-12-31": "$558", "2009-09-30": "$515", "2009-06-30": "$445", "2009-03-31": "$487", "2008-12-31": "$518", "2008-09-30": "$660", "2008-06-30": "$621", "2008-03-31": "$668", "2007-12-31": "$599", "2007-09-30": "$584", "2007-06-30": "$564", "2007-03-31": "$589", "2006-12-31": "$585", "2006-09-30": "$608", "2006-06-30": "$569", "2006-03-31": "$607", "2005-12-31": "$588", "2005-09-30": "$507", "2005-06-30": "$503", "2005-03-31": "$510"}}, "gross-profit": {"Albemarle Annual Gross Profit (Millions of US $)": {"2019": "$1,258", "2018": "$1,217", "2017": "$1,106", "2016": "$970", "2015": "$860", "2014": "$771", "2013": "$850", "2012": "$899", "2011": "$955", "2010": "$742", "2009": "$484", "2008": "$608", "2007": "$622", "2006": "$551", "2005": "$423"}, "Albemarle Quarterly Gross Profit (Millions of US $)": {"2020-09-30": "$254", "2020-06-30": "$233", "2020-03-31": "$242", "2019-12-31": "$339", "2019-09-30": "$310", "2019-06-30": "$326", "2019-03-31": "$283", "2018-12-31": "$320", "2018-09-30": "$281", "2018-06-30": "$311", "2018-03-31": "$305", "2017-12-31": "$304", "2017-09-30": "$276", "2017-06-30": "$272", "2017-03-31": "$255", "2016-12-31": "$241", "2016-09-30": "$239", "2016-06-30": "$248", "2016-03-31": "$243", "2015-12-31": "$171", "2015-09-30": "$219", "2015-06-30": "$212", "2015-03-31": "$258", "2014-12-31": "$162", "2014-09-30": "$205", "2014-06-30": "$207", "2014-03-31": "$196", "2013-12-31": "$250", "2013-09-30": "$210", "2013-06-30": "$192", "2013-03-31": "$200", "2012-12-31": "$181", "2012-09-30": "$218", "2012-06-30": "$249", "2012-03-31": "$251", "2011-12-31": "$212", "2011-09-30": "$258", "2011-06-30": "$252", "2011-03-31": "$233", "2010-12-31": "$192", "2010-09-30": "$197", "2010-06-30": "$188", "2010-03-31": "$164", "2009-12-31": "$149", "2009-09-30": "$134", "2009-06-30": "$110", "2009-03-31": "$91", "2008-12-31": "$123", "2008-09-30": "$154", "2008-06-30": "$163", "2008-03-31": "$167", "2007-12-31": "$156", "2007-09-30": "$153", "2007-06-30": "$153", "2007-03-31": "$160", "2006-12-31": "$149", "2006-09-30": "$148", "2006-06-30": "$131", "2006-03-31": "$122", "2005-12-31": "$111", "2005-09-30": "$100", "2005-06-30": "$105", "2005-03-31": "$107"}}, "operating-income": {"Albemarle Annual Operating Income (Millions of US $)": {"2019": "$666", "2018": "$912", "2017": "$572", "2016": "$601", "2015": "$345", "2014": "$271", "2013": "$577", "2012": "$400", "2011": "$518", "2010": "$402", "2009": "$186", "2008": "$221", "2007": "$310", "2006": "$177", "2005": "$164"}, "Albemarle Quarterly Operating Income (Millions of US $)": {"2020-09-30": "$144", "2020-06-30": "$112", "2020-03-31": "$124", "2019-12-31": "$139", "2019-09-30": "$186", "2019-06-30": "$186", "2019-03-31": "$155", "2018-12-31": "$175", "2018-09-30": "$164", "2018-06-30": "$390", "2018-03-31": "$183", "2017-12-31": "$164", "2017-09-30": "$147", "2017-06-30": "$138", "2017-03-31": "$122", "2016-12-31": "$110", "2016-09-30": "$125", "2016-06-30": "$123", "2016-03-31": "$243", "2015-12-31": "$143", "2015-09-30": "$86", "2015-06-30": "$79", "2015-03-31": "$37", "2014-12-31": "$-23", "2014-09-30": "$106", "2014-06-30": "$110", "2014-03-31": "$78", "2013-12-31": "$225", "2013-09-30": "$129", "2013-06-30": "$108", "2013-03-31": "$115", "2012-12-31": "$25", "2012-09-30": "$145", "2012-06-30": "$72", "2012-03-31": "$158", "2011-12-31": "$66", "2011-09-30": "$160", "2011-06-30": "$149", "2011-03-31": "$142", "2010-12-31": "$98", "2010-09-30": "$121", "2010-06-30": "$107", "2010-03-31": "$76", "2009-12-31": "$63", "2009-09-30": "$63", "2009-06-30": "$31", "2009-03-31": "$29", "2008-12-31": "$-18", "2008-09-30": "$77", "2008-06-30": "$78", "2008-03-31": "$84", "2007-12-31": "$78", "2007-09-30": "$77", "2007-06-30": "$74", "2007-03-31": "$82", "2006-12-31": "$77", "2006-09-30": "$-10", "2006-06-30": "$58", "2006-03-31": "$53", "2005-12-31": "$39", "2005-09-30": "$39", "2005-06-30": "$46", "2005-03-31": "$39"}}, "ebitda": {"Albemarle Annual EBITDA (Millions of US $)": {"2019": "$880", "2018": "$1,112", "2017": "$769", "2016": "$827", "2015": "$605", "2014": "$375", "2013": "$684", "2012": "$499", "2011": "$615", "2010": "$498", "2009": "$287", "2008": "$333", "2007": "$417", "2006": "$290", "2005": "$281"}, "Albemarle Quarterly EBITDA (Millions of US $)": {"2020-09-30": "$203", "2020-06-30": "$170", "2020-03-31": "$178", "2019-12-31": "$196", "2019-09-30": "$241", "2019-06-30": "$239", "2019-03-31": "$204", "2018-12-31": "$225", "2018-09-30": "$213", "2018-06-30": "$441", "2018-03-31": "$233", "2017-12-31": "$217", "2017-09-30": "$197", "2017-06-30": "$187", "2017-03-31": "$167", "2016-12-31": "$159", "2016-09-30": "$173", "2016-06-30": "$191", "2016-03-31": "$303", "2015-12-31": "$202", "2015-09-30": "$155", "2015-06-30": "$147", "2015-03-31": "$101", "2014-12-31": "$2", "2014-09-30": "$132", "2014-06-30": "$135", "2014-03-31": "$106", "2013-12-31": "$252", "2013-09-30": "$156", "2013-06-30": "$135", "2013-03-31": "$140", "2012-12-31": "$50", "2012-09-30": "$169", "2012-06-30": "$97", "2012-03-31": "$182", "2011-12-31": "$91", "2011-09-30": "$185", "2011-06-30": "$173", "2011-03-31": "$165", "2010-12-31": "$123", "2010-09-30": "$144", "2010-06-30": "$130", "2010-03-31": "$101", "2009-12-31": "$89", "2009-09-30": "$87", "2009-06-30": "$56", "2009-03-31": "$55", "2008-12-31": "$13", "2008-09-30": "$104", "2008-06-30": "$105", "2008-03-31": "$110", "2007-12-31": "$105", "2007-09-30": "$103", "2007-06-30": "$101", "2007-03-31": "$109", "2006-12-31": "$104", "2006-09-30": "$18", "2006-06-30": "$85", "2006-03-31": "$84", "2005-12-31": "$71", "2005-09-30": "$68", "2005-06-30": "$75", "2005-03-31": "$68"}}, "net-income": {"Albemarle Annual Net Income (Millions of US $)": {"2019": "$533", "2018": "$694", "2017": "$55", "2016": "$644", "2015": "$335", "2014": "$133", "2013": "$413", "2012": "$312", "2011": "$392", "2010": "$316", "2009": "$178", "2008": "$194", "2007": "$230", "2006": "$143", "2005": "$115"}, "Albemarle Quarterly Net Income (Millions of US $)": {"2020-09-30": "$98", "2020-06-30": "$86", "2020-03-31": "$107", "2019-12-31": "$90", "2019-09-30": "$155", "2019-06-30": "$154", "2019-03-31": "$134", "2018-12-31": "$130", "2018-09-30": "$130", "2018-06-30": "$302", "2018-03-31": "$132", "2017-12-31": "$-218", "2017-09-30": "$119", "2017-06-30": "$103", "2017-03-31": "$51", "2016-12-31": "$602", "2016-09-30": "$128", "2016-06-30": "$-315", "2016-03-31": "$228", "2015-12-31": "$174", "2015-09-30": "$65", "2015-06-30": "$52", "2015-03-31": "$43", "2014-12-31": "$-19", "2014-09-30": "$73", "2014-06-30": "$22", "2014-03-31": "$57", "2013-12-31": "$156", "2013-09-30": "$91", "2013-06-30": "$83", "2013-03-31": "$84", "2012-12-31": "$38", "2012-09-30": "$109", "2012-06-30": "$50", "2012-03-31": "$114", "2011-12-31": "$55", "2011-09-30": "$116", "2011-06-30": "$114", "2011-03-31": "$107", "2010-12-31": "$77", "2010-09-30": "$94", "2010-06-30": "$82", "2010-03-31": "$63", "2009-12-31": "$62", "2009-09-30": "$52", "2009-06-30": "$38", "2009-03-31": "$25", "2008-12-31": "$13", "2008-09-30": "$56", "2008-06-30": "$62", "2008-03-31": "$63", "2007-12-31": "$59", "2007-09-30": "$59", "2007-06-30": "$54", "2007-03-31": "$58", "2006-12-31": "$63", "2006-09-30": "$2", "2006-06-30": "$43", "2006-03-31": "$34", "2005-12-31": "$32", "2005-09-30": "$26", "2005-06-30": "$32", "2005-03-31": "$24"}}, "eps-earnings-per-share-diluted": {"Albemarle Annual EPS": {"2019": "$5.02", "2018": "$6.34", "2017": "$0.49", "2016": "$5.68", "2015": "$3.00", "2014": "$1.69", "2013": "$4.90", "2012": "$3.47", "2011": "$4.28", "2010": "$3.43", "2009": "$1.94", "2008": "$2.09", "2007": "$2.36", "2006": "$1.47", "2005": "$1.20"}, "Albemarle Quarterly EPS": {"2020-09-30": "$0.92", "2020-06-30": "$0.80", "2020-03-31": "$1.01", "2019-12-31": "$0.85", "2019-09-30": "$1.46", "2019-06-30": "$1.45", "2019-03-31": "$1.26", "2018-12-31": "$1.23", "2018-09-30": "$1.20", "2018-06-30": "$2.73", "2018-03-31": "$1.18", "2017-12-31": "$-1.94", "2017-09-30": "$1.06", "2017-06-30": "$0.92", "2017-03-31": "$0.45", "2016-12-31": "$5.33", "2016-09-30": "$1.13", "2016-06-30": "$-2.80", "2016-03-31": "$2.02", "2015-12-31": "$1.56", "2015-09-30": "$0.58", "2015-06-30": "$0.46", "2015-03-31": "$0.40", "2014-12-31": "$-0.23", "2014-09-30": "$0.93", "2014-06-30": "$0.28", "2014-03-31": "$0.71", "2013-12-31": "$1.87", "2013-09-30": "$1.11", "2013-06-30": "$0.98", "2013-03-31": "$0.94", "2012-12-31": "$0.42", "2012-09-30": "$1.22", "2012-06-30": "$0.56", "2012-03-31": "$1.27", "2011-12-31": "$0.62", "2011-09-30": "$1.28", "2011-06-30": "$1.23", "2011-03-31": "$1.15", "2010-12-31": "$0.83", "2010-09-30": "$1.02", "2010-06-30": "$0.89", "2010-03-31": "$0.69", "2009-12-31": "$0.67", "2009-09-30": "$0.57", "2009-06-30": "$0.42", "2009-03-31": "$0.28", "2008-12-31": "$0.14", "2008-09-30": "$0.61", "2008-06-30": "$0.67", "2008-03-31": "$0.67", "2007-12-31": "$0.60", "2007-09-30": "$0.61", "2007-06-30": "$0.55", "2007-03-31": "$0.60", "2006-12-31": "$0.64", "2006-09-30": "$0.02", "2006-06-30": "$0.45", "2006-03-31": "$0.36", "2005-12-31": "$0.33", "2005-09-30": "$0.28", "2005-06-30": "$0.34", "2005-03-31": "$0.26"}}, "shares-outstanding": {"Albemarle Annual Shares Outstanding (Millions of Shares)": {"2019": "106", "2018": "109", "2017": "112", "2016": "113", "2015": "112", "2014": "79", "2013": "84", "2012": "90", "2011": "92", "2010": "92", "2009": "92", "2008": "93", "2007": "97", "2006": "97", "2005": "95"}, "Albemarle Quarterly Shares Outstanding (Millions of Shares)": {"2020-09-30": "107", "2020-06-30": "107", "2020-03-31": "107", "2019-12-31": "106", "2019-09-30": "106", "2019-06-30": "106", "2019-03-31": "106", "2018-12-31": "109", "2018-09-30": "108", "2018-06-30": "111", "2018-03-31": "112", "2017-12-31": "112", "2017-09-30": "112", "2017-06-30": "112", "2017-03-31": "113", "2016-12-31": "113", "2016-09-30": "113", "2016-06-30": "113", "2016-03-31": "113", "2015-12-31": "112", "2015-09-30": "113", "2015-06-30": "113", "2015-03-31": "108", "2014-12-31": "79", "2014-09-30": "79", "2014-06-30": "79", "2014-03-31": "80", "2013-12-31": "84", "2013-09-30": "82", "2013-06-30": "84", "2013-03-31": "89", "2012-12-31": "90", "2012-09-30": "90", "2012-06-30": "90", "2012-03-31": "90", "2011-12-31": "92", "2011-09-30": "91", "2011-06-30": "93", "2011-03-31": "93", "2010-12-31": "92", "2010-09-30": "92", "2010-06-30": "92", "2010-03-31": "92", "2009-12-31": "92", "2009-09-30": "92", "2009-06-30": "92", "2009-03-31": "92", "2008-12-31": "93", "2008-09-30": "92", "2008-06-30": "93", "2008-03-31": "94", "2007-12-31": "97", "2007-09-30": "97", "2007-06-30": "97", "2007-03-31": "98", "2006-12-31": "97", "2006-09-30": "97", "2006-06-30": "97", "2006-03-31": "97", "2005-12-31": "95", "2005-09-30": "96", "2005-06-30": "96", "2005-03-31": "94"}}, "total-assets": {"Albemarle Annual Total Assets (Millions of US $)": {"2019": "$9,861", "2018": "$7,582", "2017": "$7,751", "2016": "$8,161", "2015": "$9,598", "2014": "$5,223", "2013": "$3,585", "2012": "$3,437", "2011": "$3,204", "2010": "$3,068", "2009": "$2,772", "2008": "$2,873", "2007": "$2,841", "2006": "$2,530", "2005": "$2,556"}, "Albemarle Quarterly Total Assets (Millions of US $)": {"2020-09-30": "$10,232", "2020-06-30": "$10,170", "2020-03-31": "$9,848", "2019-12-31": "$9,861", "2019-09-30": "$8,142", "2019-06-30": "$8,094", "2019-03-31": "$7,871", "2018-12-31": "$7,582", "2018-09-30": "$7,487", "2018-06-30": "$7,538", "2018-03-31": "$7,556", "2017-12-31": "$7,751", "2017-09-30": "$7,523", "2017-06-30": "$7,292", "2017-03-31": "$7,366", "2016-12-31": "$8,161", "2016-09-30": "$9,397", "2016-06-30": "$9,312", "2016-03-31": "$9,439", "2015-12-31": "$9,598", "2015-09-30": "$9,675", "2015-06-30": "$9,771", "2015-03-31": "$9,795", "2014-12-31": "$5,223", "2014-09-30": "$3,393", "2014-06-30": "$3,455", "2014-03-31": "$3,559", "2013-12-31": "$3,585", "2013-09-30": "$3,470", "2013-06-30": "$3,336", "2013-03-31": "$3,450", "2012-12-31": "$3,437", "2012-09-30": "$3,363", "2012-06-30": "$3,303", "2012-03-31": "$3,363", "2011-12-31": "$3,204", "2011-09-30": "$3,269", "2011-06-30": "$3,292", "2011-03-31": "$3,140", "2010-12-31": "$3,068", "2010-09-30": "$2,937", "2010-06-30": "$2,731", "2010-03-31": "$2,757", "2009-12-31": "$2,772", "2009-09-30": "$2,780", "2009-06-30": "$2,661", "2009-03-31": "$2,685", "2008-12-31": "$2,873", "2008-09-30": "$3,022", "2008-06-30": "$3,069", "2008-03-31": "$2,975", "2007-12-31": "$2,841", "2007-09-30": "$2,725", "2007-06-30": "$2,665", "2007-03-31": "$2,610", "2006-12-31": "$2,530", "2006-09-30": "$2,613", "2006-06-30": "$2,642", "2006-03-31": "$2,582", "2005-12-31": "$2,556", "2005-09-30": "$2,562", "2005-06-30": "$2,526", "2005-03-31": "$2,503"}}, "cash-on-hand": {"Albemarle Annual Cash on Hand (Millions of US $)": {"2019": "$613", "2018": "$555", "2017": "$1,137", "2016": "$2,270", "2015": "$214", "2014": "$2,490", "2013": "$477", "2012": "$478", "2011": "$469", "2010": "$530", "2009": "$309", "2008": "$253", "2007": "$131", "2006": "$149", "2005": "$59"}, "Albemarle Quarterly Cash on Hand (Millions of US $)": {"2020-09-30": "$702", "2020-06-30": "$737", "2020-03-31": "$553", "2019-12-31": "$613", "2019-09-30": "$318", "2019-06-30": "$398", "2019-03-31": "$465", "2018-12-31": "$555", "2018-09-30": "$641", "2018-06-30": "$908", "2018-03-31": "$692", "2017-12-31": "$1,137", "2017-09-30": "$1,045", "2017-06-30": "$1,007", "2017-03-31": "$1,255", "2016-12-31": "$2,270", "2016-09-30": "$234", "2016-06-30": "$194", "2016-03-31": "$252", "2015-12-31": "$214", "2015-09-30": "$234", "2015-06-30": "$207", "2015-03-31": "$261", "2014-12-31": "$2,490", "2014-09-30": "$653", "2014-06-30": "$515", "2014-03-31": "$524", "2013-12-31": "$477", "2013-09-30": "$401", "2013-06-30": "$315", "2013-03-31": "$435", "2012-12-31": "$478", "2012-09-30": "$403", "2012-06-30": "$462", "2012-03-31": "$519", "2011-12-31": "$469", "2011-09-30": "$481", "2011-06-30": "$491", "2011-03-31": "$441", "2010-12-31": "$530", "2010-09-30": "$425", "2010-06-30": "$324", "2010-03-31": "$267", "2009-12-31": "$309", "2009-09-30": "$260", "2009-06-30": "$172", "2009-03-31": "$184", "2008-12-31": "$253", "2008-09-30": "$207", "2008-06-30": "$168", "2008-03-31": "$135", "2007-12-31": "$131", "2007-09-30": "$101", "2007-06-30": "$200", "2007-03-31": "$125", "2006-12-31": "$149", "2006-09-30": "$90", "2006-06-30": "$99", "2006-03-31": "$67", "2005-12-31": "$59", "2005-09-30": "$48", "2005-06-30": "$98", "2005-03-31": "$74"}}, "long-term-debt": {"Albemarle Annual Long Term Debt (Millions of US $)": {"2019": "$2,863", "2018": "$1,398", "2017": "$1,415", "2016": "$2,122", "2015": "$3,142", "2014": "$2,223", "2013": "$1,054", "2012": "$687", "2011": "$749", "2010": "$852", "2009": "$776", "2008": "$906", "2007": "$707", "2006": "$682", "2005": "$776"}, "Albemarle Quarterly Long Term Debt (Millions of US $)": {"2020-09-30": "$2,941", "2020-06-30": "$3,132", "2020-03-31": "$3,105", "2019-12-31": "$2,863", "2019-09-30": "$1,382", "2019-06-30": "$1,398", "2019-03-31": "$1,394", "2018-12-31": "$1,398", "2018-09-30": "$1,412", "2018-06-30": "$1,407", "2018-03-31": "$1,437", "2017-12-31": "$1,415", "2017-09-30": "$1,407", "2017-06-30": "$1,421", "2017-03-31": "$1,398", "2016-12-31": "$2,122", "2016-09-30": "$3,048", "2016-06-30": "$3,019", "2016-03-31": "$3,105", "2015-12-31": "$3,142", "2015-09-30": "$3,559", "2015-06-30": "$3,562", "2015-03-31": "$3,541", "2014-12-31": "$2,223", "2014-09-30": "$684", "2014-06-30": "$686", "2014-03-31": "$1,053", "2013-12-31": "$1,054", "2013-09-30": "$1,060", "2013-06-30": "$1,068", "2013-03-31": "$687", "2012-12-31": "$687", "2012-09-30": "$701", "2012-06-30": "$742", "2012-03-31": "$742", "2011-12-31": "$749", "2011-09-30": "$878", "2011-06-30": "$759", "2011-03-31": "$759", "2010-12-31": "$852", "2010-09-30": "$756", "2010-06-30": "$785", "2010-03-31": "$797", "2009-12-31": "$776", "2009-09-30": "$793", "2009-06-30": "$821", "2009-03-31": "$892", "2008-12-31": "$906", "2008-09-30": "$944", "2008-06-30": "$870", "2008-03-31": "$861", "2007-12-31": "$707", "2007-09-30": "$680", "2007-06-30": "$777", "2007-03-31": "$735", "2006-12-31": "$682", "2006-09-30": "$733", "2006-06-30": "$748", "2006-03-31": "$776", "2005-12-31": "$776", "2005-09-30": "$821", "2005-06-30": "$839", "2005-03-31": "$820"}}, "total-liabilities": {"Albemarle Annual Total Liabilities (Millions of US $)": {"2019": "$5,767", "2018": "$3,823", "2017": "$3,933", "2016": "$4,219", "2015": "$6,197", "2014": "$3,734", "2013": "$1,842", "2012": "$1,505", "2011": "$1,525", "2010": "$1,592", "2009": "$1,518", "2008": "$1,756", "2007": "$1,563", "2006": "$1,502", "2005": "$1,625"}, "Albemarle Quarterly Total Liabilities (Millions of US $)": {"2020-09-30": "$5,907", "2020-06-30": "$5,964", "2020-03-31": "$5,806", "2019-12-31": "$5,767", "2019-09-30": "$4,133", "2019-06-30": "$4,120", "2019-03-31": "$4,007", "2018-12-31": "$3,823", "2018-09-30": "$3,801", "2018-06-30": "$3,701", "2018-03-31": "$3,613", "2017-12-31": "$3,933", "2017-09-30": "$3,484", "2017-06-30": "$3,392", "2017-03-31": "$3,582", "2016-12-31": "$4,219", "2016-09-30": "$5,946", "2016-06-30": "$6,006", "2016-03-31": "$5,744", "2015-12-31": "$6,197", "2015-09-30": "$6,401", "2015-06-30": "$6,455", "2015-03-31": "$6,547", "2014-12-31": "$3,734", "2014-09-30": "$1,806", "2014-06-30": "$1,829", "2014-03-31": "$1,831", "2013-12-31": "$1,842", "2013-09-30": "$1,893", "2013-06-30": "$1,871", "2013-03-31": "$1,548", "2012-12-31": "$1,505", "2012-09-30": "$1,461", "2012-06-30": "$1,509", "2012-03-31": "$1,556", "2011-12-31": "$1,525", "2011-09-30": "$1,598", "2011-06-30": "$1,490", "2011-03-31": "$1,477", "2010-12-31": "$1,592", "2010-09-30": "$1,499", "2010-06-30": "$1,482", "2010-03-31": "$1,516", "2009-12-31": "$1,518", "2009-09-30": "$1,536", "2009-06-30": "$1,508", "2009-03-31": "$1,619", "2008-12-31": "$1,756", "2008-09-30": "$1,768", "2008-06-30": "$1,760", "2008-03-31": "$1,726", "2007-12-31": "$1,563", "2007-09-30": "$1,509", "2007-06-30": "$1,553", "2007-03-31": "$1,526", "2006-12-31": "$1,502", "2006-09-30": "$1,583", "2006-06-30": "$1,612", "2006-03-31": "$1,610", "2005-12-31": "$1,625", "2005-09-30": "$1,654", "2005-06-30": "$1,634", "2005-03-31": "$1,632"}}, "total-share-holder-equity": {"Albemarle Annual Share Holder Equity (Millions of US $)": {"2019": "$4,094", "2018": "$3,759", "2017": "$3,818", "2016": "$3,943", "2015": "$3,401", "2014": "$1,489", "2013": "$1,743", "2012": "$1,932", "2011": "$1,679", "2010": "$1,476", "2009": "$1,253", "2008": "$1,116", "2007": "$1,278", "2006": "$1,028", "2005": "$930"}, "Albemarle Quarterly Share Holder Equity (Millions of US $)": {"2020-09-30": "$4,325", "2020-06-30": "$4,206", "2020-03-31": "$4,042", "2019-12-31": "$4,094", "2019-09-30": "$4,008", "2019-06-30": "$3,974", "2019-03-31": "$3,864", "2018-12-31": "$3,759", "2018-09-30": "$3,686", "2018-06-30": "$3,837", "2018-03-31": "$3,943", "2017-12-31": "$3,818", "2017-09-30": "$4,040", "2017-06-30": "$3,900", "2017-03-31": "$3,784", "2016-12-31": "$3,943", "2016-09-30": "$3,451", "2016-06-30": "$3,306", "2016-03-31": "$3,695", "2015-12-31": "$3,401", "2015-09-30": "$3,275", "2015-06-30": "$3,316", "2015-03-31": "$3,247", "2014-12-31": "$1,489", "2014-09-30": "$1,587", "2014-06-30": "$1,625", "2014-03-31": "$1,728", "2013-12-31": "$1,743", "2013-09-30": "$1,577", "2013-06-30": "$1,465", "2013-03-31": "$1,902", "2012-12-31": "$1,932", "2012-09-30": "$1,901", "2012-06-30": "$1,794", "2012-03-31": "$1,807", "2011-12-31": "$1,679", "2011-09-30": "$1,671", "2011-06-30": "$1,802", "2011-03-31": "$1,663", "2010-12-31": "$1,476", "2010-09-30": "$1,438", "2010-06-30": "$1,249", "2010-03-31": "$1,241", "2009-12-31": "$1,253", "2009-09-30": "$1,244", "2009-06-30": "$1,153", "2009-03-31": "$1,066", "2008-12-31": "$1,116", "2008-09-30": "$1,254", "2008-06-30": "$1,309", "2008-03-31": "$1,249", "2007-12-31": "$1,278", "2007-09-30": "$1,216", "2007-06-30": "$1,112", "2007-03-31": "$1,084", "2006-12-31": "$1,028", "2006-09-30": "$1,030", "2006-06-30": "$1,030", "2006-03-31": "$972", "2005-12-31": "$930", "2005-09-30": "$908", "2005-06-30": "$892", "2005-03-31": "$872"}}, "profit-margins": {"current": "11.77%"}, "gross margin": {"2020-09-30": "32.93%", "2020-06-30": "33.29%", "2020-03-31": "34.80%", "2019-12-31": "35.04%", "2019-09-30": "35.21%", "2019-06-30": "35.41%", "2019-03-31": "35.29%", "2018-12-31": "36.05%", "2018-09-30": "36.26%", "2018-06-30": "36.36%", "2018-03-31": "36.48%", "2017-12-31": "36.04%", "2017-09-30": "35.86%", "2017-06-30": "35.84%", "2017-03-31": "35.85%", "2016-12-31": "36.27%", "2016-09-30": "35.88%", "2016-06-30": "34.55%", "2016-03-31": "32.51%", "2015-12-31": "30.43%", "2015-09-30": "29.41%", "2015-06-30": "29.44%", "2015-03-31": "30.48%", "2014-12-31": "31.48%", "2014-09-30": "35.28%", "2014-06-30": "36.25%", "2014-03-31": "36.04%", "2013-12-31": "35.57%", "2013-09-30": "34.48%", "2013-06-30": "33.79%", "2013-03-31": "34.63%", "2012-12-31": "35.69%", "2012-09-30": "33.63%", "2012-06-30": "34.31%", "2012-03-31": "33.74%", "2011-12-31": "33.29%", "2011-09-30": "33.79%", "2011-06-30": "33.24%", "2011-03-31": "32.67%", "2010-12-31": "31.37%", "2010-09-30": "30.15%", "2010-06-30": "28.29%", "2010-03-31": "26.55%", "2009-12-31": "24.14%", "2009-09-30": "23.31%", "2009-06-30": "22.65%", "2009-03-31": "23.23%", "2008-12-31": "24.60%", "2008-09-30": "25.12%", "2008-06-30": "25.85%", "2008-03-31": "26.05%", "2007-12-31": "26.63%", "2007-09-30": "26.49%", "2007-06-30": "26.00%", "2007-03-31": "25.01%", "2006-12-31": "23.22%", "2006-09-30": "21.59%", "2006-06-30": "20.43%", "2006-03-31": "19.86%", "2005-12-31": "20.07%"}, "operating margin": {"2020-09-30": "16.00%", "2020-06-30": "16.62%", "2020-03-31": "18.16%", "2019-12-31": "18.55%", "2019-09-30": "19.95%", "2019-06-30": "19.90%", "2019-03-31": "26.11%", "2018-12-31": "27.01%", "2018-09-30": "27.20%", "2018-06-30": "26.88%", "2018-03-31": "19.92%", "2017-12-31": "18.59%", "2017-09-30": "17.76%", "2017-06-30": "17.62%", "2017-03-31": "17.51%", "2016-12-31": "22.45%", "2016-09-30": "25.25%", "2016-06-30": "23.33%", "2016-03-31": "21.20%", "2015-12-31": "12.21%", "2015-09-30": "6.19%", "2015-06-30": "7.00%", "2015-03-31": "8.42%", "2014-12-31": "11.08%", "2014-09-30": "21.34%", "2014-06-30": "22.76%", "2014-03-31": "22.95%", "2013-12-31": "24.09%", "2013-09-30": "16.60%", "2013-06-30": "16.79%", "2013-03-31": "14.58%", "2012-12-31": "15.88%", "2012-09-30": "15.95%", "2012-06-30": "16.13%", "2012-03-31": "18.48%", "2011-12-31": "18.02%", "2011-09-30": "19.84%", "2011-06-30": "19.40%", "2011-03-31": "18.88%", "2010-12-31": "17.02%", "2010-09-30": "15.85%", "2010-06-30": "13.76%", "2010-03-31": "11.11%", "2009-12-31": "9.28%", "2009-09-30": "5.34%", "2009-06-30": "5.64%", "2009-03-31": "7.26%", "2008-12-31": "8.96%", "2008-09-30": "12.44%", "2008-06-30": "12.82%", "2008-03-31": "12.96%", "2007-12-31": "13.31%", "2007-09-30": "13.35%", "2007-06-30": "9.51%", "2007-03-31": "8.80%", "2006-12-31": "7.51%", "2006-09-30": "5.90%", "2006-06-30": "8.32%", "2006-03-31": "8.03%", "2005-12-31": "7.73%"}, "ebitda margin": {"2020-09-30": "23.03%", "2020-06-30": "23.25%", "2020-03-31": "24.42%", "2019-12-31": "24.51%", "2019-09-30": "25.83%", "2019-06-30": "25.78%", "2019-03-31": "31.98%", "2018-12-31": "32.94%", "2018-09-30": "33.33%", "2018-06-30": "33.08%", "2018-03-31": "26.29%", "2017-12-31": "25.00%", "2017-09-30": "24.39%", "2017-06-30": "24.41%", "2017-03-31": "25.16%", "2016-12-31": "30.86%", "2016-09-30": "34.61%", "2016-06-30": "33.37%", "2016-03-31": "31.05%", "2015-12-31": "21.41%", "2015-09-30": "13.99%", "2015-06-30": "13.44%", "2015-03-31": "13.55%", "2014-12-31": "15.33%", "2014-09-30": "25.70%", "2014-06-30": "27.26%", "2014-03-31": "27.58%", "2013-12-31": "28.52%", "2013-09-30": "21.18%", "2013-06-30": "21.10%", "2013-03-31": "18.62%", "2012-12-31": "19.77%", "2012-09-30": "19.49%", "2012-06-30": "19.63%", "2012-03-31": "21.88%", "2011-12-31": "21.40%", "2011-09-30": "23.35%", "2011-06-30": "23.01%", "2011-03-31": "22.67%", "2010-12-31": "21.08%", "2010-09-30": "20.04%", "2010-06-30": "18.13%", "2010-03-31": "15.87%", "2009-12-31": "14.31%", "2009-09-30": "10.74%", "2009-06-30": "10.81%", "2009-03-31": "12.12%", "2008-12-31": "13.46%", "2008-09-30": "16.64%", "2008-06-30": "17.11%", "2008-03-31": "17.35%", "2007-12-31": "17.89%", "2007-09-30": "17.96%", "2007-06-30": "14.15%", "2007-03-31": "13.44%", "2006-12-31": "12.28%", "2006-09-30": "10.88%", "2006-06-30": "13.56%", "2006-03-31": "13.51%", "2005-12-31": "13.38%"}, "pre tax profit margin": {"2020-09-30": "12.43%", "2020-06-30": "13.18%", "2020-03-31": "14.98%", "2019-12-31": "15.68%", "2019-09-30": "17.48%", "2019-06-30": "17.73%", "2019-03-31": "23.95%", "2018-12-31": "23.58%", "2018-09-30": "24.40%", "2018-06-30": "23.81%", "2018-03-31": "16.80%", "2017-12-31": "14.55%", "2017-09-30": "12.88%", "2017-06-30": "12.70%", "2017-03-31": "12.40%", "2016-12-31": "19.24%", "2016-09-30": "23.06%", "2016-06-30": "20.94%", "2016-03-31": "18.78%", "2015-12-31": "11.00%", "2015-09-30": "4.42%", "2015-06-30": "5.35%", "2015-03-31": "7.11%", "2014-12-31": "8.71%", "2014-09-30": "19.61%", "2014-06-30": "21.21%", "2014-03-31": "21.38%", "2013-12-31": "22.46%", "2013-09-30": "14.97%", "2013-06-30": "15.38%", "2013-03-31": "13.23%", "2012-12-31": "14.61%", "2012-09-30": "14.76%", "2012-06-30": "14.89%", "2012-03-31": "17.23%", "2011-12-31": "16.77%", "2011-09-30": "18.65%", "2011-06-30": "18.26%", "2011-03-31": "17.79%", "2010-12-31": "16.05%", "2010-09-30": "14.82%", "2010-06-30": "12.65%", "2010-03-31": "10.01%", "2009-12-31": "8.03%", "2009-09-30": "3.87%", "2009-06-30": "3.93%", "2009-03-31": "5.60%", "2008-12-31": "7.38%", "2008-09-30": "11.07%", "2008-06-30": "11.57%", "2008-03-31": "11.59%", "2007-12-31": "11.90%", "2007-09-30": "11.80%", "2007-06-30": "7.93%", "2007-03-31": "7.02%", "2006-12-31": "5.66%", "2006-09-30": "4.05%", "2006-06-30": "6.38%", "2006-03-31": "6.21%", "2005-12-31": "5.88%"}, "net profit margin": {"2020-09-30": "11.75%", "2020-06-30": "12.97%", "2020-03-31": "14.47%", "2019-12-31": "14.85%", "2019-09-30": "16.28%", "2019-06-30": "16.04%", "2019-03-31": "20.56%", "2018-12-31": "20.56%", "2018-09-30": "10.45%", "2018-06-30": "10.19%", "2018-03-31": "4.29%", "2017-12-31": "1.79%", "2017-09-30": "30.06%", "2017-06-30": "31.46%", "2017-03-31": "16.99%", "2016-12-31": "24.02%", "2016-09-30": "8.56%", "2016-06-30": "5.96%", "2016-03-31": "19.97%", "2015-12-31": "11.82%", "2015-09-30": "4.87%", "2015-06-30": "5.24%", "2015-03-31": "4.36%", "2014-12-31": "5.44%", "2014-09-30": "12.66%", "2014-06-30": "13.69%", "2014-03-31": "16.45%", "2013-12-31": "17.29%", "2013-09-30": "13.03%", "2013-06-30": "13.41%", "2013-03-31": "11.47%", "2012-12-31": "12.35%", "2012-09-30": "11.86%", "2012-06-30": "11.85%", "2012-03-31": "13.83%", "2011-12-31": "13.66%", "2011-09-30": "14.96%", "2011-06-30": "14.91%", "2011-03-31": "14.52%", "2010-12-31": "13.38%", "2010-09-30": "13.00%", "2010-06-30": "11.54%", "2010-03-31": "10.25%", "2009-12-31": "8.83%", "2009-09-30": "6.51%", "2009-06-30": "6.26%", "2009-03-31": "6.82%", "2008-12-31": "7.86%", "2008-09-30": "9.42%", "2008-06-30": "9.83%", "2008-03-31": "9.73%", "2007-12-31": "9.85%", "2007-09-30": "10.08%", "2007-06-30": "7.54%", "2007-03-31": "7.06%", "2006-12-31": "5.99%", "2006-09-30": "4.68%", "2006-06-30": "5.94%", "2006-03-31": "5.62%", "2005-12-31": "5.41%"}, "pe ratio": {"current": "33.58", "2021-02-05": "43.90", "2020-09-30": "24.87", "2020-06-30": "18.62", "2020-03-31": "11.68", "2019-12-31": "14.30", "2019-09-30": "12.63", "2019-06-30": "13.37", "2019-03-31": "12.39", "2018-12-31": "11.74", "2018-09-30": "30.29", "2018-06-30": "29.87", "2018-03-31": "73.03", "2017-12-31": "253.01", "2017-09-30": "16.70", "2017-06-30": "12.78", "2017-03-31": "24.28", "2016-12-31": "14.26", "2016-09-30": "41.68", "2016-06-30": "53.98", "2016-03-31": "12.88", "2015-12-31": "17.31", "2015-09-30": "33.76", "2015-06-30": "32.53", "2015-03-31": "35.01", "2014-12-31": "32.32", "2014-09-30": "13.82", "2014-06-30": "15.96", "2014-03-31": "12.57", "2013-12-31": "11.39", "2013-09-30": "16.14", "2013-06-30": "15.96", "2013-03-31": "19.06", "2012-12-31": "17.30", "2012-09-30": "11.99", "2012-06-30": "12.92", "2012-03-31": "11.48", "2011-12-31": "9.32", "2011-09-30": "7.58", "2011-06-30": "13.72", "2011-03-31": "12.83", "2010-12-31": "13.50", "2010-09-30": "12.13", "2010-06-30": "11.88", "2010-03-31": "15.25", "2009-12-31": "15.69", "2009-09-30": "20.57", "2009-06-30": "14.73", "2009-03-31": "10.65", "2008-12-31": "8.77", "2008-09-30": "9.89", "2008-06-30": "12.75", "2008-03-31": "12.21", "2007-12-31": "14.21", "2007-09-30": "14.91", "2007-06-30": "17.12", "2007-03-31": "19.45", "2006-12-31": "19.65"}, "price sales": {"2021-02-05": "5.16", "2020-09-30": "2.93", "2020-06-30": "2.42", "2020-03-31": "1.69", "2019-12-31": "2.13", "2019-09-30": "2.07", "2019-06-30": "2.16", "2019-03-31": "2.55", "2018-12-31": "2.42", "2018-09-30": "3.20", "2018-06-30": "3.06", "2018-03-31": "3.12", "2017-12-31": "4.44", "2017-09-30": "5.00", "2017-06-30": "4.01", "2017-03-31": "4.11", "2016-12-31": "3.42", "2016-09-30": "3.59", "2016-06-30": "3.26", "2016-03-31": "2.57", "2015-12-31": "2.03", "2015-09-30": "1.43", "2015-06-30": "1.67", "2015-03-31": "1.52", "2014-12-31": "1.76", "2014-09-30": "1.75", "2014-06-30": "2.18", "2014-03-31": "2.08", "2013-12-31": "2.00", "2013-09-30": "2.11", "2013-06-30": "2.07", "2013-03-31": "2.01", "2012-12-31": "1.94", "2012-09-30": "1.50", "2012-06-30": "1.66", "2012-03-31": "1.75", "2011-12-31": "1.42", "2011-09-30": "1.16", "2011-06-30": "2.08", "2011-03-31": "1.90", "2010-12-31": "1.85", "2010-09-30": "1.58", "2010-06-30": "1.38", "2010-03-31": "1.58", "2009-12-31": "1.40", "2009-09-30": "1.36", "2009-06-30": "0.93", "2009-03-31": "0.73", "2008-12-31": "0.69", "2008-09-30": "0.93", "2008-06-30": "1.26", "2008-03-31": "1.19", "2007-12-31": "1.40", "2007-09-30": "1.50", "2007-06-30": "1.29", "2007-03-31": "1.38", "2006-12-31": "1.18"}, "price book": {"current": "3.86", "2021-02-05": "3.87", "2020-09-30": "2.19", "2020-06-30": "1.94", "2020-03-31": "1.47", "2019-12-31": "1.86", "2019-09-30": "1.80", "2019-06-30": "1.82", "2019-03-31": "2.17", "2018-12-31": "2.09", "2018-09-30": "2.76", "2018-06-30": "2.55", "2018-03-31": "2.48", "2017-12-31": "3.52", "2017-09-30": "3.53", "2017-06-30": "2.82", "2017-03-31": "2.91", "2016-12-31": "2.31", "2016-09-30": "2.61", "2016-06-30": "2.51", "2016-03-31": "1.80", "2015-12-31": "1.71", "2015-09-30": "1.39", "2015-06-30": "1.71", "2015-03-31": "1.66", "2014-12-31": "2.85", "2014-09-30": "2.61", "2014-06-30": "3.08", "2014-03-31": "2.73", "2013-12-31": "2.58", "2013-09-30": "2.87", "2013-06-30": "3.05", "2013-03-31": "2.54", "2012-12-31": "2.50", "2012-09-30": "2.16", "2012-06-30": "2.58", "2012-03-31": "2.73", "2011-12-31": "2.35", "2011-09-30": "1.85", "2011-06-30": "3.02", "2011-03-31": "2.82", "2010-12-31": "2.95", "2010-09-30": "2.53", "2010-06-30": "2.46", "2010-03-31": "2.65", "2009-12-31": "2.23", "2009-09-30": "2.14", "2009-06-30": "1.70", "2009-03-31": "1.55", "2008-12-31": "1.50", "2008-09-30": "1.84", "2008-06-30": "2.28", "2008-03-31": "2.18", "2007-12-31": "2.49", "2007-09-30": "2.82", "2007-06-30": "2.68", "2007-03-31": "2.94", "2006-12-31": "2.67", "2006-09-30": "2.01", "2006-06-30": "1.76", "2006-03-31": "1.76"}, "price fcf": {"2021-02-05": "", "2020-09-30": "$-0.27", "2020-06-30": "$-1.19", "2020-03-31": "$-0.29", "2019-12-31": "$-1.15", "2019-09-30": "$-2.91", "2019-06-30": "$-2.83", "2019-03-31": "$-2.73", "2018-12-31": "$-1.41", "2018-09-30": "$0.01", "2018-06-30": "$0.72", "2018-03-31": "$-0.46", "2017-12-31": "$-0.12", "2017-09-30": "$1.00", "2017-06-30": "$2.05", "2017-03-31": "$3.99", "2016-12-31": "$4.76", "2016-09-30": "$2.60", "2016-06-30": "$2.36", "2016-03-31": "$2.31", "2015-12-31": "$1.19", "2015-09-30": "$1.68", "2015-06-30": "$1.88", "2015-03-31": "$3.16", "2014-12-31": "$4.83", "2014-09-30": "$5.56", "2014-06-30": "$5.54", "2014-03-31": "$4.37", "2013-12-31": "$3.29", "2013-09-30": "$3.57", "2013-06-30": "$2.56", "2013-03-31": "$2.03", "2012-12-31": "$2.31", "2012-09-30": "$2.48", "2012-06-30": "$3.04", "2012-03-31": "$3.85", "2011-12-31": "$3.24", "2011-09-30": "$2.06", "2011-06-30": "$2.53", "2011-03-31": "$2.91", "2010-12-31": "$2.78", "2010-09-30": "$3.34", "2010-06-30": "$3.38", "2010-03-31": "$3.18", "2009-12-31": "$2.80", "2009-09-30": "$3.30", "2009-06-30": "$2.37", "2009-03-31": "$2.11", "2008-12-31": "$2.52", "2008-09-30": "$1.83", "2008-06-30": "$1.80", "2008-03-31": "$1.76", "2007-12-31": "$1.52", "2007-09-30": "$2.20", "2007-06-30": "$2.36", "2007-03-31": "$2.49", "2006-12-31": "$2.85"}, "net worth": {"value": "$16.8B"}, "current ratio": {"current": "1.38", "2020-09-30": "1.38", "2020-06-30": "1.61", "2020-03-31": "1.81", "2019-12-31": "1.58", "2019-09-30": "1.39", "2019-06-30": "1.46", "2019-03-31": "1.56", "2018-12-31": "1.69", "2018-09-30": "1.83", "2018-06-30": "2.19", "2018-03-31": "2.49", "2017-12-31": "2.06", "2017-09-30": "2.11", "2017-06-30": "2.24", "2017-03-31": "1.98", "2016-12-31": "2.90", "2016-09-30": "1.45", "2016-06-30": "1.32", "2016-03-31": "1.32", "2015-12-31": "1.13", "2015-09-30": "1.30", "2015-06-30": "1.21", "2015-03-31": "1.16", "2014-12-31": "2.94", "2014-09-30": "1.86", "2014-06-30": "1.87", "2014-03-31": "3.49", "2013-12-31": "3.40", "2013-09-30": "3.40", "2013-06-30": "3.41", "2013-03-31": "3.23", "2012-12-31": "3.66", "2012-09-30": "3.63", "2012-06-30": "3.51", "2012-03-31": "3.39", "2011-12-31": "3.38", "2011-09-30": "3.60", "2011-06-30": "3.69", "2011-03-31": "3.53", "2010-12-31": "3.70", "2010-09-30": "3.49", "2010-06-30": "3.41", "2010-03-31": "3.03", "2009-12-31": "2.92", "2009-09-30": "2.93", "2009-06-30": "3.13", "2009-03-31": "3.10", "2008-12-31": "2.69", "2008-09-30": "3.22", "2008-06-30": "2.80", "2008-03-31": "2.80", "2007-12-31": "2.57", "2007-09-30": "2.52", "2007-06-30": "2.91", "2007-03-31": "2.66", "2006-12-31": "1.99", "2006-09-30": "2.24", "2006-06-30": "2.22", "2006-03-31": "2.27", "2005-12-31": "2.07", "2005-09-30": "1.98", "2005-06-30": "2.14", "2005-03-31": "2.15"}, "quick ratio": {"2020-09-30": "0.87", "2020-06-30": "1.01", "2020-03-31": "1.09", "2019-12-31": "1.03", "2019-09-30": "0.82", "2019-06-30": "0.87", "2019-03-31": "0.96", "2018-12-31": "1.10", "2018-09-30": "1.18", "2018-06-30": "1.55", "2018-03-31": "1.72", "2017-12-31": "1.57", "2017-09-30": "1.56", "2017-06-30": "1.67", "2017-03-31": "1.55", "2016-12-31": "2.51", "2016-09-30": "0.98", "2016-06-30": "0.87", "2016-03-31": "0.89", "2015-12-31": "0.86", "2015-09-30": "0.83", "2015-06-30": "0.77", "2015-03-31": "0.73", "2014-12-31": "2.62", "2014-09-30": "1.40", "2014-06-30": "1.42", "2014-03-31": "2.50", "2013-12-31": "2.40", "2013-09-30": "2.21", "2013-06-30": "2.21", "2013-03-31": "2.24", "2012-12-31": "2.54", "2012-09-30": "2.34", "2012-06-30": "2.30", "2012-03-31": "2.33", "2011-12-31": "2.30", "2011-09-30": "2.42", "2011-06-30": "2.57", "2011-03-31": "2.47", "2010-12-31": "2.63", "2010-09-30": "2.41", "2010-06-30": "2.39", "2010-03-31": "2.08", "2009-12-31": "1.94", "2009-09-30": "1.87", "2009-06-30": "1.81", "2009-03-31": "1.74", "2008-12-31": "1.46", "2008-09-30": "1.84", "2008-06-30": "1.50", "2008-03-31": "1.57", "2007-12-31": "1.43", "2007-09-30": "1.41", "2007-06-30": "1.75", "2007-03-31": "1.60", "2006-12-31": "1.21", "2006-09-30": "1.31", "2006-06-30": "1.23", "2006-03-31": "1.25", "2005-12-31": "1.10", "2005-09-30": "0.98", "2005-06-30": "1.15", "2005-03-31": "1.21"}, "debt equity ratio": {"current": "0.68", "2020-09-30": "1.37", "2020-06-30": "1.42", "2020-03-31": "1.44", "2019-12-31": "1.41", "2019-09-30": "1.03", "2019-06-30": "1.04", "2019-03-31": "1.04", "2018-12-31": "1.02", "2018-09-30": "1.03", "2018-06-30": "0.97", "2018-03-31": "0.92", "2017-12-31": "1.03", "2017-09-30": "0.86", "2017-06-30": "0.87", "2017-03-31": "0.95", "2016-12-31": "1.07", "2016-09-30": "1.72", "2016-06-30": "1.82", "2016-03-31": "1.56", "2015-12-31": "1.82", "2015-09-30": "1.96", "2015-06-30": "1.95", "2015-03-31": "2.02", "2014-12-31": "2.51", "2014-09-30": "1.14", "2014-06-30": "1.13", "2014-03-31": "1.06", "2013-12-31": "1.06", "2013-09-30": "1.20", "2013-06-30": "1.28", "2013-03-31": "0.81", "2012-12-31": "0.78", "2012-09-30": "0.77", "2012-06-30": "0.84", "2012-03-31": "0.86", "2011-12-31": "0.91", "2011-09-30": "0.96", "2011-06-30": "0.83", "2011-03-31": "0.89", "2010-12-31": "1.08", "2010-09-30": "1.04", "2010-06-30": "1.19", "2010-03-31": "1.22", "2009-12-31": "1.21", "2009-09-30": "1.23", "2009-06-30": "1.31", "2009-03-31": "1.52", "2008-12-31": "1.57", "2008-09-30": "1.41", "2008-06-30": "1.35", "2008-03-31": "1.38", "2007-12-31": "1.22", "2007-09-30": "1.24", "2007-06-30": "1.40", "2007-03-31": "1.41", "2006-12-31": "1.46", "2006-09-30": "1.54", "2006-06-30": "1.56", "2006-03-31": "1.66", "2005-12-31": "1.75", "2005-09-30": "1.82", "2005-06-30": "1.83", "2005-03-31": "1.87"}, "return on equity": {"2020-09-30": "9.14%", "2020-06-30": "10.72%", "2020-03-31": "12.56%", "2019-12-31": "13.38%", "2019-09-30": "14.69%", "2019-06-30": "14.34%", "2019-03-31": "18.38%", "2018-12-31": "18.23%", "2018-09-30": "9.06%", "2018-06-30": "8.57%", "2018-03-31": "3.46%", "2017-12-31": "1.42%", "2017-09-30": "22.34%", "2017-06-30": "23.45%", "2017-03-31": "12.87%", "2016-12-31": "17.87%", "2016-09-30": "6.21%", "2016-06-30": "4.45%", "2016-03-31": "15.17%", "2015-12-31": "10.09%", "2015-09-30": "4.98%", "2015-06-30": "6.18%", "2015-03-31": "5.99%", "2014-12-31": "8.28%", "2014-09-30": "18.43%", "2014-06-30": "19.54%", "2014-03-31": "23.77%", "2013-12-31": "24.76%", "2013-09-30": "17.22%", "2013-06-30": "17.44%", "2013-03-31": "14.93%", "2012-12-31": "16.73%", "2012-09-30": "18.27%", "2012-06-30": "19.28%", "2012-03-31": "22.93%", "2011-12-31": "23.01%", "2011-09-30": "25.05%", "2011-06-30": "24.58%", "2011-03-31": "24.72%", "2010-12-31": "23.39%", "2010-09-30": "23.24%", "2010-06-30": "20.77%", "2010-03-31": "17.58%", "2009-12-31": "15.01%", "2009-09-30": "11.18%", "2009-06-30": "11.51%", "2009-03-31": "13.15%", "2008-12-31": "15.75%", "2008-09-30": "18.86%", "2008-06-30": "19.24%", "2008-03-31": "19.36%", "2007-12-31": "19.62%", "2007-09-30": "21.08%", "2007-06-30": "16.64%", "2007-03-31": "15.92%", "2006-12-31": "13.99%", "2006-09-30": "11.21%", "2006-06-30": "14.06%", "2006-03-31": "13.40%", "2005-12-31": "12.66%"}, "return on assets": {"2020-09-30": "3.80%", "2020-06-30": "4.61%", "2020-03-31": "5.63%", "2019-12-31": "6.28%", "2019-09-30": "7.23%", "2019-06-30": "7.06%", "2019-03-31": "9.13%", "2018-12-31": "9.20%", "2018-09-30": "4.56%", "2018-06-30": "4.41%", "2018-03-31": "1.81%", "2017-12-31": "0.73%", "2017-09-30": "11.54%", "2017-06-30": "10.98%", "2017-03-31": "5.44%", "2016-12-31": "7.08%", "2016-09-30": "2.28%", "2016-06-30": "1.60%", "2016-03-31": "5.39%", "2015-12-31": "3.44%", "2015-09-30": "1.64%", "2015-06-30": "2.11%", "2015-03-31": "2.18%", "2014-12-31": "3.40%", "2014-09-30": "8.81%", "2014-06-30": "9.27%", "2014-03-31": "11.10%", "2013-12-31": "11.96%", "2013-09-30": "8.65%", "2013-06-30": "9.24%", "2013-03-31": "8.29%", "2012-12-31": "9.24%", "2012-09-30": "9.91%", "2012-06-30": "10.20%", "2012-03-31": "12.16%", "2011-12-31": "12.15%", "2011-09-30": "12.97%", "2011-06-30": "12.61%", "2011-03-31": "12.13%", "2010-12-31": "11.00%", "2010-09-30": "10.75%", "2010-06-30": "9.38%", "2010-03-31": "7.84%", "2009-12-31": "6.50%", "2009-09-30": "4.65%", "2009-06-30": "4.70%", "2009-03-31": "5.36%", "2008-12-31": "6.50%", "2008-09-30": "8.06%", "2008-06-30": "8.37%", "2008-03-31": "8.39%", "2007-12-31": "8.49%", "2007-09-30": "8.89%", "2007-06-30": "6.80%", "2007-03-31": "6.39%", "2006-12-31": "5.48%", "2006-09-30": "4.27%", "2006-06-30": "5.22%", "2006-03-31": "4.85%", "2005-12-31": "4.49%"}, "return on investments": {"2020-09-30": "7.23%", "2020-06-30": "8.36%", "2020-03-31": "10.21%", "2019-12-31": "11.59%", "2019-09-30": "13.26%", "2019-06-30": "13.02%", "2019-03-31": "17.04%", "2018-12-31": "17.47%", "2018-09-30": "17.20%", "2018-06-30": "16.60%", "2018-03-31": "11.82%", "2017-12-31": "10.78%", "2017-09-30": "9.39%", "2017-06-30": "8.58%", "2017-03-31": "7.98%", "2016-12-31": "9.36%", "2016-09-30": "9.69%", "2016-06-30": "8.98%", "2016-03-31": "8.15%", "2015-12-31": "5.10%", "2015-09-30": "2.96%", "2015-06-30": "4.05%", "2015-03-31": "6.10%", "2014-12-31": "9.79%", "2014-09-30": "20.44%", "2014-06-30": "20.60%", "2014-03-31": "20.10%", "2013-12-31": "21.86%", "2013-09-30": "14.53%", "2013-06-30": "15.20%", "2013-03-31": "13.80%", "2012-12-31": "15.52%", "2012-09-30": "17.44%", "2012-06-30": "18.13%", "2012-03-31": "21.13%", "2011-12-31": "20.77%", "2011-09-30": "22.27%", "2011-06-30": "21.46%", "2011-03-31": "20.85%", "2010-12-31": "18.71%", "2010-09-30": "17.70%", "2010-06-30": "15.19%", "2010-03-31": "11.54%", "2009-12-31": "9.30%", "2009-09-30": "5.26%", "2009-06-30": "5.84%", "2009-03-31": "7.94%", "2008-12-31": "10.39%", "2008-09-30": "14.97%", "2008-06-30": "15.52%", "2008-03-31": "15.89%", "2007-12-31": "16.39%", "2007-09-30": "16.96%", "2007-06-30": "12.42%", "2007-03-31": "11.71%", "2006-12-31": "10.17%", "2006-09-30": "8.00%", "2006-06-30": "10.86%", "2006-03-31": "10.24%", "2005-12-31": "9.51%"}, "return on tangible equity": {"2020-09-30": "16.99%", "2020-06-30": "20.13%", "2020-03-31": "23.96%", "2019-12-31": "25.90%", "2019-09-30": "29.09%", "2019-06-30": "29.38%", "2019-03-31": "38.28%", "2018-12-31": "38.45%", "2018-09-30": "19.22%", "2018-06-30": "17.85%", "2018-03-31": "7.20%", "2017-12-31": "2.93%", "2017-09-30": "44.99%", "2017-06-30": "48.04%", "2017-03-31": "26.95%", "2016-12-31": "62.43%", "2016-09-30": "23.70%", "2016-06-30": "100.00%", "2016-03-31": "-92.76%", "2015-12-31": "-49.83%", "2015-09-30": "-18.57%", "2015-06-30": "-189.81%", "2015-03-31": "19.87%", "2014-12-31": "10.30%", "2014-09-30": "23.10%", "2014-06-30": "24.83%", "2014-03-31": "30.73%", "2013-12-31": "31.72%", "2013-09-30": "21.88%", "2013-06-30": "21.89%", "2013-03-31": "18.53%", "2012-12-31": "20.99%", "2012-09-30": "23.26%", "2012-06-30": "25.00%", "2012-03-31": "30.12%", "2011-12-31": "30.51%", "2011-09-30": "33.57%", "2011-06-30": "33.37%", "2011-03-31": "34.44%", "2010-12-31": "33.62%", "2010-09-30": "34.39%", "2010-06-30": "31.65%", "2010-03-31": "27.47%", "2009-12-31": "23.96%", "2009-09-30": "18.18%", "2009-06-30": "18.76%", "2009-03-31": "21.25%", "2008-12-31": "25.17%", "2008-09-30": "29.55%", "2008-06-30": "30.02%", "2008-03-31": "30.09%", "2007-12-31": "30.50%", "2007-09-30": "33.38%", "2007-06-30": "26.64%", "2007-03-31": "25.88%", "2006-12-31": "23.11%", "2006-09-30": "18.74%", "2006-06-30": "24.18%", "2006-03-31": "24.02%", "2005-12-31": "23.32%"}, "dividend yield history": {"last payout": "$1.54", "last yield": "0.98%"}}