{"ticker": "AA", "price": {"title": "Alcoa Historical Annual Stock Price Data", "value": 20.95, "historical": {"2020": {"Average Stock Price": "13.3883", "Year Open": "21.4200", "Year High": "24.0100", "Year Low": "5.4800", "Year Close": "23.0500", "Annual % Change": "7.16%"}, "2019": {"Average Stock Price": "23.6895", "Year Open": "26.2400", "Year High": "30.9800", "Year Low": "16.7300", "Year Close": "21.5100", "Annual % Change": "-19.07%"}, "2018": {"Average Stock Price": "44.2061", "Year Open": "55.1700", "Year High": "60.2300", "Year Low": "25.1500", "Year Close": "26.5800", "Annual % Change": "-50.66%"}, "2017": {"Average Stock Price": "38.3018", "Year Open": "28.8300", "Year High": "54.1400", "Year Low": "28.8300", "Year Close": "53.8700", "Annual % Change": "91.84%"}, "2016": {"Average Stock Price": "29.3629", "Year Open": "23.0000", "Year High": "32.0500", "Year Low": "22.9100", "Year Close": "28.0800", "Annual % Change": "0.00%"}}}, "market cap": {"value": "$3.9B"}, "income statement": {"Revenue": {"2019-12-31": "10433.00000", "2018-12-31": "13403.00000", "2017-12-31": "11652.00000", "2016-12-31": "9318.00000", "2015-12-31": "11199.00000", "2014-12-31": "13147.00000"}, "Cost Of Goods Sold": {"2019-12-31": "8537.00000", "2018-12-31": "10053.00000", "2017-12-31": "8950.00000", "2016-12-31": "7877.00000", "2015-12-31": "9039.00000", "2014-12-31": "10548.00000"}, "Gross Profit": {"2019-12-31": "1896.00000", "2018-12-31": "3350.00000", "2017-12-31": "2702.00000", "2016-12-31": "1441.00000", "2015-12-31": "2160.00000", "2014-12-31": "2599.00000"}, "Research And Development Expenses": {"2019-12-31": "27.00000", "2018-12-31": "31.00000", "2017-12-31": "32.00000", "2016-12-31": "33.00000", "2015-12-31": "69.00000", "2014-12-31": "95.00000"}, "SG&A Expenses": {"2019-12-31": "280.00000", "2018-12-31": "248.00000", "2017-12-31": "280.00000", "2016-12-31": "356.00000", "2015-12-31": "353.00000", "2014-12-31": "383.00000"}, "Other Operating Income Or Expenses": {"2019-12-31": "", "2018-12-31": "", "2017-12-31": "", "2016-12-31": "", "2015-12-31": "", "2014-12-31": ""}, "Operating Expenses": {"2019-12-31": "10588.00000", "2018-12-31": "11592.00000", "2017-12-31": "10321.00000", "2016-12-31": "9302.00000", "2015-12-31": "11224.00000", "2014-12-31": "12843.00000"}, "Operating Income": {"2019-12-31": "-155.00000", "2018-12-31": "1811.00000", "2017-12-31": "1331.00000", "2016-12-31": "16.00000", "2015-12-31": "-25.00000", "2014-12-31": "304.00000"}, "Total Non-Operating Income/Expense": {"2019-12-31": "-283.00000", "2018-12-31": "-186.00000", "2017-12-31": "-131.00000", "2016-12-31": "-178.00000", "2015-12-31": "-312.00000", "2014-12-31": "-367.00000"}, "Pre-Tax Income": {"2019-12-31": "-438.00000", "2018-12-31": "1625.00000", "2017-12-31": "1200.00000", "2016-12-31": "-162.00000", "2015-12-31": "-337.00000", "2014-12-31": "-63.00000"}, "Income Taxes": {"2019-12-31": "415.00000", "2018-12-31": "732.00000", "2017-12-31": "592.00000", "2016-12-31": "184.00000", "2015-12-31": "402.00000", "2014-12-31": "284.00000"}, "Income After Taxes": {"2019-12-31": "-853.00000", "2018-12-31": "893.00000", "2017-12-31": "608.00000", "2016-12-31": "-346.00000", "2015-12-31": "-739.00000", "2014-12-31": "-347.00000"}, "Other Income": {"2019-12-31": "", "2018-12-31": "", "2017-12-31": "", "2016-12-31": "", "2015-12-31": "", "2014-12-31": ""}, "Income From Continuous Operations": {"2019-12-31": "-853.00000", "2018-12-31": "893.00000", "2017-12-31": "608.00000", "2016-12-31": "-346.00000", "2015-12-31": "-739.00000", "2014-12-31": "-347.00000"}, "Income From Discontinued Operations": {"2019-12-31": "", "2018-12-31": "", "2017-12-31": "", "2016-12-31": "", "2015-12-31": "", "2014-12-31": ""}, "Net Income": {"2019-12-31": "-1125.00000", "2018-12-31": "250.00000", "2017-12-31": "279.00000", "2016-12-31": "-400.00000", "2015-12-31": "-863.00000", "2014-12-31": "-256.00000"}, "EBITDA": {"2019-12-31": "558.00000", "2018-12-31": "2544.00000", "2017-12-31": "2083.00000", "2016-12-31": "734.00000", "2015-12-31": "755.00000", "2014-12-31": "1258.00000"}, "EBIT": {"2019-12-31": "-155.00000", "2018-12-31": "1811.00000", "2017-12-31": "1331.00000", "2016-12-31": "16.00000", "2015-12-31": "-25.00000", "2014-12-31": "304.00000"}, "Basic Shares Outstanding": {"2019-12-31": "185.00000", "2018-12-31": "186.00000", "2017-12-31": "184.00000", "2016-12-31": "183.00000", "2015-12-31": "182.00000", "2014-12-31": "182.00000"}, "Shares Outstanding": {"2019-12-31": "185.00000", "2018-12-31": "189.00000", "2017-12-31": "187.00000", "2016-12-31": "183.00000", "2015-12-31": "182.00000", "2014-12-31": "182.00000"}, "Basic EPS": {"2019-12-31": "-6.07000", "2018-12-31": "1.34000", "2017-12-31": "1.51000", "2016-12-31": "-2.19000", "2015-12-31": "-4.73000", "2014-12-31": "-1.40000"}, "EPS - Earnings Per Share": {"2019-12-31": "-6.07000", "2018-12-31": "1.33000", "2017-12-31": "1.49000", "2016-12-31": "-2.19000", "2015-12-31": "-4.73000", "2014-12-31": "-1.40000"}}, "income statement, quarterly": {"Revenue": {"2020-09-30": "2365.00000", "2020-06-30": "2148.00000", "2020-03-31": "2381.00000", "2019-12-31": "2436.00000", "2019-09-30": "2567.00000", "2019-06-30": "2711.00000", "2019-03-31": "2719.00000", "2018-12-31": "3344.00000", "2018-09-30": "3390.00000", "2018-06-30": "3579.00000", "2018-03-31": "3090.00000", "2017-12-31": "3174.00000", "2017-09-30": "2964.00000", "2017-06-30": "2859.00000", "2017-03-31": "2655.00000", "2016-12-31": "2537.00000", "2016-09-30": "2329.00000", "2016-06-30": "2323.00000", "2016-03-31": "2129.00000", "2015-12-31": "", "2015-09-30": "2679.00000", "2014-12-31": ""}, "Cost Of Goods Sold": {"2020-09-30": "2038.00000", "2020-06-30": "1932.00000", "2020-03-31": "2025.00000", "2019-12-31": "2048.00000", "2019-09-30": "2120.00000", "2019-06-30": "2189.00000", "2019-03-31": "2180.00000", "2018-12-31": "2513.00000", "2018-09-30": "2485.00000", "2018-06-30": "2753.00000", "2018-03-31": "2302.00000", "2017-12-31": "2298.00000", "2017-09-30": "2340.00000", "2017-06-30": "2289.00000", "2017-03-31": "2023.00000", "2016-12-31": "2102.00000", "2016-09-30": "1968.00000", "2016-06-30": "1941.00000", "2016-03-31": "1866.00000", "2015-12-31": "", "2015-09-30": "2239.00000", "2014-12-31": ""}, "Gross Profit": {"2020-09-30": "327.00000", "2020-06-30": "216.00000", "2020-03-31": "356.00000", "2019-12-31": "388.00000", "2019-09-30": "447.00000", "2019-06-30": "522.00000", "2019-03-31": "539.00000", "2018-12-31": "831.00000", "2018-09-30": "905.00000", "2018-06-30": "826.00000", "2018-03-31": "788.00000", "2017-12-31": "876.00000", "2017-09-30": "624.00000", "2017-06-30": "570.00000", "2017-03-31": "632.00000", "2016-12-31": "435.00000", "2016-09-30": "361.00000", "2016-06-30": "382.00000", "2016-03-31": "263.00000", "2015-12-31": "", "2015-09-30": "440.00000", "2014-12-31": ""}, "Research And Development Expenses": {"2020-09-30": "6.00000", "2020-06-30": "5.00000", "2020-03-31": "7.00000", "2019-12-31": "6.00000", "2019-09-30": "7.00000", "2019-06-30": "7.00000", "2019-03-31": "7.00000", "2018-12-31": "7.00000", "2018-09-30": "7.00000", "2018-06-30": "9.00000", "2018-03-31": "8.00000", "2017-12-31": "9.00000", "2017-09-30": "8.00000", "2017-06-30": "8.00000", "2017-03-31": "7.00000", "2016-12-31": "7.00000", "2016-09-30": "8.00000", "2016-06-30": "7.00000", "2016-03-31": "11.00000", "2015-12-31": "", "2015-09-30": "14.00000", "2014-12-31": ""}, "SG&A Expenses": {"2020-09-30": "47.00000", "2020-06-30": "44.00000", "2020-03-31": "60.00000", "2019-12-31": "62.00000", "2019-09-30": "66.00000", "2019-06-30": "68.00000", "2019-03-31": "84.00000", "2018-12-31": "59.00000", "2018-09-30": "58.00000", "2018-06-30": "64.00000", "2018-03-31": "67.00000", "2017-12-31": "69.00000", "2017-09-30": "70.00000", "2017-06-30": "70.00000", "2017-03-31": "71.00000", "2016-12-31": "89.00000", "2016-09-30": "92.00000", "2016-06-30": "90.00000", "2016-03-31": "85.00000", "2015-12-31": "", "2015-09-30": "95.00000", "2014-12-31": ""}, "Other Operating Income Or Expenses": {"2020-09-30": "", "2020-06-30": "", "2020-03-31": "", "2019-12-31": "", "2019-09-30": "", "2019-06-30": "", "2019-03-31": "", "2018-12-31": "", "2018-09-30": "", "2018-06-30": "", "2018-03-31": "", "2017-12-31": "", "2017-09-30": "", "2017-06-30": "", "2017-03-31": "", "2016-12-31": "", "2016-09-30": "", "2016-06-30": "", "2016-03-31": "", "2015-12-31": "", "2015-09-30": "", "2014-12-31": ""}, "Operating Expenses": {"2020-09-30": "2257.00000", "2020-06-30": "2170.00000", "2020-03-31": "2264.00000", "2019-12-31": "2662.00000", "2019-09-30": "2562.00000", "2019-06-30": "2808.00000", "2019-03-31": "2556.00000", "2018-12-31": "2891.00000", "2018-09-30": "2900.00000", "2018-06-30": "3249.00000", "2018-03-31": "2552.00000", "2017-12-31": "2860.00000", "2017-09-30": "2602.00000", "2017-06-30": "2569.00000", "2017-03-31": "2290.00000", "2016-12-31": "2589.00000", "2016-09-30": "2266.00000", "2016-06-30": "2224.00000", "2016-03-31": "2223.00000", "2015-12-31": "", "2015-09-30": "2592.00000", "2014-12-31": ""}, "Operating Income": {"2020-09-30": "108.00000", "2020-06-30": "-22.00000", "2020-03-31": "117.00000", "2019-12-31": "-226.00000", "2019-09-30": "5.00000", "2019-06-30": "-97.00000", "2019-03-31": "163.00000", "2018-12-31": "453.00000", "2018-09-30": "490.00000", "2018-06-30": "330.00000", "2018-03-31": "538.00000", "2017-12-31": "314.00000", "2017-09-30": "362.00000", "2017-06-30": "290.00000", "2017-03-31": "365.00000", "2016-12-31": "-52.00000", "2016-09-30": "63.00000", "2016-06-30": "99.00000", "2016-03-31": "-94.00000", "2015-12-31": "", "2015-09-30": "87.00000", "2014-12-31": ""}, "Total Non-Operating Income/Expense": {"2020-09-30": "-86.00000", "2020-06-30": "-83.00000", "2020-03-31": "102.00000", "2019-12-31": "-75.00000", "2019-09-30": "-57.00000", "2019-06-30": "-80.00000", "2019-03-31": "-71.00000", "2018-12-31": "-63.00000", "2018-09-30": "-35.00000", "2018-06-30": "-41.00000", "2018-03-31": "-47.00000", "2017-12-31": "-57.00000", "2017-09-30": "-74.00000", "2017-06-30": "-53.00000", "2017-03-31": "53.00000", "2016-12-31": "-71.00000", "2016-09-30": "39.00000", "2016-06-30": "-43.00000", "2016-03-31": "-103.00000", "2015-12-31": "", "2015-09-30": "-73.00000", "2014-12-31": ""}, "Pre-Tax Income": {"2020-09-30": "22.00000", "2020-06-30": "-105.00000", "2020-03-31": "219.00000", "2019-12-31": "-301.00000", "2019-09-30": "-52.00000", "2019-06-30": "-177.00000", "2019-03-31": "92.00000", "2018-12-31": "390.00000", "2018-09-30": "455.00000", "2018-06-30": "289.00000", "2018-03-31": "491.00000", "2017-12-31": "257.00000", "2017-09-30": "288.00000", "2017-06-30": "237.00000", "2017-03-31": "418.00000", "2016-12-31": "-123.00000", "2016-09-30": "102.00000", "2016-06-30": "56.00000", "2016-03-31": "-197.00000", "2015-12-31": "", "2015-09-30": "14.00000", "2014-12-31": ""}, "Income Taxes": {"2020-09-30": "42.00000", "2020-06-30": "45.00000", "2020-03-31": "80.00000", "2019-12-31": "54.00000", "2019-09-30": "95.00000", "2019-06-30": "116.00000", "2019-03-31": "150.00000", "2018-12-31": "163.00000", "2018-09-30": "260.00000", "2018-06-30": "158.00000", "2018-03-31": "151.00000", "2017-12-31": "264.00000", "2017-09-30": "119.00000", "2017-06-30": "99.00000", "2017-03-31": "110.00000", "2016-12-31": "6.00000", "2016-09-30": "92.00000", "2016-06-30": "68.00000", "2016-03-31": "18.00000", "2015-12-31": "", "2015-09-30": "77.00000", "2014-12-31": ""}, "Income After Taxes": {"2020-09-30": "-20.00000", "2020-06-30": "-150.00000", "2020-03-31": "139.00000", "2019-12-31": "-355.00000", "2019-09-30": "-147.00000", "2019-06-30": "-293.00000", "2019-03-31": "-58.00000", "2018-12-31": "227.00000", "2018-09-30": "195.00000", "2018-06-30": "131.00000", "2018-03-31": "340.00000", "2017-12-31": "-7.00000", "2017-09-30": "169.00000", "2017-06-30": "138.00000", "2017-03-31": "308.00000", "2016-12-31": "-129.00000", "2016-09-30": "10.00000", "2016-06-30": "-12.00000", "2016-03-31": "-215.00000", "2015-12-31": "", "2015-09-30": "-63.00000", "2014-12-31": ""}, "Other Income": {"2020-09-30": "", "2020-06-30": "", "2020-03-31": "", "2019-12-31": "", "2019-09-30": "", "2019-06-30": "", "2019-03-31": "", "2018-12-31": "", "2018-09-30": "", "2018-06-30": "", "2018-03-31": "", "2017-12-31": "", "2017-09-30": "", "2017-06-30": "", "2017-03-31": "", "2016-12-31": "", "2016-09-30": "", "2016-06-30": "", "2016-03-31": "", "2015-12-31": "", "2015-09-30": "", "2014-12-31": ""}, "Income From Continuous Operations": {"2020-09-30": "-20.00000", "2020-06-30": "-150.00000", "2020-03-31": "139.00000", "2019-12-31": "-355.00000", "2019-09-30": "-147.00000", "2019-06-30": "-293.00000", "2019-03-31": "-58.00000", "2018-12-31": "227.00000", "2018-09-30": "195.00000", "2018-06-30": "131.00000", "2018-03-31": "340.00000", "2017-12-31": "-7.00000", "2017-09-30": "169.00000", "2017-06-30": "138.00000", "2017-03-31": "308.00000", "2016-12-31": "-129.00000", "2016-09-30": "10.00000", "2016-06-30": "-12.00000", "2016-03-31": "-215.00000", "2015-12-31": "", "2015-09-30": "-63.00000", "2014-12-31": ""}, "Income From Discontinued Operations": {"2020-09-30": "", "2020-06-30": "", "2020-03-31": "", "2019-12-31": "", "2019-09-30": "", "2019-06-30": "", "2019-03-31": "", "2018-12-31": "", "2018-09-30": "", "2018-06-30": "", "2018-03-31": "", "2017-12-31": "", "2017-09-30": "", "2017-06-30": "", "2017-03-31": "", "2016-12-31": "", "2016-09-30": "", "2016-06-30": "", "2016-03-31": "", "2015-12-31": "", "2015-09-30": "", "2014-12-31": ""}, "Net Income": {"2020-09-30": "-49.00000", "2020-06-30": "-197.00000", "2020-03-31": "80.00000", "2019-12-31": "-303.00000", "2019-09-30": "-221.00000", "2019-06-30": "-402.00000", "2019-03-31": "-199.00000", "2018-12-31": "51.00000", "2018-09-30": "-6.00000", "2018-06-30": "10.00000", "2018-03-31": "195.00000", "2017-12-31": "-134.00000", "2017-09-30": "113.00000", "2017-06-30": "75.00000", "2017-03-31": "225.00000", "2016-12-31": "-125.00000", "2016-09-30": "-10.00000", "2016-06-30": "-55.00000", "2016-03-31": "-210.00000", "2015-12-31": "", "2015-09-30": "-124.00000", "2014-12-31": ""}, "EBITDA": {"2020-09-30": "269.00000", "2020-06-30": "130.00000", "2020-03-31": "287.00000", "2019-12-31": "-43.00000", "2019-09-30": "189.00000", "2019-06-30": "77.00000", "2019-03-31": "335.00000", "2018-12-31": "627.00000", "2018-09-30": "662.00000", "2018-06-30": "523.00000", "2018-03-31": "732.00000", "2017-12-31": "502.00000", "2017-09-30": "557.00000", "2017-06-30": "480.00000", "2017-03-31": "544.00000", "2016-12-31": "130.00000", "2016-09-30": "244.00000", "2016-06-30": "277.00000", "2016-03-31": "83.00000", "2015-12-31": "", "2015-09-30": "87.00000", "2014-12-31": ""}, "EBIT": {"2020-09-30": "108.00000", "2020-06-30": "-22.00000", "2020-03-31": "117.00000", "2019-12-31": "-226.00000", "2019-09-30": "5.00000", "2019-06-30": "-97.00000", "2019-03-31": "163.00000", "2018-12-31": "453.00000", "2018-09-30": "490.00000", "2018-06-30": "330.00000", "2018-03-31": "538.00000", "2017-12-31": "314.00000", "2017-09-30": "362.00000", "2017-06-30": "290.00000", "2017-03-31": "365.00000", "2016-12-31": "-52.00000", "2016-09-30": "63.00000", "2016-06-30": "99.00000", "2016-03-31": "-94.00000", "2015-12-31": "", "2015-09-30": "87.00000", "2014-12-31": ""}, "Basic Shares Outstanding": {"2020-09-30": "186.00000", "2020-06-30": "186.00000", "2020-03-31": "186.00000", "2019-12-31": "185.00000", "2019-09-30": "186.00000", "2019-06-30": "186.00000", "2019-03-31": "185.00000", "2018-12-31": "186.00000", "2018-09-30": "186.00000", "2018-06-30": "186.00000", "2018-03-31": "186.00000", "2017-12-31": "184.00000", "2017-09-30": "185.00000", "2017-06-30": "184.00000", "2017-03-31": "184.00000", "2016-12-31": "183.00000", "2016-09-30": "182.00000", "2016-06-30": "182.00000", "2016-03-31": "182.00000", "2015-12-31": "", "2015-09-30": "", "2014-12-31": ""}, "Shares Outstanding": {"2020-09-30": "186.00000", "2020-06-30": "186.00000", "2020-03-31": "187.00000", "2019-12-31": "185.00000", "2019-09-30": "186.00000", "2019-06-30": "186.00000", "2019-03-31": "185.00000", "2018-12-31": "189.00000", "2018-09-30": "186.00000", "2018-06-30": "189.00000", "2018-03-31": "188.00000", "2017-12-31": "187.00000", "2017-09-30": "187.00000", "2017-06-30": "186.00000", "2017-03-31": "186.00000", "2016-12-31": "183.00000", "2016-09-30": "182.00000", "2016-06-30": "182.00000", "2016-03-31": "182.00000", "2015-12-31": "", "2015-09-30": "", "2014-12-31": ""}, "Basic EPS": {"2020-09-30": "-0.26000", "2020-06-30": "-1.06000", "2020-03-31": "0.43000", "2019-12-31": "-1.64000", "2019-09-30": "-1.19000", "2019-06-30": "-2.17000", "2019-03-31": "-1.07000", "2018-12-31": "0.27000", "2018-09-30": "-0.03000", "2018-06-30": "0.05000", "2018-03-31": "1.05000", "2017-12-31": "-0.74000", "2017-09-30": "0.61000", "2017-06-30": "0.41000", "2017-03-31": "1.23000", "2016-12-31": "-0.69000", "2016-09-30": "-0.06000", "2016-06-30": "-0.29000", "2016-03-31": "-1.15000", "2015-12-31": "", "2015-09-30": "", "2014-12-31": ""}, "EPS - Earnings Per Share": {"2020-09-30": "-0.26000", "2020-06-30": "-1.06000", "2020-03-31": "0.43000", "2019-12-31": "-1.64000", "2019-09-30": "-1.19000", "2019-06-30": "-2.17000", "2019-03-31": "-1.07000", "2018-12-31": "0.27000", "2018-09-30": "-0.03000", "2018-06-30": "0.05000", "2018-03-31": "1.04000", "2017-12-31": "-0.72000", "2017-09-30": "0.60000", "2017-06-30": "0.40000", "2017-03-31": "1.21000", "2016-12-31": "-0.69000", "2016-09-30": "-0.06000", "2016-06-30": "-0.29000", "2016-03-31": "-1.15000", "2015-12-31": "0.00000", "2015-09-30": "0.00000", "2014-12-31": "0.00000"}}, "balance sheet": {"Cash On Hand": {"2019-12-31": "879.00000", "2018-12-31": "1113.00000", "2017-12-31": "1358.00000", "2016-12-31": "853.00000", "2015-12-31": "557.00000", "2014-12-31": ""}, "Receivables": {"2019-12-31": "660.00000", "2018-12-31": "1003.00000", "2017-12-31": "1043.00000", "2016-12-31": "834.00000", "2015-12-31": "504.00000", "2014-12-31": ""}, "Inventory": {"2019-12-31": "1644.00000", "2018-12-31": "1819.00000", "2017-12-31": "1453.00000", "2016-12-31": "1160.00000", "2015-12-31": "1172.00000", "2014-12-31": ""}, "Pre-Paid Expenses": {"2019-12-31": "288.00000", "2018-12-31": "320.00000", "2017-12-31": "271.00000", "2016-12-31": "283.00000", "2015-12-31": "333.00000", "2014-12-31": ""}, "Other Current Assets": {"2019-12-31": "59.00000", "2018-12-31": "73.00000", "2017-12-31": "113.00000", "2016-12-31": "51.00000", "2015-12-31": "", "2014-12-31": ""}, "Total Current Assets": {"2019-12-31": "3530.00000", "2018-12-31": "4328.00000", "2017-12-31": "4238.00000", "2016-12-31": "3181.00000", "2015-12-31": "2566.00000", "2014-12-31": ""}, "Property, Plant, And Equipment": {"2019-12-31": "7916.00000", "2018-12-31": "8327.00000", "2017-12-31": "9138.00000", "2016-12-31": "9325.00000", "2015-12-31": "9390.00000", "2014-12-31": ""}, "Long-Term Investments": {"2019-12-31": "1113.00000", "2018-12-31": "1360.00000", "2017-12-31": "1410.00000", "2016-12-31": "1358.00000", "2015-12-31": "1472.00000", "2014-12-31": ""}, "Goodwill And Intangible Assets": {"2019-12-31": "", "2018-12-31": "", "2017-12-31": "", "2016-12-31": "", "2015-12-31": "", "2014-12-31": "0.00000"}, "Other Long-Term Assets": {"2019-12-31": "1430.00000", "2018-12-31": "1557.00000", "2017-12-31": "1847.00000", "2016-12-31": "2136.00000", "2015-12-31": "2396.00000", "2014-12-31": ""}, "Total Long-Term Assets": {"2019-12-31": "11101.00000", "2018-12-31": "11804.00000", "2017-12-31": "13209.00000", "2016-12-31": "13560.00000", "2015-12-31": "13847.00000", "2014-12-31": ""}, "Total Assets": {"2019-12-31": "14631.00000", "2018-12-31": "16132.00000", "2017-12-31": "17447.00000", "2016-12-31": "16741.00000", "2015-12-31": "16413.00000", "2014-12-31": "0.00000"}, "Total Current Liabilities": {"2019-12-31": "2563.00000", "2018-12-31": "2919.00000", "2017-12-31": "3252.00000", "2016-12-31": "2821.00000", "2015-12-31": "2404.00000", "2014-12-31": ""}, "Long Term Debt": {"2019-12-31": "1799.00000", "2018-12-31": "1801.00000", "2017-12-31": "1388.00000", "2016-12-31": "1424.00000", "2015-12-31": "207.00000", "2014-12-31": ""}, "Other Non-Current Liabilities": {"2019-12-31": "2129.00000", "2018-12-31": "1549.00000", "2017-12-31": "2568.00000", "2016-12-31": "1782.00000", "2015-12-31": "1852.00000", "2014-12-31": ""}, "Total Long Term Liabilities": {"2019-12-31": "6182.00000", "2018-12-31": "5625.00000", "2017-12-31": "7397.00000", "2016-12-31": "6223.00000", "2015-12-31": "2496.00000", "2014-12-31": ""}, "Total Liabilities": {"2019-12-31": "8745.00000", "2018-12-31": "8544.00000", "2017-12-31": "10649.00000", "2016-12-31": "9044.00000", "2015-12-31": "4900.00000", "2014-12-31": "0.00000"}, "Common Stock Net": {"2019-12-31": "2.00000", "2018-12-31": "2.00000", "2017-12-31": "2.00000", "2016-12-31": "2.00000", "2015-12-31": "0.00000", "2014-12-31": "0.00000"}, "Retained Earnings (Accumulated Deficit)": {"2019-12-31": "-555.00000", "2018-12-31": "570.00000", "2017-12-31": "113.00000", "2016-12-31": "-104.00000", "2015-12-31": "", "2014-12-31": ""}, "Comprehensive Income": {"2019-12-31": "-4974.00000", "2018-12-31": "-4565.00000", "2017-12-31": "-5182.00000", "2016-12-31": "-3775.00000", "2015-12-31": "-1600.00000", "2014-12-31": ""}, "Other Share Holders Equity": {"2019-12-31": "", "2018-12-31": "", "2017-12-31": "", "2016-12-31": "", "2015-12-31": "11042.00000", "2014-12-31": "0.00000"}, "Share Holder Equity": {"2019-12-31": "5886.00000", "2018-12-31": "7588.00000", "2017-12-31": "6798.00000", "2016-12-31": "7697.00000", "2015-12-31": "11513.00000", "2014-12-31": "0.00000"}, "Total Liabilities And Share Holders Equity": {"2019-12-31": "14631.00000", "2018-12-31": "16132.00000", "2017-12-31": "17447.00000", "2016-12-31": "16741.00000", "2015-12-31": "16413.00000", "2014-12-31": "0.00000"}}, "balance sheet, quarterly": {"Cash On Hand": {"2020-09-30": "1736.00000", "2020-06-30": "965.00000", "2020-03-31": "829.00000", "2019-12-31": "879.00000", "2019-09-30": "841.00000", "2019-06-30": "834.00000", "2019-03-31": "1017.00000", "2018-12-31": "1113.00000", "2018-09-30": "1022.00000", "2018-06-30": "1089.00000", "2018-03-31": "1196.00000", "2017-12-31": "1358.00000", "2017-09-30": "1119.00000", "2017-06-30": "954.00000", "2017-03-31": "804.00000", "2016-12-31": "853.00000", "2016-09-30": "1469.00000", "2016-06-30": "", "2016-03-31": "", "2015-12-31": "", "2015-09-30": "", "2014-12-31": ""}, "Receivables": {"2020-09-30": "611.00000", "2020-06-30": "507.00000", "2020-03-31": "665.00000", "2019-12-31": "660.00000", "2019-09-30": "824.00000", "2019-06-30": "887.00000", "2019-03-31": "942.00000", "2018-12-31": "1003.00000", "2018-09-30": "1193.00000", "2018-06-30": "1195.00000", "2018-03-31": "1001.00000", "2017-12-31": "1043.00000", "2017-09-30": "1033.00000", "2017-06-30": "995.00000", "2017-03-31": "882.00000", "2016-12-31": "834.00000", "2016-09-30": "692.00000", "2016-06-30": "", "2016-03-31": "", "2015-12-31": "", "2015-09-30": "", "2014-12-31": ""}, "Inventory": {"2020-09-30": "1398.00000", "2020-06-30": "1419.00000", "2020-03-31": "1509.00000", "2019-12-31": "1644.00000", "2019-09-30": "1649.00000", "2019-06-30": "1767.00000", "2019-03-31": "1799.00000", "2018-12-31": "1819.00000", "2018-09-30": "1666.00000", "2018-06-30": "1668.00000", "2018-03-31": "1630.00000", "2017-12-31": "1453.00000", "2017-09-30": "1323.00000", "2017-06-30": "1287.00000", "2017-03-31": "1294.00000", "2016-12-31": "1160.00000", "2016-09-30": "1192.00000", "2016-06-30": "", "2016-03-31": "", "2015-12-31": "", "2015-09-30": "", "2014-12-31": ""}, "Pre-Paid Expenses": {"2020-09-30": "297.00000", "2020-06-30": "264.00000", "2020-03-31": "277.00000", "2019-12-31": "288.00000", "2019-09-30": "245.00000", "2019-06-30": "250.00000", "2019-03-31": "285.00000", "2018-12-31": "320.00000", "2018-09-30": "255.00000", "2018-06-30": "283.00000", "2018-03-31": "270.00000", "2017-12-31": "271.00000", "2017-09-30": "217.00000", "2017-06-30": "347.00000", "2017-03-31": "424.00000", "2016-12-31": "283.00000", "2016-09-30": "269.00000", "2016-06-30": "", "2016-03-31": "", "2015-12-31": "", "2015-09-30": "", "2014-12-31": ""}, "Other Current Assets": {"2020-09-30": "11.00000", "2020-06-30": "24.00000", "2020-03-31": "53.00000", "2019-12-31": "59.00000", "2019-09-30": "84.00000", "2019-06-30": "80.00000", "2019-03-31": "71.00000", "2018-12-31": "73.00000", "2018-09-30": "57.00000", "2018-06-30": "46.00000", "2018-03-31": "52.00000", "2017-12-31": "113.00000", "2017-09-30": "112.00000", "2017-06-30": "", "2017-03-31": "", "2016-12-31": "51.00000", "2016-09-30": "", "2016-06-30": "", "2016-03-31": "", "2015-12-31": "", "2015-09-30": "", "2014-12-31": ""}, "Total Current Assets": {"2020-09-30": "4053.00000", "2020-06-30": "3179.00000", "2020-03-31": "3333.00000", "2019-12-31": "3530.00000", "2019-09-30": "3643.00000", "2019-06-30": "3818.00000", "2019-03-31": "4114.00000", "2018-12-31": "4328.00000", "2018-09-30": "4193.00000", "2018-06-30": "4281.00000", "2018-03-31": "4149.00000", "2017-12-31": "4238.00000", "2017-09-30": "3804.00000", "2017-06-30": "3583.00000", "2017-03-31": "3404.00000", "2016-12-31": "3181.00000", "2016-09-30": "3622.00000", "2016-06-30": "", "2016-03-31": "", "2015-12-31": "", "2015-09-30": "", "2014-12-31": ""}, "Property, Plant, And Equipment": {"2020-09-30": "7250.00000", "2020-06-30": "7289.00000", "2020-03-31": "7160.00000", "2019-12-31": "7916.00000", "2019-09-30": "7929.00000", "2019-06-30": "8273.00000", "2019-03-31": "8328.00000", "2018-12-31": "8327.00000", "2018-09-30": "8355.00000", "2018-06-30": "8556.00000", "2018-03-31": "9034.00000", "2017-12-31": "9138.00000", "2017-09-30": "9282.00000", "2017-06-30": "9237.00000", "2017-03-31": "9434.00000", "2016-12-31": "9325.00000", "2016-09-30": "9609.00000", "2016-06-30": "", "2016-03-31": "", "2015-12-31": "", "2015-09-30": "", "2014-12-31": ""}, "Long-Term Investments": {"2020-09-30": "1034.00000", "2020-06-30": "1037.00000", "2020-03-31": "1059.00000", "2019-12-31": "1113.00000", "2019-09-30": "1114.00000", "2019-06-30": "1141.00000", "2019-03-31": "1362.00000", "2018-12-31": "1360.00000", "2018-09-30": "1381.00000", "2018-06-30": "1390.00000", "2018-03-31": "1413.00000", "2017-12-31": "1410.00000", "2017-09-30": "1408.00000", "2017-06-30": "1378.00000", "2017-03-31": "1393.00000", "2016-12-31": "1358.00000", "2016-09-30": "1362.00000", "2016-06-30": "", "2016-03-31": "", "2015-12-31": "", "2015-09-30": "", "2014-12-31": ""}, "Goodwill And Intangible Assets": {"2020-09-30": "", "2020-06-30": "", "2020-03-31": "", "2019-12-31": "", "2019-09-30": "", "2019-06-30": "", "2019-03-31": "", "2018-12-31": "", "2018-09-30": "", "2018-06-30": "", "2018-03-31": "", "2017-12-31": "", "2017-09-30": "", "2017-06-30": "", "2017-03-31": "", "2016-12-31": "", "2016-09-30": "155.00000", "2016-06-30": "0.00000", "2016-03-31": "0.00000", "2015-12-31": "", "2015-09-30": "0.00000", "2014-12-31": "0.00000"}, "Other Long-Term Assets": {"2020-09-30": "1373.00000", "2020-06-30": "1313.00000", "2020-03-31": "1674.00000", "2019-12-31": "1430.00000", "2019-09-30": "1424.00000", "2019-06-30": "1518.00000", "2019-03-31": "1548.00000", "2018-12-31": "1557.00000", "2018-09-30": "1657.00000", "2018-06-30": "1679.00000", "2018-03-31": "1800.00000", "2017-12-31": "1847.00000", "2017-09-30": "1898.00000", "2017-06-30": "1947.00000", "2017-03-31": "2031.00000", "2016-12-31": "2136.00000", "2016-09-30": "1804.00000", "2016-06-30": "", "2016-03-31": "", "2015-12-31": "", "2015-09-30": "", "2014-12-31": ""}, "Total Long-Term Assets": {"2020-09-30": "10197.00000", "2020-06-30": "10121.00000", "2020-03-31": "10318.00000", "2019-12-31": "11101.00000", "2019-09-30": "11027.00000", "2019-06-30": "11531.00000", "2019-03-31": "11842.00000", "2018-12-31": "11804.00000", "2018-09-30": "11992.00000", "2018-06-30": "12237.00000", "2018-03-31": "12947.00000", "2017-12-31": "13209.00000", "2017-09-30": "13450.00000", "2017-06-30": "13346.00000", "2017-03-31": "13672.00000", "2016-12-31": "13560.00000", "2016-09-30": "13683.00000", "2016-06-30": "", "2016-03-31": "", "2015-12-31": "", "2015-09-30": "", "2014-12-31": ""}, "Total Assets": {"2020-09-30": "14250.00000", "2020-06-30": "13300.00000", "2020-03-31": "13651.00000", "2019-12-31": "14631.00000", "2019-09-30": "14670.00000", "2019-06-30": "15349.00000", "2019-03-31": "15956.00000", "2018-12-31": "16132.00000", "2018-09-30": "16185.00000", "2018-06-30": "16518.00000", "2018-03-31": "17096.00000", "2017-12-31": "17447.00000", "2017-09-30": "17254.00000", "2017-06-30": "16929.00000", "2017-03-31": "17076.00000", "2016-12-31": "16741.00000", "2016-09-30": "17305.00000", "2016-06-30": "0.00000", "2016-03-31": "0.00000", "2015-12-31": "0.00000", "2015-09-30": "0.00000", "2014-12-31": "0.00000"}, "Total Current Liabilities": {"2020-09-30": "2303.00000", "2020-06-30": "2241.00000", "2020-03-31": "2223.00000", "2019-12-31": "2563.00000", "2019-09-30": "2455.00000", "2019-06-30": "2531.00000", "2019-03-31": "2803.00000", "2018-12-31": "2919.00000", "2018-09-30": "3004.00000", "2018-06-30": "3013.00000", "2018-03-31": "2976.00000", "2017-12-31": "3252.00000", "2017-09-30": "2766.00000", "2017-06-30": "2608.00000", "2017-03-31": "2623.00000", "2016-12-31": "2821.00000", "2016-09-30": "2206.00000", "2016-06-30": "", "2016-03-31": "", "2015-12-31": "", "2015-09-30": "", "2014-12-31": ""}, "Long Term Debt": {"2020-09-30": "2538.00000", "2020-06-30": "1800.00000", "2020-03-31": "1801.00000", "2019-12-31": "1799.00000", "2019-09-30": "1805.00000", "2019-06-30": "1804.00000", "2019-03-31": "1802.00000", "2018-12-31": "1801.00000", "2018-09-30": "1820.00000", "2018-06-30": "1916.00000", "2018-03-31": "1445.00000", "2017-12-31": "1388.00000", "2017-09-30": "1384.00000", "2017-06-30": "1418.00000", "2017-03-31": "1431.00000", "2016-12-31": "1424.00000", "2016-09-30": "1457.00000", "2016-06-30": "", "2016-03-31": "", "2015-12-31": "", "2015-09-30": "", "2014-12-31": ""}, "Other Non-Current Liabilities": {"2020-09-30": "2054.00000", "2020-06-30": "1622.00000", "2020-03-31": "1632.00000", "2019-12-31": "2129.00000", "2019-09-30": "1791.00000", "2019-06-30": "1932.00000", "2019-03-31": "2030.00000", "2018-12-31": "1549.00000", "2018-09-30": "1940.00000", "2018-06-30": "1876.00000", "2018-03-31": "1865.00000", "2017-12-31": "2568.00000", "2017-09-30": "2207.00000", "2017-06-30": "1862.00000", "2017-03-31": "1892.00000", "2016-12-31": "1782.00000", "2016-09-30": "1715.00000", "2016-06-30": "", "2016-03-31": "", "2015-12-31": "", "2015-09-30": "", "2014-12-31": ""}, "Total Long Term Liabilities": {"2020-09-30": "6928.00000", "2020-06-30": "5735.00000", "2020-03-31": "5617.00000", "2019-12-31": "6182.00000", "2019-09-30": "5805.00000", "2019-06-30": "5959.00000", "2019-03-31": "6070.00000", "2018-12-31": "5625.00000", "2018-09-30": "5896.00000", "2018-06-30": "6397.00000", "2018-03-31": "6603.00000", "2017-12-31": "7397.00000", "2017-09-30": "6370.00000", "2017-06-30": "6122.00000", "2017-03-31": "6290.00000", "2016-12-31": "6223.00000", "2016-09-30": "5973.00000", "2016-06-30": "", "2016-03-31": "", "2015-12-31": "", "2015-09-30": "", "2014-12-31": ""}, "Total Liabilities": {"2020-09-30": "9231.00000", "2020-06-30": "7976.00000", "2020-03-31": "7840.00000", "2019-12-31": "8745.00000", "2019-09-30": "8260.00000", "2019-06-30": "8490.00000", "2019-03-31": "8873.00000", "2018-12-31": "8544.00000", "2018-09-30": "8900.00000", "2018-06-30": "9410.00000", "2018-03-31": "9579.00000", "2017-12-31": "10649.00000", "2017-09-30": "9136.00000", "2017-06-30": "8730.00000", "2017-03-31": "8913.00000", "2016-12-31": "9044.00000", "2016-09-30": "8179.00000", "2016-06-30": "0.00000", "2016-03-31": "0.00000", "2015-12-31": "", "2015-09-30": "0.00000", "2014-12-31": "0.00000"}, "Common Stock Net": {"2020-09-30": "2.00000", "2020-06-30": "2.00000", "2020-03-31": "2.00000", "2019-12-31": "2.00000", "2019-09-30": "2.00000", "2019-06-30": "2.00000", "2019-03-31": "2.00000", "2018-12-31": "2.00000", "2018-09-30": "2.00000", "2018-06-30": "2.00000", "2018-03-31": "2.00000", "2017-12-31": "2.00000", "2017-09-30": "2.00000", "2017-06-30": "2.00000", "2017-03-31": "2.00000", "2016-12-31": "2.00000", "2016-09-30": "", "2016-06-30": "0.00000", "2016-03-31": "0.00000", "2015-12-31": "", "2015-09-30": "0.00000", "2014-12-31": "0.00000"}, "Retained Earnings (Accumulated Deficit)": {"2020-09-30": "-721.00000", "2020-06-30": "-672.00000", "2020-03-31": "-476.00000", "2019-12-31": "-555.00000", "2019-09-30": "-252.00000", "2019-06-30": "-31.00000", "2019-03-31": "371.00000", "2018-12-31": "570.00000", "2018-09-30": "298.00000", "2018-06-30": "339.00000", "2018-03-31": "263.00000", "2017-12-31": "113.00000", "2017-09-30": "309.00000", "2017-06-30": "196.00000", "2017-03-31": "121.00000", "2016-12-31": "-104.00000", "2016-09-30": "", "2016-06-30": "", "2016-03-31": "", "2015-12-31": "", "2015-09-30": "", "2014-12-31": ""}, "Comprehensive Income": {"2020-09-30": "-5547.00000", "2020-06-30": "-5280.00000", "2020-03-31": "-4898.00000", "2019-12-31": "-4974.00000", "2019-09-30": "-4849.00000", "2019-06-30": "-4705.00000", "2019-03-31": "-4834.00000", "2018-12-31": "-4565.00000", "2018-09-30": "-4740.00000", "2018-06-30": "-4967.00000", "2018-03-31": "-4530.00000", "2017-12-31": "-5182.00000", "2017-09-30": "-4033.00000", "2017-06-30": "-3803.00000", "2017-03-31": "-3800.00000", "2016-12-31": "-3775.00000", "2016-09-30": "-4478.00000", "2016-06-30": "", "2016-03-31": "", "2015-12-31": "", "2015-09-30": "", "2014-12-31": ""}, "Other Share Holders Equity": {"2020-09-30": "", "2020-06-30": "", "2020-03-31": "", "2019-12-31": "", "2019-09-30": "", "2019-06-30": "", "2019-03-31": "", "2018-12-31": "", "2018-09-30": "", "2018-06-30": "", "2018-03-31": "", "2017-12-31": "", "2017-09-30": "", "2017-06-30": "", "2017-03-31": "", "2016-12-31": "", "2016-09-30": "11458.00000", "2016-06-30": "0.00000", "2016-03-31": "0.00000", "2015-12-31": "", "2015-09-30": "0.00000", "2014-12-31": "0.00000"}, "Share Holder Equity": {"2020-09-30": "5019.00000", "2020-06-30": "5324.00000", "2020-03-31": "5811.00000", "2019-12-31": "5886.00000", "2019-09-30": "6410.00000", "2019-06-30": "6859.00000", "2019-03-31": "7083.00000", "2018-12-31": "7588.00000", "2018-09-30": "7285.00000", "2018-06-30": "7108.00000", "2018-03-31": "7517.00000", "2017-12-31": "6798.00000", "2017-09-30": "8118.00000", "2017-06-30": "8199.00000", "2017-03-31": "8163.00000", "2016-12-31": "7697.00000", "2016-09-30": "9126.00000", "2016-06-30": "0.00000", "2016-03-31": "0.00000", "2015-12-31": "", "2015-09-30": "0.00000", "2014-12-31": "0.00000"}, "Total Liabilities And Share Holders Equity": {"2020-09-30": "14250.00000", "2020-06-30": "13300.00000", "2020-03-31": "13651.00000", "2019-12-31": "14631.00000", "2019-09-30": "14670.00000", "2019-06-30": "15349.00000", "2019-03-31": "15956.00000", "2018-12-31": "16132.00000", "2018-09-30": "16185.00000", "2018-06-30": "16518.00000", "2018-03-31": "17096.00000", "2017-12-31": "17447.00000", "2017-09-30": "17254.00000", "2017-06-30": "16929.00000", "2017-03-31": "17076.00000", "2016-12-31": "16741.00000", "2016-09-30": "17305.00000", "2016-06-30": "0.00000", "2016-03-31": "0.00000", "2015-12-31": "", "2015-09-30": "0.00000", "2014-12-31": "0.00000"}}, "cash flow statement": {"Net Income/Loss": {"2019-12-31": "-853.00000", "2018-12-31": "893.00000", "2017-12-31": "608.00000", "2016-12-31": "-346.00000", "2015-12-31": "-739.00000", "2014-12-31": "-347.00000"}, "Total Depreciation And Amortization - Cash Flow": {"2019-12-31": "713.00000", "2018-12-31": "733.00000", "2017-12-31": "752.00000", "2016-12-31": "718.00000", "2015-12-31": "780.00000", "2014-12-31": "954.00000"}, "Other Non-Cash Items": {"2019-12-31": "1264.00000", "2018-12-31": "636.00000", "2017-12-31": "537.00000", "2016-12-31": "234.00000", "2015-12-31": "1338.00000", "2014-12-31": "1007.00000"}, "Total Non-Cash Items": {"2019-12-31": "1977.00000", "2018-12-31": "1369.00000", "2017-12-31": "1289.00000", "2016-12-31": "952.00000", "2015-12-31": "2118.00000", "2014-12-31": "1961.00000"}, "Change In Accounts Receivable": {"2019-12-31": "283.00000", "2018-12-31": "-43.00000", "2017-12-31": "-118.00000", "2016-12-31": "-234.00000", "2015-12-31": "130.00000", "2014-12-31": "-91.00000"}, "Change In Inventories": {"2019-12-31": "137.00000", "2018-12-31": "-306.00000", "2017-12-31": "-279.00000", "2016-12-31": "1.00000", "2015-12-31": "212.00000", "2014-12-31": "-126.00000"}, "Change In Accounts Payable": {"2019-12-31": "-153.00000", "2018-12-31": "-165.00000", "2017-12-31": "377.00000", "2016-12-31": "6.00000", "2015-12-31": "-156.00000", "2014-12-31": "110.00000"}, "Change In Assets/Liabilities": {"2019-12-31": "-200.00000", "2018-12-31": "-1222.00000", "2017-12-31": "-201.00000", "2016-12-31": "-222.00000", "2015-12-31": "-347.00000", "2014-12-31": "-194.00000"}, "Total Change In Assets/Liabilities": {"2019-12-31": "-438.00000", "2018-12-31": "-1814.00000", "2017-12-31": "-673.00000", "2016-12-31": "-917.00000", "2015-12-31": "-504.00000", "2014-12-31": "-772.00000"}, "Cash Flow From Operating Activities": {"2019-12-31": "686.00000", "2018-12-31": "448.00000", "2017-12-31": "1224.00000", "2016-12-31": "-311.00000", "2015-12-31": "875.00000", "2014-12-31": "842.00000"}, "Net Change In Property, Plant, And Equipment": {"2019-12-31": "-356.00000", "2018-12-31": "-398.00000", "2017-12-31": "-160.00000", "2016-12-31": "-292.00000", "2015-12-31": "-321.00000", "2014-12-31": "-221.00000"}, "Net Change In Intangible Assets": {"2019-12-31": "", "2018-12-31": "", "2017-12-31": "", "2016-12-31": "", "2015-12-31": "", "2014-12-31": ""}, "Net Acquisitions/Divestitures": {"2019-12-31": "", "2018-12-31": "", "2017-12-31": "", "2016-12-31": "", "2015-12-31": "", "2014-12-31": ""}, "Net Change In Short-term Investments": {"2019-12-31": "", "2018-12-31": "", "2017-12-31": "", "2016-12-31": "", "2015-12-31": "", "2014-12-31": ""}, "Net Change In Long-Term Investments": {"2019-12-31": "-112.00000", "2018-12-31": "-7.00000", "2017-12-31": "-66.00000", "2016-12-31": "143.00000", "2015-12-31": "-63.00000", "2014-12-31": "-117.00000"}, "Net Change In Investments - Total": {"2019-12-31": "-112.00000", "2018-12-31": "-7.00000", "2017-12-31": "-66.00000", "2016-12-31": "143.00000", "2015-12-31": "-63.00000", "2014-12-31": "-117.00000"}, "Investing Activities - Other": {"2019-12-31": "", "2018-12-31": "", "2017-12-31": "", "2016-12-31": "", "2015-12-31": "", "2014-12-31": ""}, "Cash Flow From Investing Activities": {"2019-12-31": "-468.00000", "2018-12-31": "-405.00000", "2017-12-31": "-226.00000", "2016-12-31": "-149.00000", "2015-12-31": "-384.00000", "2014-12-31": "-338.00000"}, "Net Long-Term Debt": {"2019-12-31": "-7.00000", "2018-12-31": "425.00000", "2017-12-31": "-39.00000", "2016-12-31": "1194.00000", "2015-12-31": "-24.00000", "2014-12-31": "-35.00000"}, "Net Current Debt": {"2019-12-31": "", "2018-12-31": "", "2017-12-31": "7.00000", "2016-12-31": "-4.00000", "2015-12-31": "", "2014-12-31": ""}, "Debt Issuance/Retirement Net - Total": {"2019-12-31": "-7.00000", "2018-12-31": "425.00000", "2017-12-31": "-32.00000", "2016-12-31": "1190.00000", "2015-12-31": "-24.00000", "2014-12-31": "-35.00000"}, "Net Common Equity Issued/Repurchased": {"2019-12-31": "2.00000", "2018-12-31": "-27.00000", "2017-12-31": "43.00000", "2016-12-31": "10.00000", "2015-12-31": "", "2014-12-31": ""}, "Net Total Equity Issued/Repurchased": {"2019-12-31": "2.00000", "2018-12-31": "-27.00000", "2017-12-31": "43.00000", "2016-12-31": "10.00000", "2015-12-31": "", "2014-12-31": ""}, "Total Common And Preferred Stock Dividends Paid": {"2019-12-31": "-472.00000", "2018-12-31": "-827.00000", "2017-12-31": "-342.00000", "2016-12-31": "-233.00000", "2015-12-31": "-106.00000", "2014-12-31": "-120.00000"}, "Financial Activities - Other": {"2019-12-31": "33.00000", "2018-12-31": "141.00000", "2017-12-31": "-175.00000", "2016-12-31": "-218.00000", "2015-12-31": "-32.00000", "2014-12-31": "-289.00000"}, "Cash Flow From Financial Activities": {"2019-12-31": "-444.00000", "2018-12-31": "-288.00000", "2017-12-31": "-506.00000", "2016-12-31": "749.00000", "2015-12-31": "-162.00000", "2014-12-31": "-444.00000"}, "Net Cash Flow": {"2019-12-31": "-233.00000", "2018-12-31": "-249.00000", "2017-12-31": "506.00000", "2016-12-31": "302.00000", "2015-12-31": "291.00000", "2014-12-31": "53.00000"}, "Stock-Based Compensation": {"2019-12-31": "30.00000", "2018-12-31": "35.00000", "2017-12-31": "24.00000", "2016-12-31": "28.00000", "2015-12-31": "35.00000", "2014-12-31": "39.00000"}, "Common Stock Dividends Paid": {"2019-12-31": "-472.00000", "2018-12-31": "-827.00000", "2017-12-31": "-342.00000", "2016-12-31": "-233.00000", "2015-12-31": "-106.00000", "2014-12-31": "-120.00000"}}, "cash flow statement, quarterly": {"Net Income/Loss": {"2020-09-30": -20, "2020-06-30": -150, "2020-03-31": "139.00000", "2019-12-31": -355, "2019-09-30": -147, "2019-06-30": -293, "2019-03-31": "-58.00000", "2018-12-31": 227, "2018-09-30": 195, "2018-06-30": 131, "2018-03-31": "340.00000", "2017-12-31": -7, "2017-09-30": 169, "2017-06-30": 138, "2017-03-31": "308.00000", "2016-12-31": -129, "2016-09-30": 10, "2016-06-30": -12, "2016-03-31": "-215.00000", "2015-12-31": -890, "2015-09-30": 498, "2014-12-31": -347}, "Total Depreciation And Amortization - Cash Flow": {"2020-09-30": 161, "2020-06-30": 152, "2020-03-31": "170.00000", "2019-12-31": 183, "2019-09-30": 184, "2019-06-30": 174, "2019-03-31": "172.00000", "2018-12-31": 174, "2018-09-30": 172, "2018-06-30": 193, "2018-03-31": "194.00000", "2017-12-31": 188, "2017-09-30": 195, "2017-06-30": 190, "2017-03-31": "179.00000", "2016-12-31": 182, "2016-09-30": 181, "2016-06-30": 178, "2016-03-31": "177.00000", "2015-12-31": 186, "2015-09-30": -360, "2014-12-31": 954}, "Other Non-Cash Items": {"2020-09-30": 54, "2020-06-30": 68, "2020-03-31": "-105.00000", "2019-12-31": 372, "2019-09-30": 207, "2019-06-30": 467, "2019-03-31": "218.00000", "2018-12-31": 194, "2018-09-30": 215, "2018-06-30": 219, "2018-03-31": "8.00000", "2017-12-31": 440, "2017-09-30": 61, "2017-06-30": 80, "2017-03-31": "-44.00000", "2016-12-31": 170, "2016-09-30": -44, "2016-06-30": -7, "2016-03-31": "115.00000", "2015-12-31": -493, "2015-09-30": 493, "2014-12-31": 0}, "Total Non-Cash Items": {"2020-09-30": 215, "2020-06-30": 220, "2020-03-31": "65.00000", "2019-12-31": 555, "2019-09-30": 391, "2019-06-30": 641, "2019-03-31": "390.00000", "2018-12-31": 368, "2018-09-30": 387, "2018-06-30": 412, "2018-03-31": "202.00000", "2017-12-31": 628, "2017-09-30": 256, "2017-06-30": 270, "2017-03-31": "135.00000", "2016-12-31": 352, "2016-09-30": 137, "2016-06-30": 171, "2016-03-31": "292.00000", "2015-12-31": -307, "2015-09-30": 133, "2014-12-31": 954}, "Change In Accounts Receivable": {"2020-09-30": -98, "2020-06-30": 194, "2020-03-31": "-70.00000", "2019-12-31": 156, "2019-09-30": 33, "2019-06-30": 52, "2019-03-31": "42.00000", "2018-12-31": 166, "2018-09-30": 0, "2018-06-30": -252, "2018-03-31": "43.00000", "2017-12-31": -6, "2017-09-30": -37, "2017-06-30": -82, "2017-03-31": "7.00000", "2016-12-31": -108, "2016-09-30": -102, "2016-06-30": -1, "2016-03-31": "-23.00000", "2015-12-31": -34, "2015-09-30": 34, "2014-12-31": 0}, "Change In Inventories": {"2020-09-30": 37, "2020-06-30": 143, "2020-03-31": "41.00000", "2019-12-31": 26, "2019-09-30": 58, "2019-06-30": 36, "2019-03-31": "17.00000", "2018-12-31": -20, "2018-09-30": -61, "2018-06-30": 23, "2018-03-31": "-248.00000", "2017-12-31": -177, "2017-09-30": -16, "2017-06-30": 16, "2017-03-31": "-102.00000", "2016-12-31": -38, "2016-09-30": -3, "2016-06-30": 34, "2016-03-31": "8.00000", "2015-12-31": -92, "2015-09-30": 92, "2014-12-31": 0}, "Change In Accounts Payable": {"2020-09-30": 96, "2020-06-30": -62, "2020-03-31": "-121.00000", "2019-12-31": 46, "2019-09-30": -55, "2019-06-30": 15, "2019-03-31": "-159.00000", "2018-12-31": -30, "2018-09-30": -30, "2018-06-30": 1, "2018-03-31": "-106.00000", "2017-12-31": 268, "2017-09-30": 90, "2017-06-30": 64, "2017-03-31": "-45.00000", "2016-12-31": 181, "2016-09-30": -42, "2016-06-30": 19, "2016-03-31": "-152.00000", "2015-12-31": 108, "2015-09-30": -108, "2014-12-31": 0}, "Change In Assets/Liabilities": {"2020-09-30": -114, "2020-06-30": -40, "2020-03-31": "-48.00000", "2019-12-31": -152, "2019-09-30": -8, "2019-06-30": -37, "2019-03-31": "-3.00000", "2018-12-31": -138, "2018-09-30": -305, "2018-06-30": -705, "2018-03-31": "-74.00000", "2017-12-31": -104, "2017-09-30": -55, "2017-06-30": -11, "2017-03-31": "-31.00000", "2016-12-31": 8, "2016-09-30": -7, "2016-06-30": -219, "2016-03-31": "-4.00000", "2015-12-31": 321, "2015-09-30": -321, "2014-12-31": 0}, "Total Change In Assets/Liabilities": {"2020-09-30": -37, "2020-06-30": 218, "2020-03-31": "-294.00000", "2019-12-31": 62, "2019-09-30": -70, "2019-06-30": -266, "2019-03-31": "-164.00000", "2018-12-31": -60, "2018-09-30": -294, "2018-06-30": -973, "2018-03-31": "-487.00000", "2017-12-31": -166, "2017-09-30": -41, "2017-06-30": -97, "2017-03-31": "-369.00000", "2016-12-31": 16, "2016-09-30": -256, "2016-06-30": -241, "2016-03-31": "-436.00000", "2015-12-31": -88, "2015-09-30": 356, "2014-12-31": -772}, "Cash Flow From Operating Activities": {"2020-09-30": 158, "2020-06-30": 288, "2020-03-31": "-90.00000", "2019-12-31": 262, "2019-09-30": 174, "2019-06-30": 82, "2019-03-31": "168.00000", "2018-12-31": 535, "2018-09-30": 288, "2018-06-30": -430, "2018-03-31": "55.00000", "2017-12-31": 455, "2017-09-30": 384, "2017-06-30": 311, "2017-03-31": "74.00000", "2016-12-31": 239, "2016-09-30": -109, "2016-06-30": -82, "2016-03-31": "-359.00000", "2015-12-31": 53, "2015-09-30": -20, "2014-12-31": 842}, "Net Change In Property, Plant, And Equipment": {"2020-09-30": -75, "2020-06-30": -77, "2020-03-31": "108.00000", "2019-12-31": -134, "2019-09-30": -75, "2019-06-30": -89, "2019-03-31": "-58.00000", "2018-12-31": -147, "2018-09-30": -82, "2018-06-30": -95, "2018-03-31": "-74.00000", "2017-12-31": -148, "2017-09-30": -96, "2017-06-30": -83, "2017-03-31": "167.00000", "2016-12-31": -146, "2016-09-30": 39, "2016-06-30": -86, "2016-03-31": "-99.00000", "2015-12-31": -133, "2015-09-30": 33, "2014-12-31": -221}, "Net Change In Intangible Assets": {"2020-09-30": 0, "2020-06-30": 0, "2020-03-31": "", "2019-12-31": 0, "2019-09-30": 0, "2019-06-30": 0, "2019-03-31": "", "2018-12-31": 0, "2018-09-30": 0, "2018-06-30": 0, "2018-03-31": "", "2017-12-31": 0, "2017-09-30": 0, "2017-06-30": 0, "2017-03-31": "", "2016-12-31": 0, "2016-09-30": 0, "2016-06-30": 0, "2016-03-31": "", "2015-12-31": 0, "2015-09-30": 0, "2014-12-31": 0}, "Net Acquisitions/Divestitures": {"2020-09-30": 0, "2020-06-30": 0, "2020-03-31": "", "2019-12-31": 0, "2019-09-30": 0, "2019-06-30": 0, "2019-03-31": "", "2018-12-31": 0, "2018-09-30": 0, "2018-06-30": 0, "2018-03-31": "", "2017-12-31": 0, "2017-09-30": 0, "2017-06-30": 0, "2017-03-31": "", "2016-12-31": 0, "2016-09-30": 0, "2016-06-30": 0, "2016-03-31": "", "2015-12-31": 0, "2015-09-30": 0, "2014-12-31": 0}, "Net Change In Short-term Investments": {"2020-09-30": 0, "2020-06-30": 0, "2020-03-31": "", "2019-12-31": 0, "2019-09-30": 0, "2019-06-30": 0, "2019-03-31": "", "2018-12-31": 0, "2018-09-30": 0, "2018-06-30": 0, "2018-03-31": "", "2017-12-31": 0, "2017-09-30": 0, "2017-06-30": 0, "2017-03-31": "", "2016-12-31": 0, "2016-09-30": 0, "2016-06-30": 0, "2016-03-31": "", "2015-12-31": 0, "2015-09-30": 0, "2014-12-31": 0}, "Net Change In Long-Term Investments": {"2020-09-30": -3, "2020-06-30": -2, "2020-03-31": "-1.00000", "2019-12-31": 0, "2019-09-30": -1, "2019-06-30": -110, "2019-03-31": "-1.00000", "2018-12-31": -1, "2018-09-30": -1, "2018-06-30": -5, "2018-03-31": "", "2017-12-31": -22, "2017-09-30": -8, "2017-06-30": -11, "2017-03-31": "-25.00000", "2016-12-31": 0, "2016-09-30": 0, "2016-06-30": 146, "2016-03-31": "-3.00000", "2015-12-31": 36, "2015-09-30": -36, "2014-12-31": 0}, "Net Change In Investments - Total": {"2020-09-30": -3, "2020-06-30": -2, "2020-03-31": "-1.00000", "2019-12-31": 0, "2019-09-30": -1, "2019-06-30": -110, "2019-03-31": "-1.00000", "2018-12-31": -1, "2018-09-30": -1, "2018-06-30": -5, "2018-03-31": "", "2017-12-31": -22, "2017-09-30": -8, "2017-06-30": -11, "2017-03-31": "-25.00000", "2016-12-31": 0, "2016-09-30": 0, "2016-06-30": 146, "2016-03-31": "-3.00000", "2015-12-31": -27, "2015-09-30": 81, "2014-12-31": -117}, "Investing Activities - Other": {"2020-09-30": 0, "2020-06-30": 0, "2020-03-31": "", "2019-12-31": 0, "2019-09-30": 0, "2019-06-30": 0, "2019-03-31": "", "2018-12-31": 0, "2018-09-30": 0, "2018-06-30": 0, "2018-03-31": "", "2017-12-31": 0, "2017-09-30": 0, "2017-06-30": 0, "2017-03-31": "", "2016-12-31": 2, "2016-09-30": -1, "2016-06-30": 0, "2016-03-31": "-1.00000", "2015-12-31": 0, "2015-09-30": 0, "2014-12-31": 0}, "Cash Flow From Investing Activities": {"2020-09-30": -78, "2020-06-30": -79, "2020-03-31": "107.00000", "2019-12-31": -134, "2019-09-30": -76, "2019-06-30": -199, "2019-03-31": "-59.00000", "2018-12-31": -148, "2018-09-30": -83, "2018-06-30": -100, "2018-03-31": "-74.00000", "2017-12-31": -170, "2017-09-30": -104, "2017-06-30": -94, "2017-03-31": "142.00000", "2016-12-31": -144, "2016-09-30": 38, "2016-06-30": 60, "2016-03-31": "-103.00000", "2015-12-31": -160, "2015-09-30": 114, "2014-12-31": -338}, "Net Long-Term Debt": {"2020-09-30": 739, "2020-06-30": 0, "2020-03-31": "", "2019-12-31": -7, "2019-09-30": 0, "2019-06-30": 0, "2019-03-31": "", "2018-12-31": -23, "2018-09-30": -98, "2018-06-30": 489, "2018-03-31": "57.00000", "2017-12-31": 13, "2017-09-30": -45, "2017-06-30": -4, "2017-03-31": "-3.00000", "2016-12-31": 1210, "2016-09-30": -6, "2016-06-30": -6, "2016-03-31": "-4.00000", "2015-12-31": 20, "2015-09-30": -20, "2014-12-31": 0}, "Net Current Debt": {"2020-09-30": 0, "2020-06-30": 0, "2020-03-31": "", "2019-12-31": 0, "2019-09-30": 0, "2019-06-30": 0, "2019-03-31": "", "2018-12-31": 0, "2018-09-30": 0, "2018-06-30": 0, "2018-03-31": "", "2017-12-31": 5, "2017-09-30": -1, "2017-06-30": 1, "2017-03-31": "2.00000", "2016-12-31": -4, "2016-09-30": 1, "2016-06-30": 0, "2016-03-31": "-1.00000", "2015-12-31": 1, "2015-09-30": -1, "2014-12-31": 0}, "Debt Issuance/Retirement Net - Total": {"2020-09-30": 739, "2020-06-30": 0, "2020-03-31": "", "2019-12-31": -7, "2019-09-30": 0, "2019-06-30": 0, "2019-03-31": "", "2018-12-31": -23, "2018-09-30": -98, "2018-06-30": 489, "2018-03-31": "57.00000", "2017-12-31": 18, "2017-09-30": -46, "2017-06-30": -3, "2017-03-31": "-1.00000", "2016-12-31": 1206, "2016-09-30": -5, "2016-06-30": -6, "2016-03-31": "-5.00000", "2015-12-31": -3, "2015-09-30": 14, "2014-12-31": -35}, "Net Common Equity Issued/Repurchased": {"2020-09-30": 0, "2020-06-30": 0, "2020-03-31": "", "2019-12-31": 0, "2019-09-30": 1, "2019-06-30": 0, "2019-03-31": "1.00000", "2018-12-31": -50, "2018-09-30": 1, "2018-06-30": 7, "2018-03-31": "15.00000", "2017-12-31": 5, "2017-09-30": 20, "2017-06-30": 0, "2017-03-31": "18.00000", "2016-12-31": 10, "2016-09-30": 0, "2016-06-30": 0, "2016-03-31": "", "2015-12-31": 0, "2015-09-30": 0, "2014-12-31": 0}, "Net Total Equity Issued/Repurchased": {"2020-09-30": 0, "2020-06-30": 0, "2020-03-31": "", "2019-12-31": 0, "2019-09-30": 1, "2019-06-30": 0, "2019-03-31": "1.00000", "2018-12-31": -50, "2018-09-30": 1, "2018-06-30": 7, "2018-03-31": "15.00000", "2017-12-31": 5, "2017-09-30": 20, "2017-06-30": 0, "2017-03-31": "18.00000", "2016-12-31": 10, "2016-09-30": 0, "2016-06-30": 0, "2016-03-31": "", "2015-12-31": 0, "2015-09-30": 0, "2014-12-31": 0}, "Total Common And Preferred Stock Dividends Paid": {"2020-09-30": -46, "2020-06-30": -75, "2020-03-31": "-31.00000", "2019-12-31": -84, "2019-09-30": -102, "2019-06-30": -72, "2019-03-31": "-214.00000", "2018-12-31": -261, "2018-09-30": -181, "2018-06-30": -118, "2018-03-31": "-267.00000", "2017-12-31": -98, "2017-09-30": -89, "2017-06-30": -98, "2017-03-31": "-57.00000", "2016-12-31": -57, "2016-09-30": -92, "2016-06-30": -34, "2016-03-31": "-50.00000", "2015-12-31": 71, "2015-09-30": -71, "2014-12-31": 0}, "Financial Activities - Other": {"2020-09-30": -1, "2020-06-30": 4, "2020-03-31": "-13.00000", "2019-12-31": -2, "2019-09-30": 20, "2019-06-30": 1, "2019-03-31": "14.00000", "2018-12-31": 40, "2018-09-30": -2, "2018-06-30": 55, "2018-03-31": "48.00000", "2017-12-31": 22, "2017-09-30": 0, "2017-06-30": 23, "2017-03-31": "-220.00000", "2016-12-31": -625, "2016-09-30": 72, "2016-06-30": 33, "2016-03-31": "302.00000", "2015-12-31": 55, "2015-09-30": 216, "2014-12-31": -409}, "Cash Flow From Financial Activities": {"2020-09-30": 692, "2020-06-30": -71, "2020-03-31": "-44.00000", "2019-12-31": -93, "2019-09-30": -81, "2019-06-30": -71, "2019-03-31": "-199.00000", "2018-12-31": -294, "2018-09-30": -280, "2018-06-30": 433, "2018-03-31": "-147.00000", "2017-12-31": -53, "2017-09-30": -115, "2017-06-30": -78, "2017-03-31": "-260.00000", "2016-12-31": 534, "2016-09-30": -25, "2016-06-30": -7, "2016-03-31": "247.00000", "2015-12-31": 123, "2015-09-30": 159, "2014-12-31": -444}, "Net Cash Flow": {"2020-09-30": 771, "2020-06-30": 136, "2020-03-31": "-51.00000", "2019-12-31": 39, "2019-09-30": 7, "2019-06-30": -183, "2019-03-31": "-96.00000", "2018-12-31": 90, "2018-09-30": -69, "2018-06-30": -108, "2018-03-31": "-162.00000", "2017-12-31": 238, "2017-09-30": 162, "2017-06-30": 143, "2017-03-31": "-37.00000", "2016-12-31": 618, "2016-09-30": -91, "2016-06-30": -27, "2016-03-31": "-198.00000", "2015-12-31": 36, "2015-09-30": 202, "2014-12-31": 53}, "Stock-Based Compensation": {"2020-09-30": 7, "2020-06-30": 9, "2020-03-31": "8.00000", "2019-12-31": 1, "2019-09-30": 8, "2019-06-30": 11, "2019-03-31": "10.00000", "2018-12-31": 6, "2018-09-30": 9, "2018-06-30": 10, "2018-03-31": "10.00000", "2017-12-31": 3, "2017-09-30": 7, "2017-06-30": 7, "2017-03-31": "7.00000", "2016-12-31": 4, "2016-09-30": 6, "2016-06-30": 10, "2016-03-31": "8.00000", "2015-12-31": -31, "2015-09-30": 31, "2014-12-31": 0}, "Common Stock Dividends Paid": {"2020-09-30": -46, "2020-06-30": -75, "2020-03-31": "-31.00000", "2019-12-31": -84, "2019-09-30": -102, "2019-06-30": -72, "2019-03-31": "-214.00000", "2018-12-31": -261, "2018-09-30": -181, "2018-06-30": -118, "2018-03-31": "-267.00000", "2017-12-31": -98, "2017-09-30": -89, "2017-06-30": -98, "2017-03-31": "-57.00000", "2016-12-31": -57, "2016-09-30": -92, "2016-06-30": -34, "2016-03-31": "-50.00000", "2015-12-31": 71, "2015-09-30": -71, "2014-12-31": 0}}, "financial ratios": {"Current Ratio": {"2019-12-31": "1.37730", "2018-12-31": "1.48270", "2017-12-31": "1.30320", "2016-12-31": "1.12760", "2015-12-31": "1.06740", "2014-12-31": ""}, "Long-term Debt / Capital": {"2019-12-31": "0.23410", "2018-12-31": "0.19180", "2017-12-31": "0.16960", "2016-12-31": "0.15610", "2015-12-31": "0.01770", "2014-12-31": ""}, "Debt/Equity Ratio": {"2019-12-31": "0.30580", "2018-12-31": "0.23750", "2017-12-31": "0.20650", "2016-12-31": "0.18770", "2015-12-31": "0.01950", "2014-12-31": ""}, "Gross Margin": {"2019-12-31": "18.17310", "2018-12-31": "24.99440", "2017-12-31": "23.18920", "2016-12-31": "15.46470", "2015-12-31": "19.28740", "2014-12-31": "19.76880"}, "Operating Margin": {"2019-12-31": "-1.48570", "2018-12-31": "13.51190", "2017-12-31": "11.42290", "2016-12-31": "0.17170", "2015-12-31": "-0.22320", "2014-12-31": "2.31230"}, "EBIT Margin": {"2019-12-31": "-1.48570", "2018-12-31": "13.51190", "2017-12-31": "11.42290", "2016-12-31": "0.17170", "2015-12-31": "-0.22320", "2014-12-31": "2.31230"}, "EBITDA Margin": {"2019-12-31": "5.34840", "2018-12-31": "18.98080", "2017-12-31": "17.87680", "2016-12-31": "7.87720", "2015-12-31": "6.74170", "2014-12-31": "9.56870"}, "Pre-Tax Profit Margin": {"2019-12-31": "-4.19820", "2018-12-31": "12.12420", "2017-12-31": "10.29870", "2016-12-31": "-1.73860", "2015-12-31": "-3.00920", "2014-12-31": "-0.47920"}, "Net Profit Margin": {"2019-12-31": "-10.78310", "2018-12-31": "1.86530", "2017-12-31": "2.39440", "2016-12-31": "-4.29280", "2015-12-31": "-7.70600", "2014-12-31": "-1.94720"}, "Asset Turnover": {"2019-12-31": "0.71310", "2018-12-31": "0.83080", "2017-12-31": "0.66790", "2016-12-31": "0.55660", "2015-12-31": "0.68230", "2014-12-31": ""}, "Inventory Turnover Ratio": {"2019-12-31": "5.19280", "2018-12-31": "5.52670", "2017-12-31": "6.15970", "2016-12-31": "6.79050", "2015-12-31": "7.71250", "2014-12-31": ""}, "Receiveable Turnover": {"2019-12-31": "15.80760", "2018-12-31": "13.36290", "2017-12-31": "11.17160", "2016-12-31": "11.17270", "2015-12-31": "22.22020", "2014-12-31": ""}, "Days Sales In Receivables": {"2019-12-31": "23.09020", "2018-12-31": "27.31440", "2017-12-31": "32.67210", "2016-12-31": "32.66900", "2015-12-31": "16.42650", "2014-12-31": ""}, "ROE - Return On Equity": {"2019-12-31": "-14.49200", "2018-12-31": "11.76860", "2017-12-31": "8.94380", "2016-12-31": "-4.49530", "2015-12-31": "-6.41880", "2014-12-31": ""}, "Return On Tangible Equity": {"2019-12-31": "-14.49200", "2018-12-31": "11.76860", "2017-12-31": "8.94380", "2016-12-31": "-4.49530", "2015-12-31": "-6.41880", "2014-12-31": ""}, "ROA - Return On Assets": {"2019-12-31": "-5.83010", "2018-12-31": "5.53560", "2017-12-31": "3.48480", "2016-12-31": "-2.06680", "2015-12-31": "-4.50250", "2014-12-31": ""}, "ROI - Return On Investment": {"2019-12-31": "-11.09950", "2018-12-31": "9.51110", "2017-12-31": "7.42730", "2016-12-31": "-3.79340", "2015-12-31": "-6.30550", "2014-12-31": ""}, "Book Value Per Share": {"2019-12-31": "31.65960", "2018-12-31": "40.90610", "2017-12-31": "36.51380", "2016-12-31": "", "2015-12-31": "", "2014-12-31": ""}, "Operating Cash Flow Per Share": {"2019-12-31": 1.3377, "2018-12-31": -4.1751, "2017-12-31": 8.245, "2016-12-31": -6.5072, "2015-12-31": 0.1813, "2014-12-31": 4.6264}, "Free Cash Flow Per Share": {"2019-12-31": 1.5192, "2018-12-31": -5.4252, "2017-12-31": 8.9849, "2016-12-31": -6.3391, "2015-12-31": -0.3681, "2014-12-31": 3.4121}}, "financial ratios, quarterly": {"Current Ratio": {"2020-09-30": "1.75990", "2020-06-30": "1.41860", "2020-03-31": "1.49930", "2019-12-31": "1.37730", "2019-09-30": "1.48390", "2019-06-30": "1.50850", "2019-03-31": "1.46770", "2018-12-31": "1.48270", "2018-09-30": "1.39580", "2018-06-30": "1.42080", "2018-03-31": "1.39420", "2017-12-31": "1.30320", "2017-09-30": "1.37530", "2017-06-30": "1.37390", "2017-03-31": "1.29780", "2016-12-31": "1.12760", "2016-09-30": "1.64190", "2016-06-30": "", "2016-03-31": "", "2015-12-31": "", "2015-09-30": "", "2014-12-31": ""}, "Long-term Debt / Capital": {"2020-09-30": "0.33580", "2020-06-30": "0.25270", "2020-03-31": "0.23660", "2019-12-31": "0.23410", "2019-09-30": "0.21970", "2019-06-30": "0.20820", "2019-03-31": "0.20280", "2018-12-31": "0.19180", "2018-09-30": "0.19990", "2018-06-30": "0.21230", "2018-03-31": "0.16120", "2017-12-31": "0.16960", "2017-09-30": "0.14570", "2017-06-30": "0.14740", "2017-03-31": "0.14920", "2016-12-31": "0.15610", "2016-09-30": "0.13770", "2016-06-30": "", "2016-03-31": "", "2015-12-31": "", "2015-09-30": "", "2014-12-31": ""}, "Debt/Equity Ratio": {"2020-09-30": "0.50610", "2020-06-30": "0.33830", "2020-03-31": "0.31010", "2019-12-31": "0.30580", "2019-09-30": "0.28170", "2019-06-30": "0.26320", "2019-03-31": "0.25460", "2018-12-31": "0.23750", "2018-09-30": "0.25040", "2018-06-30": "0.27140", "2018-03-31": "0.19420", "2017-12-31": "0.20650", "2017-09-30": "0.17260", "2017-06-30": "0.17530", "2017-03-31": "0.17780", "2016-12-31": "0.18770", "2016-09-30": "0.16200", "2016-06-30": "", "2016-03-31": "", "2015-12-31": "", "2015-09-30": "", "2014-12-31": ""}, "Gross Margin": {"2020-09-30": "13.82660", "2020-06-30": "10.05590", "2020-03-31": "14.95170", "2019-12-31": "15.92780", "2019-09-30": "17.41330", "2019-06-30": "19.25490", "2019-03-31": "19.82350", "2018-12-31": "24.85050", "2018-09-30": "26.69620", "2018-06-30": "23.07910", "2018-03-31": "25.50160", "2017-12-31": "27.59930", "2017-09-30": "21.05260", "2017-06-30": "19.93700", "2017-03-31": "23.80410", "2016-12-31": "17.14620", "2016-09-30": "15.50020", "2016-06-30": "16.44430", "2016-03-31": "12.35320", "2015-12-31": "", "2015-09-30": "16.42400", "2014-12-31": ""}, "Operating Margin": {"2020-09-30": "4.56660", "2020-06-30": "-1.02420", "2020-03-31": "4.91390", "2019-12-31": "-9.27750", "2019-09-30": "0.19480", "2019-06-30": "-3.57800", "2019-03-31": "5.99490", "2018-12-31": "13.54670", "2018-09-30": "14.45430", "2018-06-30": "9.22050", "2018-03-31": "17.41100", "2017-12-31": "9.89290", "2017-09-30": "12.21320", "2017-06-30": "10.14340", "2017-03-31": "13.74770", "2016-12-31": "-2.04970", "2016-09-30": "2.70500", "2016-06-30": "4.26170", "2016-03-31": "-4.41520", "2015-12-31": "", "2015-09-30": "3.24750", "2014-12-31": ""}, "EBIT Margin": {"2020-09-30": "4.56660", "2020-06-30": "-1.02420", "2020-03-31": "4.91390", "2019-12-31": "-9.27750", "2019-09-30": "0.19480", "2019-06-30": "-3.57800", "2019-03-31": "5.99490", "2018-12-31": "13.54670", "2018-09-30": "14.45430", "2018-06-30": "9.22050", "2018-03-31": "17.41100", "2017-12-31": "9.89290", "2017-09-30": "12.21320", "2017-06-30": "10.14340", "2017-03-31": "13.74770", "2016-12-31": "-2.04970", "2016-09-30": "2.70500", "2016-06-30": "4.26170", "2016-03-31": "-4.41520", "2015-12-31": "", "2015-09-30": "3.24750", "2014-12-31": ""}, "EBITDA Margin": {"2020-09-30": "", "2020-06-30": "", "2020-03-31": "", "2019-12-31": "", "2019-09-30": "", "2019-06-30": "", "2019-03-31": "", "2018-12-31": "", "2018-09-30": "", "2018-06-30": "", "2018-03-31": "", "2017-12-31": "", "2017-09-30": "", "2017-06-30": "", "2017-03-31": "", "2016-12-31": "", "2016-09-30": "", "2016-06-30": "", "2016-03-31": "", "2015-12-31": "", "2015-09-30": "", "2014-12-31": ""}, "Pre-Tax Profit Margin": {"2020-09-30": "0.93020", "2020-06-30": "-4.88830", "2020-03-31": "9.19780", "2019-12-31": "-12.35630", "2019-09-30": "-2.02570", "2019-06-30": "-6.52900", "2019-03-31": "3.38360", "2018-12-31": "11.66270", "2018-09-30": "13.42180", "2018-06-30": "8.07490", "2018-03-31": "15.89000", "2017-12-31": "8.09700", "2017-09-30": "9.71660", "2017-06-30": "8.28960", "2017-03-31": "15.74390", "2016-12-31": "-4.84820", "2016-09-30": "4.37960", "2016-06-30": "2.41070", "2016-03-31": "-9.25320", "2015-12-31": "", "2015-09-30": "0.52260", "2014-12-31": ""}, "Net Profit Margin": {"2020-09-30": "-2.07190", "2020-06-30": "-9.17130", "2020-03-31": "3.35990", "2019-12-31": "-12.43840", "2019-09-30": "-8.60930", "2019-06-30": "-14.82850", "2019-03-31": "-7.31890", "2018-12-31": "1.52510", "2018-09-30": "-0.17700", "2018-06-30": "0.27940", "2018-03-31": "6.31070", "2017-12-31": "-4.22180", "2017-09-30": "3.81240", "2017-06-30": "2.62330", "2017-03-31": "8.47460", "2016-12-31": "-4.92710", "2016-09-30": "-0.42940", "2016-06-30": "-2.36760", "2016-03-31": "-9.86380", "2015-12-31": "", "2015-09-30": "-4.62860", "2014-12-31": ""}, "Asset Turnover": {"2020-09-30": "0.16600", "2020-06-30": "0.16150", "2020-03-31": "0.17440", "2019-12-31": "0.16650", "2019-09-30": "0.17500", "2019-06-30": "0.17660", "2019-03-31": "0.17040", "2018-12-31": "0.20730", "2018-09-30": "0.20950", "2018-06-30": "0.21670", "2018-03-31": "0.18070", "2017-12-31": "0.18190", "2017-09-30": "0.17180", "2017-06-30": "0.16890", "2017-03-31": "0.15550", "2016-12-31": "0.15150", "2016-09-30": "0.13460", "2016-06-30": "", "2016-03-31": "", "2015-12-31": "", "2015-09-30": "", "2014-12-31": ""}, "Inventory Turnover Ratio": {"2020-09-30": "1.45780", "2020-06-30": "1.36150", "2020-03-31": "1.34190", "2019-12-31": "1.24570", "2019-09-30": "1.28560", "2019-06-30": "1.23880", "2019-03-31": "1.21180", "2018-12-31": "1.38150", "2018-09-30": "1.49160", "2018-06-30": "1.65050", "2018-03-31": "1.41230", "2017-12-31": "1.58160", "2017-09-30": "1.76870", "2017-06-30": "1.77860", "2017-03-31": "1.56340", "2016-12-31": "1.81210", "2016-09-30": "1.65100", "2016-06-30": "", "2016-03-31": "", "2015-12-31": "", "2015-09-30": "", "2014-12-31": ""}, "Receiveable Turnover": {"2020-09-30": "3.87070", "2020-06-30": "4.23670", "2020-03-31": "3.58050", "2019-12-31": "3.69090", "2019-09-30": "3.11530", "2019-06-30": "3.05640", "2019-03-31": "2.88640", "2018-12-31": "3.33400", "2018-09-30": "2.84160", "2018-06-30": "2.99500", "2018-03-31": "3.08690", "2017-12-31": "3.04310", "2017-09-30": "2.86930", "2017-06-30": "2.87340", "2017-03-31": "3.01020", "2016-12-31": "3.04200", "2016-09-30": "3.36560", "2016-06-30": "", "2016-03-31": "", "2015-12-31": "", "2015-09-30": "", "2014-12-31": ""}, "Days Sales In Receivables": {"2020-09-30": "23.25160", "2020-06-30": "21.24300", "2020-03-31": "25.13650", "2019-12-31": "24.38420", "2019-09-30": "28.88980", "2019-06-30": "29.44670", "2019-03-31": "31.18060", "2018-12-31": "26.99460", "2018-09-30": "31.67260", "2018-06-30": "30.05030", "2018-03-31": "29.15530", "2017-12-31": "29.57470", "2017-09-30": "31.36640", "2017-06-30": "31.32210", "2017-03-31": "29.89830", "2016-12-31": "29.58610", "2016-09-30": "26.74110", "2016-06-30": "", "2016-03-31": "", "2015-12-31": "", "2015-09-30": "", "2014-12-31": ""}, "ROE - Return On Equity": {"2020-09-30": "-0.39850", "2020-06-30": "-2.81740", "2020-03-31": "2.39200", "2019-12-31": "-6.03130", "2019-09-30": "-2.29330", "2019-06-30": "-4.27180", "2019-03-31": "-0.81890", "2018-12-31": "2.99160", "2018-09-30": "2.67670", "2018-06-30": "1.84300", "2018-03-31": "4.52310", "2017-12-31": "-0.10300", "2017-09-30": "2.08180", "2017-06-30": "1.68310", "2017-03-31": "3.77310", "2016-12-31": "-1.67600", "2016-09-30": "0.10960", "2016-06-30": "", "2016-03-31": "", "2015-12-31": "", "2015-09-30": "", "2014-12-31": ""}, "Return On Tangible Equity": {"2020-09-30": "-0.39850", "2020-06-30": "-2.81740", "2020-03-31": "2.39200", "2019-12-31": "-6.03130", "2019-09-30": "-2.29330", "2019-06-30": "-4.27180", "2019-03-31": "-0.81890", "2018-12-31": "2.99160", "2018-09-30": "2.67670", "2018-06-30": "1.84300", "2018-03-31": "4.52310", "2017-12-31": "-0.10300", "2017-09-30": "2.08180", "2017-06-30": "1.68310", "2017-03-31": "3.77310", "2016-12-31": "-1.67600", "2016-09-30": "0.11150", "2016-06-30": "", "2016-03-31": "", "2015-12-31": "", "2015-09-30": "", "2014-12-31": ""}, "ROA - Return On Assets": {"2020-09-30": "-0.14040", "2020-06-30": "-1.12780", "2020-03-31": "1.01820", "2019-12-31": "-2.42640", "2019-09-30": "-1.00200", "2019-06-30": "-1.90890", "2019-03-31": "-0.36350", "2018-12-31": "1.40710", "2018-09-30": "1.20480", "2018-06-30": "0.79310", "2018-03-31": "1.98880", "2017-12-31": "-0.04010", "2017-09-30": "0.97950", "2017-06-30": "0.81520", "2017-03-31": "1.80370", "2016-12-31": "-0.77060", "2016-09-30": "0.05780", "2016-06-30": "", "2016-03-31": "", "2015-12-31": "", "2015-09-30": "", "2014-12-31": ""}, "ROI - Return On Investment": {"2020-09-30": "-0.26470", "2020-06-30": "-2.10560", "2020-03-31": "1.82610", "2019-12-31": "-4.61940", "2019-09-30": "-1.78940", "2019-06-30": "-3.38220", "2019-03-31": "-0.65280", "2018-12-31": "2.41770", "2018-09-30": "2.14170", "2018-06-30": "1.45170", "2018-03-31": "3.79380", "2017-12-31": "-0.08550", "2017-09-30": "1.77860", "2017-06-30": "1.43500", "2017-03-31": "3.21030", "2016-12-31": "-1.41430", "2016-09-30": "0.09450", "2016-06-30": "", "2016-03-31": "", "2015-12-31": "", "2015-09-30": "", "2014-12-31": ""}, "Book Value Per Share": {"2020-09-30": "26.99400", "2020-06-30": "28.63540", "2020-03-31": "31.25560", "2019-12-31": "31.65960", "2019-09-30": "34.54170", "2019-06-30": "36.96440", "2019-03-31": "38.17610", "2018-12-31": "40.90610", "2018-09-30": "39.06290", "2018-06-30": "38.11810", "2018-03-31": "40.31510", "2017-12-31": "36.51380", "2017-09-30": "43.87560", "2017-06-30": "44.47760", "2017-03-31": "44.30630", "2016-12-31": "", "2016-09-30": "49.90460", "2016-06-30": "", "2016-03-31": "", "2015-12-31": "", "2015-09-30": "", "2014-12-31": ""}, "Operating Cash Flow Per Share": {"2020-09-30": 0.8495, "2020-06-30": 1.5458, "2020-03-31": "-0.48130", "2019-12-31": 1.4285, "2019-09-30": 0.9355, "2019-06-30": 0.436, "2019-03-31": "0.90810", "2018-12-31": 2.8381, "2018-09-30": 1.5164, "2018-06-30": -2.2767, "2018-03-31": "0.29260", "2017-12-31": 2.4332, "2017-09-30": 2.0424, "2017-06-30": 1.6721, "2017-03-31": "0.39780", "2016-12-31": 1.3225, "2016-09-30": -0.5989, "2016-06-30": -0.4506, "2016-03-31": "-1.97250", "2015-12-31": 0, "2015-09-30": 0, "2014-12-31": 0}, "Free Cash Flow Per Share": {"2020-09-30": 0.4462, "2020-06-30": 1.1349, "2020-03-31": "0.09630", "2019-12-31": 0.6978, "2019-09-30": 0.5322, "2019-06-30": -0.0408, "2019-03-31": "0.59460", "2018-12-31": 2.0818, "2018-09-30": 1.0611, "2018-06-30": -2.7772, "2018-03-31": "-0.10110", "2017-12-31": 1.6417, "2017-09-30": 1.5266, "2017-06-30": 1.2258, "2017-03-31": "1.29570", "2016-12-31": 0.5291, "2016-09-30": -0.3846, "2016-06-30": -0.9231, "2016-03-31": "-2.51650", "2015-12-31": 0, "2015-09-30": 0, "2014-12-31": 0}}, "revenue": {"Alcoa Annual Revenue (Millions of US $)": {"2019": "$10,433", "2018": "$13,403", "2017": "$11,652", "2016": "$9,318", "2015": "$11,199", "2014": "$13,147"}, "Alcoa Quarterly Revenue (Millions of US $)": {"2020-09-30": "$2,365", "2020-06-30": "$2,148", "2020-03-31": "$2,381", "2019-12-31": "$2,436", "2019-09-30": "$2,567", "2019-06-30": "$2,711", "2019-03-31": "$2,719", "2018-12-31": "$3,344", "2018-09-30": "$3,390", "2018-06-30": "$3,579", "2018-03-31": "$3,090", "2017-12-31": "$3,174", "2017-09-30": "$2,964", "2017-06-30": "$2,859", "2017-03-31": "$2,655", "2016-12-31": "$2,537", "2016-09-30": "$2,329", "2016-06-30": "$2,323", "2016-03-31": "$2,129", "2015-12-31": "", "2015-09-30": "$2,679", "2014-12-31": ""}}, "gross-profit": {"Alcoa Annual Gross Profit (Millions of US $)": {"2019": "$1,896", "2018": "$3,350", "2017": "$2,702", "2016": "$1,441", "2015": "$2,160", "2014": "$2,599"}, "Alcoa Quarterly Gross Profit (Millions of US $)": {"2020-09-30": "$327", "2020-06-30": "$216", "2020-03-31": "$356", "2019-12-31": "$388", "2019-09-30": "$447", "2019-06-30": "$522", "2019-03-31": "$539", "2018-12-31": "$831", "2018-09-30": "$905", "2018-06-30": "$826", "2018-03-31": "$788", "2017-12-31": "$876", "2017-09-30": "$624", "2017-06-30": "$570", "2017-03-31": "$632", "2016-12-31": "$435", "2016-09-30": "$361", "2016-06-30": "$382", "2016-03-31": "$263", "2015-12-31": "", "2015-09-30": "$440", "2014-12-31": ""}}, "operating-income": {"Alcoa Annual Operating Income (Millions of US $)": {"2019": "$-155", "2018": "$1,811", "2017": "$1,331", "2016": "$16", "2015": "$-25", "2014": "$304"}, "Alcoa Quarterly Operating Income (Millions of US $)": {"2020-09-30": "$108", "2020-06-30": "$-22", "2020-03-31": "$117", "2019-12-31": "$-226", "2019-09-30": "$5", "2019-06-30": "$-97", "2019-03-31": "$163", "2018-12-31": "$453", "2018-09-30": "$490", "2018-06-30": "$330", "2018-03-31": "$538", "2017-12-31": "$314", "2017-09-30": "$362", "2017-06-30": "$290", "2017-03-31": "$365", "2016-12-31": "$-52", "2016-09-30": "$63", "2016-06-30": "$99", "2016-03-31": "$-94", "2015-12-31": "", "2015-09-30": "$87", "2014-12-31": ""}}, "ebitda": {"Alcoa Annual EBITDA (Millions of US $)": {"2019": "$558", "2018": "$2,544", "2017": "$2,083", "2016": "$734", "2015": "$755", "2014": "$1,258"}, "Alcoa Quarterly EBITDA (Millions of US $)": {"2020-09-30": "$269", "2020-06-30": "$130", "2020-03-31": "$287", "2019-12-31": "$-43", "2019-09-30": "$189", "2019-06-30": "$77", "2019-03-31": "$335", "2018-12-31": "$627", "2018-09-30": "$662", "2018-06-30": "$523", "2018-03-31": "$732", "2017-12-31": "$502", "2017-09-30": "$557", "2017-06-30": "$480", "2017-03-31": "$544", "2016-12-31": "$130", "2016-09-30": "$244", "2016-06-30": "$277", "2016-03-31": "$83", "2015-12-31": "", "2015-09-30": "$87", "2014-12-31": ""}}, "net-income": {"Alcoa Annual Net Income (Millions of US $)": {"2019": "$-1,125", "2018": "$250", "2017": "$279", "2016": "$-400", "2015": "$-863", "2014": "$-256"}, "Alcoa Quarterly Net Income (Millions of US $)": {"2020-09-30": "$-49", "2020-06-30": "$-197", "2020-03-31": "$80", "2019-12-31": "$-303", "2019-09-30": "$-221", "2019-06-30": "$-402", "2019-03-31": "$-199", "2018-12-31": "$51", "2018-09-30": "$-6", "2018-06-30": "$10", "2018-03-31": "$195", "2017-12-31": "$-134", "2017-09-30": "$113", "2017-06-30": "$75", "2017-03-31": "$225", "2016-12-31": "$-125", "2016-09-30": "$-10", "2016-06-30": "$-55", "2016-03-31": "$-210", "2015-12-31": "", "2015-09-30": "$-124", "2014-12-31": ""}}, "eps-earnings-per-share-diluted": {"Alcoa Annual EPS": {"2019": "$-6.07", "2018": "$1.33", "2017": "$1.49", "2016": "$-2.19", "2015": "$-4.73", "2014": "$-1.40"}, "Alcoa Quarterly EPS": {"2020-09-30": "$-0.26", "2020-06-30": "$-1.06", "2020-03-31": "$0.43", "2019-12-31": "$-1.64", "2019-09-30": "$-1.19", "2019-06-30": "$-2.17", "2019-03-31": "$-1.07", "2018-12-31": "$0.27", "2018-09-30": "$-0.03", "2018-06-30": "$0.05", "2018-03-31": "$1.04", "2017-12-31": "$-0.72", "2017-09-30": "$0.60", "2017-06-30": "$0.40", "2017-03-31": "$1.21", "2016-12-31": "$-0.69", "2016-09-30": "$-0.06", "2016-06-30": "$-0.29", "2016-03-31": "$-1.15", "2015-12-31": "$0.00", "2015-09-30": "$0.00", "2014-12-31": "$0.00"}}, "shares-outstanding": {"Alcoa Annual Shares Outstanding (Millions of Shares)": {"2019": "185", "2018": "189", "2017": "187", "2016": "183", "2015": "182", "2014": "182"}, "Alcoa Quarterly Shares Outstanding (Millions of Shares)": {"2020-09-30": "186", "2020-06-30": "186", "2020-03-31": "187", "2019-12-31": "185", "2019-09-30": "186", "2019-06-30": "186", "2019-03-31": "185", "2018-12-31": "189", "2018-09-30": "186", "2018-06-30": "189", "2018-03-31": "188", "2017-12-31": "187", "2017-09-30": "187", "2017-06-30": "186", "2017-03-31": "186", "2016-12-31": "183", "2016-09-30": "182", "2016-06-30": "182", "2016-03-31": "182", "2015-12-31": "", "2015-09-30": "", "2014-12-31": ""}}, "total-assets": {"Alcoa Annual Total Assets (Millions of US $)": {"2019": "$14,631", "2018": "$16,132", "2017": "$17,447", "2016": "$16,741", "2015": "$16,413", "2014": "$0"}, "Alcoa Quarterly Total Assets (Millions of US $)": {"2020-09-30": "$14,250", "2020-06-30": "$13,300", "2020-03-31": "$13,651", "2019-12-31": "$14,631", "2019-09-30": "$14,670", "2019-06-30": "$15,349", "2019-03-31": "$15,956", "2018-12-31": "$16,132", "2018-09-30": "$16,185", "2018-06-30": "$16,518", "2018-03-31": "$17,096", "2017-12-31": "$17,447", "2017-09-30": "$17,254", "2017-06-30": "$16,929", "2017-03-31": "$17,076", "2016-12-31": "$16,741", "2016-09-30": "$17,305", "2016-06-30": "$0", "2016-03-31": "$0", "2015-12-31": "$0", "2015-09-30": "$0", "2014-12-31": "$0"}}, "cash-on-hand": {"Alcoa Annual Cash on Hand (Millions of US $)": {"2019": "$879", "2018": "$1,113", "2017": "$1,358", "2016": "$853", "2015": "$557", "2014": "$"}, "Alcoa Quarterly Cash on Hand (Millions of US $)": {"2020-09-30": "$1,736", "2020-06-30": "$965", "2020-03-31": "$829", "2019-12-31": "$879", "2019-09-30": "$841", "2019-06-30": "$834", "2019-03-31": "$1,017", "2018-12-31": "$1,113", "2018-09-30": "$1,022", "2018-06-30": "$1,089", "2018-03-31": "$1,196", "2017-12-31": "$1,358", "2017-09-30": "$1,119", "2017-06-30": "$954", "2017-03-31": "$804", "2016-12-31": "$853", "2016-09-30": "$1,469", "2016-06-30": "", "2016-03-31": "", "2015-12-31": "", "2015-09-30": "", "2014-12-31": ""}}, "long-term-debt": {"Alcoa Annual Long Term Debt (Millions of US $)": {"2019": "$1,799", "2018": "$1,801", "2017": "$1,388", "2016": "$1,424", "2015": "$207", "2014": "$"}, "Alcoa Quarterly Long Term Debt (Millions of US $)": {"2020-09-30": "$2,538", "2020-06-30": "$1,800", "2020-03-31": "$1,801", "2019-12-31": "$1,799", "2019-09-30": "$1,805", "2019-06-30": "$1,804", "2019-03-31": "$1,802", "2018-12-31": "$1,801", "2018-09-30": "$1,820", "2018-06-30": "$1,916", "2018-03-31": "$1,445", "2017-12-31": "$1,388", "2017-09-30": "$1,384", "2017-06-30": "$1,418", "2017-03-31": "$1,431", "2016-12-31": "$1,424", "2016-09-30": "$1,457", "2016-06-30": "", "2016-03-31": "", "2015-12-31": "", "2015-09-30": "", "2014-12-31": ""}}, "total-liabilities": {"Alcoa Annual Total Liabilities (Millions of US $)": {"2019": "$8,745", "2018": "$8,544", "2017": "$10,649", "2016": "$9,044", "2015": "$4,900", "2014": "$0"}, "Alcoa Quarterly Total Liabilities (Millions of US $)": {"2020-09-30": "$9,231", "2020-06-30": "$7,976", "2020-03-31": "$7,840", "2019-12-31": "$8,745", "2019-09-30": "$8,260", "2019-06-30": "$8,490", "2019-03-31": "$8,873", "2018-12-31": "$8,544", "2018-09-30": "$8,900", "2018-06-30": "$9,410", "2018-03-31": "$9,579", "2017-12-31": "$10,649", "2017-09-30": "$9,136", "2017-06-30": "$8,730", "2017-03-31": "$8,913", "2016-12-31": "$9,044", "2016-09-30": "$8,179", "2016-06-30": "$0", "2016-03-31": "$0", "2015-12-31": "", "2015-09-30": "$0", "2014-12-31": "$0"}}, "total-share-holder-equity": {"Alcoa Annual Share Holder Equity (Millions of US $)": {"2019": "$5,886", "2018": "$7,588", "2017": "$6,798", "2016": "$7,697", "2015": "$11,513", "2014": "$0"}, "Alcoa Quarterly Share Holder Equity (Millions of US $)": {"2020-09-30": "$5,019", "2020-06-30": "$5,324", "2020-03-31": "$5,811", "2019-12-31": "$5,886", "2019-09-30": "$6,410", "2019-06-30": "$6,859", "2019-03-31": "$7,083", "2018-12-31": "$7,588", "2018-09-30": "$7,285", "2018-06-30": "$7,108", "2018-03-31": "$7,517", "2017-12-31": "$6,798", "2017-09-30": "$8,118", "2017-06-30": "$8,199", "2017-03-31": "$8,163", "2016-12-31": "$7,697", "2016-09-30": "$9,126", "2016-06-30": "$0", "2016-03-31": "$0", "2015-12-31": "", "2015-09-30": "$0", "2014-12-31": "$0"}}, "profit-margins": {"current": "-1.83%"}, "gross margin": {"2020-09-30": "13.79%", "2020-06-30": "14.76%", "2020-03-31": "16.97%", "2019-12-31": "18.17%", "2019-09-30": "20.62%", "2019-06-30": "22.99%", "2019-03-31": "23.80%", "2018-12-31": "24.99%", "2018-09-30": "25.66%", "2018-06-30": "24.31%", "2018-03-31": "23.65%", "2017-12-31": "23.19%", "2017-09-30": "20.53%", "2017-06-30": "19.25%", "2017-03-31": "18.39%", "2016-12-31": "15.46%", "2016-06-30": "15.22%"}, "operating margin": {"2020-09-30": "-0.25%", "2020-06-30": "-1.32%", "2020-03-31": "-1.99%", "2019-12-31": "-1.49%", "2019-09-30": "4.62%", "2019-06-30": "8.29%", "2019-03-31": "11.02%", "2018-12-31": "13.51%", "2018-09-30": "12.64%", "2018-06-30": "12.06%", "2018-03-31": "12.44%", "2017-12-31": "11.42%", "2017-09-30": "8.76%", "2017-06-30": "6.42%", "2017-03-31": "4.83%", "2016-12-31": "0.17%", "2016-06-30": "1.29%"}, "ebitda margin": {"2020-09-30": "6.89%", "2020-06-30": "5.91%", "2020-03-31": "5.05%", "2019-12-31": "5.35%", "2019-09-30": "10.83%", "2019-06-30": "13.98%", "2019-03-31": "16.47%", "2018-12-31": "18.98%", "2018-09-30": "18.28%", "2018-06-30": "18.07%", "2018-03-31": "18.79%", "2017-12-31": "17.88%", "2017-09-30": "15.53%", "2017-06-30": "13.47%", "2017-03-31": "12.14%", "2016-12-31": "7.88%", "2016-06-30": "6.27%"}, "pre tax profit margin": {"2020-09-30": "-1.77%", "2020-06-30": "-2.51%", "2020-03-31": "-3.08%", "2019-12-31": "-4.20%", "2019-09-30": "2.23%", "2019-06-30": "6.25%", "2019-03-31": "9.41%", "2018-12-31": "12.12%", "2018-09-30": "11.27%", "2018-06-30": "10.35%", "2018-03-31": "10.53%", "2017-12-31": "10.30%", "2017-09-30": "7.44%", "2017-06-30": "6.11%", "2017-03-31": "4.60%", "2016-12-31": "-1.74%", "2016-06-30": "-1.78%"}, "net profit margin": {"2020-09-30": "-5.03%", "2020-06-30": "-6.72%", "2020-03-31": "-8.38%", "2019-12-31": "-10.78%", "2019-09-30": "-6.80%", "2019-06-30": "-4.57%", "2019-03-31": "-1.10%", "2018-12-31": "1.87%", "2018-09-30": "0.49%", "2018-06-30": "1.44%", "2018-03-31": "2.06%", "2017-12-31": "2.39%", "2017-09-30": "2.61%", "2017-06-30": "1.59%", "2017-03-31": "0.36%", "2016-12-31": "-4.29%", "2016-06-30": "-5.46%"}, "pe ratio": {"current": "0.00", "2021-02-05": "0.00", "2020-09-30": "0.00", "2020-06-30": "0.00", "2020-03-31": "0.00", "2019-12-31": "0.00", "2019-09-30": "0.00", "2019-06-30": "0.00", "2019-03-31": "0.00", "2018-12-31": "22.15", "2018-09-30": "0.00", "2018-06-30": "64.22", "2018-03-31": "60.76", "2017-12-31": "46.84", "2017-09-30": "30.47"}, "price sales": {"2021-02-05": "0.42", "2020-09-30": "0.23", "2020-06-30": "0.22", "2020-03-31": "0.11", "2019-12-31": "0.38", "2019-09-30": "0.33", "2019-06-30": "0.36", "2019-03-31": "0.40", "2018-12-31": "0.37", "2018-09-30": "0.57", "2018-06-30": "0.69", "2018-03-31": "0.70", "2017-12-31": "0.86", "2017-09-30": "0.79"}, "price book": {"current": "0.78", "2021-02-05": "0.78", "2020-09-30": "0.43", "2020-06-30": "0.39", "2020-03-31": "0.20", "2019-12-31": "0.68", "2019-09-30": "0.58", "2019-06-30": "0.63", "2019-03-31": "0.74", "2018-12-31": "0.65", "2018-09-30": "1.03", "2018-06-30": "1.23", "2018-03-31": "1.12", "2017-12-31": "1.48", "2017-09-30": "1.06", "2017-06-30": "0.73", "2017-03-31": "0.78", "2016-12-31": "0.00"}, "price fcf": {"2021-02-05": "", "2020-09-30": "$2.38", "2020-06-30": "$2.46", "2020-03-31": "$1.29", "2019-12-31": "$1.78", "2019-09-30": "$3.17", "2019-06-30": "$3.70", "2019-03-31": "$0.96", "2018-12-31": "$0.26", "2018-09-30": "$-0.18", "2018-06-30": "$0.29", "2018-03-31": "$4.29", "2017-12-31": "$5.69", "2017-09-30": "$0.75"}, "net worth": {"value": "$3.9B"}, "current ratio": {"2020-09-30": "1.76", "2020-06-30": "1.42", "2020-03-31": "1.50", "2019-12-31": "1.38", "2019-09-30": "1.48", "2019-06-30": "1.51", "2019-03-31": "1.47", "2018-12-31": "1.48", "2018-09-30": "1.40", "2018-06-30": "1.42", "2018-03-31": "1.39", "2017-12-31": "1.30", "2017-09-30": "1.38", "2017-06-30": "1.37", "2017-03-31": "1.30", "2016-12-31": "1.13", "2016-09-30": "1.64", "2016-06-30": "0.00", "2016-03-31": "0.00", "2015-12-31": "0.00", "2015-09-30": "0.00", "2014-12-31": "0.00"}, "quick ratio": {"2020-09-30": "1.15", "2020-06-30": "0.79", "2020-03-31": "0.82", "2019-12-31": "0.74", "2019-09-30": "0.81", "2019-06-30": "0.81", "2019-03-31": "0.83", "2018-12-31": "0.86", "2018-09-30": "0.84", "2018-06-30": "0.87", "2018-03-31": "0.85", "2017-12-31": "0.86", "2017-09-30": "0.90", "2017-06-30": "0.88", "2017-03-31": "0.80", "2016-12-31": "0.72", "2016-09-30": "1.10", "2016-06-30": "0.00", "2016-03-31": "0.00", "2015-12-31": "0.00", "2015-09-30": "0.00", "2014-12-31": "0.00"}, "debt equity ratio": {"current": "0.51", "2020-09-30": "1.84", "2020-06-30": "1.50", "2020-03-31": "1.35", "2019-12-31": "1.49", "2019-09-30": "1.29", "2019-06-30": "1.24", "2019-03-31": "1.25", "2018-12-31": "1.13", "2018-09-30": "1.22", "2018-06-30": "1.32", "2018-03-31": "1.27", "2017-12-31": "1.57", "2017-09-30": "1.13", "2017-06-30": "1.07", "2017-03-31": "1.09", "2016-12-31": "1.18", "2016-09-30": "0.90", "2016-06-30": "0.00", "2016-03-31": "0.00", "2015-12-31": "0.00", "2015-09-30": "0.00", "2014-12-31": "0.00"}, "return on equity": {"2020-09-30": "-8.51%", "2020-06-30": "-10.94%", "2020-03-31": "-13.55%", "2019-12-31": "-17.15%", "2019-09-30": "-11.04%", "2019-06-30": "-7.72%", "2019-03-31": "-1.98%", "2018-12-31": "3.39%", "2018-09-30": "0.91%", "2018-06-30": "2.49%", "2018-03-31": "3.25%", "2017-12-31": "3.57%", "2017-09-30": "3.58%", "2017-06-30": "1.99%", "2017-03-31": "0.56%", "2016-12-31": "-9.51%", "2016-06-30": "inf%"}, "return on assets": {"2020-09-30": "-3.36%", "2020-06-30": "-4.56%", "2020-03-31": "-5.80%", "2019-12-31": "-7.43%", "2019-09-30": "-4.97%", "2019-06-30": "-3.50%", "2019-03-31": "-0.89%", "2018-12-31": "1.52%", "2018-09-30": "0.39%", "2018-06-30": "1.08%", "2018-03-31": "1.45%", "2017-12-31": "1.62%", "2017-09-30": "1.69%", "2017-06-30": "0.97%", "2017-03-31": "0.27%", "2016-12-31": "-4.70%", "2016-06-30": "inf%"}, "return on investments": {"2020-09-30": "-0.31%", "2020-06-30": "-1.65%", "2020-03-31": "-2.50%", "2019-12-31": "-1.85%", "2019-09-30": "5.96%", "2019-06-30": "11.20%", "2019-03-31": "15.78%", "2018-12-31": "19.86%", "2018-09-30": "18.96%", "2018-06-30": "17.31%", "2018-03-31": "16.59%", "2017-12-31": "14.43%", "2017-09-30": "10.20%", "2017-06-30": "6.85%", "2017-03-31": "6.49%", "2016-12-31": "0.32%", "2016-06-30": "inf%"}, "return on tangible equity": {"2020-09-30": "-8.51%", "2020-06-30": "-10.94%", "2020-03-31": "-13.55%", "2019-12-31": "-17.15%", "2019-09-30": "-11.04%", "2019-06-30": "-7.72%", "2019-03-31": "-1.98%", "2018-12-31": "3.39%", "2018-09-30": "0.91%", "2018-06-30": "2.49%", "2018-03-31": "3.25%", "2017-12-31": "3.57%", "2017-09-30": "3.58%", "2017-06-30": "2.00%", "2017-03-31": "0.56%", "2016-12-31": "-9.60%", "2016-06-30": "inf%"}, "dividend yield history": {"last payout": "$0.00", "last yield": "0.00%"}}