{"ticker": "ARE", "price": {"title": "Alexandria Real Estate Equities Historical Annual Stock Price Data", "value": 171.7, "historical": {"2021": {"Average Stock Price": "168.1008", "Year Open": "170.7700", "Year High": "171.7000", "Year Low": "163.2500", "Year Close": "171.7000", "Annual % Change": "-3.66%"}, "2020": {"Average Stock Price": "160.4793", "Year Open": "159.7300", "Year High": "178.2200", "Year Low": "114.9200", "Year Close": "178.2200", "Annual % Change": "10.30%"}, "2019": {"Average Stock Price": "145.5434", "Year Open": "111.3700", "Year High": "162.5200", "Year Low": "111.3700", "Year Close": "161.5800", "Annual % Change": "40.21%"}, "2018": {"Average Stock Price": "124.3662", "Year Open": "129.9300", "Year High": "129.9300", "Year Low": "110.2800", "Year Close": "115.2400", "Annual % Change": "-11.75%"}, "2017": {"Average Stock Price": "118.8706", "Year Open": "110.5800", "Year High": "134.0300", "Year Low": "108.1800", "Year Close": "130.5900", "Annual % Change": "17.51%"}, "2016": {"Average Stock Price": "98.4462", "Year Open": "89.1100", "Year High": "114.5200", "Year Low": "71.6500", "Year Close": "111.1300", "Annual % Change": "22.99%"}, "2015": {"Average Stock Price": "92.3265", "Year Open": "89.7900", "Year High": "102.4200", "Year Low": "83.4000", "Year Close": "90.3600", "Annual % Change": "1.83%"}, "2014": {"Average Stock Price": "76.7566", "Year Open": "63.7300", "Year High": "90.1900", "Year Low": "63.7300", "Year Close": "88.7400", "Annual % Change": "39.48%"}, "2013": {"Average Stock Price": "68.1419", "Year Open": "70.6300", "Year High": "78.0900", "Year Low": "61.0200", "Year Close": "63.6200", "Annual % Change": "-8.22%"}, "2012": {"Average Stock Price": "71.7325", "Year Open": "68.8200", "Year High": "76.6500", "Year Low": "64.7500", "Year Close": "69.3200", "Annual % Change": "0.51%"}, "2011": {"Average Stock Price": "73.3879", "Year Open": "74.5100", "Year High": "84.9300", "Year Low": "57.1900", "Year Close": "68.9700", "Annual % Change": "-5.86%"}, "2010": {"Average Stock Price": "68.1338", "Year Open": "63.5500", "Year High": "75.0700", "Year Low": "56.8900", "Year Close": "73.2600", "Annual % Change": "13.95%"}, "2009": {"Average Stock Price": "47.3271", "Year Open": "58.6000", "Year High": "66.9800", "Year Low": "30.7100", "Year Close": "64.2900", "Annual % Change": "6.55%"}, "2008": {"Average Stock Price": "90.9768", "Year Open": "103.0200", "Year High": "114.0500", "Year Low": "33.6000", "Year Close": "60.3400", "Annual % Change": "-40.65%"}, "2007": {"Average Stock Price": "100.3729", "Year Open": "100.8600", "Year High": "113.4100", "Year Low": "86.1300", "Year Close": "101.6700", "Annual % Change": "1.26%"}, "2006": {"Average Stock Price": "92.8933", "Year Open": "82.3600", "Year High": "104.7900", "Year Low": "82.3600", "Year Close": "100.4000", "Annual % Change": "24.72%"}, "2005": {"Average Stock Price": "74.8892", "Year Open": "72.9800", "Year High": "85.7000", "Year Low": "62.8700", "Year Close": "80.5000", "Annual % Change": "8.17%"}, "2004": {"Average Stock Price": "62.1814", "Year Open": "57.7500", "Year High": "74.9000", "Year Low": "51.6500", "Year Close": "74.4200", "Annual % Change": "28.53%"}, "2003": {"Average Stock Price": "46.4588", "Year Open": "42.2000", "Year High": "58.9000", "Year Low": "39.9500", "Year Close": "57.9000", "Annual % Change": "35.92%"}, "2002": {"Average Stock Price": "43.0206", "Year Open": "40.8900", "Year High": "49.3400", "Year Low": "38.5000", "Year Close": "42.6000", "Annual % Change": "3.65%"}, "2001": {"Average Stock Price": "38.6081", "Year Open": "36.5600", "Year High": "41.9300", "Year Low": "35.5400", "Year Close": "41.1000", "Annual % Change": "10.51%"}, "2000": {"Average Stock Price": "33.4171", "Year Open": "31.2500", "Year High": "38.5000", "Year Low": "29.1300", "Year Close": "37.1900", "Annual % Change": "16.91%"}, "1999": {"Average Stock Price": "29.4195", "Year Open": "31.1300", "Year High": "32.5000", "Year Low": "25.0000", "Year Close": "31.8100", "Annual % Change": "2.81%"}, "1998": {"Average Stock Price": "30.3503", "Year Open": "31.6900", "Year High": "34.1300", "Year Low": "25.5000", "Year Close": "30.9400", "Annual % Change": "-1.96%"}}}, "market cap": {"value": "$23.47B"}, "income statement": {"Revenue": {"2020-12-31": "1885.63700", "2019-12-31": "1531.29600", "2018-12-31": "1327.45900", "2017-12-31": "1128.09700", "2016-12-31": "921.70600", "2015-12-31": "843.47400", "2014-12-31": "726.87700", "2013-12-31": "631.15100", "2012-12-31": "574.49700", "2011-12-31": "536.78000", "2010-12-31": "460.62100", "2009-12-31": "481.55300", "2008-12-31": "455.23400", "2007-12-31": "388.33900", "2006-12-31": "302.06100", "2005-12-31": "231.60600"}, "Cost Of Goods Sold": {"2020-12-31": "530.22400", "2019-12-31": "445.49200", "2018-12-31": "381.12000", "2017-12-31": "325.60900", "2016-12-31": "278.40800", "2015-12-31": "261.23200", "2014-12-31": "219.16400", "2013-12-31": "189.03900", "2012-12-31": "172.75600", "2011-12-31": "157.63400", "2010-12-31": "123.30900", "2009-12-31": "122.13800", "2008-12-31": "113.43400", "2007-12-31": "94.90500", "2006-12-31": "67.79300", "2005-12-31": "51.33700"}, "Gross Profit": {"2020-12-31": "1355.41300", "2019-12-31": "1085.80400", "2018-12-31": "946.33900", "2017-12-31": "802.48800", "2016-12-31": "643.29800", "2015-12-31": "582.24200", "2014-12-31": "507.71300", "2013-12-31": "442.11200", "2012-12-31": "401.74100", "2011-12-31": "379.14600", "2010-12-31": "337.31200", "2009-12-31": "359.41500", "2008-12-31": "341.80000", "2007-12-31": "293.43400", "2006-12-31": "234.26800", "2005-12-31": "180.26900"}, "Research And Development Expenses": {"2020-12-31": "", "2019-12-31": "", "2018-12-31": "", "2017-12-31": "", "2016-12-31": "", "2015-12-31": "", "2014-12-31": "", "2013-12-31": "", "2012-12-31": "", "2011-12-31": "", "2010-12-31": "", "2009-12-31": "", "2008-12-31": "", "2007-12-31": "", "2006-12-31": "", "2005-12-31": ""}, "SG&A Expenses": {"2020-12-31": "133.34100", "2019-12-31": "108.82300", "2018-12-31": "90.40500", "2017-12-31": "75.00900", "2016-12-31": "63.88400", "2015-12-31": "59.62100", "2014-12-31": "53.53000", "2013-12-31": "48.52000", "2012-12-31": "47.74700", "2011-12-31": "41.11200", "2010-12-31": "34.34500", "2009-12-31": "36.29600", "2008-12-31": "34.79400", "2007-12-31": "32.31100", "2006-12-31": "26.00800", "2005-12-31": "21.06800"}, "Other Operating Income Or Expenses": {"2020-12-31": "", "2019-12-31": "", "2018-12-31": "", "2017-12-31": "", "2016-12-31": "", "2015-12-31": "", "2014-12-31": "", "2013-12-31": "", "2012-12-31": "", "2011-12-31": "", "2010-12-31": "", "2009-12-31": "", "2008-12-31": "", "2007-12-31": "", "2006-12-31": "", "2005-12-31": ""}, "Operating Expenses": {"2020-12-31": "1361.66900", "2019-12-31": "1098.92700", "2018-12-31": "949.18600", "2017-12-31": "817.40100", "2016-12-31": "655.68190", "2015-12-31": "582.14200", "2014-12-31": "496.79000", "2013-12-31": "426.68200", "2012-12-31": "406.19000", "2011-12-31": "349.65200", "2010-12-31": "278.86100", "2009-12-31": "275.68000", "2008-12-31": "255.58600", "2007-12-31": "220.10300", "2006-12-31": "164.70500", "2005-12-31": "125.31100"}, "Operating Income": {"2020-12-31": "523.96800", "2019-12-31": "432.36900", "2018-12-31": "378.27290", "2017-12-31": "310.69600", "2016-12-31": "266.02400", "2015-12-31": "261.33200", "2014-12-31": "230.08700", "2013-12-31": "204.46900", "2012-12-31": "168.30700", "2011-12-31": "187.12800", "2010-12-31": "181.76000", "2009-12-31": "205.87300", "2008-12-31": "199.64800", "2007-12-31": "168.23600", "2006-12-31": "137.35600", "2005-12-31": "106.29500"}, "Total Non-Operating Income/Expense": {"2020-12-31": "149.11400", "2019-12-31": "-28.79600", "2018-12-31": "15.81600", "2017-12-31": "-116.87300", "2016-12-31": "-319.62800", "2015-12-31": "-129.25200", "2014-12-31": "-130.94500", "2013-12-31": "-69.94400", "2012-12-31": "-73.45900", "2011-12-31": "-69.85800", "2010-12-31": "-114.67700", "2009-12-31": "-70.85700", "2008-12-31": "-98.61700", "2007-12-31": "-92.27000", "2006-12-31": "-69.08700", "2005-12-31": "-49.11600"}, "Pre-Tax Income": {"2020-12-31": "673.08200", "2019-12-31": "403.57300", "2018-12-31": "394.08900", "2017-12-31": "193.82300", "2016-12-31": "-53.60390", "2015-12-31": "132.08000", "2014-12-31": "99.14200", "2013-12-31": "134.52500", "2012-12-31": "94.84800", "2011-12-31": "117.27000", "2010-12-31": "67.08300", "2009-12-31": "135.01600", "2008-12-31": "101.03100", "2007-12-31": "75.96600", "2006-12-31": "68.26900", "2005-12-31": "57.17900"}, "Income Taxes": {"2020-12-31": "", "2019-12-31": "", "2018-12-31": "", "2017-12-31": "", "2016-12-31": "", "2015-12-31": "", "2014-12-31": "", "2013-12-31": "", "2012-12-31": "", "2011-12-31": "", "2010-12-31": "", "2009-12-31": "", "2008-12-31": "", "2007-12-31": "", "2006-12-31": "", "2005-12-31": ""}, "Income After Taxes": {"2020-12-31": "673.08200", "2019-12-31": "403.57300", "2018-12-31": "394.08900", "2017-12-31": "193.82300", "2016-12-31": "-53.60390", "2015-12-31": "132.08000", "2014-12-31": "99.14200", "2013-12-31": "134.52500", "2012-12-31": "94.84800", "2011-12-31": "117.27000", "2010-12-31": "67.08300", "2009-12-31": "135.01600", "2008-12-31": "101.03100", "2007-12-31": "75.96600", "2006-12-31": "68.26900", "2005-12-31": "57.17900"}, "Other Income": {"2020-12-31": "154.08900", "2019-12-31": "0.47400", "2018-12-31": "8.70400", "2017-12-31": "0.27000", "2016-12-31": "3.71500", "2015-12-31": "12.42600", "2014-12-31": "", "2013-12-31": "", "2012-12-31": "", "2011-12-31": "", "2010-12-31": "", "2009-12-31": "", "2008-12-31": "", "2007-12-31": "", "2006-12-31": "", "2005-12-31": ""}, "Income From Continuous Operations": {"2020-12-31": "827.17100", "2019-12-31": "404.04700", "2018-12-31": "402.79300", "2017-12-31": "194.09300", "2016-12-31": "-49.88900", "2015-12-31": "146.15700", "2014-12-31": "99.14200", "2013-12-31": "134.52500", "2012-12-31": "94.84800", "2011-12-31": "117.27000", "2010-12-31": "67.08300", "2009-12-31": "135.01600", "2008-12-31": "101.03100", "2007-12-31": "75.96600", "2006-12-31": "65.98200", "2005-12-31": "56.54500"}, "Income From Discontinued Operations": {"2020-12-31": "", "2019-12-31": "", "2018-12-31": "", "2017-12-31": "", "2016-12-31": "", "2015-12-31": "-0.04300", "2014-12-31": "7.63600", "2013-12-31": "0.90000", "2012-12-31": "8.81600", "2011-12-31": "18.07700", "2010-12-31": "12.49700", "2009-12-31": "6.63200", "2008-12-31": "19.06600", "2007-12-31": "14.01400", "2006-12-31": "7.43400", "2005-12-31": "6.88800"}, "Net Income": {"2020-12-31": "760.79100", "2019-12-31": "350.99500", "2018-12-31": "363.98300", "2017-12-31": "145.39500", "2016-12-31": "-151.14100", "2015-12-31": "116.86700", "2014-12-31": "72.11300", "2013-12-31": "108.75100", "2012-12-31": "67.63000", "2011-12-31": "101.97300", "2010-12-31": "105.94100", "2009-12-31": "104.97400", "2008-12-31": "90.74600", "2007-12-31": "70.41700", "2006-12-31": "57.32600", "2005-12-31": "47.34300"}, "EBITDA": {"2020-12-31": "1171.76700", "2019-12-31": "952.49600", "2018-12-31": "841.86100", "2017-12-31": "717.06100", "2016-12-31": "585.06300", "2015-12-31": "527.13400", "2014-12-31": "462.36400", "2013-12-31": "402.39600", "2012-12-31": "367.45500", "2011-12-31": "348.94100", "2010-12-31": "318.42300", "2009-12-31": "333.67900", "2008-12-31": "313.62900", "2007-12-31": "270.94200", "2006-12-31": "206.53900", "2005-12-31": "160.90900"}, "EBIT": {"2020-12-31": "523.96800", "2019-12-31": "432.36900", "2018-12-31": "378.27290", "2017-12-31": "310.69600", "2016-12-31": "266.02400", "2015-12-31": "261.33200", "2014-12-31": "230.08700", "2013-12-31": "204.46900", "2012-12-31": "168.30700", "2011-12-31": "187.12800", "2010-12-31": "181.76000", "2009-12-31": "205.87300", "2008-12-31": "199.64800", "2007-12-31": "168.23600", "2006-12-31": "137.35600", "2005-12-31": "106.29500"}, "Basic Shares Outstanding": {"2020-12-31": "126.10600", "2019-12-31": "112.20400", "2018-12-31": "103.01000", "2017-12-31": "91.54600", "2016-12-31": "76.10300", "2015-12-31": "71.52900", "2014-12-31": "71.17000", "2013-12-31": "68.03800", "2012-12-31": "62.16000", "2011-12-31": "59.07800", "2010-12-31": "48.37500", "2009-12-31": "38.58700", "2008-12-31": "31.65400", "2007-12-31": "29.66800", "2006-12-31": "25.10200", "2005-12-31": "20.94900"}, "Shares Outstanding": {"2020-12-31": "126.49000", "2019-12-31": "112.52400", "2018-12-31": "103.32100", "2017-12-31": "92.06300", "2016-12-31": "76.10300", "2015-12-31": "71.52900", "2014-12-31": "71.17000", "2013-12-31": "68.03800", "2012-12-31": "62.16000", "2011-12-31": "59.07800", "2010-12-31": "48.40500", "2009-12-31": "38.60000", "2008-12-31": "31.76500", "2007-12-31": "29.83200", "2006-12-31": "25.52400", "2005-12-31": "21.31700"}, "Basic EPS": {"2020-12-31": "6.03000", "2019-12-31": "3.13000", "2018-12-31": "3.53000", "2017-12-31": "1.59000", "2016-12-31": "-1.99000", "2015-12-31": "1.63000", "2014-12-31": "1.01000", "2013-12-31": "1.60000", "2012-12-31": "1.09000", "2011-12-31": "1.73000", "2010-12-31": "2.19000", "2009-12-31": "2.72000", "2008-12-31": "2.87000", "2007-12-31": "2.37000", "2006-12-31": "2.28000", "2005-12-31": "2.26000"}, "EPS - Earnings Per Share": {"2020-12-31": "6.01000", "2019-12-31": "3.12000", "2018-12-31": "3.52000", "2017-12-31": "1.58000", "2016-12-31": "-1.99000", "2015-12-31": "1.63000", "2014-12-31": "1.01000", "2013-12-31": "1.60000", "2012-12-31": "1.09000", "2011-12-31": "1.73000", "2010-12-31": "2.19000", "2009-12-31": "2.72000", "2008-12-31": "2.86000", "2007-12-31": "2.36000", "2006-12-31": "2.25000", "2005-12-31": "2.22000"}}, "income statement, quarterly": {"Revenue": {"2020-12-31": "463.72000", "2020-09-30": "545.04200", "2020-06-30": "436.95600", "2020-03-31": "439.91900", "2019-12-31": "408.11400", "2019-09-30": "390.48400", "2019-06-30": "373.85600", "2019-03-31": "358.84200", "2018-12-31": "340.46300", "2018-09-30": "341.82300", "2018-06-30": "325.03400", "2018-03-31": "320.13900", "2017-12-31": "298.79110", "2017-09-30": "285.37000", "2017-06-30": "273.05900", "2017-03-31": "270.87700", "2016-12-31": "249.16200", "2016-09-30": "230.37900", "2016-06-30": "226.07600", "2016-03-31": "216.08900", "2015-12-31": "223.95500", "2015-09-30": "218.61000", "2015-06-30": "204.15600", "2015-03-31": "196.75300", "2014-12-31": "188.67400", "2014-09-30": "185.61500", "2014-06-30": "176.40200", "2014-03-31": "176.18600", "2013-12-31": "168.82300", "2013-09-30": "158.31500", "2013-06-30": "153.93000", "2013-03-31": "150.08300", "2012-12-31": "150.34300", "2012-09-30": "142.85000", "2012-06-30": "145.59300", "2012-03-31": "135.71100", "2011-12-31": "115.48500", "2011-09-30": "138.05400", "2011-06-30": "143.32100", "2011-03-31": "139.92000", "2010-12-31": "106.80400", "2010-09-30": "120.31400", "2010-06-30": "117.01000", "2010-03-31": "116.49300", "2009-12-31": "113.12900", "2009-09-30": "115.82600", "2009-06-30": "121.03900", "2009-03-31": "131.55900", "2008-12-31": "124.36300", "2008-09-30": "112.53100", "2008-06-30": "108.77800", "2008-03-31": "109.56200", "2007-12-31": "97.67700", "2007-09-30": "102.10700", "2007-06-30": "93.76900", "2007-03-31": "94.78600", "2006-12-31": "78.83700", "2006-09-30": "84.75400", "2006-06-30": "70.18700", "2006-03-31": "68.28300", "2005-12-31": "57.24800", "2005-09-30": "62.02600", "2005-06-30": "57.27700", "2005-03-31": "55.05500"}, "Cost Of Goods Sold": {"2020-12-31": "136.76700", "2020-09-30": "140.44300", "2020-06-30": "123.91100", "2020-03-31": "129.10300", "2019-12-31": "121.85200", "2019-09-30": "116.45000", "2019-06-30": "105.68900", "2019-03-31": "101.50100", "2018-12-31": "97.68200", "2018-09-30": "99.75900", "2018-06-30": "91.90800", "2018-03-31": "91.77100", "2017-12-31": "88.07300", "2017-09-30": "83.46900", "2017-06-30": "76.98000", "2017-03-31": "77.08700", "2016-12-31": "73.24400", "2016-09-30": "72.00200", "2016-06-30": "67.32500", "2016-03-31": "65.83700", "2015-12-31": "68.91300", "2015-09-30": "68.84600", "2015-06-30": "62.25000", "2015-03-31": "61.22300", "2014-12-31": "56.88100", "2014-09-30": "57.42300", "2014-06-30": "52.35300", "2014-03-31": "52.50700", "2013-12-31": "49.89200", "2013-09-30": "47.68400", "2013-06-30": "46.27700", "2013-03-31": "45.18600", "2012-12-31": "45.99800", "2012-09-30": "44.20300", "2012-06-30": "42.10200", "2012-03-31": "40.45300", "2011-12-31": "35.11900", "2011-09-30": "40.85900", "2011-06-30": "40.59500", "2011-03-31": "41.06100", "2010-12-31": "28.27200", "2010-09-30": "33.15400", "2010-06-30": "30.33500", "2010-03-31": "31.54800", "2009-12-31": "29.26200", "2009-09-30": "31.21800", "2009-06-30": "29.22400", "2009-03-31": "32.43400", "2008-12-31": "28.97100", "2008-09-30": "29.05700", "2008-06-30": "27.14500", "2008-03-31": "28.26100", "2007-12-31": "24.51500", "2007-09-30": "24.94400", "2007-06-30": "22.16900", "2007-03-31": "23.27700", "2006-12-31": "18.42600", "2006-09-30": "19.79700", "2006-06-30": "14.22900", "2006-03-31": "15.34100", "2005-12-31": "12.50100", "2005-09-30": "13.95000", "2005-06-30": "12.48500", "2005-03-31": "12.40100"}, "Gross Profit": {"2020-12-31": "326.95300", "2020-09-30": "404.59900", "2020-06-30": "313.04500", "2020-03-31": "310.81600", "2019-12-31": "286.26210", "2019-09-30": "274.03400", "2019-06-30": "268.16700", "2019-03-31": "257.34100", "2018-12-31": "242.78100", "2018-09-30": "242.06400", "2018-06-30": "233.12600", "2018-03-31": "228.36800", "2017-12-31": "210.71810", "2017-09-30": "201.90100", "2017-06-30": "196.07900", "2017-03-31": "193.79000", "2016-12-31": "175.91800", "2016-09-30": "158.37700", "2016-06-30": "158.75100", "2016-03-31": "150.25200", "2015-12-31": "155.04200", "2015-09-30": "149.76400", "2015-06-30": "141.90600", "2015-03-31": "135.53000", "2014-12-31": "131.79300", "2014-09-30": "128.19200", "2014-06-30": "124.04900", "2014-03-31": "123.67900", "2013-12-31": "118.93100", "2013-09-30": "110.63100", "2013-06-30": "107.65300", "2013-03-31": "104.89700", "2012-12-31": "104.34500", "2012-09-30": "98.64700", "2012-06-30": "103.49100", "2012-03-31": "95.25800", "2011-12-31": "80.36600", "2011-09-30": "97.19500", "2011-06-30": "102.72600", "2011-03-31": "98.85900", "2010-12-31": "78.53200", "2010-09-30": "87.16000", "2010-06-30": "86.67500", "2010-03-31": "84.94500", "2009-12-31": "83.86700", "2009-09-30": "84.60800", "2009-06-30": "91.81500", "2009-03-31": "99.12500", "2008-12-31": "95.39200", "2008-09-30": "83.47400", "2008-06-30": "81.63300", "2008-03-31": "81.30100", "2007-12-31": "73.16200", "2007-09-30": "77.16300", "2007-06-30": "71.60000", "2007-03-31": "71.50900", "2006-12-31": "60.41100", "2006-09-30": "64.95700", "2006-06-30": "55.95800", "2006-03-31": "52.94200", "2005-12-31": "44.74700", "2005-09-30": "48.07600", "2005-06-30": "44.79200", "2005-03-31": "42.65400"}, "Research And Development Expenses": {"2020-12-31": "", "2020-09-30": "", "2020-06-30": "", "2020-03-31": "", "2019-12-31": "", "2019-09-30": "", "2019-06-30": "", "2019-03-31": "", "2018-12-31": "", "2018-09-30": "", "2018-06-30": "", "2018-03-31": "", "2017-12-31": "", "2017-09-30": "", "2017-06-30": "", "2017-03-31": "", "2016-12-31": "", "2016-09-30": "", "2016-06-30": "", "2016-03-31": "", "2015-12-31": "", "2015-09-30": "", "2015-06-30": "", "2015-03-31": "", "2014-12-31": "", "2014-09-30": "", "2014-06-30": "", "2014-03-31": "", "2013-12-31": "", "2013-09-30": "", "2013-06-30": "", "2013-03-31": "", "2012-12-31": "", "2012-09-30": "", "2012-06-30": "", "2012-03-31": "", "2011-12-31": "", "2011-09-30": "", "2011-06-30": "", "2011-03-31": "", "2010-12-31": "", "2010-09-30": "", "2010-06-30": "", "2010-03-31": "", "2009-12-31": "", "2009-09-30": "", "2009-06-30": "", "2009-03-31": "", "2008-12-31": "", "2008-09-30": "", "2008-06-30": "", "2008-03-31": "", "2007-12-31": "", "2007-09-30": "", "2007-06-30": "", "2007-03-31": "", "2006-12-31": "", "2006-09-30": "", "2006-06-30": "", "2006-03-31": "", "2005-12-31": "", "2005-09-30": "", "2005-06-30": "", "2005-03-31": ""}, "SG&A Expenses": {"2020-12-31": "32.69000", "2020-09-30": "36.91300", "2020-06-30": "31.77500", "2020-03-31": "31.96300", "2019-12-31": "29.78200", "2019-09-30": "27.93000", "2019-06-30": "26.43400", "2019-03-31": "24.67700", "2018-12-31": "22.38500", "2018-09-30": "22.66000", "2018-06-30": "22.93900", "2018-03-31": "22.42100", "2017-12-31": "18.91000", "2017-09-30": "17.63600", "2017-06-30": "19.23400", "2017-03-31": "19.22900", "2016-12-31": "17.45800", "2016-09-30": "15.85400", "2016-06-30": "15.38400", "2016-03-31": "15.18800", "2015-12-31": "15.10200", "2015-09-30": "15.14300", "2015-06-30": "14.98900", "2015-03-31": "14.38700", "2014-12-31": "13.86100", "2014-09-30": "12.60900", "2014-06-30": "13.83600", "2014-03-31": "13.22400", "2013-12-31": "12.75100", "2013-09-30": "11.66600", "2013-06-30": "12.45500", "2013-03-31": "11.64800", "2012-12-31": "12.62200", "2012-09-30": "12.47000", "2012-06-30": "12.29800", "2012-03-31": "10.35700", "2011-12-31": "10.56200", "2011-09-30": "10.28900", "2011-06-30": "10.76400", "2011-03-31": "9.49700", "2010-12-31": "8.55800", "2010-09-30": "8.04200", "2010-06-30": "8.26600", "2010-03-31": "9.47900", "2009-12-31": "8.46300", "2009-09-30": "9.61100", "2009-06-30": "8.80400", "2009-03-31": "9.41800", "2008-12-31": "8.97300", "2008-09-30": "8.58700", "2008-06-30": "8.44700", "2008-03-31": "8.78700", "2007-12-31": "8.11900", "2007-09-30": "8.31000", "2007-06-30": "7.80800", "2007-03-31": "8.07400", "2006-12-31": "6.63600", "2006-09-30": "6.65200", "2006-06-30": "6.26900", "2006-03-31": "6.45100", "2005-12-31": "5.86500", "2005-09-30": "5.99300", "2005-06-30": "4.76500", "2005-03-31": "4.44500"}, "Other Operating Income Or Expenses": {"2020-12-31": "", "2020-09-30": "", "2020-06-30": "", "2020-03-31": "", "2019-12-31": "", "2019-09-30": "", "2019-06-30": "", "2019-03-31": "", "2018-12-31": "", "2018-09-30": "", "2018-06-30": "", "2018-03-31": "", "2017-12-31": "", "2017-09-30": "", "2017-06-30": "", "2017-03-31": "", "2016-12-31": "", "2016-09-30": "", "2016-06-30": "", "2016-03-31": "", "2015-12-31": "", "2015-09-30": "", "2015-06-30": "", "2015-03-31": "", "2014-12-31": "", "2014-09-30": "", "2014-06-30": "", "2014-03-31": "", "2013-12-31": "", "2013-09-30": "", "2013-06-30": "", "2013-03-31": "", "2012-12-31": "", "2012-09-30": "", "2012-06-30": "", "2012-03-31": "", "2011-12-31": "", "2011-09-30": "", "2011-06-30": "", "2011-03-31": "", "2010-12-31": "", "2010-09-30": "", "2010-06-30": "", "2010-03-31": "", "2009-12-31": "", "2009-09-30": "", "2009-06-30": "", "2009-03-31": "", "2008-12-31": "", "2008-09-30": "", "2008-06-30": "", "2008-03-31": "", "2007-12-31": "", "2007-09-30": "", "2007-06-30": "", "2007-03-31": "", "2006-12-31": "", "2006-09-30": "", "2006-06-30": "", "2006-03-31": "", "2005-12-31": "", "2005-09-30": "", "2005-06-30": "", "2005-03-31": ""}, "Operating Expenses": {"2020-12-31": "347.20690", "2020-09-30": "354.18700", "2020-06-30": "323.71300", "2020-03-31": "336.56200", "2019-12-31": "292.15200", "2019-09-30": "279.95000", "2019-06-30": "266.56000", "2019-03-31": "260.26500", "2018-12-31": "245.05700", "2018-09-30": "242.01900", "2018-06-30": "233.69900", "2018-03-31": "228.41100", "2017-12-31": "214.69700", "2017-09-30": "208.89300", "2017-06-30": "200.31200", "2017-03-31": "193.49900", "2016-12-31": "185.92390", "2016-09-30": "164.98900", "2016-06-30": "152.87800", "2016-03-31": "151.89100", "2015-12-31": "156.25990", "2015-09-30": "151.94200", "2015-06-30": "139.41000", "2015-03-31": "134.53000", "2014-12-31": "128.71500", "2014-09-30": "128.42000", "2014-06-30": "123.50300", "2014-03-31": "116.15200", "2013-12-31": "110.72700", "2013-09-30": "108.21600", "2013-06-30": "105.07600", "2013-03-31": "102.66300", "2012-12-31": "105.19600", "2012-09-30": "103.25700", "2012-06-30": "105.14100", "2012-03-31": "92.59600", "2011-12-31": "81.08500", "2011-09-30": "89.89500", "2011-06-30": "91.53200", "2011-03-31": "87.14000", "2010-12-31": "66.26800", "2010-09-30": "72.95400", "2010-06-30": "68.90000", "2010-03-31": "70.73900", "2009-12-31": "66.11700", "2009-09-30": "68.94100", "2009-06-30": "67.52800", "2009-03-31": "73.09400", "2008-12-31": "66.05200", "2008-09-30": "64.56800", "2008-06-30": "62.32700", "2008-03-31": "62.63900", "2007-12-31": "56.74100", "2007-09-30": "56.98000", "2007-06-30": "52.11100", "2007-03-31": "54.27100", "2006-12-31": "44.87000", "2006-09-30": "46.25700", "2006-06-30": "36.58900", "2006-03-31": "36.98900", "2005-12-31": "31.93400", "2005-09-30": "33.68700", "2005-06-30": "30.33800", "2005-03-31": "29.35200"}, "Operating Income": {"2020-12-31": "116.51310", "2020-09-30": "190.85500", "2020-06-30": "113.24300", "2020-03-31": "103.35700", "2019-12-31": "115.96210", "2019-09-30": "110.53400", "2019-06-30": "107.29600", "2019-03-31": "98.57700", "2018-12-31": "95.40600", "2018-09-30": "99.80400", "2018-06-30": "91.33500", "2018-03-31": "91.72800", "2017-12-31": "84.09410", "2017-09-30": "76.47700", "2017-06-30": "72.74700", "2017-03-31": "77.37800", "2016-12-31": "63.23810", "2016-09-30": "65.39000", "2016-06-30": "73.19800", "2016-03-31": "64.19800", "2015-12-31": "67.69510", "2015-09-30": "66.66800", "2015-06-30": "64.74600", "2015-03-31": "62.22300", "2014-12-31": "59.95910", "2014-09-30": "57.19500", "2014-06-30": "52.89900", "2014-03-31": "60.03400", "2013-12-31": "58.09610", "2013-09-30": "50.09900", "2013-06-30": "48.85400", "2013-03-31": "47.42000", "2012-12-31": "45.14700", "2012-09-30": "39.59300", "2012-06-30": "40.45200", "2012-03-31": "43.11500", "2011-12-31": "34.40000", "2011-09-30": "48.15900", "2011-06-30": "51.78900", "2011-03-31": "52.78000", "2010-12-31": "40.53600", "2010-09-30": "47.36000", "2010-06-30": "48.11000", "2010-03-31": "45.75400", "2009-12-31": "47.01200", "2009-09-30": "46.88500", "2009-06-30": "53.51100", "2009-03-31": "58.46500", "2008-12-31": "58.31100", "2008-09-30": "47.96300", "2008-06-30": "46.45100", "2008-03-31": "46.92300", "2007-12-31": "40.93600", "2007-09-30": "45.12700", "2007-06-30": "41.65800", "2007-03-31": "40.51500", "2006-12-31": "33.96700", "2006-09-30": "38.49700", "2006-06-30": "33.59800", "2006-03-31": "31.29400", "2005-12-31": "25.31400", "2005-09-30": "28.33900", "2005-06-30": "26.93900", "2005-03-31": "25.70300"}, "Total Non-Operating Income/Expense": {"2020-12-31": "185.00100", "2020-09-30": "-96.64200", "2020-06-30": "130.31800", "2020-03-31": "-69.56300", "2019-12-31": "100.76300", "2019-09-30": "-146.53700", "2019-06-30": "-20.11700", "2019-03-31": "37.09500", "2018-12-31": "-79.78900", "2018-09-30": "78.83700", "2018-06-30": "-31.87800", "2018-03-31": "48.64600", "2017-12-31": "-23.43700", "2017-09-30": "-31.03100", "2017-06-30": "-31.95100", "2017-03-31": "-30.45400", "2016-12-31": "-47.28500", "2016-09-30": "-37.19400", "2016-06-30": "-181.31400", "2016-03-31": "-53.83500", "2015-12-31": "-38.08500", "2015-09-30": "-27.67900", "2015-06-30": "-26.31600", "2015-03-31": "-37.17200", "2014-12-31": "-73.30900", "2014-09-30": "-21.08000", "2014-06-30": "-17.43300", "2014-03-31": "-19.12300", "2013-12-31": "-17.78300", "2013-09-30": "-17.60300", "2013-06-30": "-16.53800", "2013-03-31": "-18.02000", "2012-12-31": "-19.99400", "2012-09-30": "-17.09200", "2012-06-30": "-19.52400", "2012-03-31": "-16.84900", "2011-12-31": "-14.72300", "2011-09-30": "-17.01500", "2011-06-30": "-17.81500", "2011-03-31": "-20.30500", "2010-12-31": "-19.46300", "2010-09-30": "-17.37800", "2010-06-30": "-60.27400", "2010-03-31": "-17.56200", "2009-12-31": "-19.31400", "2009-09-30": "-21.22500", "2009-06-30": "-10.11900", "2009-03-31": "-20.19900", "2008-12-31": "-33.14400", "2008-09-30": "-21.28900", "2008-06-30": "-18.73900", "2008-03-31": "-25.44500", "2007-12-31": "-28.76800", "2007-09-30": "-23.65900", "2007-06-30": "-19.58000", "2007-03-31": "-20.26300", "2006-12-31": "-18.86400", "2006-09-30": "-19.04100", "2006-06-30": "-16.31700", "2006-03-31": "-14.86500", "2005-12-31": "-13.38700", "2005-09-30": "-13.16000", "2005-06-30": "-11.24800", "2005-03-31": "-11.32100"}, "Pre-Tax Income": {"2020-12-31": "301.51400", "2020-09-30": "94.21300", "2020-06-30": "243.56100", "2020-03-31": "33.79400", "2019-12-31": "216.72510", "2019-09-30": "-36.00300", "2019-06-30": "87.17900", "2019-03-31": "135.67200", "2018-12-31": "15.61700", "2018-09-30": "178.64100", "2018-06-30": "59.45700", "2018-03-31": "140.37400", "2017-12-31": "60.65700", "2017-09-30": "45.44600", "2017-06-30": "40.79600", "2017-03-31": "46.92400", "2016-12-31": "15.95310", "2016-09-30": "28.19600", "2016-06-30": "-108.11600", "2016-03-31": "10.36300", "2015-12-31": "29.61000", "2015-09-30": "38.98900", "2015-06-30": "38.43000", "2015-03-31": "25.05100", "2014-12-31": "-13.35000", "2014-09-30": "36.11500", "2014-06-30": "35.46600", "2014-03-31": "40.91100", "2013-12-31": "40.31310", "2013-09-30": "32.49600", "2013-06-30": "32.31600", "2013-03-31": "29.40000", "2012-12-31": "25.15300", "2012-09-30": "22.50100", "2012-06-30": "20.92800", "2012-03-31": "26.26600", "2011-12-31": "19.67700", "2011-09-30": "31.14400", "2011-06-30": "33.97400", "2011-03-31": "32.47500", "2010-12-31": "21.07300", "2010-09-30": "29.98200", "2010-06-30": "-12.16400", "2010-03-31": "28.19200", "2009-12-31": "27.69800", "2009-09-30": "25.66000", "2009-06-30": "43.39200", "2009-03-31": "38.26600", "2008-12-31": "25.16700", "2008-09-30": "26.67400", "2008-06-30": "27.71200", "2008-03-31": "21.47800", "2007-12-31": "12.16800", "2007-09-30": "21.46800", "2007-06-30": "22.07800", "2007-03-31": "20.25200", "2006-12-31": "15.10300", "2006-09-30": "19.45600", "2006-06-30": "17.28100", "2006-03-31": "16.42900", "2005-12-31": "11.92700", "2005-09-30": "15.17900", "2005-06-30": "15.69100", "2005-03-31": "14.38200"}, "Income Taxes": {"2020-12-31": "", "2020-09-30": "", "2020-06-30": "", "2020-03-31": "", "2019-12-31": "", "2019-09-30": "", "2019-06-30": "", "2019-03-31": "", "2018-12-31": "", "2018-09-30": "", "2018-06-30": "", "2018-03-31": "", "2017-12-31": "", "2017-09-30": "", "2017-06-30": "", "2017-03-31": "", "2016-12-31": "", "2016-09-30": "", "2016-06-30": "", "2016-03-31": "", "2015-12-31": "", "2015-09-30": "", "2015-06-30": "", "2015-03-31": "", "2014-12-31": "", "2014-09-30": "", "2014-06-30": "", "2014-03-31": "", "2013-12-31": "", "2013-09-30": "", "2013-06-30": "", "2013-03-31": "", "2012-12-31": "", "2012-09-30": "", "2012-06-30": "", "2012-03-31": "", "2011-12-31": "", "2011-09-30": "", "2011-06-30": "", "2011-03-31": "", "2010-12-31": "", "2010-09-30": "", "2010-06-30": "", "2010-03-31": "", "2009-12-31": "", "2009-09-30": "", "2009-06-30": "", "2009-03-31": "", "2008-12-31": "", "2008-09-30": "", "2008-06-30": "", "2008-03-31": "", "2007-12-31": "", "2007-09-30": "", "2007-06-30": "", "2007-03-31": "", "2006-12-31": "", "2006-09-30": "", "2006-06-30": "", "2006-03-31": "", "2005-12-31": "", "2005-09-30": "", "2005-06-30": "", "2005-03-31": ""}, "Income After Taxes": {"2020-12-31": "301.51400", "2020-09-30": "94.21300", "2020-06-30": "243.56100", "2020-03-31": "33.79400", "2019-12-31": "216.72510", "2019-09-30": "-36.00300", "2019-06-30": "87.17900", "2019-03-31": "135.67200", "2018-12-31": "15.61700", "2018-09-30": "178.64100", "2018-06-30": "59.45700", "2018-03-31": "140.37400", "2017-12-31": "60.65700", "2017-09-30": "45.44600", "2017-06-30": "40.79600", "2017-03-31": "46.92400", "2016-12-31": "15.95310", "2016-09-30": "28.19600", "2016-06-30": "-108.11600", "2016-03-31": "10.36300", "2015-12-31": "29.61000", "2015-09-30": "38.98900", "2015-06-30": "38.43000", "2015-03-31": "25.05100", "2014-12-31": "-13.35000", "2014-09-30": "36.11500", "2014-06-30": "35.46600", "2014-03-31": "40.91100", "2013-12-31": "40.31310", "2013-09-30": "32.49600", "2013-06-30": "32.31600", "2013-03-31": "29.40000", "2012-12-31": "25.15300", "2012-09-30": "22.50100", "2012-06-30": "20.92800", "2012-03-31": "26.26600", "2011-12-31": "19.67700", "2011-09-30": "31.14400", "2011-06-30": "33.97400", "2011-03-31": "32.47500", "2010-12-31": "21.07300", "2010-09-30": "29.98200", "2010-06-30": "-12.16400", "2010-03-31": "28.19200", "2009-12-31": "27.69800", "2009-09-30": "25.66000", "2009-06-30": "43.39200", "2009-03-31": "38.26600", "2008-12-31": "25.16700", "2008-09-30": "26.67400", "2008-06-30": "27.71200", "2008-03-31": "21.47800", "2007-12-31": "12.16800", "2007-09-30": "21.46800", "2007-06-30": "22.07800", "2007-03-31": "20.25200", "2006-12-31": "15.10300", "2006-09-30": "19.45600", "2006-06-30": "17.28100", "2006-03-31": "16.42900", "2005-12-31": "11.92700", "2005-09-30": "15.17900", "2005-06-30": "15.69100", "2005-03-31": "14.38200"}, "Other Income": {"2020-12-31": "152.50300", "2020-09-30": "1.58600", "2020-06-30": "", "2020-03-31": "", "2019-12-31": "", "2019-09-30": "", "2019-06-30": "", "2019-03-31": "", "2018-12-31": "", "2018-09-30": "", "2018-06-30": "", "2018-03-31": "", "2017-12-31": "", "2017-09-30": "", "2017-06-30": "", "2017-03-31": "0.27000", "2016-12-31": "", "2016-09-30": "", "2016-06-30": "", "2016-03-31": "", "2015-12-31": "", "2015-09-30": "", "2015-06-30": "", "2015-03-31": "", "2014-12-31": "", "2014-09-30": "", "2014-06-30": "", "2014-03-31": "", "2013-12-31": "", "2013-09-30": "", "2013-06-30": "", "2013-03-31": "", "2012-12-31": "", "2012-09-30": "", "2012-06-30": "", "2012-03-31": "", "2011-12-31": "", "2011-09-30": "", "2011-06-30": "", "2011-03-31": "", "2010-12-31": "", "2010-09-30": "", "2010-06-30": "", "2010-03-31": "", "2009-12-31": "", "2009-09-30": "", "2009-06-30": "", "2009-03-31": "", "2008-12-31": "", "2008-09-30": "", "2008-06-30": "", "2008-03-31": "", "2007-12-31": "", "2007-09-30": "", "2007-06-30": "", "2007-03-31": "", "2006-12-31": "", "2006-09-30": "", "2006-06-30": "", "2006-03-31": "", "2005-12-31": "", "2005-09-30": "", "2005-06-30": "", "2005-03-31": ""}, "Income From Continuous Operations": {"2020-12-31": "457.13300", "2020-09-30": "95.79900", "2020-06-30": "243.56100", "2020-03-31": "30.67800", "2019-12-31": "216.05300", "2019-09-30": "-36.00300", "2019-06-30": "87.17900", "2019-03-31": "136.81800", "2018-12-31": "-18.63100", "2018-09-30": "219.35900", "2018-06-30": "60.54700", "2018-03-31": "141.51800", "2017-12-31": "45.60700", "2017-09-30": "59.54600", "2017-06-30": "41.38500", "2017-03-31": "47.55500", "2016-12-31": "19.79200", "2016-09-30": "28.46900", "2016-06-30": "-108.11600", "2016-03-31": "9.96600", "2015-12-31": "42.97700", "2015-09-30": "39.69900", "2015-06-30": "38.43000", "2015-03-31": "25.05100", "2014-12-31": "-13.35000", "2014-09-30": "36.11500", "2014-06-30": "35.46600", "2014-03-31": "40.91100", "2013-12-31": "40.31300", "2013-09-30": "32.49600", "2013-06-30": "32.31600", "2013-03-31": "29.40000", "2012-12-31": "25.15300", "2012-09-30": "22.50100", "2012-06-30": "20.92800", "2012-03-31": "26.26600", "2011-12-31": "19.67700", "2011-09-30": "31.14400", "2011-06-30": "33.97400", "2011-03-31": "32.47500", "2010-12-31": "21.07300", "2010-09-30": "29.98200", "2010-06-30": "-12.16400", "2010-03-31": "28.19200", "2009-12-31": "27.69800", "2009-09-30": "25.66000", "2009-06-30": "43.39200", "2009-03-31": "38.26600", "2008-12-31": "25.16700", "2008-09-30": "26.67400", "2008-06-30": "27.71200", "2008-03-31": "21.47800", "2007-12-31": "14.88600", "2007-09-30": "20.55900", "2007-06-30": "21.17600", "2007-03-31": "19.34500", "2006-12-31": "14.26500", "2006-09-30": "18.74700", "2006-06-30": "16.91100", "2006-03-31": "16.05900", "2005-12-31": "11.52700", "2005-09-30": "14.94500", "2005-06-30": "15.69100", "2005-03-31": "14.38200"}, "Income From Discontinued Operations": {"2020-12-31": "", "2020-09-30": "", "2020-06-30": "", "2020-03-31": "", "2019-12-31": "", "2019-09-30": "", "2019-06-30": "", "2019-03-31": "", "2018-12-31": "", "2018-09-30": "", "2018-06-30": "", "2018-03-31": "", "2017-12-31": "", "2017-09-30": "", "2017-06-30": "", "2017-03-31": "", "2016-12-31": "", "2016-09-30": "", "2016-06-30": "", "2016-03-31": "", "2015-12-31": "", "2015-09-30": "", "2015-06-30": "", "2015-03-31": "-0.04300", "2014-12-31": "7.32000", "2014-09-30": "-0.17200", "2014-06-30": "0.65000", "2014-03-31": "-0.16200", "2013-12-31": "-0.14300", "2013-09-30": "-0.04300", "2013-06-30": "0.24900", "2013-03-31": "0.83700", "2012-12-31": "3.65400", "2012-09-30": "-4.19600", "2012-06-30": "4.71300", "2012-03-31": "4.64500", "2011-12-31": "15.78500", "2011-09-30": "1.80500", "2011-06-30": "0.33700", "2011-03-31": "0.15000", "2010-12-31": "11.48500", "2010-09-30": "0.47900", "2010-06-30": "-0.06000", "2010-03-31": "0.59300", "2009-12-31": "2.20700", "2009-09-30": "0.71800", "2009-06-30": "0.72400", "2009-03-31": "2.98300", "2008-12-31": "2.40100", "2008-09-30": "0.92800", "2008-06-30": "0.06400", "2008-03-31": "15.67300", "2007-12-31": "6.36200", "2007-09-30": "2.34100", "2007-06-30": "2.87200", "2007-03-31": "2.43900", "2006-12-31": "6.27000", "2006-09-30": "0.21700", "2006-06-30": "0.25100", "2006-03-31": "0.69600", "2005-12-31": "4.65300", "2005-09-30": "1.04600", "2005-06-30": "0.58200", "2005-03-31": "0.60700"}, "Net Income": {"2020-12-31": "438.02500", "2020-09-30": "79.32600", "2020-06-30": "226.60000", "2020-03-31": "16.84000", "2019-12-31": "200.84000", "2019-09-30": "-49.77300", "2019-06-30": "76.33000", "2019-03-31": "123.59800", "2018-12-31": "-29.36000", "2018-09-30": "208.94000", "2018-06-30": "52.01600", "2018-03-31": "132.38700", "2017-12-31": "36.83100", "2017-09-30": "51.27300", "2017-06-30": "31.63000", "2017-03-31": "25.66100", "2016-12-31": "-25.12700", "2016-09-30": "5.45200", "2016-06-30": "-127.64800", "2016-03-31": "-3.81800", "2015-12-31": "35.13100", "2015-09-30": "32.65900", "2015-06-30": "31.29100", "2015-03-31": "17.78600", "2014-12-31": "-16.15400", "2014-09-30": "27.62600", "2014-06-30": "27.93200", "2014-03-31": "32.70900", "2013-12-31": "36.24700", "2013-09-30": "24.57900", "2013-06-30": "25.48300", "2013-03-31": "22.44200", "2012-12-31": "21.00000", "2012-09-30": "10.64600", "2012-06-30": "17.61600", "2012-03-31": "18.36800", "2011-12-31": "26.96000", "2011-09-30": "24.66200", "2011-06-30": "25.98600", "2011-03-31": "24.36500", "2010-12-31": "83.55700", "2010-09-30": "22.23500", "2010-06-30": "-20.39300", "2010-03-31": "20.54200", "2009-12-31": "21.70500", "2009-09-30": "18.20300", "2009-06-30": "32.29800", "2009-03-31": "32.76800", "2008-12-31": "19.23900", "2008-09-30": "19.31800", "2008-06-30": "19.42000", "2008-03-31": "32.76900", "2007-12-31": "13.78900", "2007-09-30": "20.18600", "2007-06-30": "21.33400", "2007-03-31": "15.10800", "2006-12-31": "16.51200", "2006-09-30": "14.94200", "2006-06-30": "13.13900", "2006-03-31": "12.73300", "2005-12-31": "12.15700", "2005-09-30": "11.96900", "2005-06-30": "12.25000", "2005-03-31": "10.96700"}, "EBITDA": {"2020-12-31": "282.78510", "2020-09-30": "355.40200", "2020-06-30": "269.33200", "2020-03-31": "264.24800", "2019-12-31": "248.97710", "2019-09-30": "241.29400", "2019-06-30": "235.27700", "2019-03-31": "226.94800", "2018-12-31": "216.83600", "2018-09-30": "216.30400", "2018-06-30": "206.97600", "2018-03-31": "201.74500", "2017-12-31": "189.59310", "2017-09-30": "181.90800", "2017-06-30": "174.05900", "2017-03-31": "171.50100", "2016-12-31": "158.33910", "2016-09-30": "144.63300", "2016-06-30": "145.32700", "2016-03-31": "136.76400", "2015-12-31": "141.50800", "2015-09-30": "133.96400", "2015-06-30": "128.70000", "2015-03-31": "122.96200", "2014-12-31": "120.11400", "2014-09-30": "117.57600", "2014-06-30": "112.26900", "2014-03-31": "112.40500", "2013-12-31": "108.15310", "2013-09-30": "101.00400", "2013-06-30": "97.15300", "2013-03-31": "96.08600", "2012-12-31": "94.99010", "2012-09-30": "89.57000", "2012-06-30": "94.35300", "2012-03-31": "88.54200", "2011-12-31": "77.67000", "2011-09-30": "90.10300", "2011-06-30": "92.92200", "2011-03-31": "88.24600", "2010-12-31": "76.75400", "2010-09-30": "81.32900", "2010-06-30": "81.99700", "2010-03-31": "78.34300", "2009-12-31": "79.63800", "2009-09-30": "78.69500", "2009-06-30": "86.59900", "2009-03-31": "88.74700", "2008-12-31": "86.54300", "2008-09-30": "77.26900", "2008-06-30": "75.67100", "2008-03-31": "74.14600", "2007-12-31": "75.12300", "2007-09-30": "69.23000", "2007-06-30": "64.47100", "2007-03-31": "62.11800", "2006-12-31": "48.94300", "2006-09-30": "59.48500", "2006-06-30": "50.67000", "2006-03-31": "47.44100", "2005-12-31": "35.53900", "2005-09-30": "43.61400", "2005-06-30": "41.66700", "2005-03-31": "40.08900"}, "EBIT": {"2020-12-31": "116.51300", "2020-09-30": "190.85500", "2020-06-30": "113.24300", "2020-03-31": "103.35700", "2019-12-31": "115.96200", "2019-09-30": "110.53400", "2019-06-30": "107.29600", "2019-03-31": "98.57700", "2018-12-31": "95.40600", "2018-09-30": "99.80400", "2018-06-30": "91.33500", "2018-03-31": "91.72800", "2017-12-31": "84.09400", "2017-09-30": "76.47700", "2017-06-30": "72.74700", "2017-03-31": "77.37800", "2016-12-31": "63.23810", "2016-09-30": "65.39000", "2016-06-30": "73.19800", "2016-03-31": "64.19800", "2015-12-31": "67.69500", "2015-09-30": "66.66800", "2015-06-30": "64.74600", "2015-03-31": "62.22300", "2014-12-31": "59.95900", "2014-09-30": "57.19500", "2014-06-30": "52.89900", "2014-03-31": "60.03400", "2013-12-31": "58.09610", "2013-09-30": "50.09900", "2013-06-30": "48.85400", "2013-03-31": "47.42000", "2012-12-31": "45.14700", "2012-09-30": "39.59300", "2012-06-30": "40.45200", "2012-03-31": "43.11500", "2011-12-31": "34.40000", "2011-09-30": "48.15900", "2011-06-30": "51.78900", "2011-03-31": "52.78000", "2010-12-31": "40.53600", "2010-09-30": "47.36000", "2010-06-30": "48.11000", "2010-03-31": "45.75400", "2009-12-31": "47.01200", "2009-09-30": "46.88500", "2009-06-30": "53.51100", "2009-03-31": "58.46500", "2008-12-31": "58.31100", "2008-09-30": "47.96300", "2008-06-30": "46.45100", "2008-03-31": "46.92300", "2007-12-31": "40.93600", "2007-09-30": "45.12700", "2007-06-30": "41.65800", "2007-03-31": "40.51500", "2006-12-31": "33.96700", "2006-09-30": "38.49700", "2006-06-30": "33.59800", "2006-03-31": "31.29400", "2005-12-31": "25.31400", "2005-09-30": "28.33900", "2005-06-30": "26.93900", "2005-03-31": "25.70300"}, "Basic Shares Outstanding": {"2020-12-31": "126.10600", "2020-09-30": "124.90100", "2020-06-30": "124.33300", "2020-03-31": "121.43300", "2019-12-31": "112.20400", "2019-09-30": "112.12000", "2019-06-30": "111.43300", "2019-03-31": "111.05400", "2018-12-31": "103.01000", "2018-09-30": "104.17900", "2018-06-30": "101.88100", "2018-03-31": "99.85500", "2017-12-31": "91.54600", "2017-09-30": "92.59800", "2017-06-30": "90.21500", "2017-03-31": "88.14700", "2016-12-31": "76.10300", "2016-09-30": "76.65100", "2016-06-30": "74.31900", "2016-03-31": "72.58400", "2015-12-31": "71.52900", "2015-09-30": "71.50000", "2015-06-30": "71.41200", "2015-03-31": "71.36600", "2014-12-31": "71.17000", "2014-09-30": "71.19500", "2014-06-30": "71.12600", "2014-03-31": "71.07300", "2013-12-31": "68.03800", "2013-09-30": "70.90000", "2013-06-30": "66.97300", "2013-03-31": "63.16100", "2012-12-31": "62.16000", "2012-09-30": "62.36400", "2012-06-30": "61.66300", "2012-03-31": "61.50700", "2011-12-31": "59.07800", "2011-09-30": "61.29600", "2011-06-30": "58.50000", "2011-03-31": "54.94800", "2010-12-31": "48.37500", "2010-09-30": "49.80700", "2010-06-30": "44.87000", "2010-03-31": "43.82200", "2009-12-31": "38.58700", "2009-09-30": "39.09400", "2009-06-30": "38.93000", "2009-03-31": "32.47900", "2008-12-31": "31.65400", "2008-09-30": "31.69500", "2008-06-30": "31.61500", "2008-03-31": "31.54700", "2007-12-31": "29.66800", "2007-09-30": "29.25800", "2007-06-30": "29.04500", "2007-03-31": "28.89900", "2006-12-31": "25.10200", "2006-09-30": "26.32300", "2006-06-30": "22.85600", "2006-03-31": "22.32200", "2005-12-31": "20.94900", "2005-09-30": "21.09100", "2005-06-30": "20.93600", "2005-03-31": "19.46900"}, "Shares Outstanding": {"2020-12-31": "126.49000", "2020-09-30": "125.82800", "2020-06-30": "124.44800", "2020-03-31": "121.78500", "2019-12-31": "112.52400", "2019-09-30": "112.12000", "2019-06-30": "111.50100", "2019-03-31": "111.05400", "2018-12-31": "103.32100", "2018-09-30": "105.38500", "2018-06-30": "102.23600", "2018-03-31": "100.12500", "2017-12-31": "92.06300", "2017-09-30": "93.29600", "2017-06-30": "90.74500", "2017-03-31": "88.20000", "2016-12-31": "76.10300", "2016-09-30": "77.40200", "2016-06-30": "74.31900", "2016-03-31": "72.58400", "2015-12-31": "71.52900", "2015-09-30": "71.50000", "2015-06-30": "71.41200", "2015-03-31": "71.36600", "2014-12-31": "71.17000", "2014-09-30": "71.19500", "2014-06-30": "71.12600", "2014-03-31": "71.07300", "2013-12-31": "68.03800", "2013-09-30": "70.90000", "2013-06-30": "66.97300", "2013-03-31": "63.16100", "2012-12-31": "62.16000", "2012-09-30": "62.36400", "2012-06-30": "61.66400", "2012-03-31": "61.50900", "2011-12-31": "59.07800", "2011-09-30": "61.30400", "2011-06-30": "58.51300", "2011-03-31": "54.96800", "2010-12-31": "48.40500", "2010-09-30": "49.83000", "2010-06-30": "44.87000", "2010-03-31": "43.85800", "2009-12-31": "38.60000", "2009-09-30": "39.10600", "2009-06-30": "43.07200", "2009-03-31": "32.49800", "2008-12-31": "31.76500", "2008-09-30": "31.80700", "2008-06-30": "31.74000", "2008-03-31": "31.68700", "2007-12-31": "29.83200", "2007-09-30": "29.50700", "2007-06-30": "29.36200", "2007-03-31": "29.30000", "2006-12-31": "25.52400", "2006-09-30": "26.71400", "2006-06-30": "23.25100", "2006-03-31": "22.76000", "2005-12-31": "21.31700", "2005-09-30": "21.48700", "2005-06-30": "21.27500", "2005-03-31": "19.79000"}, "Basic EPS": {"2020-12-31": "3.43000", "2020-09-30": "0.64000", "2020-06-30": "1.82000", "2020-03-31": "0.14000", "2019-12-31": "1.78000", "2019-09-30": "-0.44000", "2019-06-30": "0.68000", "2019-03-31": "1.11000", "2018-12-31": "-0.32000", "2018-09-30": "2.01000", "2018-06-30": "0.51000", "2018-03-31": "1.33000", "2017-12-31": "0.40000", "2017-09-30": "0.55000", "2017-06-30": "0.35000", "2017-03-31": "0.29000", "2016-12-31": "-0.29000", "2016-09-30": "0.07000", "2016-06-30": "-1.72000", "2016-03-31": "-0.05000", "2015-12-31": "0.48000", "2015-09-30": "0.46000", "2015-06-30": "0.44000", "2015-03-31": "0.25000", "2014-12-31": "-0.23000", "2014-09-30": "0.39000", "2014-06-30": "0.39000", "2014-03-31": "0.46000", "2013-12-31": "0.51000", "2013-09-30": "0.35000", "2013-06-30": "0.38000", "2013-03-31": "0.36000", "2012-12-31": "0.33000", "2012-09-30": "0.17000", "2012-06-30": "0.29000", "2012-03-31": "0.30000", "2011-12-31": "0.45000", "2011-09-30": "0.40000", "2011-06-30": "0.44000", "2011-03-31": "0.44000", "2010-12-31": "1.72000", "2010-09-30": "0.45000", "2010-06-30": "-0.45000", "2010-03-31": "0.47000", "2009-12-31": "0.41000", "2009-09-30": "0.47000", "2009-06-30": "0.83000", "2009-03-31": "1.01000", "2008-12-31": "0.61000", "2008-09-30": "0.61000", "2008-06-30": "0.61000", "2008-03-31": "1.04000", "2007-12-31": "0.43000", "2007-09-30": "0.69000", "2007-06-30": "0.73000", "2007-03-31": "0.52000", "2006-12-31": "0.57000", "2006-09-30": "0.57000", "2006-06-30": "0.57000", "2006-03-31": "0.57000", "2005-12-31": "0.54000", "2005-09-30": "0.57000", "2005-06-30": "0.59000", "2005-03-31": "0.56000"}, "EPS - Earnings Per Share": {"2020-12-31": "3.42000", "2020-09-30": "0.63000", "2020-06-30": "1.82000", "2020-03-31": "0.14000", "2019-12-31": "1.77000", "2019-09-30": "-0.44000", "2019-06-30": "0.68000", "2019-03-31": "1.11000", "2018-12-31": "-0.30000", "2018-09-30": "1.99000", "2018-06-30": "0.51000", "2018-03-31": "1.32000", "2017-12-31": "0.39000", "2017-09-30": "0.55000", "2017-06-30": "0.35000", "2017-03-31": "0.29000", "2016-12-31": "-0.29000", "2016-09-30": "0.07000", "2016-06-30": "-1.72000", "2016-03-31": "-0.05000", "2015-12-31": "0.48000", "2015-09-30": "0.46000", "2015-06-30": "0.44000", "2015-03-31": "0.25000", "2014-12-31": "-0.23000", "2014-09-30": "0.39000", "2014-06-30": "0.39000", "2014-03-31": "0.46000", "2013-12-31": "0.51000", "2013-09-30": "0.35000", "2013-06-30": "0.38000", "2013-03-31": "0.36000", "2012-12-31": "0.33000", "2012-09-30": "0.17000", "2012-06-30": "0.29000", "2012-03-31": "0.30000", "2011-12-31": "0.45000", "2011-09-30": "0.40000", "2011-06-30": "0.44000", "2011-03-31": "0.44000", "2010-12-31": "1.72000", "2010-09-30": "0.45000", "2010-06-30": "-0.45000", "2010-03-31": "0.47000", "2009-12-31": "0.42000", "2009-09-30": "0.47000", "2009-06-30": "0.82000", "2009-03-31": "1.01000", "2008-12-31": "0.61000", "2008-09-30": "0.61000", "2008-06-30": "0.61000", "2008-03-31": "1.03000", "2007-12-31": "0.43000", "2007-09-30": "0.68000", "2007-06-30": "0.73000", "2007-03-31": "0.52000", "2006-12-31": "0.56000", "2006-09-30": "0.56000", "2006-06-30": "0.57000", "2006-03-31": "0.56000", "2005-12-31": "0.53000", "2005-09-30": "0.56000", "2005-06-30": "0.58000", "2005-03-31": "0.55000"}}, "balance sheet": {"Cash On Hand": {"2020-12-31": "597.70500", "2019-12-31": "242.68900", "2018-12-31": "272.13000", "2017-12-31": "277.18600", "2016-12-31": "141.36600", "2015-12-31": "153.97000", "2014-12-31": "112.89500", "2013-12-31": "85.40500", "2012-12-31": "180.91800", "2011-12-31": "101.87100", "2010-12-31": "119.58600", "2009-12-31": "117.91900", "2008-12-31": "71.16100", "2007-12-31": "8.03000", "2006-12-31": "2.94800", "2005-12-31": "3.91100"}, "Receivables": {"2020-12-31": "7.33300", "2019-12-31": "10.69100", "2018-12-31": "9.79800", "2017-12-31": "10.26200", "2016-12-31": "9.74400", "2015-12-31": "10.48500", "2014-12-31": "10.54800", "2013-12-31": "9.91800", "2012-12-31": "8.44900", "2011-12-31": "7.48000", "2010-12-31": "5.49200", "2009-12-31": "3.90200", "2008-12-31": "6.45300", "2007-12-31": "6.75900", "2006-12-31": "6.33000", "2005-12-31": "4.76400"}, "Inventory": {"2020-12-31": "", "2019-12-31": "", "2018-12-31": "", "2017-12-31": "", "2016-12-31": "", "2015-12-31": "", "2014-12-31": "", "2013-12-31": "", "2012-12-31": "", "2011-12-31": "", "2010-12-31": "", "2009-12-31": "", "2008-12-31": "", "2007-12-31": "", "2006-12-31": "", "2005-12-31": ""}, "Pre-Paid Expenses": {"2020-12-31": "", "2019-12-31": "", "2018-12-31": "", "2017-12-31": "", "2016-12-31": "", "2015-12-31": "", "2014-12-31": "", "2013-12-31": "", "2012-12-31": "", "2011-12-31": "", "2010-12-31": "", "2009-12-31": "", "2008-12-31": "", "2007-12-31": "", "2006-12-31": "", "2005-12-31": ""}, "Other Current Assets": {"2020-12-31": "", "2019-12-31": "", "2018-12-31": "", "2017-12-31": "", "2016-12-31": "", "2015-12-31": "", "2014-12-31": "", "2013-12-31": "", "2012-12-31": "", "2011-12-31": "", "2010-12-31": "", "2009-12-31": "", "2008-12-31": "", "2007-12-31": "", "2006-12-31": "", "2005-12-31": ""}, "Total Current Assets": {"2020-12-31": "605.03800", "2019-12-31": "253.38000", "2018-12-31": "281.92800", "2017-12-31": "287.44800", "2016-12-31": "151.11000", "2015-12-31": "164.45500", "2014-12-31": "123.44300", "2013-12-31": "95.32300", "2012-12-31": "189.36700", "2011-12-31": "109.35100", "2010-12-31": "125.07800", "2009-12-31": "121.82100", "2008-12-31": "77.61400", "2007-12-31": "14.78900", "2006-12-31": "9.27800", "2005-12-31": "8.67500"}, "Property, Plant, And Equipment": {"2020-12-31": "18092.37000", "2019-12-31": "14844.04000", "2018-12-31": "11913.69000", "2017-12-31": "10298.02000", "2016-12-31": "9128.19200", "2015-12-31": "7757.13400", "2014-12-31": "7226.01600", "2013-12-31": "6776.91400", "2012-12-31": "6424.57800", "2011-12-31": "6008.44000", "2010-12-31": "5444.81400", "2009-12-31": "5039.12800", "2008-12-31": "3215.72300", "2007-12-31": "4290.21700", "2006-12-31": "3322.58200", "2005-12-31": "2118.15600"}, "Long-Term Investments": {"2020-12-31": "", "2019-12-31": "", "2018-12-31": "", "2017-12-31": "", "2016-12-31": "", "2015-12-31": "", "2014-12-31": "", "2013-12-31": "", "2012-12-31": "", "2011-12-31": "", "2010-12-31": "", "2009-12-31": "", "2008-12-31": "", "2007-12-31": "", "2006-12-31": "", "2005-12-31": ""}, "Goodwill And Intangible Assets": {"2020-12-31": "", "2019-12-31": "", "2018-12-31": "", "2017-12-31": "", "2016-12-31": "", "2015-12-31": "", "2014-12-31": "", "2013-12-31": "", "2012-12-31": "", "2011-12-31": "", "2010-12-31": "", "2009-12-31": "", "2008-12-31": "", "2007-12-31": "", "2006-12-31": "", "2005-12-31": ""}, "Other Long-Term Assets": {"2020-12-31": "3135.04400", "2019-12-31": "2381.19800", "2018-12-31": "1500.02800", "2017-12-31": "862.32500", "2016-12-31": "543.67400", "2015-12-31": "486.77700", "2014-12-31": "350.65500", "2013-12-31": "274.44400", "2012-12-31": "205.72700", "2011-12-31": "178.69100", "2010-12-31": "130.07400", "2009-12-31": "199.57800", "2008-12-31": "1753.00700", "2007-12-31": "255.59200", "2006-12-31": "217.20500", "2005-12-31": "181.04600"}, "Total Long-Term Assets": {"2020-12-31": "22222.84000", "2019-12-31": "18137.12000", "2018-12-31": "14183.03000", "2017-12-31": "11816.50000", "2016-12-31": "10203.78000", "2015-12-31": "8716.56300", "2014-12-31": "8012.59300", "2013-12-31": "7434.44100", "2012-12-31": "6960.74900", "2011-12-31": "6464.77800", "2010-12-31": "5780.78300", "2009-12-31": "5335.40600", "2008-12-31": "5054.46300", "2007-12-31": "4627.30500", "2006-12-31": "3608.19900", "2005-12-31": "2353.77500"}, "Total Assets": {"2020-12-31": "22827.88000", "2019-12-31": "18390.50000", "2018-12-31": "14464.96000", "2017-12-31": "12103.95000", "2016-12-31": "10354.89000", "2015-12-31": "8881.01700", "2014-12-31": "8136.03600", "2013-12-31": "7529.76400", "2012-12-31": "7150.11600", "2011-12-31": "6574.12900", "2010-12-31": "5905.86100", "2009-12-31": "5457.22700", "2008-12-31": "5132.07700", "2007-12-31": "4642.09400", "2006-12-31": "3617.47700", "2005-12-31": "2362.45000"}, "Total Current Liabilities": {"2020-12-31": "1669.83200", "2019-12-31": "1320.26800", "2018-12-31": "981.70700", "2017-12-31": "763.83200", "2016-12-31": "731.67100", "2015-12-31": "589.35600", "2014-12-31": "489.08500", "2013-12-31": "435.34200", "2012-12-31": "423.70800", "2011-12-31": "325.39300", "2010-12-31": "304.25700", "2009-12-31": "282.51600", "2008-12-31": "386.80100", "2007-12-31": "247.28900", "2006-12-31": "158.11900", "2005-12-31": "86.39100"}, "Long Term Debt": {"2020-12-31": "7563.28600", "2019-12-31": "6777.47900", "2018-12-31": "5478.25500", "2017-12-31": "4764.80700", "2016-12-31": "4164.02500", "2015-12-31": "3935.69200", "2014-12-31": "3678.57900", "2013-12-31": "3061.06100", "2012-12-31": "3181.94900", "2011-12-31": "2779.26400", "2010-12-31": "2584.16200", "2009-12-31": "2746.94600", "2008-12-31": "2938.10800", "2007-12-31": "2787.90400", "2006-12-31": "2024.86600", "2005-12-31": "1406.66600"}, "Other Non-Current Liabilities": {"2020-12-31": "150.98200", "2019-12-31": "126.27800", "2018-12-31": "110.28000", "2017-12-31": "92.14500", "2016-12-31": "76.91400", "2015-12-31": "62.00500", "2014-12-31": "58.81400", "2013-12-31": "54.42000", "2012-12-31": "41.40100", "2011-12-31": "36.57900", "2010-12-31": "31.11400", "2009-12-31": "21.68600", "2008-12-31": "32.10500", "2007-12-31": "27.57500", "2006-12-31": "25.36300", "2005-12-31": "19.47800"}, "Total Long Term Liabilities": {"2020-12-31": "7725.61000", "2019-12-31": "6916.05700", "2018-12-31": "5599.32100", "2017-12-31": "4868.46000", "2016-12-31": "4252.24600", "2015-12-31": "4011.91500", "2014-12-31": "3751.70800", "2013-12-31": "3129.92500", "2012-12-31": "3237.91400", "2011-12-31": "2831.87700", "2010-12-31": "2631.19600", "2009-12-31": "2810.07300", "2008-12-31": "3004.17600", "2007-12-31": "2890.98500", "2006-12-31": "2107.70600", "2005-12-31": "1446.25900"}, "Total Liabilities": {"2020-12-31": "9395.44200", "2019-12-31": "8236.32500", "2018-12-31": "6581.02800", "2017-12-31": "5632.29300", "2016-12-31": "4983.91700", "2015-12-31": "4601.26600", "2014-12-31": "4240.79300", "2013-12-31": "3565.26700", "2012-12-31": "3661.62200", "2011-12-31": "3157.27000", "2010-12-31": "2935.45300", "2009-12-31": "3092.58900", "2008-12-31": "3390.97700", "2007-12-31": "3138.27400", "2006-12-31": "2265.82500", "2005-12-31": "1532.65000"}, "Common Stock Net": {"2020-12-31": "1.36700", "2019-12-31": "1.20800", "2018-12-31": "1.11000", "2017-12-31": "0.99800", "2016-12-31": "0.87700", "2015-12-31": "0.72500", "2014-12-31": "0.71500", "2013-12-31": "0.71200", "2012-12-31": "0.63200", "2011-12-31": "0.61600", "2010-12-31": "0.55000", "2009-12-31": "0.43800", "2008-12-31": "0.31900", "2007-12-31": "0.31600", "2006-12-31": "0.29000", "2005-12-31": "0.22400"}, "Retained Earnings (Accumulated Deficit)": {"2020-12-31": "", "2019-12-31": "", "2018-12-31": "", "2017-12-31": "", "2016-12-31": "", "2015-12-31": "", "2014-12-31": "", "2013-12-31": "", "2012-12-31": "", "2011-12-31": "", "2010-12-31": "0.73400", "2009-12-31": "", "2008-12-31": "", "2007-12-31": "", "2006-12-31": "", "2005-12-31": ""}, "Comprehensive Income": {"2020-12-31": "-6.62500", "2019-12-31": "-9.74900", "2018-12-31": "-10.43500", "2017-12-31": "50.02400", "2016-12-31": "5.35500", "2015-12-31": "49.19100", "2014-12-31": "-0.62800", "2013-12-31": "-36.20400", "2012-12-31": "-24.83300", "2011-12-31": "-34.51100", "2010-12-31": "-18.33500", "2009-12-31": "-33.73000", "2008-12-31": "-87.24100", "2007-12-31": "8.09300", "2006-12-31": "24.59500", "2005-12-31": "35.03300"}, "Other Share Holders Equity": {"2020-12-31": "", "2019-12-31": "", "2018-12-31": "", "2017-12-31": "", "2016-12-31": "", "2015-12-31": "", "2014-12-31": "", "2013-12-31": "", "2012-12-31": "", "2011-12-31": "", "2010-12-31": "", "2009-12-31": "", "2008-12-31": "", "2007-12-31": "", "2006-12-31": "", "2005-12-31": ""}, "Share Holder Equity": {"2020-12-31": "13432.44000", "2019-12-31": "10154.18000", "2018-12-31": "7883.92800", "2017-12-31": "6471.66000", "2016-12-31": "5370.97100", "2015-12-31": "4279.74600", "2014-12-31": "3895.24300", "2013-12-31": "3964.49700", "2012-12-31": "3488.49400", "2011-12-31": "3416.85900", "2010-12-31": "2970.40800", "2009-12-31": "2364.63800", "2008-12-31": "1741.10000", "2007-12-31": "1503.82000", "2006-12-31": "1351.65200", "2005-12-31": "829.80000"}, "Total Liabilities And Share Holders Equity": {"2020-12-31": "22827.88000", "2019-12-31": "18390.50000", "2018-12-31": "14464.96000", "2017-12-31": "12103.95000", "2016-12-31": "10354.89000", "2015-12-31": "8881.01700", "2014-12-31": "8136.03600", "2013-12-31": "7529.76400", "2012-12-31": "7150.11600", "2011-12-31": "6574.12900", "2010-12-31": "5905.86100", "2009-12-31": "5457.22700", "2008-12-31": "5132.07700", "2007-12-31": "4642.09400", "2006-12-31": "3617.47700", "2005-12-31": "2362.45000"}}, "balance sheet, quarterly": {"Cash On Hand": {"2020-12-31": "597.70500", "2020-09-30": "485.04300", "2020-06-30": "241.54000", "2020-03-31": "488.37100", "2019-12-31": "242.68900", "2019-09-30": "452.97000", "2019-06-30": "238.22500", "2019-03-31": "315.80500", "2018-12-31": "272.13000", "2018-09-30": "233.88000", "2018-06-30": "321.84100", "2018-03-31": "258.98200", "2017-12-31": "277.18600", "2017-09-30": "146.27500", "2017-06-30": "144.87900", "2017-03-31": "169.52900", "2016-12-31": "141.36600", "2016-09-30": "174.33400", "2016-06-30": "269.13100", "2016-03-31": "161.08200", "2015-12-31": "153.97000", "2015-09-30": "113.37600", "2015-06-30": "112.80800", "2015-03-31": "147.34500", "2014-12-31": "112.89500", "2014-09-30": "91.26800", "2014-06-30": "86.22000", "2014-03-31": "105.42400", "2013-12-31": "85.40500", "2013-09-30": "84.49300", "2013-06-30": "333.11900", "2013-03-31": "117.00900", "2012-12-31": "180.91800", "2012-09-30": "139.76700", "2012-06-30": "122.83400", "2012-03-31": "117.16400", "2011-12-31": "101.87100", "2011-09-30": "100.98500", "2011-06-30": "84.35700", "2011-03-31": "108.70900", "2010-12-31": "119.58600", "2010-09-30": "110.81100", "2010-06-30": "73.25400", "2010-03-31": "70.98000", "2009-12-31": "117.91900", "2009-09-30": "68.28000", "2009-06-30": "70.31300", "2009-03-31": "125.28100", "2008-12-31": "71.16100", "2008-09-30": "15.39100", "2008-06-30": "7.07200", "2008-03-31": "7.65400", "2007-12-31": "8.03000", "2007-09-30": "10.78000", "2007-06-30": "7.01700", "2007-03-31": "9.01200", "2006-12-31": "2.94800", "2006-09-30": "7.82100", "2006-06-30": "3.64700", "2006-03-31": "3.43000", "2005-12-31": "3.91100", "2005-09-30": "4.55100", "2005-06-30": "2.39000", "2005-03-31": "3.77000"}, "Receivables": {"2020-12-31": "7.33300", "2020-09-30": "7.64100", "2020-06-30": "7.20800", "2020-03-31": "14.97600", "2019-12-31": "10.69100", "2019-09-30": "10.66800", "2019-06-30": "9.22800", "2019-03-31": "9.64500", "2018-12-31": "9.79800", "2018-09-30": "11.04100", "2018-06-30": "8.70400", "2018-03-31": "11.25800", "2017-12-31": "10.26200", "2017-09-30": "9.89900", "2017-06-30": "8.39300", "2017-03-31": "9.97900", "2016-12-31": "9.74400", "2016-09-30": "9.63500", "2016-06-30": "9.19600", "2016-03-31": "9.97900", "2015-12-31": "10.48500", "2015-09-30": "10.12400", "2015-06-30": "9.27900", "2015-03-31": "10.62700", "2014-12-31": "10.54800", "2014-09-30": "10.83000", "2014-06-30": "10.65400", "2014-03-31": "10.61900", "2013-12-31": "9.91800", "2013-09-30": "8.67100", "2013-06-30": "7.57700", "2013-03-31": "9.26100", "2012-12-31": "8.44900", "2012-09-30": "10.12400", "2012-06-30": "6.14300", "2012-03-31": "8.83600", "2011-12-31": "7.48000", "2011-09-30": "6.59900", "2011-06-30": "4.48700", "2011-03-31": "7.01800", "2010-12-31": "5.49200", "2010-09-30": "4.92900", "2010-06-30": "3.05900", "2010-03-31": "2.71000", "2009-12-31": "3.90200", "2009-09-30": "3.78900", "2009-06-30": "4.66500", "2009-03-31": "5.99200", "2008-12-31": "6.45300", "2008-09-30": "6.84900", "2008-06-30": "6.44800", "2008-03-31": "8.85300", "2007-12-31": "6.75900", "2007-09-30": "7.00100", "2007-06-30": "6.36000", "2007-03-31": "7.10400", "2006-12-31": "6.33000", "2006-09-30": "5.01200", "2006-06-30": "3.65600", "2006-03-31": "5.83000", "2005-12-31": "4.76400", "2005-09-30": "3.26500", "2005-06-30": "2.19800", "2005-03-31": "3.57900"}, "Inventory": {"2020-12-31": "", "2020-09-30": "", "2020-06-30": "", "2020-03-31": "", "2019-12-31": "", "2019-09-30": "", "2019-06-30": "", "2019-03-31": "", "2018-12-31": "", "2018-09-30": "", "2018-06-30": "", "2018-03-31": "", "2017-12-31": "", "2017-09-30": "", "2017-06-30": "", "2017-03-31": "", "2016-12-31": "", "2016-09-30": "", "2016-06-30": "", "2016-03-31": "", "2015-12-31": "", "2015-09-30": "", "2015-06-30": "", "2015-03-31": "", "2014-12-31": "", "2014-09-30": "", "2014-06-30": "", "2014-03-31": "", "2013-12-31": "", "2013-09-30": "", "2013-06-30": "", "2013-03-31": "", "2012-12-31": "", "2012-09-30": "", "2012-06-30": "", "2012-03-31": "", "2011-12-31": "", "2011-09-30": "", "2011-06-30": "", "2011-03-31": "", "2010-12-31": "", "2010-09-30": "", "2010-06-30": "", "2010-03-31": "", "2009-12-31": "", "2009-09-30": "", "2009-06-30": "", "2009-03-31": "", "2008-12-31": "", "2008-09-30": "", "2008-06-30": "", "2008-03-31": "", "2007-12-31": "", "2007-09-30": "", "2007-06-30": "", "2007-03-31": "", "2006-12-31": "", "2006-09-30": "", "2006-06-30": "", "2006-03-31": "", "2005-12-31": "", "2005-09-30": "", "2005-06-30": "", "2005-03-31": ""}, "Pre-Paid Expenses": {"2020-12-31": "", "2020-09-30": "", "2020-06-30": "", "2020-03-31": "", "2019-12-31": "", "2019-09-30": "", "2019-06-30": "", "2019-03-31": "", "2018-12-31": "", "2018-09-30": "", "2018-06-30": "", "2018-03-31": "", "2017-12-31": "", "2017-09-30": "", "2017-06-30": "", "2017-03-31": "", "2016-12-31": "", "2016-09-30": "", "2016-06-30": "", "2016-03-31": "", "2015-12-31": "", "2015-09-30": "", "2015-06-30": "", "2015-03-31": "", "2014-12-31": "", "2014-09-30": "", "2014-06-30": "", "2014-03-31": "", "2013-12-31": "", "2013-09-30": "", "2013-06-30": "", "2013-03-31": "", "2012-12-31": "", "2012-09-30": "", "2012-06-30": "", "2012-03-31": "", "2011-12-31": "", "2011-09-30": "", "2011-06-30": "", "2011-03-31": "", "2010-12-31": "", "2010-09-30": "", "2010-06-30": "", "2010-03-31": "", "2009-12-31": "", "2009-09-30": "", "2009-06-30": "", "2009-03-31": "", "2008-12-31": "", "2008-09-30": "", "2008-06-30": "", "2008-03-31": "", "2007-12-31": "", "2007-09-30": "", "2007-06-30": "", "2007-03-31": "", "2006-12-31": "", "2006-09-30": "", "2006-06-30": "", "2006-03-31": "", "2005-12-31": "", "2005-09-30": "", "2005-06-30": "", "2005-03-31": ""}, "Other Current Assets": {"2020-12-31": "", "2020-09-30": "", "2020-06-30": "", "2020-03-31": "", "2019-12-31": "", "2019-09-30": "", "2019-06-30": "", "2019-03-31": "", "2018-12-31": "", "2018-09-30": "", "2018-06-30": "", "2018-03-31": "", "2017-12-31": "", "2017-09-30": "", "2017-06-30": "", "2017-03-31": "", "2016-12-31": "", "2016-09-30": "", "2016-06-30": "", "2016-03-31": "", "2015-12-31": "", "2015-09-30": "", "2015-06-30": "", "2015-03-31": "", "2014-12-31": "", "2014-09-30": "", "2014-06-30": "", "2014-03-31": "", "2013-12-31": "", "2013-09-30": "", "2013-06-30": "", "2013-03-31": "", "2012-12-31": "", "2012-09-30": "", "2012-06-30": "", "2012-03-31": "", "2011-12-31": "", "2011-09-30": "", "2011-06-30": "", "2011-03-31": "", "2010-12-31": "", "2010-09-30": "", "2010-06-30": "", "2010-03-31": "", "2009-12-31": "", "2009-09-30": "", "2009-06-30": "", "2009-03-31": "", "2008-12-31": "", "2008-09-30": "", "2008-06-30": "", "2008-03-31": "", "2007-12-31": "", "2007-09-30": "", "2007-06-30": "", "2007-03-31": "", "2006-12-31": "", "2006-09-30": "", "2006-06-30": "", "2006-03-31": "", "2005-12-31": "", "2005-09-30": "", "2005-06-30": "", "2005-03-31": ""}, "Total Current Assets": {"2020-12-31": "605.03800", "2020-09-30": "492.68400", "2020-06-30": "248.74800", "2020-03-31": "503.34700", "2019-12-31": "253.38000", "2019-09-30": "463.63800", "2019-06-30": "247.45300", "2019-03-31": "325.45000", "2018-12-31": "281.92800", "2018-09-30": "244.92100", "2018-06-30": "330.54500", "2018-03-31": "270.24000", "2017-12-31": "287.44800", "2017-09-30": "156.17400", "2017-06-30": "153.27200", "2017-03-31": "179.50800", "2016-12-31": "151.11000", "2016-09-30": "183.96900", "2016-06-30": "278.32700", "2016-03-31": "171.06100", "2015-12-31": "164.45500", "2015-09-30": "123.50000", "2015-06-30": "122.08700", "2015-03-31": "157.97200", "2014-12-31": "123.44300", "2014-09-30": "102.09800", "2014-06-30": "96.87400", "2014-03-31": "116.04300", "2013-12-31": "95.32300", "2013-09-30": "93.16400", "2013-06-30": "340.69600", "2013-03-31": "126.27000", "2012-12-31": "189.36700", "2012-09-30": "149.89100", "2012-06-30": "128.97700", "2012-03-31": "126.00000", "2011-12-31": "109.35100", "2011-09-30": "107.58400", "2011-06-30": "88.84400", "2011-03-31": "115.72700", "2010-12-31": "125.07800", "2010-09-30": "115.74000", "2010-06-30": "76.31300", "2010-03-31": "73.69000", "2009-12-31": "121.82100", "2009-09-30": "72.06900", "2009-06-30": "74.97800", "2009-03-31": "131.27300", "2008-12-31": "77.61400", "2008-09-30": "22.24000", "2008-06-30": "13.52000", "2008-03-31": "16.50700", "2007-12-31": "14.78900", "2007-09-30": "17.78100", "2007-06-30": "13.37700", "2007-03-31": "16.11600", "2006-12-31": "9.27800", "2006-09-30": "12.83300", "2006-06-30": "7.30300", "2006-03-31": "9.26000", "2005-12-31": "8.67500", "2005-09-30": "7.81600", "2005-06-30": "4.58800", "2005-03-31": "7.34900"}, "Property, Plant, And Equipment": {"2020-12-31": "18092.37000", "2020-09-30": "17600.65000", "2020-06-30": "16281.13000", "2020-03-31": "15832.18000", "2019-12-31": "14844.04000", "2019-09-30": "13618.28000", "2019-06-30": "12872.82000", "2019-03-31": "12410.35000", "2018-12-31": "11913.69000", "2018-09-30": "11785.28000", "2018-06-30": "11383.74000", "2018-03-31": "10841.09000", "2017-12-31": "10298.02000", "2017-09-30": "10046.52000", "2017-06-30": "9819.41300", "2017-03-31": "9470.66700", "2016-12-31": "9128.19200", "2016-09-30": "7939.17900", "2016-06-30": "7774.60800", "2016-03-31": "7741.46600", "2015-12-31": "7757.13400", "2015-09-30": "7654.20900", "2015-06-30": "7442.87500", "2015-03-31": "7388.05900", "2014-12-31": "7226.01600", "2014-09-30": "", "2014-06-30": "7030.11700", "2014-03-31": "6930.26200", "2013-12-31": "6776.91400", "2013-09-30": "6613.76100", "2013-06-30": "6453.37900", "2013-03-31": "6375.18200", "2012-12-31": "6424.57800", "2012-09-30": "6300.02700", "2012-06-30": "6208.35400", "2012-03-31": "6113.25200", "2011-12-31": "6008.44000", "2011-09-30": "5925.29200", "2011-06-30": "5855.35200", "2011-03-31": "5498.46500", "2010-12-31": "5444.81400", "2010-09-30": "5273.64900", "2010-06-30": "5155.73700", "2010-03-31": "5020.80200", "2009-12-31": "5039.12800", "2009-09-30": "4971.16500", "2009-06-30": "4890.13000", "2009-03-31": "4791.55800", "2008-12-31": "3215.72300", "2008-09-30": "4564.46000", "2008-06-30": "4436.10400", "2008-03-31": "4326.19300", "2007-12-31": "4290.21700", "2007-09-30": "3952.27100", "2007-06-30": "3507.60900", "2007-03-31": "3394.87200", "2006-12-31": "3322.58200", "2006-09-30": "3009.61400", "2006-06-30": "2310.08800", "2006-03-31": "2256.09900", "2005-12-31": "2118.15600", "2005-09-30": "1975.38100", "2005-06-30": "1882.01800", "2005-03-31": "1803.55800"}, "Long-Term Investments": {"2020-12-31": "", "2020-09-30": "", "2020-06-30": "", "2020-03-31": "", "2019-12-31": "", "2019-09-30": "", "2019-06-30": "", "2019-03-31": "", "2018-12-31": "", "2018-09-30": "", "2018-06-30": "", "2018-03-31": "", "2017-12-31": "", "2017-09-30": "", "2017-06-30": "", "2017-03-31": "", "2016-12-31": "", "2016-09-30": "", "2016-06-30": "", "2016-03-31": "", "2015-12-31": "", "2015-09-30": "", "2015-06-30": "", "2015-03-31": "", "2014-12-31": "", "2014-09-30": "", "2014-06-30": "", "2014-03-31": "", "2013-12-31": "", "2013-09-30": "", "2013-06-30": "", "2013-03-31": "", "2012-12-31": "", "2012-09-30": "", "2012-06-30": "", "2012-03-31": "", "2011-12-31": "", "2011-09-30": "", "2011-06-30": "", "2011-03-31": "", "2010-12-31": "", "2010-09-30": "", "2010-06-30": "", "2010-03-31": "", "2009-12-31": "", "2009-09-30": "", "2009-06-30": "", "2009-03-31": "", "2008-12-31": "", "2008-09-30": "", "2008-06-30": "", "2008-03-31": "", "2007-12-31": "", "2007-09-30": "", "2007-06-30": "", "2007-03-31": "", "2006-12-31": "", "2006-09-30": "", "2006-06-30": "", "2006-03-31": "", "2005-12-31": "", "2005-09-30": "", "2005-06-30": "", "2005-03-31": ""}, "Goodwill And Intangible Assets": {"2020-12-31": "", "2020-09-30": "", "2020-06-30": "", "2020-03-31": "", "2019-12-31": "", "2019-09-30": "", "2019-06-30": "", "2019-03-31": "", "2018-12-31": "", "2018-09-30": "", "2018-06-30": "", "2018-03-31": "", "2017-12-31": "", "2017-09-30": "", "2017-06-30": "", "2017-03-31": "", "2016-12-31": "", "2016-09-30": "", "2016-06-30": "", "2016-03-31": "", "2015-12-31": "", "2015-09-30": "", "2015-06-30": "", "2015-03-31": "", "2014-12-31": "", "2014-09-30": "", "2014-06-30": "", "2014-03-31": "", "2013-12-31": "", "2013-09-30": "", "2013-06-30": "", "2013-03-31": "", "2012-12-31": "", "2012-09-30": "", "2012-06-30": "", "2012-03-31": "", "2011-12-31": "", "2011-09-30": "", "2011-06-30": "", "2011-03-31": "", "2010-12-31": "", "2010-09-30": "", "2010-06-30": "", "2010-03-31": "", "2009-12-31": "", "2009-09-30": "", "2009-06-30": "", "2009-03-31": "", "2008-12-31": "", "2008-09-30": "", "2008-06-30": "", "2008-03-31": "", "2007-12-31": "", "2007-09-30": "", "2007-06-30": "", "2007-03-31": "", "2006-12-31": "", "2006-09-30": "", "2006-06-30": "", "2006-03-31": "", "2005-12-31": "", "2005-09-30": "", "2005-06-30": "", "2005-03-31": ""}, "Other Long-Term Assets": {"2020-12-31": "3135.04400", "2020-09-30": "2831.34700", "2020-06-30": "2576.00300", "2020-03-31": "2433.02200", "2019-12-31": "2381.19800", "2019-09-30": "2107.64700", "2019-06-30": "2086.64300", "2019-03-31": "1945.03500", "2018-12-31": "1500.02800", "2018-09-30": "1325.38800", "2018-06-30": "1124.51000", "2018-03-31": "1015.94900", "2017-12-31": "862.32500", "2017-09-30": "732.01000", "2017-06-30": "688.01200", "2017-03-31": "651.49000", "2016-12-31": "543.67400", "2016-09-30": "660.70200", "2016-06-30": "596.89700", "2016-03-31": "573.44300", "2015-12-31": "486.77700", "2015-09-30": "469.33800", "2015-06-30": "491.79300", "2015-03-31": "416.15500", "2014-12-31": "350.65500", "2014-09-30": "7492.87500", "2014-06-30": "280.24400", "2014-03-31": "315.02900", "2013-12-31": "274.44400", "2013-09-30": "288.73000", "2013-06-30": "243.34500", "2013-03-31": "259.49500", "2012-12-31": "205.72700", "2012-09-30": "202.16400", "2012-06-30": "197.75800", "2012-03-31": "184.57000", "2011-12-31": "178.69100", "2011-09-30": "289.72600", "2011-06-30": "273.22100", "2011-03-31": "246.06000", "2010-12-31": "130.07400", "2010-09-30": "250.93300", "2010-06-30": "230.68700", "2010-03-31": "274.79400", "2009-12-31": "199.57800", "2009-09-30": "258.08100", "2009-06-30": "233.84800", "2009-03-31": "226.38000", "2008-12-31": "1753.00700", "2008-09-30": "259.34300", "2008-06-30": "266.76200", "2008-03-31": "258.19300", "2007-12-31": "255.59200", "2007-09-30": "259.72300", "2007-06-30": "252.40700", "2007-03-31": "239.58500", "2006-12-31": "217.20500", "2006-09-30": "220.57500", "2006-06-30": "200.90600", "2006-03-31": "188.61500", "2005-12-31": "181.04600", "2005-09-30": "165.27300", "2005-06-30": "159.54300", "2005-03-31": "147.00600"}, "Total Long-Term Assets": {"2020-12-31": "22222.84000", "2020-09-30": "21417.99000", "2020-06-30": "19820.36000", "2020-03-31": "19198.59000", "2019-12-31": "18137.12000", "2019-09-30": "16594.52000", "2019-06-30": "15792.02000", "2019-03-31": "15154.76000", "2018-12-31": "14183.03000", "2018-09-30": "13860.64000", "2018-06-30": "13231.64000", "2018-03-31": "12550.96000", "2017-12-31": "11816.50000", "2017-09-30": "11389.15000", "2017-06-30": "11092.39000", "2017-03-31": "10689.12000", "2016-12-31": "10203.78000", "2016-09-30": "9109.93300", "2016-06-30": "8866.50200", "2016-03-31": "8800.47100", "2015-12-31": "8716.56300", "2015-09-30": "8613.84400", "2015-06-30": "8402.80500", "2015-03-31": "8247.24900", "2014-12-31": "8012.59300", "2014-09-30": "7918.21600", "2014-06-30": "7718.77500", "2014-03-31": "7639.99600", "2013-12-31": "7434.44100", "2013-09-30": "7265.20500", "2013-06-30": "7038.59300", "2013-03-31": "6964.64900", "2012-12-31": "6960.74900", "2012-09-30": "6815.12600", "2012-06-30": "6712.76200", "2012-03-31": "6592.09100", "2011-12-31": "6464.77800", "2011-09-30": "6347.97200", "2011-06-30": "6254.44000", "2011-03-31": "5867.61600", "2010-12-31": "5780.78300", "2010-09-30": "5632.88500", "2010-06-30": "5488.84600", "2010-03-31": "5394.84400", "2009-12-31": "5335.40600", "2009-09-30": "5321.26800", "2009-06-30": "5211.67500", "2009-03-31": "5103.90800", "2008-12-31": "5054.46300", "2008-09-30": "4910.90000", "2008-06-30": "4790.08800", "2008-03-31": "4668.53800", "2007-12-31": "4627.30500", "2007-09-30": "4289.22200", "2007-06-30": "3833.50900", "2007-03-31": "3705.61500", "2006-12-31": "3608.19900", "2006-09-30": "3293.00900", "2006-06-30": "2569.33600", "2006-03-31": "2501.86500", "2005-12-31": "2353.77500", "2005-09-30": "2188.98300", "2005-06-30": "2087.10800", "2005-03-31": "1996.86200"}, "Total Assets": {"2020-12-31": "22827.88000", "2020-09-30": "21910.67000", "2020-06-30": "20069.11000", "2020-03-31": "19701.94000", "2019-12-31": "18390.50000", "2019-09-30": "17058.15000", "2019-06-30": "16039.47000", "2019-03-31": "15480.21000", "2018-12-31": "14464.96000", "2018-09-30": "14105.57000", "2018-06-30": "13562.19000", "2018-03-31": "12821.20000", "2017-12-31": "12103.95000", "2017-09-30": "11545.32000", "2017-06-30": "11245.67000", "2017-03-31": "10868.63000", "2016-12-31": "10354.89000", "2016-09-30": "9293.90100", "2016-06-30": "9144.83000", "2016-03-31": "8971.53200", "2015-12-31": "8881.01700", "2015-09-30": "8737.34400", "2015-06-30": "8524.89100", "2015-03-31": "8405.22100", "2014-12-31": "8136.03600", "2014-09-30": "8020.31400", "2014-06-30": "7815.64900", "2014-03-31": "7756.03900", "2013-12-31": "7529.76400", "2013-09-30": "7358.36900", "2013-06-30": "7379.28900", "2013-03-31": "7090.91900", "2012-12-31": "7150.11600", "2012-09-30": "6965.01700", "2012-06-30": "6841.73900", "2012-03-31": "6718.09100", "2011-12-31": "6574.12900", "2011-09-30": "6455.55600", "2011-06-30": "6343.28400", "2011-03-31": "5983.34300", "2010-12-31": "5905.86100", "2010-09-30": "5748.62500", "2010-06-30": "5565.15900", "2010-03-31": "5468.53400", "2009-12-31": "5457.22700", "2009-09-30": "5393.33700", "2009-06-30": "5286.65300", "2009-03-31": "5235.18100", "2008-12-31": "5132.07700", "2008-09-30": "4933.14000", "2008-06-30": "4803.60800", "2008-03-31": "4685.04500", "2007-12-31": "4642.09400", "2007-09-30": "4307.00300", "2007-06-30": "3846.88600", "2007-03-31": "3721.73100", "2006-12-31": "3617.47700", "2006-09-30": "3305.84200", "2006-06-30": "2576.63900", "2006-03-31": "2511.12500", "2005-12-31": "2362.45000", "2005-09-30": "2196.79900", "2005-06-30": "2091.69600", "2005-03-31": "2004.21100"}, "Total Current Liabilities": {"2020-12-31": "1669.83200", "2020-09-30": "1609.34000", "2020-06-30": "1343.18100", "2020-03-31": "1352.55400", "2019-12-31": "1320.26800", "2019-09-30": "1241.27600", "2019-06-30": "1157.41700", "2019-03-31": "1171.37700", "2018-12-31": "981.70700", "2018-09-30": "907.09400", "2018-06-30": "849.27400", "2018-03-31": "783.98600", "2017-12-31": "763.83200", "2017-09-30": "740.07000", "2017-06-30": "734.18900", "2017-03-31": "782.63700", "2016-12-31": "731.67100", "2016-09-30": "605.18100", "2016-06-30": "593.62800", "2016-03-31": "628.46700", "2015-12-31": "589.35600", "2015-09-30": "586.59400", "2015-06-30": "531.61200", "2015-03-31": "645.61900", "2014-12-31": "489.08500", "2014-09-30": "504.53500", "2014-06-30": "434.52800", "2014-03-31": "443.89300", "2013-12-31": "435.34200", "2013-09-30": "452.13900", "2013-06-30": "368.24900", "2013-03-31": "367.15300", "2012-12-31": "423.70800", "2012-09-30": "376.78500", "2012-06-30": "348.03700", "2012-03-31": "323.00200", "2011-12-31": "325.39300", "2011-09-30": "330.04400", "2011-06-30": "300.03000", "2011-03-31": "283.01300", "2010-12-31": "304.25700", "2010-09-30": "294.83300", "2010-06-30": "300.03500", "2010-03-31": "284.83000", "2009-12-31": "282.51600", "2009-09-30": "325.72000", "2009-06-30": "312.31300", "2009-03-31": "331.71500", "2008-12-31": "386.80100", "2008-09-30": "280.82200", "2008-06-30": "251.65200", "2008-03-31": "264.85000", "2007-12-31": "247.28900", "2007-09-30": "227.14000", "2007-06-30": "176.99300", "2007-03-31": "170.59300", "2006-12-31": "158.11900", "2006-09-30": "149.27800", "2006-06-30": "91.82600", "2006-03-31": "93.87300", "2005-12-31": "86.39100", "2005-09-30": "65.45400", "2005-06-30": "55.68000", "2005-03-31": "57.09100"}, "Long Term Debt": {"2020-12-31": "7563.28600", "2020-09-30": "7823.17100", "2020-06-30": "7523.27000", "2020-03-31": "7305.13500", "2019-12-31": "6777.47900", "2019-09-30": "6737.68300", "2019-06-30": "6356.20500", "2019-03-31": "5843.50300", "2018-12-31": "5478.25500", "2018-09-30": "5684.00400", "2018-06-30": "5614.10500", "2018-03-31": "5210.79800", "2017-12-31": "4764.80700", "2017-09-30": "4817.04000", "2017-06-30": "4775.38500", "2017-03-31": "4430.68600", "2016-12-31": "4164.02500", "2016-09-30": "4329.09400", "2016-06-30": "4116.53700", "2016-03-31": "4091.49900", "2015-12-31": "3935.69200", "2015-09-30": "4314.23200", "2015-06-30": "4092.96600", "2015-03-31": "3903.92600", "2014-12-31": "3678.57900", "2014-09-30": "3501.11500", "2014-06-30": "3334.86100", "2014-03-31": "3251.78100", "2013-12-31": "3061.06100", "2013-09-30": "2870.84300", "2013-06-30": "2959.42400", "2013-03-31": "3184.53000", "2012-12-31": "3181.94900", "2012-09-30": "3032.14400", "2012-06-30": "2998.76000", "2012-03-31": "2789.48700", "2011-12-31": "2779.26400", "2011-09-30": "2659.36600", "2011-06-30": "2553.32900", "2011-03-31": "2669.46600", "2010-12-31": "2584.16200", "2010-09-30": "2519.46300", "2010-06-30": "2684.41100", "2010-03-31": "2762.81400", "2009-12-31": "2746.94600", "2009-09-30": "2666.09600", "2009-06-30": "2826.58400", "2009-03-31": "2829.12000", "2008-12-31": "2938.10800", "2008-09-30": "2804.55100", "2008-06-30": "2693.33300", "2008-03-31": "2625.85200", "2007-12-31": "2787.90400", "2007-09-30": "2502.83200", "2007-06-30": "2274.26900", "2007-03-31": "2176.59400", "2006-12-31": "2024.86600", "2006-09-30": "1721.34800", "2006-06-30": "1305.10300", "2006-03-31": "1544.43000", "2005-12-31": "1406.66600", "2005-09-30": "1271.69800", "2005-06-30": "1301.93400", "2005-03-31": "1217.91700"}, "Other Non-Current Liabilities": {"2020-12-31": "150.98200", "2020-09-30": "143.04000", "2020-06-30": "133.68100", "2020-03-31": "129.98100", "2019-12-31": "126.27800", "2019-09-30": "115.57500", "2019-06-30": "114.37900", "2019-03-31": "110.41200", "2018-12-31": "110.28000", "2018-09-30": "101.08400", "2018-06-30": "98.67600", "2018-03-31": "93.06500", "2017-12-31": "92.14500", "2017-09-30": "83.40200", "2017-06-30": "81.60200", "2017-03-31": "78.97600", "2016-12-31": "76.91400", "2016-09-30": "66.70500", "2016-06-30": "67.18800", "2016-03-31": "64.27500", "2015-12-31": "62.00500", "2015-09-30": "61.34000", "2015-06-30": "61.19400", "2015-03-31": "58.82400", "2014-12-31": "58.81400", "2014-09-30": "57.54900", "2014-06-30": "57.37700", "2014-03-31": "55.86000", "2013-12-31": "54.42000", "2013-09-30": "54.41300", "2013-06-30": "52.14100", "2013-03-31": "43.95500", "2012-12-31": "41.40100", "2012-09-30": "39.46800", "2012-06-30": "38.35700", "2012-03-31": "36.96200", "2011-12-31": "36.57900", "2011-09-30": "35.28700", "2011-06-30": "34.06800", "2011-03-31": "31.17200", "2010-12-31": "31.11400", "2010-09-30": "25.55400", "2010-06-30": "23.68300", "2010-03-31": "21.70900", "2009-12-31": "21.68600", "2009-09-30": "21.66500", "2009-06-30": "20.00500", "2009-03-31": "37.70100", "2008-12-31": "32.10500", "2008-09-30": "31.93900", "2008-06-30": "32.87700", "2008-03-31": "27.77200", "2007-12-31": "27.57500", "2007-09-30": "26.60400", "2007-06-30": "25.00500", "2007-03-31": "24.41300", "2006-12-31": "25.36300", "2006-09-30": "24.69200", "2006-06-30": "22.29700", "2006-03-31": "19.63400", "2005-12-31": "19.47800", "2005-09-30": "18.89200", "2005-06-30": "17.77100", "2005-03-31": "17.26200"}, "Total Long Term Liabilities": {"2020-12-31": "7725.61000", "2020-09-30": "7977.44300", "2020-06-30": "7669.07300", "2020-03-31": "7447.12900", "2019-12-31": "6916.05700", "2019-09-30": "6865.35700", "2019-06-30": "6481.57800", "2019-03-31": "5964.80400", "2018-12-31": "5599.32100", "2018-09-30": "5795.85900", "2018-06-30": "5723.64200", "2018-03-31": "5314.07500", "2017-12-31": "4868.46000", "2017-09-30": "4911.86000", "2017-06-30": "4868.39700", "2017-03-31": "4650.98200", "2016-12-31": "4252.24600", "2016-09-30": "4404.81100", "2016-06-30": "4192.94300", "2016-03-31": "4169.99200", "2015-12-31": "4011.91500", "2015-09-30": "4389.79000", "2015-06-30": "4168.40800", "2015-03-31": "3977.03200", "2014-12-31": "3751.70800", "2014-09-30": "3573.01200", "2014-06-30": "3406.61900", "2014-03-31": "3322.05400", "2013-12-31": "3129.92500", "2013-09-30": "2939.73100", "2013-06-30": "3026.07000", "2013-03-31": "3243.01900", "2012-12-31": "3237.91400", "2012-09-30": "3087.22200", "2012-06-30": "3052.93400", "2012-03-31": "2971.90600", "2011-12-31": "2831.87700", "2011-09-30": "2710.58400", "2011-06-30": "2603.29600", "2011-03-31": "2716.55300", "2010-12-31": "2631.19600", "2010-09-30": "2560.96200", "2010-06-30": "2725.10800", "2010-03-31": "2802.01300", "2009-12-31": "2810.07300", "2009-09-30": "2728.99300", "2009-06-30": "2887.60100", "2009-03-31": "2899.70800", "2008-12-31": "3004.17600", "2008-09-30": "2911.61000", "2008-06-30": "2800.99800", "2008-03-31": "2728.48100", "2007-12-31": "2890.98500", "2007-09-30": "2589.15500", "2007-06-30": "2357.70300", "2007-03-31": "2259.47700", "2006-12-31": "2107.70600", "2006-09-30": "1803.42900", "2006-06-30": "1347.57600", "2006-03-31": "1584.26200", "2005-12-31": "1446.25900", "2005-09-30": "1310.72200", "2005-06-30": "1319.70500", "2005-03-31": "1235.17900"}, "Total Liabilities": {"2020-12-31": "9395.44200", "2020-09-30": "9586.78300", "2020-06-30": "9012.25400", "2020-03-31": "8799.69000", "2019-12-31": "8236.32500", "2019-09-30": "8106.63300", "2019-06-30": "7638.99500", "2019-03-31": "7136.18100", "2018-12-31": "6581.02800", "2018-09-30": "6702.95300", "2018-06-30": "6572.91600", "2018-03-31": "6098.06100", "2017-12-31": "5632.29300", "2017-09-30": "5651.92700", "2017-06-30": "5602.58600", "2017-03-31": "5433.61900", "2016-12-31": "4983.91700", "2016-09-30": "5009.99200", "2016-06-30": "4786.57100", "2016-03-31": "4798.45900", "2015-12-31": "4601.26600", "2015-09-30": "4976.38400", "2015-06-30": "4700.02000", "2015-03-31": "4622.65100", "2014-12-31": "4240.79300", "2014-09-30": "4077.54700", "2014-06-30": "3841.14700", "2014-03-31": "3765.94700", "2013-12-31": "3565.26700", "2013-09-30": "3391.87000", "2013-06-30": "3394.31900", "2013-03-31": "3610.17200", "2012-12-31": "3661.62200", "2012-09-30": "3464.00700", "2012-06-30": "3400.97100", "2012-03-31": "3294.90800", "2011-12-31": "3157.27000", "2011-09-30": "3040.62800", "2011-06-30": "2903.32600", "2011-03-31": "2999.56600", "2010-12-31": "2935.45300", "2010-09-30": "2855.79500", "2010-06-30": "3025.14300", "2010-03-31": "3086.84300", "2009-12-31": "3092.58900", "2009-09-30": "3054.71300", "2009-06-30": "3199.91400", "2009-03-31": "3231.42300", "2008-12-31": "3390.97700", "2008-09-30": "3192.43200", "2008-06-30": "3052.65000", "2008-03-31": "2993.33100", "2007-12-31": "3138.27400", "2007-09-30": "2816.29500", "2007-06-30": "2534.69600", "2007-03-31": "2430.07000", "2006-12-31": "2265.82500", "2006-09-30": "1952.70700", "2006-06-30": "1439.40200", "2006-03-31": "1678.13500", "2005-12-31": "1532.65000", "2005-09-30": "1376.17600", "2005-06-30": "1375.38500", "2005-03-31": "1292.27000"}, "Common Stock Net": {"2020-12-31": "1.36700", "2020-09-30": "1.33300", "2020-06-30": "1.24600", "2020-03-31": "1.24300", "2019-12-31": "1.20800", "2019-09-30": "1.13200", "2019-06-30": "1.12000", "2019-03-31": "1.11200", "2018-12-31": "1.11000", "2018-09-30": "1.05800", "2018-06-30": "1.03300", "2018-03-31": "1.00700", "2017-12-31": "0.99800", "2017-09-30": "0.94300", "2017-06-30": "0.92100", "2017-03-31": "0.89900", "2016-12-31": "0.87700", "2016-09-30": "0.76800", "2016-06-30": "0.76600", "2016-03-31": "0.72900", "2015-12-31": "0.72500", "2015-09-30": "0.71800", "2015-06-30": "0.71700", "2015-03-31": "0.71600", "2014-12-31": "0.71500", "2014-09-30": "0.71400", "2014-06-30": "0.71300", "2014-03-31": "0.71200", "2013-12-31": "0.71200", "2013-09-30": "0.71100", "2013-06-30": "0.71000", "2013-03-31": "0.63300", "2012-12-31": "0.63200", "2012-09-30": "0.63200", "2012-06-30": "0.62200", "2012-03-31": "0.61600", "2011-12-31": "0.61600", "2011-09-30": "0.61400", "2011-06-30": "0.61400", "2011-03-31": "0.55100", "2010-12-31": "0.55000", "2010-09-30": "0.54900", "2010-06-30": "0.49600", "2010-03-31": "0.43900", "2009-12-31": "0.43800", "2009-09-30": "0.43700", "2009-06-30": "0.39000", "2009-03-31": "0.39000", "2008-12-31": "0.31900", "2008-09-30": "0.31800", "2008-06-30": "0.31800", "2008-03-31": "0.31700", "2007-12-31": "0.31600", "2007-09-30": "0.31200", "2007-06-30": "0.29200", "2007-03-31": "0.29100", "2006-12-31": "0.29000", "2006-09-30": "0.29000", "2006-06-30": "0.26400", "2006-03-31": "0.22600", "2005-12-31": "0.22400", "2005-09-30": "0.22400", "2005-06-30": "0.21200", "2005-03-31": "0.21100"}, "Retained Earnings (Accumulated Deficit)": {"2020-12-31": "", "2020-09-30": "", "2020-06-30": "", "2020-03-31": "", "2019-12-31": "", "2019-09-30": "", "2019-06-30": "", "2019-03-31": "", "2018-12-31": "", "2018-09-30": "", "2018-06-30": "", "2018-03-31": "", "2017-12-31": "", "2017-09-30": "", "2017-06-30": "", "2017-03-31": "", "2016-12-31": "", "2016-09-30": "", "2016-06-30": "", "2016-03-31": "", "2015-12-31": "", "2015-09-30": "", "2015-06-30": "", "2015-03-31": "", "2014-12-31": "", "2014-09-30": "", "2014-06-30": "", "2014-03-31": "", "2013-12-31": "", "2013-09-30": "", "2013-06-30": "", "2013-03-31": "", "2012-12-31": "", "2012-09-30": "", "2012-06-30": "", "2012-03-31": "", "2011-12-31": "", "2011-09-30": "", "2011-06-30": "", "2011-03-31": "0.36000", "2010-12-31": "0.73400", "2010-09-30": "", "2010-06-30": "", "2010-03-31": "", "2009-12-31": "", "2009-09-30": "", "2009-06-30": "", "2009-03-31": "", "2008-12-31": "", "2008-09-30": "", "2008-06-30": "", "2008-03-31": "", "2007-12-31": "", "2007-09-30": "", "2007-06-30": "", "2007-03-31": "", "2006-12-31": "", "2006-09-30": "", "2006-06-30": "", "2006-03-31": "", "2005-12-31": "", "2005-09-30": "", "2005-06-30": "0.09300", "2005-03-31": "2.32200"}, "Comprehensive Income": {"2020-12-31": "-6.62500", "2020-09-30": "-10.63800", "2020-06-30": "-13.08000", "2020-03-31": "-15.60600", "2019-12-31": "-9.74900", "2019-09-30": "-11.54900", "2019-06-30": "-11.13400", "2019-03-31": "-10.71200", "2018-12-31": "-10.43500", "2018-09-30": "-3.81100", "2018-06-30": "-2.48500", "2018-03-31": "1.22800", "2017-12-31": "50.02400", "2017-09-30": "43.86400", "2017-06-30": "22.67700", "2017-03-31": "21.46000", "2016-12-31": "5.35500", "2016-09-30": "-31.74500", "2016-06-30": "8.27200", "2016-03-31": "-8.53300", "2015-12-31": "49.19100", "2015-09-30": "35.23800", "2015-06-30": "83.98000", "2015-03-31": "29.21300", "2014-12-31": "-0.62800", "2014-09-30": "-28.71100", "2014-06-30": "-16.24500", "2014-03-31": "-18.42900", "2013-12-31": "-36.20400", "2013-09-30": "-40.02600", "2013-06-30": "-39.56500", "2013-03-31": "-22.89000", "2012-12-31": "-24.83300", "2012-09-30": "-19.72900", "2012-06-30": "-37.37000", "2012-03-31": "-23.08800", "2011-12-31": "-34.51100", "2011-09-30": "-32.20200", "2011-06-30": "-6.27200", "2011-03-31": "-7.19300", "2010-12-31": "-18.33500", "2010-09-30": "-33.34800", "2010-06-30": "-40.37700", "2010-03-31": "-26.99000", "2009-12-31": "-33.73000", "2009-09-30": "-44.16200", "2009-06-30": "-53.01300", "2009-03-31": "-79.86800", "2008-12-31": "-87.24100", "2008-09-30": "-16.52800", "2008-06-30": "-4.63100", "2008-03-31": "-32.69200", "2007-12-31": "8.09300", "2007-09-30": "26.34100", "2007-06-30": "36.15900", "2007-03-31": "19.29500", "2006-12-31": "24.59500", "2006-09-30": "25.61900", "2006-06-30": "40.09600", "2006-03-31": "36.50600", "2005-12-31": "35.03300", "2005-09-30": "28.90400", "2005-06-30": "20.62700", "2005-03-31": "17.03600"}, "Other Share Holders Equity": {"2020-12-31": "", "2020-09-30": "", "2020-06-30": "", "2020-03-31": "", "2019-12-31": "", "2019-09-30": "", "2019-06-30": "", "2019-03-31": "", "2018-12-31": "", "2018-09-30": "", "2018-06-30": "", "2018-03-31": "", "2017-12-31": "", "2017-09-30": "", "2017-06-30": "", "2017-03-31": "", "2016-12-31": "", "2016-09-30": "", "2016-06-30": "", "2016-03-31": "", "2015-12-31": "", "2015-09-30": "", "2015-06-30": "", "2015-03-31": "", "2014-12-31": "", "2014-09-30": "", "2014-06-30": "", "2014-03-31": "", "2013-12-31": "", "2013-09-30": "", "2013-06-30": "", "2013-03-31": "", "2012-12-31": "", "2012-09-30": "", "2012-06-30": "", "2012-03-31": "", "2011-12-31": "", "2011-09-30": "", "2011-06-30": "", "2011-03-31": "", "2010-12-31": "", "2010-09-30": "", "2010-06-30": "", "2010-03-31": "", "2009-12-31": "", "2009-09-30": "", "2009-06-30": "", "2009-03-31": "", "2008-12-31": "", "2008-09-30": "", "2008-06-30": "", "2008-03-31": "", "2007-12-31": "", "2007-09-30": "", "2007-06-30": "", "2007-03-31": "", "2006-12-31": "", "2006-09-30": "", "2006-06-30": "", "2006-03-31": "", "2005-12-31": "", "2005-09-30": "", "2005-06-30": "", "2005-03-31": ""}, "Share Holder Equity": {"2020-12-31": "13432.44000", "2020-09-30": "12323.89000", "2020-06-30": "11056.85000", "2020-03-31": "10902.25000", "2019-12-31": "10154.18000", "2019-09-30": "8951.52100", "2019-06-30": "8400.47500", "2019-03-31": "8344.02500", "2018-12-31": "7883.92800", "2018-09-30": "7402.61300", "2018-06-30": "6989.27400", "2018-03-31": "6723.13500", "2017-12-31": "6471.66000", "2017-09-30": "5893.39300", "2017-06-30": "5643.08100", "2017-03-31": "5435.00700", "2016-12-31": "5370.97100", "2016-09-30": "4283.90900", "2016-06-30": "4358.25900", "2016-03-31": "4173.07300", "2015-12-31": "4279.74600", "2015-09-30": "3760.96000", "2015-06-30": "3824.87100", "2015-03-31": "3782.57000", "2014-12-31": "3895.24300", "2014-09-30": "3942.76700", "2014-06-30": "3974.50200", "2014-03-31": "3990.09200", "2013-12-31": "3964.49700", "2013-09-30": "3966.49900", "2013-06-30": "3984.97000", "2013-03-31": "3480.74700", "2012-12-31": "3488.49400", "2012-09-30": "3501.01000", "2012-06-30": "3440.76800", "2012-03-31": "3423.18300", "2011-12-31": "3416.85900", "2011-09-30": "3414.92800", "2011-06-30": "3439.95800", "2011-03-31": "2983.77700", "2010-12-31": "2970.40800", "2010-09-30": "2892.83000", "2010-06-30": "2540.01600", "2010-03-31": "2381.69100", "2009-12-31": "2364.63800", "2009-09-30": "2338.62400", "2009-06-30": "2086.73900", "2009-03-31": "2003.75800", "2008-12-31": "1741.10000", "2008-09-30": "1740.70800", "2008-06-30": "1750.95800", "2008-03-31": "1691.71400", "2007-12-31": "1503.82000", "2007-09-30": "1490.70800", "2007-06-30": "1312.19000", "2007-03-31": "1291.66100", "2006-12-31": "1351.65200", "2006-09-30": "1353.13500", "2006-06-30": "1137.23700", "2006-03-31": "832.99000", "2005-12-31": "829.80000", "2005-09-30": "820.62300", "2005-06-30": "716.31100", "2005-03-31": "711.94100"}, "Total Liabilities And Share Holders Equity": {"2020-12-31": "22827.88000", "2020-09-30": "21910.67000", "2020-06-30": "20069.11000", "2020-03-31": "19701.94000", "2019-12-31": "18390.50000", "2019-09-30": "17058.15000", "2019-06-30": "16039.47000", "2019-03-31": "15480.21000", "2018-12-31": "14464.96000", "2018-09-30": "14105.57000", "2018-06-30": "13562.19000", "2018-03-31": "12821.20000", "2017-12-31": "12103.95000", "2017-09-30": "11545.32000", "2017-06-30": "11245.67000", "2017-03-31": "10868.63000", "2016-12-31": "10354.89000", "2016-09-30": "9293.90100", "2016-06-30": "9144.83000", "2016-03-31": "8971.53200", "2015-12-31": "8881.01700", "2015-09-30": "8737.34400", "2015-06-30": "8524.89100", "2015-03-31": "8405.22100", "2014-12-31": "8136.03600", "2014-09-30": "8020.31400", "2014-06-30": "7815.64900", "2014-03-31": "7756.03900", "2013-12-31": "7529.76400", "2013-09-30": "7358.36900", "2013-06-30": "7379.28900", "2013-03-31": "7090.91900", "2012-12-31": "7150.11600", "2012-09-30": "6965.01700", "2012-06-30": "6841.73900", "2012-03-31": "6718.09100", "2011-12-31": "6574.12900", "2011-09-30": "6455.55600", "2011-06-30": "6343.28400", "2011-03-31": "5983.34300", "2010-12-31": "5905.86100", "2010-09-30": "5748.62500", "2010-06-30": "5565.15900", "2010-03-31": "5468.53400", "2009-12-31": "5457.22700", "2009-09-30": "5393.33700", "2009-06-30": "5286.65300", "2009-03-31": "5235.18100", "2008-12-31": "5132.07700", "2008-09-30": "4933.14000", "2008-06-30": "4803.60800", "2008-03-31": "4685.04500", "2007-12-31": "4642.09400", "2007-09-30": "4307.00300", "2007-06-30": "3846.88600", "2007-03-31": "3721.73100", "2006-12-31": "3617.47700", "2006-09-30": "3305.84200", "2006-06-30": "2576.63900", "2006-03-31": "2511.12500", "2005-12-31": "2362.45000", "2005-09-30": "2196.79900", "2005-06-30": "2091.69600", "2005-03-31": "2004.21100"}}, "cash flow statement": {"Net Income/Loss": {"2020-12-31": "827.17100", "2019-12-31": "404.04700", "2018-12-31": "402.79300", "2017-12-31": "194.20400", "2016-12-31": "-49.79900", "2015-12-31": "146.11400", "2014-12-31": "106.77800", "2013-12-31": "140.24900", "2012-12-31": "105.52800", "2011-12-31": "135.39300", "2010-12-31": "139.02200", "2009-12-31": "141.64800", "2008-12-31": "120.09700", "2007-12-31": "89.98000", "2006-12-31": "73.41600", "2005-12-31": "63.43300"}, "Total Depreciation And Amortization - Cash Flow": {"2020-12-31": "647.79900", "2019-12-31": "520.12700", "2018-12-31": "463.58800", "2017-12-31": "406.36500", "2016-12-31": "319.03900", "2015-12-31": "265.80200", "2014-12-31": "232.27700", "2013-12-31": "197.92700", "2012-12-31": "199.14800", "2011-12-31": "161.81300", "2010-12-31": "136.66300", "2009-12-31": "127.80600", "2008-12-31": "113.98100", "2007-12-31": "102.70600", "2006-12-31": "69.18300", "2005-12-31": "54.61400"}, "Other Non-Cash Items": {"2020-12-31": "-522.07800", "2019-12-31": "-203.15200", "2018-12-31": "-240.44900", "2017-12-31": "-93.89700", "2016-12-31": "165.90300", "2015-12-31": "-38.67800", "2014-12-31": "10.89800", "2013-12-31": "-20.66400", "2012-12-31": "-14.43000", "2011-12-31": "-10.66000", "2010-12-31": "-28.36100", "2009-12-31": "-16.34800", "2008-12-31": "-9.10100", "2007-12-31": "-24.25500", "2006-12-31": "-13.83800", "2005-12-31": "-7.21000"}, "Total Non-Cash Items": {"2020-12-31": "125.72100", "2019-12-31": "316.97510", "2018-12-31": "223.13910", "2017-12-31": "312.46800", "2016-12-31": "484.94200", "2015-12-31": "227.12400", "2014-12-31": "243.17500", "2013-12-31": "177.26300", "2012-12-31": "184.71800", "2011-12-31": "151.15300", "2010-12-31": "108.30200", "2009-12-31": "111.45800", "2008-12-31": "104.88000", "2007-12-31": "78.45100", "2006-12-31": "55.34500", "2005-12-31": "47.40400"}, "Change In Accounts Receivable": {"2020-12-31": "2.80400", "2019-12-31": "-0.89700", "2018-12-31": "0.43500", "2017-12-31": "-0.50200", "2016-12-31": "-0.28500", "2015-12-31": "0.00700", "2014-12-31": "-0.67300", "2013-12-31": "-1.51900", "2012-12-31": "-0.98100", "2011-12-31": "-2.35900", "2010-12-31": "-1.30100", "2009-12-31": "2.55100", "2008-12-31": "0.30600", "2007-12-31": "-0.43200", "2006-12-31": "-1.56600", "2005-12-31": "-2.21400"}, "Change In Inventories": {"2020-12-31": "", "2019-12-31": "", "2018-12-31": "", "2017-12-31": "", "2016-12-31": "", "2015-12-31": "", "2014-12-31": "", "2013-12-31": "", "2012-12-31": "", "2011-12-31": "", "2010-12-31": "", "2009-12-31": "", "2008-12-31": "", "2007-12-31": "", "2006-12-31": "", "2005-12-31": ""}, "Change In Accounts Payable": {"2020-12-31": "-1.12200", "2019-12-31": "39.01200", "2018-12-31": "21.90900", "2017-12-31": "25.57300", "2016-12-31": "5.32200", "2015-12-31": "43.80000", "2014-12-31": "26.65200", "2013-12-31": "56.95800", "2012-12-31": "65.69700", "2011-12-31": "41.82300", "2010-12-31": "8.72000", "2009-12-31": "-24.85600", "2008-12-31": "46.75200", "2007-12-31": "33.99300", "2006-12-31": "30.43400", "2005-12-31": "41.98500"}, "Change In Assets/Liabilities": {"2020-12-31": "-72.06400", "2019-12-31": "-75.28000", "2018-12-31": "-77.93700", "2017-12-31": "-80.86100", "2016-12-31": "-46.69300", "2015-12-31": "-74.43400", "2014-12-31": "-41.60700", "2013-12-31": "-60.22400", "2012-12-31": "-49.42900", "2011-12-31": "-79.05000", "2010-12-31": "-27.73700", "2009-12-31": "-23.84700", "2008-12-31": "-14.83500", "2007-12-31": "-13.96100", "2006-12-31": "-38.87900", "2005-12-31": "-29.93000"}, "Total Change In Assets/Liabilities": {"2020-12-31": "-70.38200", "2019-12-31": "-37.16500", "2018-12-31": "-55.59300", "2017-12-31": "-55.79000", "2016-12-31": "-41.65600", "2015-12-31": "-30.62700", "2014-12-31": "-15.62800", "2013-12-31": "-4.78500", "2012-12-31": "15.28700", "2011-12-31": "-39.58600", "2010-12-31": "-20.31800", "2009-12-31": "-46.15200", "2008-12-31": "32.22300", "2007-12-31": "19.60000", "2006-12-31": "-10.01100", "2005-12-31": "9.84100"}, "Cash Flow From Operating Activities": {"2020-12-31": "882.51000", "2019-12-31": "683.85700", "2018-12-31": "570.33900", "2017-12-31": "450.88200", "2016-12-31": "393.48700", "2015-12-31": "342.61100", "2014-12-31": "334.32500", "2013-12-31": "312.72700", "2012-12-31": "305.53300", "2011-12-31": "246.96000", "2010-12-31": "227.00600", "2009-12-31": "206.95400", "2008-12-31": "257.20000", "2007-12-31": "188.03100", "2006-12-31": "118.75000", "2005-12-31": "120.67800"}, "Net Change In Property, Plant, And Equipment": {"2020-12-31": "-3268.84400", "2019-12-31": "-3477.70000", "2018-12-31": "-1944.15800", "2017-12-31": "-1553.83700", "2016-12-31": "-1438.28700", "2015-12-31": "-683.34000", "2014-12-31": "-544.08000", "2013-12-31": "-561.49000", "2012-12-31": "-555.02200", "2011-12-31": "-714.99000", "2010-12-31": "-449.66000", "2009-12-31": "-425.06400", "2008-12-31": "-469.46600", "2007-12-31": "-934.37300", "2006-12-31": "-968.63810", "2005-12-31": "-433.04200"}, "Net Change In Intangible Assets": {"2020-12-31": "", "2019-12-31": "", "2018-12-31": "", "2017-12-31": "", "2016-12-31": "", "2015-12-31": "", "2014-12-31": "", "2013-12-31": "", "2012-12-31": "", "2011-12-31": "", "2010-12-31": "", "2009-12-31": "", "2008-12-31": "", "2007-12-31": "", "2006-12-31": "", "2005-12-31": ""}, "Net Acquisitions/Divestitures": {"2020-12-31": "", "2019-12-31": "", "2018-12-31": "-35.92200", "2017-12-31": "-60.29100", "2016-12-31": "", "2015-12-31": "", "2014-12-31": "", "2013-12-31": "", "2012-12-31": "", "2011-12-31": "", "2010-12-31": "", "2009-12-31": "", "2008-12-31": "", "2007-12-31": "", "2006-12-31": "", "2005-12-31": ""}, "Net Change In Short-term Investments": {"2020-12-31": "", "2019-12-31": "", "2018-12-31": "", "2017-12-31": "", "2016-12-31": "", "2015-12-31": "", "2014-12-31": "", "2013-12-31": "", "2012-12-31": "", "2011-12-31": "", "2010-12-31": "", "2009-12-31": "", "2008-12-31": "", "2007-12-31": "", "2006-12-31": "", "2005-12-31": ""}, "Net Change In Long-Term Investments": {"2020-12-31": "-36.95000", "2019-12-31": "-145.52700", "2018-12-31": "-248.27200", "2017-12-31": "-159.27400", "2016-12-31": "-63.33800", "2015-12-31": "-37.83600", "2014-12-31": "-41.25700", "2013-12-31": "-19.55300", "2012-12-31": "-9.25100", "2011-12-31": "-16.40600", "2010-12-31": "-13.10900", "2009-12-31": "-7.26200", "2008-12-31": "0.30500", "2007-12-31": "3.03300", "2006-12-31": "7.68800", "2005-12-31": "0.14200"}, "Net Change In Investments - Total": {"2020-12-31": "-36.95000", "2019-12-31": "-145.52700", "2018-12-31": "-248.27200", "2017-12-31": "-159.27400", "2016-12-31": "-63.33800", "2015-12-31": "-37.83600", "2014-12-31": "-41.25700", "2013-12-31": "-19.55300", "2012-12-31": "-9.25100", "2011-12-31": "-16.40600", "2010-12-31": "-13.10900", "2009-12-31": "-7.26200", "2008-12-31": "0.30500", "2007-12-31": "3.03300", "2006-12-31": "7.68800", "2005-12-31": "0.14200"}, "Investing Activities - Other": {"2020-12-31": "27.63300", "2019-12-31": "-18.09300", "2018-12-31": "66.59200", "2017-12-31": "36.27600", "2016-12-31": "3.21900", "2015-12-31": "-1.21900", "2014-12-31": "-49.49200", "2013-12-31": "-10.33200", "2012-12-31": "6.17300", "2011-12-31": "-2.18300", "2010-12-31": "18.02400", "2009-12-31": "25.76000", "2008-12-31": "-25.77200", "2007-12-31": "-17.91300", "2006-12-31": "", "2005-12-31": ""}, "Cash Flow From Investing Activities": {"2020-12-31": "-3278.16100", "2019-12-31": "-3641.32000", "2018-12-31": "-2161.76000", "2017-12-31": "-1737.12600", "2016-12-31": "-1498.40600", "2015-12-31": "-722.39500", "2014-12-31": "-634.82900", "2013-12-31": "-591.37500", "2012-12-31": "-558.10000", "2011-12-31": "-733.57900", "2010-12-31": "-444.74500", "2009-12-31": "-406.56600", "2008-12-31": "-494.93300", "2007-12-31": "-949.25300", "2006-12-31": "-960.95000", "2005-12-31": "-432.90000"}, "Net Long-Term Debt": {"2020-12-31": "796.68160", "2019-12-31": "1290.97000", "2018-12-31": "718.21680", "2017-12-31": "602.42680", "2016-12-31": "6.10110", "2015-12-31": "200.81100", "2014-12-31": "569.07200", "2013-12-31": "-121.16890", "2012-12-31": "482.09300", "2011-12-31": "405.15100", "2010-12-31": "98.53400", "2009-12-31": "-170.16890", "2008-12-31": "179.53000", "2007-12-31": "1582.56200", "2006-12-31": "391.18410", "2005-12-31": "192.38300"}, "Net Current Debt": {"2020-12-31": "", "2019-12-31": "", "2018-12-31": "", "2017-12-31": "", "2016-12-31": "", "2015-12-31": "", "2014-12-31": "", "2013-12-31": "", "2012-12-31": "", "2011-12-31": "", "2010-12-31": "", "2009-12-31": "", "2008-12-31": "", "2007-12-31": "", "2006-12-31": "", "2005-12-31": ""}, "Debt Issuance/Retirement Net - Total": {"2020-12-31": "796.68160", "2019-12-31": "1290.97000", "2018-12-31": "718.21680", "2017-12-31": "602.42680", "2016-12-31": "6.10110", "2015-12-31": "200.81100", "2014-12-31": "569.07200", "2013-12-31": "-121.16890", "2012-12-31": "482.09300", "2011-12-31": "405.15100", "2010-12-31": "98.53400", "2009-12-31": "-170.16890", "2008-12-31": "179.53000", "2007-12-31": "1582.56200", "2006-12-31": "391.18410", "2005-12-31": "192.38300"}, "Net Common Equity Issued/Repurchased": {"2020-12-31": "2315.86200", "2019-12-31": "1216.44500", "2018-12-31": "1293.30100", "2017-12-31": "1275.39700", "2016-12-31": "1432.17700", "2015-12-31": "78.46300", "2014-12-31": "", "2013-12-31": "534.08500", "2012-12-31": "13.24400", "2011-12-31": "232.21700", "2010-12-31": "247.91000", "2009-12-31": "491.18000", "2008-12-31": "2.50900", "2007-12-31": "216.89800", "2006-12-31": "539.56000", "2005-12-31": "193.66200"}, "Net Total Equity Issued/Repurchased": {"2020-12-31": "2315.86200", "2019-12-31": "1207.20500", "2018-12-31": "1279.32500", "2017-12-31": "1127.11300", "2016-12-31": "1225.35100", "2015-12-31": "78.46300", "2014-12-31": "-14.41400", "2013-12-31": "534.08500", "2012-12-31": "8.47400", "2011-12-31": "232.21700", "2010-12-31": "247.91000", "2009-12-31": "491.18000", "2008-12-31": "244.69500", "2007-12-31": "159.39800", "2006-12-31": "539.56000", "2005-12-31": "193.66200"}, "Total Common And Preferred Stock Dividends Paid": {"2020-12-31": "-532.98000", "2019-12-31": "-451.17000", "2018-12-31": "-385.83900", "2017-12-31": "-321.75000", "2016-12-31": "-262.76100", "2015-12-31": "-243.09000", "2014-12-31": "-228.27100", "2013-12-31": "-194.96100", "2012-12-31": "-154.31700", "2011-12-31": "-135.24600", "2010-12-31": "-96.23100", "2009-12-31": "-115.00900", "2008-12-31": "-121.97100", "2007-12-31": "-102.63400", "2006-12-31": "-87.57900", "2005-12-31": "-72.40200"}, "Financial Activities - Other": {"2020-12-31": "170.79200", "2019-12-31": "880.47700", "2018-12-31": "-23.27000", "2017-12-31": "12.55100", "2016-12-31": "125.08400", "2015-12-31": "382.94200", "2014-12-31": "4.92500", "2013-12-31": "-20.38500", "2012-12-31": "-21.39000", "2011-12-31": "-22.96600", "2010-12-31": "-12.30100", "2009-12-31": "-7.64700", "2008-12-31": "-1.39000", "2007-12-31": "-873.02200", "2006-12-31": "-1.92800", "2005-12-31": "-0.66800"}, "Cash Flow From Financial Activities": {"2020-12-31": "2750.35600", "2019-12-31": "2927.48200", "2018-12-31": "1588.43300", "2017-12-31": "1420.34100", "2016-12-31": "1093.77500", "2015-12-31": "419.12600", "2014-12-31": "331.31200", "2013-12-31": "197.57000", "2012-12-31": "314.86000", "2011-12-31": "479.15600", "2010-12-31": "237.91200", "2009-12-31": "198.35500", "2008-12-31": "300.86400", "2007-12-31": "766.30400", "2006-12-31": "841.23700", "2005-12-31": "312.97500"}, "Net Cash Flow": {"2020-12-31": "355.01600", "2019-12-31": "-29.44100", "2018-12-31": "-5.05600", "2017-12-31": "135.82000", "2016-12-31": "-12.60400", "2015-12-31": "39.08700", "2014-12-31": "28.31500", "2013-12-31": "-83.27500", "2012-12-31": "62.43200", "2011-12-31": "-12.69300", "2010-12-31": "20.60400", "2009-12-31": "-0.53300", "2008-12-31": "63.13100", "2007-12-31": "5.08200", "2006-12-31": "-0.96300", "2005-12-31": "0.75300"}, "Stock-Based Compensation": {"2020-12-31": "43.50200", "2019-12-31": "43.64000", "2018-12-31": "35.01900", "2017-12-31": "25.61000", "2016-12-31": "25.43300", "2015-12-31": "17.51200", "2014-12-31": "13.99600", "2013-12-31": "15.55200", "2012-12-31": "14.16000", "2011-12-31": "11.75500", "2010-12-31": "10.81600", "2009-12-31": "14.05100", "2008-12-31": "13.67700", "2007-12-31": "11.17600", "2006-12-31": "7.90900", "2005-12-31": "5.13600"}, "Common Stock Dividends Paid": {"2020-12-31": "-532.98000", "2019-12-31": "-447.02900", "2018-12-31": "-380.63200", "2017-12-31": "-312.13100", "2016-12-31": "-240.34700", "2015-12-31": "-218.10400", "2014-12-31": "-202.38600", "2013-12-31": "-169.07600", "2012-12-31": "-126.49800", "2011-12-31": "-106.88900", "2010-12-31": "-67.87400", "2009-12-31": "-86.65200", "2008-12-31": "-101.39300", "2007-12-31": "-89.95100", "2006-12-31": "-71.48900", "2005-12-31": "-56.31200"}}, "cash flow statement, quarterly": {"Net Income/Loss": {"2020-12-31": 457.133, "2020-09-30": 95.799, "2020-06-30": 243.561, "2020-03-31": "30.67800", "2019-12-31": 216.053, "2019-09-30": -36.003, "2019-06-30": 87.179, "2019-03-31": "136.81800", "2018-12-31": -18.631, "2018-09-30": 219.359, "2018-06-30": 60.547, "2018-03-31": "141.51800", "2017-12-31": 45.607, "2017-09-30": 59.546, "2017-06-30": 41.496, "2017-03-31": "47.55500", "2016-12-31": 19.792, "2016-09-30": 28.559, "2016-06-30": -108.116, "2016-03-31": "9.96600", "2015-12-31": 42.977, "2015-09-30": 39.699, "2015-06-30": 38.43, "2015-03-31": "25.00800", "2014-12-31": -6.03, "2014-09-30": 35.943, "2014-06-30": 36.116, "2014-03-31": "40.74900", "2013-12-31": 44.222, "2013-09-30": 32.453, "2013-06-30": 33.337, "2013-03-31": "30.23700", "2012-12-31": 28.807, "2012-09-30": 18.305, "2012-06-30": 25.641, "2012-03-31": "32.77500", "2011-12-31": 35.462, "2011-09-30": 32.995, "2011-06-30": 34.311, "2011-03-31": "32.62500", "2010-12-31": 92, "2010-09-30": 30.461, "2010-06-30": -12.224, "2010-03-31": "28.78500", "2009-12-31": 29.905, "2009-09-30": 26.378, "2009-06-30": 44.116, "2009-03-31": "41.24900", "2008-12-31": 27.568, "2008-09-30": 27.602, "2008-06-30": 27.776, "2008-03-31": "37.15100", "2007-12-31": 21.248, "2007-09-30": 22.9, "2007-06-30": 24.048, "2007-03-31": "21.78400", "2006-12-31": 20.535, "2006-09-30": 18.964, "2006-06-30": 17.162, "2006-03-31": "16.75500", "2005-12-31": 16.18, "2005-09-30": 15.991, "2005-06-30": 16.273, "2005-03-31": "14.98900"}, "Total Depreciation And Amortization - Cash Flow": {"2020-12-31": 166.272, "2020-09-30": 164.547, "2020-06-30": 156.089, "2020-03-31": "160.89100", "2019-12-31": 133.015, "2019-09-30": 130.76, "2019-06-30": 127.981, "2019-03-31": "128.37100", "2018-12-31": 121.43, "2018-09-30": 116.5, "2018-06-30": 115.641, "2018-03-31": "110.01700", "2017-12-31": 105.499, "2017-09-30": 105.431, "2017-06-30": 101.312, "2017-03-31": "94.12300", "2016-12-31": 95.101, "2016-09-30": 79.243, "2016-06-30": 72.129, "2016-03-31": "72.56600", "2015-12-31": 73.813, "2015-09-30": 67.296, "2015-06-30": 63.954, "2015-03-31": "60.73900", "2014-12-31": 60.155, "2014-09-30": 60.381, "2014-06-30": 59.37, "2014-03-31": "52.37100", "2013-12-31": 50.057, "2013-09-30": 50.905, "2013-06-30": 48.299, "2013-03-31": "48.66600", "2012-12-31": 49.843, "2012-09-30": 49.977, "2012-06-30": 53.901, "2012-03-31": "45.42700", "2011-12-31": 43.27, "2011-09-30": 41.944, "2011-06-30": 41.133, "2011-03-31": "35.46600", "2010-12-31": 36.218, "2010-09-30": 33.969, "2010-06-30": 33.887, "2010-03-31": "32.58900", "2009-12-31": 32.626, "2009-09-30": 31.81, "2009-06-30": 33.088, "2009-03-31": "30.28200", "2008-12-31": 28.232, "2008-09-30": 29.306, "2008-06-30": 29.22, "2008-03-31": "27.22300", "2007-12-31": 34.187, "2007-09-30": 24.103, "2007-06-30": 22.813, "2007-03-31": "21.60300", "2006-12-31": 14.976, "2006-09-30": 20.988, "2006-06-30": 17.072, "2006-03-31": "16.14700", "2005-12-31": 10.225, "2005-09-30": 15.275, "2005-06-30": 14.728, "2005-03-31": "14.38600"}, "Other Non-Cash Items": {"2020-12-31": -388.466, "2020-09-30": 36.192, "2020-06-30": -186.566, "2020-03-31": "16.76200", "2019-12-31": -159.556, "2019-09-30": 84.803, "2019-06-30": -35.98, "2019-03-31": "-92.41900", "2018-12-31": 65.685, "2018-09-30": -171.74, "2018-06-30": -22.45, "2018-03-31": "-111.94400", "2017-12-31": -21.868, "2017-09-30": -28.117, "2017-06-30": -12.249, "2017-03-31": "-31.66300", "2016-12-31": -1.307, "2016-09-30": -1.84, "2016-06-30": 150.383, "2016-03-31": "18.66700", "2015-12-31": -19.582, "2015-09-30": -12.046, "2015-06-30": -11.554, "2015-03-31": "4.50400", "2014-12-31": 38.073, "2014-09-30": -7.078, "2014-06-30": -9.097, "2014-03-31": "-11.00000", "2013-12-31": -9.352, "2013-09-30": -2.459, "2013-06-30": -6.284, "2013-03-31": "-2.56900", "2012-12-31": -3.539, "2012-09-30": 6.185, "2012-06-30": -8.36, "2012-03-31": "-8.71600", "2011-12-31": -6.988, "2011-09-30": -2.117, "2011-06-30": 0.564, "2011-03-31": "-2.11900", "2010-12-31": -64.286, "2010-09-30": -2.707, "2010-06-30": 40.629, "2010-03-31": "-1.99700", "2009-12-31": -4.592, "2009-09-30": 0.549, "2009-06-30": -11.924, "2009-03-31": "-0.38100", "2008-12-31": 11.38, "2008-09-30": -1.528, "2008-06-30": -3.256, "2008-03-31": "-15.69700", "2007-12-31": -10.284, "2007-09-30": -5.112, "2007-06-30": -4.571, "2007-03-31": "-4.28800", "2006-12-31": -5.436, "2006-09-30": -5.209, "2006-06-30": -2.102, "2006-03-31": "-1.09100", "2005-12-31": -1.714, "2005-09-30": -1.464, "2005-06-30": -1.592, "2005-03-31": "-2.44000"}, "Total Non-Cash Items": {"2020-12-31": -222.194, "2020-09-30": 200.739, "2020-06-30": -30.477, "2020-03-31": "177.65300", "2019-12-31": -26.5409, "2019-09-30": 215.563, "2019-06-30": 92.001, "2019-03-31": "35.95200", "2018-12-31": 187.1151, "2018-09-30": -55.24, "2018-06-30": 93.191, "2018-03-31": "-1.92700", "2017-12-31": 83.631, "2017-09-30": 77.314, "2017-06-30": 89.063, "2017-03-31": "62.46000", "2016-12-31": 93.794, "2016-09-30": 77.403, "2016-06-30": 222.512, "2016-03-31": "91.23300", "2015-12-31": 54.231, "2015-09-30": 55.25, "2015-06-30": 52.4, "2015-03-31": "65.24300", "2014-12-31": 98.228, "2014-09-30": 53.303, "2014-06-30": 50.273, "2014-03-31": "41.37100", "2013-12-31": 40.705, "2013-09-30": 48.446, "2013-06-30": 42.015, "2013-03-31": "46.09700", "2012-12-31": 46.304, "2012-09-30": 56.162, "2012-06-30": 45.541, "2012-03-31": "36.71100", "2011-12-31": 36.282, "2011-09-30": 39.827, "2011-06-30": 41.697, "2011-03-31": "33.34700", "2010-12-31": -28.068, "2010-09-30": 31.262, "2010-06-30": 74.516, "2010-03-31": "30.59200", "2009-12-31": 28.034, "2009-09-30": 32.359, "2009-06-30": 21.164, "2009-03-31": "29.90100", "2008-12-31": 39.612, "2008-09-30": 27.778, "2008-06-30": 25.964, "2008-03-31": "11.52600", "2007-12-31": 23.903, "2007-09-30": 18.991, "2007-06-30": 18.242, "2007-03-31": "17.31500", "2006-12-31": 9.54, "2006-09-30": 15.779, "2006-06-30": 14.97, "2006-03-31": "15.05600", "2005-12-31": 8.511, "2005-09-30": 13.811, "2005-06-30": 13.136, "2005-03-31": "11.94600"}, "Change In Accounts Receivable": {"2020-12-31": 0.318, "2020-09-30": -0.414, "2020-06-30": 7.774, "2020-03-31": "-4.87400", "2019-12-31": -0.011, "2019-09-30": -1.459, "2019-06-30": 0.406, "2019-03-31": "0.16700", "2018-12-31": 1.242, "2018-09-30": -2.359, "2018-06-30": 2.54, "2018-03-31": "-0.98800", "2017-12-31": -0.278, "2017-09-30": -1.578, "2017-06-30": 1.589, "2017-03-31": "-0.23500", "2016-12-31": -1.128, "2016-09-30": -0.434, "2016-06-30": 0.756, "2016-03-31": "0.52100", "2015-12-31": -0.373, "2015-09-30": -0.863, "2015-06-30": 1.345, "2015-03-31": "-0.10200", "2014-12-31": 0.266, "2014-09-30": -0.204, "2014-06-30": -0.045, "2014-03-31": "-0.69000", "2013-12-31": -1.248, "2013-09-30": -1.118, "2013-06-30": 1.665, "2013-03-31": "-0.81800", "2012-12-31": 1.656, "2012-09-30": -4.003, "2012-06-30": 2.603, "2012-03-31": "-1.23700", "2011-12-31": -1.031, "2011-09-30": -2.333, "2011-06-30": 2.501, "2011-03-31": "-1.49600", "2010-12-31": -0.525, "2010-09-30": -1.87, "2010-06-30": -0.093, "2010-03-31": "1.18700", "2009-12-31": -0.113, "2009-09-30": 0.876, "2009-06-30": 1.327, "2009-03-31": "0.46100", "2008-12-31": 0.396, "2008-09-30": -0.401, "2008-06-30": 2.405, "2008-03-31": "-2.09400", "2007-12-31": 0.242, "2007-09-30": -0.641, "2007-06-30": 0.744, "2007-03-31": "-0.77700", "2006-12-31": -1.318, "2006-09-30": -1.356, "2006-06-30": 2.174, "2006-03-31": "-1.06600", "2005-12-31": -1.499, "2005-09-30": -1.059, "2005-06-30": 1.386, "2005-03-31": "-1.04200"}, "Change In Inventories": {"2020-12-31": 0, "2020-09-30": 0, "2020-06-30": 0, "2020-03-31": "", "2019-12-31": 0, "2019-09-30": 0, "2019-06-30": 0, "2019-03-31": "", "2018-12-31": 0, "2018-09-30": 0, "2018-06-30": 0, "2018-03-31": "", "2017-12-31": 0, "2017-09-30": 0, "2017-06-30": 0, "2017-03-31": "", "2016-12-31": 0, "2016-09-30": 0, "2016-06-30": 0, "2016-03-31": "", "2015-12-31": 0, "2015-09-30": 0, "2015-06-30": 0, "2015-03-31": "", "2014-12-31": 0, "2014-09-30": 0, "2014-06-30": 0, "2014-03-31": "", "2013-12-31": 0, "2013-09-30": 0, "2013-06-30": 0, "2013-03-31": "", "2012-12-31": 0, "2012-09-30": 0, "2012-06-30": 0, "2012-03-31": "", "2011-12-31": 0, "2011-09-30": 0, "2011-06-30": 0, "2011-03-31": "", "2010-12-31": 0, "2010-09-30": 0, "2010-06-30": 0, "2010-03-31": "", "2009-12-31": 0, "2009-09-30": 0, "2009-06-30": 0, "2009-03-31": "", "2008-12-31": 0, "2008-09-30": 0, "2008-06-30": 0, "2008-03-31": "", "2007-12-31": 0, "2007-09-30": 0, "2007-06-30": 0, "2007-03-31": "", "2006-12-31": 0, "2006-09-30": 0, "2006-06-30": 0, "2006-03-31": "", "2005-12-31": 0, "2005-09-30": 0, "2005-06-30": 0, "2005-03-31": ""}, "Change In Accounts Payable": {"2020-12-31": -30.998, "2020-09-30": 36.726, "2020-06-30": -14.638, "2020-03-31": "7.78800", "2019-12-31": 24.71, "2019-09-30": 35.574, "2019-06-30": -5.028, "2019-03-31": "-16.24400", "2018-12-31": 0.012, "2018-09-30": 13.777, "2018-06-30": -10.296, "2018-03-31": "18.41600", "2017-12-31": -5.046, "2017-09-30": 17.336, "2017-06-30": -4.64, "2017-03-31": "17.92300", "2016-12-31": -0.841, "2016-09-30": 31.37, "2016-06-30": -34.206, "2016-03-31": "8.99900", "2015-12-31": 12.377, "2015-09-30": 33.033, "2015-06-30": -28.731, "2015-03-31": "27.12100", "2014-12-31": -9.794, "2014-09-30": 36.361, "2014-06-30": -16.631, "2014-03-31": "16.71600", "2013-12-31": 5.521, "2013-09-30": 43.222, "2013-06-30": 18.937, "2013-03-31": "-10.72200", "2012-12-31": 24.319, "2012-09-30": 16.153, "2012-06-30": 35.229, "2012-03-31": "-10.00400", "2011-12-31": 15.498, "2011-09-30": 27.307, "2011-06-30": 5.989, "2011-03-31": "-6.97100", "2010-12-31": 3.667, "2010-09-30": -3.303, "2010-06-30": 5.067, "2010-03-31": "3.28900", "2009-12-31": -25.81, "2009-09-30": 18.098, "2009-06-30": -2.616, "2009-03-31": "-14.52800", "2008-12-31": 1.378, "2008-09-30": 32.72, "2008-06-30": 15.549, "2008-03-31": "-2.89500", "2007-12-31": -19.503, "2007-09-30": 30.474, "2007-06-30": 10.866, "2007-03-31": "12.15600", "2006-12-31": 4.8, "2006-09-30": 19.729, "2006-06-30": -1.577, "2006-03-31": "7.48200", "2005-12-31": 19.439, "2005-09-30": 14.355, "2005-06-30": -5.376, "2005-03-31": "13.56700"}, "Change In Assets/Liabilities": {"2020-12-31": -30.69, "2020-09-30": -17.566, "2020-06-30": -3.83, "2020-03-31": "-19.97800", "2019-12-31": -35.92, "2019-09-30": -16.449, "2019-06-30": -2.948, "2019-03-31": "-19.96300", "2018-12-31": -13.487, "2018-09-30": -19.69, "2018-06-30": -16.662, "2018-03-31": "-28.09800", "2017-12-31": -30.274, "2017-09-30": -19.122, "2017-06-30": -11.406, "2017-03-31": "-20.05900", "2016-12-31": -9.981, "2016-09-30": -17.155, "2016-06-30": -10.62, "2016-03-31": "-8.93700", "2015-12-31": -13.012, "2015-09-30": -32.108, "2015-06-30": -18.885, "2015-03-31": "-10.42900", "2014-12-31": -3.469, "2014-09-30": -14.77, "2014-06-30": 1.519, "2014-03-31": "-24.88700", "2013-12-31": -12.849, "2013-09-30": -30.768, "2013-06-30": 0.946, "2013-03-31": "-17.55300", "2012-12-31": -23.043, "2012-09-30": -2.654, "2012-06-30": -15.172, "2012-03-31": "-8.56000", "2011-12-31": -19.223, "2011-09-30": -28.052, "2011-06-30": -18.738, "2011-03-31": "-13.03700", "2010-12-31": -2.52, "2010-09-30": -20.062, "2010-06-30": 7.418, "2010-03-31": "-12.57300", "2009-12-31": 3.772, "2009-09-30": -18.586, "2009-06-30": -6.725, "2009-03-31": "-2.30800", "2008-12-31": 18.748, "2008-09-30": -0.576, "2008-06-30": -14.652, "2008-03-31": "-18.35500", "2007-12-31": 23.594, "2007-09-30": -14.57, "2007-06-30": -4.42, "2007-03-31": "-18.56500", "2006-12-31": 5.543, "2006-09-30": -23.207, "2006-06-30": -17.186, "2006-03-31": "-4.02900", "2005-12-31": -8.619, "2005-09-30": -4.804, "2005-06-30": -8.415, "2005-03-31": "-8.09200"}, "Total Change In Assets/Liabilities": {"2020-12-31": -61.37, "2020-09-30": 18.746, "2020-06-30": -10.694, "2020-03-31": "-17.06400", "2019-12-31": -11.221, "2019-09-30": 17.666, "2019-06-30": -7.57, "2019-03-31": "-36.04000", "2018-12-31": -12.233, "2018-09-30": -8.272, "2018-06-30": -24.418, "2018-03-31": "-10.67000", "2017-12-31": -35.598, "2017-09-30": -3.364, "2017-06-30": -14.457, "2017-03-31": "-2.37100", "2016-12-31": -11.95, "2016-09-30": 13.781, "2016-06-30": -44.07, "2016-03-31": "0.58300", "2015-12-31": -1.008, "2015-09-30": 0.062, "2015-06-30": -46.271, "2015-03-31": "16.59000", "2014-12-31": -12.997, "2014-09-30": 21.387, "2014-06-30": -15.157, "2014-03-31": "-8.86100", "2013-12-31": -8.576, "2013-09-30": 11.336, "2013-06-30": 21.548, "2013-03-31": "-29.09300", "2012-12-31": 2.932, "2012-09-30": 9.496, "2012-06-30": 22.66, "2012-03-31": "-19.80100", "2011-12-31": -4.756, "2011-09-30": -3.078, "2011-06-30": -10.248, "2011-03-31": "-21.50400", "2010-12-31": 0.622, "2010-09-30": -25.235, "2010-06-30": 12.392, "2010-03-31": "-8.09700", "2009-12-31": -22.151, "2009-09-30": 0.388, "2009-06-30": -8.014, "2009-03-31": "-16.37500", "2008-12-31": 20.522, "2008-09-30": 31.743, "2008-06-30": 3.302, "2008-03-31": "-23.34400", "2007-12-31": 4.333, "2007-09-30": 15.263, "2007-06-30": 7.19, "2007-03-31": "-7.18600", "2006-12-31": 9.025, "2006-09-30": -4.834, "2006-06-30": -16.589, "2006-03-31": "2.38700", "2005-12-31": 9.321, "2005-09-30": 8.492, "2005-06-30": -12.405, "2005-03-31": "4.43300"}, "Cash Flow From Operating Activities": {"2020-12-31": 173.569, "2020-09-30": 315.284, "2020-06-30": 202.39, "2020-03-31": "191.26700", "2019-12-31": 178.291, "2019-09-30": 197.226, "2019-06-30": 171.61, "2019-03-31": "136.73000", "2018-12-31": 156.251, "2018-09-30": 155.847, "2018-06-30": 129.32, "2018-03-31": "128.92100", "2017-12-31": 93.64, "2017-09-30": 133.496, "2017-06-30": 116.102, "2017-03-31": "107.64400", "2016-12-31": 101.636, "2016-09-30": 119.743, "2016-06-30": 70.326, "2016-03-31": "101.78200", "2015-12-31": 96.2, "2015-09-30": 95.011, "2015-06-30": 44.559, "2015-03-31": "106.84100", "2014-12-31": 79.201, "2014-09-30": 110.633, "2014-06-30": 71.232, "2014-03-31": "73.25900", "2013-12-31": 76.351, "2013-09-30": 92.235, "2013-06-30": 96.9, "2013-03-31": "47.24100", "2012-12-31": 78.043, "2012-09-30": 83.963, "2012-06-30": 93.842, "2012-03-31": "49.68500", "2011-12-31": 66.988, "2011-09-30": 69.744, "2011-06-30": 65.76, "2011-03-31": "44.46800", "2010-12-31": 64.554, "2010-09-30": 36.488, "2010-06-30": 74.684, "2010-03-31": "51.28000", "2009-12-31": 35.788, "2009-09-30": 59.125, "2009-06-30": 57.266, "2009-03-31": "54.77500", "2008-12-31": 87.702, "2008-09-30": 87.123, "2008-06-30": 57.042, "2008-03-31": "25.33300", "2007-12-31": 49.484, "2007-09-30": 57.154, "2007-06-30": 49.48, "2007-03-31": "31.91300", "2006-12-31": 39.1, "2006-09-30": 29.909, "2006-06-30": 15.543, "2006-03-31": "34.19800", "2005-12-31": 34.012, "2005-09-30": 38.294, "2005-06-30": 17.004, "2005-03-31": "31.36800"}, "Net Change In Property, Plant, And Equipment": {"2020-12-31": -406.631, "2020-09-30": -1436.57, "2020-06-30": -569.735, "2020-03-31": "-855.90800", "2019-12-31": -1273.659, "2019-09-30": -911.689, "2019-06-30": -632.945, "2019-03-31": "-659.40700", "2018-12-31": -339.205, "2018-09-30": -485.03, "2018-06-30": -610.363, "2018-03-31": "-509.56000", "2017-12-31": -306.339, "2017-09-30": -334.106, "2017-06-30": -480.103, "2017-03-31": "-433.28900", "2016-12-31": -808.943, "2016-09-30": -283.188, "2016-06-30": -186.655, "2016-03-31": "-159.50100", "2015-12-31": -164.647, "2015-09-30": -247.353, "2015-06-30": -140.386, "2015-03-31": "-130.95400", "2014-12-31": -129.599, "2014-09-30": -123.772, "2014-06-30": -136.784, "2014-03-31": "-153.92500", "2013-12-31": -188.628, "2013-09-30": -175.75, "2013-06-30": -138.07, "2013-03-31": "-59.04200", "2012-12-31": -142.964, "2012-09-30": -112.312, "2012-06-30": -159.215, "2012-03-31": "-140.53100", "2011-12-31": -130.802, "2011-09-30": -114.587, "2011-06-30": -387.856, "2011-03-31": "-81.74500", "2010-12-31": -102.845, "2010-09-30": -138.088, "2010-06-30": -122.919, "2010-03-31": "-85.80800", "2009-12-31": -95.583, "2009-09-30": -99.804, "2009-06-30": -108.818, "2009-03-31": "-120.85900", "2008-12-31": -135.586, "2008-09-30": -155.855, "2008-06-30": -129.352, "2008-03-31": "-48.67300", "2007-12-31": -277.535, "2007-09-30": -445.831, "2007-06-30": -123.692, "2007-03-31": "-87.31500", "2006-12-31": -319.4091, "2006-09-30": -433.398, "2006-06-30": -62.322, "2006-03-31": "-153.50900", "2005-12-31": -148.503, "2005-09-30": -78.809, "2005-06-30": -81.773, "2005-03-31": "-123.95700"}, "Net Change In Intangible Assets": {"2020-12-31": 0, "2020-09-30": 0, "2020-06-30": 0, "2020-03-31": "", "2019-12-31": 0, "2019-09-30": 0, "2019-06-30": 0, "2019-03-31": "", "2018-12-31": 0, "2018-09-30": 0, "2018-06-30": 0, "2018-03-31": "", "2017-12-31": 0, "2017-09-30": 0, "2017-06-30": 0, "2017-03-31": "", "2016-12-31": 0, "2016-09-30": 0, "2016-06-30": 0, "2016-03-31": "", "2015-12-31": 0, "2015-09-30": 0, "2015-06-30": 0, "2015-03-31": "", "2014-12-31": 0, "2014-09-30": 0, "2014-06-30": 0, "2014-03-31": "", "2013-12-31": 0, "2013-09-30": 0, "2013-06-30": 0, "2013-03-31": "", "2012-12-31": 0, "2012-09-30": 0, "2012-06-30": 0, "2012-03-31": "", "2011-12-31": 0, "2011-09-30": 0, "2011-06-30": 0, "2011-03-31": "", "2010-12-31": 0, "2010-09-30": 0, "2010-06-30": 0, "2010-03-31": "", "2009-12-31": 0, "2009-09-30": 0, "2009-06-30": 0, "2009-03-31": "", "2008-12-31": 0, "2008-09-30": 0, "2008-06-30": 0, "2008-03-31": "", "2007-12-31": 0, "2007-09-30": 0, "2007-06-30": 0, "2007-03-31": "", "2006-12-31": 0, "2006-09-30": 0, "2006-06-30": 0, "2006-03-31": "", "2005-12-31": 0, "2005-09-30": 0, "2005-06-30": 0, "2005-03-31": ""}, "Net Acquisitions/Divestitures": {"2020-12-31": 0, "2020-09-30": 75.968, "2020-06-30": -75.968, "2020-03-31": "", "2019-12-31": 0, "2019-09-30": 104.902, "2019-06-30": -104.902, "2019-03-31": "", "2018-12-31": 0, "2018-09-30": 0, "2018-06-30": 0, "2018-03-31": "-35.92200", "2017-12-31": -60.291, "2017-09-30": 0, "2017-06-30": 0, "2017-03-31": "", "2016-12-31": 0, "2016-09-30": 0, "2016-06-30": 0, "2016-03-31": "", "2015-12-31": 0, "2015-09-30": 0, "2015-06-30": 0, "2015-03-31": "", "2014-12-31": 0, "2014-09-30": 0, "2014-06-30": 0, "2014-03-31": "", "2013-12-31": 0, "2013-09-30": 0, "2013-06-30": 0, "2013-03-31": "", "2012-12-31": 0, "2012-09-30": 0, "2012-06-30": 0, "2012-03-31": "", "2011-12-31": 0, "2011-09-30": 0, "2011-06-30": 0, "2011-03-31": "", "2010-12-31": 0, "2010-09-30": 0, "2010-06-30": 0, "2010-03-31": "", "2009-12-31": 0, "2009-09-30": 0, "2009-06-30": 0, "2009-03-31": "", "2008-12-31": 0, "2008-09-30": 0, "2008-06-30": 0, "2008-03-31": "", "2007-12-31": 0, "2007-09-30": 0, "2007-06-30": 0, "2007-03-31": "", "2006-12-31": 0, "2006-09-30": 0, "2006-06-30": 0, "2006-03-31": "", "2005-12-31": 0, "2005-09-30": 0, "2005-06-30": 0, "2005-03-31": ""}, "Net Change In Short-term Investments": {"2020-12-31": 0, "2020-09-30": 0, "2020-06-30": 0, "2020-03-31": "", "2019-12-31": 0, "2019-09-30": 0, "2019-06-30": 0, "2019-03-31": "", "2018-12-31": 0, "2018-09-30": 0, "2018-06-30": 0, "2018-03-31": "", "2017-12-31": 0, "2017-09-30": 0, "2017-06-30": 0, "2017-03-31": "", "2016-12-31": 0, "2016-09-30": 0, "2016-06-30": 0, "2016-03-31": "", "2015-12-31": 0, "2015-09-30": 0, "2015-06-30": 0, "2015-03-31": "", "2014-12-31": 0, "2014-09-30": 0, "2014-06-30": 0, "2014-03-31": "", "2013-12-31": 0, "2013-09-30": 0, "2013-06-30": 0, "2013-03-31": "", "2012-12-31": 0, "2012-09-30": 0, "2012-06-30": 0, "2012-03-31": "", "2011-12-31": 0, "2011-09-30": 0, "2011-06-30": 0, "2011-03-31": "", "2010-12-31": 0, "2010-09-30": 0, "2010-06-30": 0, "2010-03-31": "", "2009-12-31": 0, "2009-09-30": 0, "2009-06-30": 0, "2009-03-31": "", "2008-12-31": 0, "2008-09-30": 0, "2008-06-30": 0, "2008-03-31": "", "2007-12-31": 0, "2007-09-30": 0, "2007-06-30": 0, "2007-03-31": "", "2006-12-31": 0, "2006-09-30": 0, "2006-06-30": 0, "2006-03-31": "", "2005-12-31": 0, "2005-09-30": 0, "2005-06-30": 0, "2005-03-31": ""}, "Net Change In Long-Term Investments": {"2020-12-31": -20.963, "2020-09-30": -81.594, "2020-06-30": 68.349, "2020-03-31": "-2.74200", "2019-12-31": 3.201, "2019-09-30": -102.745, "2019-06-30": 29.443, "2019-03-31": "-75.42600", "2018-12-31": -53.906, "2018-09-30": -75.812, "2018-06-30": -73.784, "2018-03-31": "-44.77000", "2017-12-31": -49.732, "2017-09-30": -40.764, "2017-06-30": -30.511, "2017-03-31": "-38.26700", "2016-12-31": -30.249, "2016-09-30": -2.266, "2016-06-30": -19.651, "2016-03-31": "-11.17200", "2015-12-31": -9.461, "2015-09-30": 1.889, "2015-06-30": -17.491, "2015-03-31": "-12.77300", "2014-12-31": -19.656, "2014-09-30": -3.632, "2014-06-30": -9.315, "2014-03-31": "-8.65400", "2013-12-31": -9.468, "2013-09-30": 0.093, "2013-06-30": 0.287, "2013-03-31": "-10.46500", "2012-12-31": -2.117, "2012-09-30": -3.431, "2012-06-30": 0.864, "2012-03-31": "-4.56700", "2011-12-31": -7.983, "2011-09-30": -2.245, "2011-06-30": -1.402, "2011-03-31": "-4.77600", "2010-12-31": -2.488, "2010-09-30": -3.801, "2010-06-30": -2.926, "2010-03-31": "-3.89400", "2009-12-31": -0.799, "2009-09-30": -3.922, "2009-06-30": 0.035, "2009-03-31": "-2.57600", "2008-12-31": -2.06, "2008-09-30": -0.49, "2008-06-30": 2.203, "2008-03-31": "0.65200", "2007-12-31": -0.264, "2007-09-30": 1.701, "2007-06-30": 0.17, "2007-03-31": "1.42600", "2006-12-31": 1.125, "2006-09-30": 4.222, "2006-06-30": 3.292, "2006-03-31": "-0.95100", "2005-12-31": -0.089, "2005-09-30": -0.176, "2005-06-30": 1.007, "2005-03-31": "-0.60000"}, "Net Change In Investments - Total": {"2020-12-31": -20.963, "2020-09-30": -81.594, "2020-06-30": 68.349, "2020-03-31": "-2.74200", "2019-12-31": 3.201, "2019-09-30": -102.745, "2019-06-30": 29.443, "2019-03-31": "-75.42600", "2018-12-31": -53.906, "2018-09-30": -75.812, "2018-06-30": -73.784, "2018-03-31": "-44.77000", "2017-12-31": -49.732, "2017-09-30": -40.764, "2017-06-30": -30.511, "2017-03-31": "-38.26700", "2016-12-31": -30.249, "2016-09-30": -2.266, "2016-06-30": -19.651, "2016-03-31": "-11.17200", "2015-12-31": -9.461, "2015-09-30": 1.889, "2015-06-30": -17.491, "2015-03-31": "-12.77300", "2014-12-31": -19.656, "2014-09-30": -3.632, "2014-06-30": -9.315, "2014-03-31": "-8.65400", "2013-12-31": -9.468, "2013-09-30": 0.093, "2013-06-30": 0.287, "2013-03-31": "-10.46500", "2012-12-31": -2.117, "2012-09-30": -3.431, "2012-06-30": 0.864, "2012-03-31": "-4.56700", "2011-12-31": -7.983, "2011-09-30": -2.245, "2011-06-30": -1.402, "2011-03-31": "-4.77600", "2010-12-31": -2.488, "2010-09-30": -3.801, "2010-06-30": -2.926, "2010-03-31": "-3.89400", "2009-12-31": -0.799, "2009-09-30": -3.922, "2009-06-30": 0.035, "2009-03-31": "-2.57600", "2008-12-31": -2.06, "2008-09-30": -0.49, "2008-06-30": 2.203, "2008-03-31": "0.65200", "2007-12-31": -0.264, "2007-09-30": 1.701, "2007-06-30": 0.17, "2007-03-31": "1.42600", "2006-12-31": 1.125, "2006-09-30": 4.222, "2006-06-30": 3.292, "2006-03-31": "-0.95100", "2005-12-31": -0.089, "2005-09-30": -0.176, "2005-06-30": 1.007, "2005-03-31": "-0.60000"}, "Investing Activities - Other": {"2020-12-31": 14.449, "2020-09-30": -25.76, "2020-06-30": 13.886, "2020-03-31": "25.05800", "2019-12-31": -19.992, "2019-09-30": 10.899, "2019-06-30": -9.5, "2019-03-31": "0.50000", "2018-12-31": -4.5, "2018-09-30": 65.592, "2018-06-30": 13.286, "2018-03-31": "-7.78600", "2017-12-31": -7, "2017-09-30": 42.826, "2017-06-30": -2.75, "2017-03-31": "3.20000", "2016-12-31": 56.087, "2016-09-30": -55.883, "2016-06-30": 3.464, "2016-03-31": "-0.44900", "2015-12-31": 9.203, "2015-09-30": 4.014, "2015-06-30": 11.889, "2015-03-31": "-26.32500", "2014-12-31": -11.235, "2014-09-30": -73.758, "2014-06-30": 35.641, "2014-03-31": "-0.14000", "2013-12-31": -2.162, "2013-09-30": 1.012, "2013-06-30": -9.165, "2013-03-31": "-0.01700", "2012-12-31": -4.624, "2012-09-30": 0.079, "2012-06-30": -10.132, "2012-03-31": "20.85000", "2011-12-31": 0.708, "2011-09-30": -2.887, "2011-06-30": -0.263, "2011-03-31": "0.25900", "2010-12-31": 3.146, "2010-09-30": 2.326, "2010-06-30": 3.658, "2010-03-31": "8.89400", "2009-12-31": 29.11, "2009-09-30": -24.863, "2009-06-30": 6.823, "2009-03-31": "14.69000", "2008-12-31": -25.772, "2008-09-30": 0, "2008-06-30": 0, "2008-03-31": "", "2007-12-31": -17.913, "2007-09-30": 0, "2007-06-30": 0, "2007-03-31": "", "2006-12-31": 0, "2006-09-30": 0, "2006-06-30": 0, "2006-03-31": "", "2005-12-31": 0, "2005-09-30": 0, "2005-06-30": 0, "2005-03-31": ""}, "Cash Flow From Investing Activities": {"2020-12-31": -413.145, "2020-09-30": -1467.956, "2020-06-30": -563.468, "2020-03-31": "-833.59200", "2019-12-31": -1290.45, "2019-09-30": -898.633, "2019-06-30": -717.904, "2019-03-31": "-734.33300", "2018-12-31": -397.611, "2018-09-30": -495.25, "2018-06-30": -670.861, "2018-03-31": "-598.03800", "2017-12-31": -423.362, "2017-09-30": -332.044, "2017-06-30": -513.364, "2017-03-31": "-468.35600", "2016-12-31": -783.105, "2016-09-30": -341.337, "2016-06-30": -202.842, "2016-03-31": "-171.12200", "2015-12-31": -164.905, "2015-09-30": -241.45, "2015-06-30": -145.988, "2015-03-31": "-170.05200", "2014-12-31": -160.49, "2014-09-30": -201.162, "2014-06-30": -110.458, "2014-03-31": "-162.71900", "2013-12-31": -200.258, "2013-09-30": -174.645, "2013-06-30": -146.948, "2013-03-31": "-69.52400", "2012-12-31": -149.705, "2012-09-30": -115.664, "2012-06-30": -168.483, "2012-03-31": "-124.24800", "2011-12-31": -138.077, "2011-09-30": -119.719, "2011-06-30": -389.521, "2011-03-31": "-86.26200", "2010-12-31": -102.187, "2010-09-30": -139.563, "2010-06-30": -122.187, "2010-03-31": "-80.80800", "2009-12-31": -67.272, "2009-09-30": -128.589, "2009-06-30": -101.96, "2009-03-31": "-108.74500", "2008-12-31": -163.418, "2008-09-30": -156.345, "2008-06-30": -127.149, "2008-03-31": "-48.02100", "2007-12-31": -295.712, "2007-09-30": -444.13, "2007-06-30": -123.522, "2007-03-31": "-85.88900", "2006-12-31": -318.284, "2006-09-30": -429.176, "2006-06-30": -59.03, "2006-03-31": "-154.46000", "2005-12-31": -148.592, "2005-09-30": -78.985, "2005-06-30": -80.766, "2005-03-31": "-124.55700"}, "Net Long-Term Debt": {"2020-12-31": -262.2284, "2020-09-30": 306.4666, "2020-06-30": 217.3914, "2020-03-31": "535.05200", "2019-12-31": 39.256, "2019-09-30": 394.3829, "2019-06-30": 512.4651, "2019-03-31": "344.86600", "2018-12-31": -206.7332, "2018-09-30": 69.7471, "2018-06-30": 410.25, "2018-03-31": "444.95290", "2017-12-31": -50.3471, "2017-09-30": 40.4009, "2017-06-30": 343.4169, "2017-03-31": "268.95610", "2016-12-31": -388.737, "2016-09-30": 209.6801, "2016-06-30": 30.893, "2016-03-31": "154.26500", "2015-12-31": -348.347, "2015-09-30": 221.366, "2015-06-30": 189.141, "2015-03-31": "138.65100", "2014-12-31": 177.4471, "2014-09-30": 166.2899, "2014-06-30": 83.149, "2014-03-31": "142.18600", "2013-12-31": 190.4551, "2013-09-30": -85.612, "2013-06-30": -228.478, "2013-03-31": "2.46600", "2012-12-31": 144.811, "2012-09-30": 38.1579, "2012-06-30": 210.1631, "2012-03-31": "88.96100", "2011-12-31": 119.332, "2011-09-30": 323.706, "2011-06-30": -215.896, "2011-03-31": "178.00900", "2010-12-31": 140.685, "2010-09-30": -179.977, "2010-06-30": 86.54, "2010-03-31": "51.28600", "2009-12-31": 77.8521, "2009-09-30": -163.411, "2009-06-30": 26.842, "2009-03-31": "-111.45200", "2008-12-31": 162.454, "2008-09-30": 111.345, "2008-06-30": 67.6, "2008-03-31": "-161.86900", "2007-12-31": 1114.33, "2007-09-30": 228.241, "2007-06-30": 97.293, "2007-03-31": "142.69800", "2006-12-31": 299.4551, "2006-09-30": 192.957, "2006-06-30": -239.319, "2006-03-31": "138.09100", "2005-12-31": 128.883, "2005-09-30": -35.987, "2005-06-30": 78.958, "2005-03-31": "20.52900"}, "Net Current Debt": {"2020-12-31": 0, "2020-09-30": 0, "2020-06-30": 0, "2020-03-31": "", "2019-12-31": 0, "2019-09-30": 0, "2019-06-30": 0, "2019-03-31": "", "2018-12-31": 0, "2018-09-30": 0, "2018-06-30": 0, "2018-03-31": "", "2017-12-31": 0, "2017-09-30": 0, "2017-06-30": 0, "2017-03-31": "", "2016-12-31": 0, "2016-09-30": 0, "2016-06-30": 0, "2016-03-31": "", "2015-12-31": 0, "2015-09-30": 0, "2015-06-30": 0, "2015-03-31": "", "2014-12-31": 0, "2014-09-30": 0, "2014-06-30": 0, "2014-03-31": "", "2013-12-31": 0, "2013-09-30": 0, "2013-06-30": 0, "2013-03-31": "", "2012-12-31": 0, "2012-09-30": 0, "2012-06-30": 0, "2012-03-31": "", "2011-12-31": 0, "2011-09-30": 0, "2011-06-30": 0, "2011-03-31": "", "2010-12-31": 0, "2010-09-30": 0, "2010-06-30": 0, "2010-03-31": "", "2009-12-31": 0, "2009-09-30": 0, "2009-06-30": 0, "2009-03-31": "", "2008-12-31": 0, "2008-09-30": 0, "2008-06-30": 0, "2008-03-31": "", "2007-12-31": 0, "2007-09-30": 0, "2007-06-30": 0, "2007-03-31": "", "2006-12-31": 0, "2006-09-30": 0, "2006-06-30": 0, "2006-03-31": "", "2005-12-31": 0, "2005-09-30": 0, "2005-06-30": 0, "2005-03-31": ""}, "Debt Issuance/Retirement Net - Total": {"2020-12-31": -262.2284, "2020-09-30": 306.4666, "2020-06-30": 217.3914, "2020-03-31": "535.05200", "2019-12-31": 39.256, "2019-09-30": 394.3829, "2019-06-30": 512.4651, "2019-03-31": "344.86600", "2018-12-31": -206.7332, "2018-09-30": 69.7471, "2018-06-30": 410.25, "2018-03-31": "444.95290", "2017-12-31": -50.3471, "2017-09-30": 40.4009, "2017-06-30": 343.4169, "2017-03-31": "268.95610", "2016-12-31": -388.737, "2016-09-30": 209.6801, "2016-06-30": 30.893, "2016-03-31": "154.26500", "2015-12-31": -348.347, "2015-09-30": 221.366, "2015-06-30": 189.141, "2015-03-31": "138.65100", "2014-12-31": 177.4471, "2014-09-30": 166.2899, "2014-06-30": 83.149, "2014-03-31": "142.18600", "2013-12-31": 190.4551, "2013-09-30": -85.612, "2013-06-30": -228.478, "2013-03-31": "2.46600", "2012-12-31": 144.811, "2012-09-30": 38.1579, "2012-06-30": 210.1631, "2012-03-31": "88.96100", "2011-12-31": 119.332, "2011-09-30": 323.706, "2011-06-30": -215.896, "2011-03-31": "178.00900", "2010-12-31": 140.685, "2010-09-30": -179.977, "2010-06-30": 86.54, "2010-03-31": "51.28600", "2009-12-31": 77.8521, "2009-09-30": -163.411, "2009-06-30": 26.842, "2009-03-31": "-111.45200", "2008-12-31": 162.454, "2008-09-30": 111.345, "2008-06-30": 67.6, "2008-03-31": "-161.86900", "2007-12-31": 1114.33, "2007-09-30": 228.241, "2007-06-30": 97.293, "2007-03-31": "142.69800", "2006-12-31": 299.4551, "2006-09-30": 192.957, "2006-06-30": -239.319, "2006-03-31": "138.09100", "2005-12-31": 128.883, "2005-09-30": -35.987, "2005-06-30": 78.958, "2005-03-31": "20.52900"}, "Net Common Equity Issued/Repurchased": {"2020-12-31": 502.289, "2020-09-30": 1309.235, "2020-06-30": 0, "2020-03-31": "504.33800", "2019-12-31": 980.958, "2019-09-30": 150.093, "2019-06-30": 85.394, "2019-03-31": "", "2018-12-31": 596.769, "2018-09-30": 296.325, "2018-06-30": 300.838, "2018-03-31": "99.36900", "2017-12-31": 570.006, "2017-09-30": 245.784, "2017-06-30": 241.848, "2017-03-31": "217.75900", "2016-12-31": 1064.375, "2016-09-30": 0, "2016-06-30": 342.524, "2016-03-31": "25.27800", "2015-12-31": 73.411, "2015-09-30": 0, "2015-06-30": 5.052, "2015-03-31": "", "2014-12-31": 0, "2014-09-30": 0, "2014-06-30": 0, "2014-03-31": "", "2013-12-31": -1.601, "2013-09-30": 1.217, "2013-06-30": 534.469, "2013-03-31": "", "2012-12-31": -0.553, "2012-09-30": 61.058, "2012-06-30": 36.428, "2012-03-31": "-83.68900", "2011-12-31": 0.952, "2011-09-30": -221.438, "2011-06-30": 550.497, "2011-03-31": "-97.79400", "2010-12-31": -97.105, "2010-09-30": 343.172, "2010-06-30": -3.351, "2010-03-31": "5.19400", "2009-12-31": 2.715, "2009-09-30": 233.804, "2009-06-30": 0.001, "2009-03-31": "254.66000", "2008-12-31": 0.011, "2008-09-30": 0.538, "2008-06-30": 1.549, "2008-03-31": "0.41100", "2007-12-31": 214.961, "2007-09-30": 0.317, "2007-06-30": 0.22, "2007-03-31": "1.40000", "2006-12-31": 0.664, "2006-09-30": 233.517, "2006-06-30": 303.387, "2006-03-31": "1.99200", "2005-12-31": 4.676, "2005-09-30": 97.342, "2005-06-30": 1.415, "2005-03-31": "90.22900"}, "Net Total Equity Issued/Repurchased": {"2020-12-31": 502.289, "2020-09-30": 1309.235, "2020-06-30": 0, "2020-03-31": "504.33800", "2019-12-31": 980.958, "2019-09-30": 150.093, "2019-06-30": 85.394, "2019-03-31": "-9.24000", "2018-12-31": 582.793, "2018-09-30": 296.325, "2018-06-30": 300.838, "2018-03-31": "99.36900", "2017-12-31": 570.006, "2017-09-30": 245.784, "2017-06-30": 111.498, "2017-03-31": "199.82500", "2016-12-31": 956.182, "2016-09-30": -39.323, "2016-06-30": 308.832, "2016-03-31": "-0.34000", "2015-12-31": 73.411, "2015-09-30": 0, "2015-06-30": 5.052, "2015-03-31": "", "2014-12-31": -14.414, "2014-09-30": 0, "2014-06-30": 0, "2014-03-31": "", "2013-12-31": -1.601, "2013-09-30": 1.217, "2013-06-30": 534.469, "2013-03-31": "", "2012-12-31": -0.553, "2012-09-30": 61.058, "2012-06-30": -93.21, "2012-03-31": "41.17900", "2011-12-31": 0.952, "2011-09-30": -221.438, "2011-06-30": 550.497, "2011-03-31": "-97.79400", "2010-12-31": -97.105, "2010-09-30": 343.172, "2010-06-30": -3.351, "2010-03-31": "5.19400", "2009-12-31": 2.715, "2009-09-30": 233.804, "2009-06-30": 0.001, "2009-03-31": "254.66000", "2008-12-31": 0.011, "2008-09-30": 0.538, "2008-06-30": 30.649, "2008-03-31": "213.49700", "2007-12-31": 27.98, "2007-09-30": 187.298, "2007-06-30": 0.22, "2007-03-31": "-56.10000", "2006-12-31": 0.664, "2006-09-30": 233.517, "2006-06-30": 303.387, "2006-03-31": "1.99200", "2005-12-31": 4.676, "2005-09-30": 97.342, "2005-06-30": 1.415, "2005-03-31": "90.22900"}, "Total Common And Preferred Stock Dividends Paid": {"2020-12-31": -143.04, "2020-09-30": -133.681, "2020-06-30": -129.981, "2020-03-31": "-126.27800", "2019-12-31": -115.574, "2019-09-30": -114.55, "2019-06-30": -110.578, "2019-03-31": "-110.46800", "2018-12-31": -101.302, "2018-09-30": -98.893, "2018-06-30": -93.282, "2018-03-31": "-92.36200", "2017-12-31": -83.619, "2017-09-30": -81.82, "2017-06-30": -78.989, "2017-03-31": "-77.32200", "2016-12-31": -67.308, "2016-09-30": -67.778, "2016-06-30": -64.938, "2016-03-31": "-62.73700", "2015-12-31": -62.07, "2015-09-30": -61.924, "2015-06-30": -59.554, "2015-03-31": "-59.54200", "2014-12-31": -58.317, "2014-09-30": -58.144, "2014-06-30": -56.625, "2014-03-31": "-55.18500", "2013-12-31": -55.18, "2013-09-30": -52.907, "2013-06-30": -44.716, "2013-03-31": "-42.15800", "2012-12-31": -40.226, "2012-09-30": -39.122, "2012-06-30": -37.494, "2012-03-31": "-37.47500", "2011-12-31": -36.191, "2011-09-30": -34.981, "2011-06-30": -32.062, "2011-03-31": "-32.01200", "2010-12-31": -26.46, "2010-09-30": -24.586, "2010-06-30": -22.615, "2010-03-31": "-22.57000", "2009-12-31": -22.55, "2009-09-30": -20.884, "2009-06-30": -38.586, "2009-03-31": "-32.98900", "2008-12-31": -32.803, "2008-09-30": -33.745, "2008-06-30": -27.707, "2008-03-31": "-27.71600", "2007-12-31": -26.286, "2007-09-30": -25.181, "2007-06-30": -24.523, "2007-03-31": "-26.64400", "2006-12-31": -25.058, "2006-09-30": -22.639, "2006-06-30": -19.972, "2006-03-31": "-19.91000", "2005-12-31": -19.226, "2005-09-30": -18.228, "2005-06-30": -17.991, "2005-03-31": "-16.95700"}, "Financial Activities - Other": {"2020-12-31": 254.554, "2020-09-30": -86.208, "2020-06-30": 25.883, "2020-03-31": "-23.43700", "2019-12-31": -2.834, "2019-09-30": 486.532, "2019-06-30": -18.869, "2019-03-31": "415.64800", "2018-12-31": 5.869, "2018-09-30": -15.859, "2018-06-30": -12.639, "2018-03-31": "-0.64100", "2017-12-31": 24.449, "2017-09-30": -5.268, "2017-06-30": -3.861, "2017-03-31": "-2.76900", "2016-12-31": 135.918, "2016-09-30": 21.582, "2016-06-30": -32.008, "2016-03-31": "-0.40800", "2015-12-31": 454.494, "2015-09-30": -4.923, "2015-06-30": -55.191, "2015-03-31": "-11.43800", "2014-12-31": -3.384, "2014-09-30": -10.02, "2014-06-30": -1.144, "2014-03-31": "19.47300", "2013-12-31": -2.961, "2013-09-30": -31.366, "2013-06-30": 5.759, "2013-03-31": "8.18300", "2012-12-31": 14.624, "2012-09-30": -12.458, "2012-06-30": -2.242, "2012-03-31": "-21.31400", "2011-12-31": -2.266, "2011-09-30": -5.308, "2011-06-30": 3.111, "2011-03-31": "-18.50300", "2010-12-31": 0.503, "2010-09-30": 2.023, "2010-06-30": -10.797, "2010-03-31": "-4.03000", "2009-12-31": -24.909, "2009-09-30": 17.922, "2009-06-30": 1.469, "2009-03-31": "-2.12900", "2008-12-31": 1.824, "2008-09-30": -0.597, "2008-06-30": -1.017, "2008-03-31": "-1.60000", "2007-12-31": -872.546, "2007-09-30": 0.381, "2007-06-30": -0.943, "2007-03-31": "0.08600", "2006-12-31": -0.75, "2006-09-30": -0.394, "2006-06-30": -0.392, "2006-03-31": "-0.39200", "2005-12-31": -0.393, "2005-09-30": -0.275, "2005-06-30": 0, "2005-03-31": ""}, "Cash Flow From Financial Activities": {"2020-12-31": 351.575, "2020-09-30": 1395.812, "2020-06-30": 113.294, "2020-03-31": "889.67500", "2019-12-31": 901.806, "2019-09-30": 916.458, "2019-06-30": 468.412, "2019-03-31": "640.80600", "2018-12-31": 280.627, "2018-09-30": 251.32, "2018-06-30": 605.167, "2018-03-31": "451.31900", "2017-12-31": 460.489, "2017-09-30": 199.097, "2017-06-30": 372.065, "2017-03-31": "388.69000", "2016-12-31": 636.055, "2016-09-30": 124.161, "2016-06-30": 242.779, "2016-03-31": "90.78000", "2015-12-31": 117.488, "2015-09-30": 154.519, "2015-06-30": 79.448, "2015-03-31": "67.67100", "2014-12-31": 101.332, "2014-09-30": 98.126, "2014-06-30": 25.38, "2014-03-31": "106.47400", "2013-12-31": 130.713, "2013-09-30": -168.668, "2013-06-30": 267.034, "2013-03-31": "-31.50900", "2012-12-31": 118.656, "2012-09-30": 47.636, "2012-06-30": 77.217, "2012-03-31": "71.35100", "2011-12-31": 81.827, "2011-09-30": 61.979, "2011-06-30": 305.65, "2011-03-31": "29.70000", "2010-12-31": 17.623, "2010-09-30": 140.632, "2010-06-30": 49.777, "2010-03-31": "29.88000", "2009-12-31": 33.108, "2009-09-30": 67.431, "2009-06-30": -10.274, "2009-03-31": "108.09000", "2008-12-31": 131.486, "2008-09-30": 77.541, "2008-06-30": 69.525, "2008-03-31": "22.31200", "2007-12-31": 243.478, "2007-09-30": 390.739, "2007-06-30": 72.047, "2007-03-31": "60.04000", "2006-12-31": 274.311, "2006-09-30": 403.441, "2006-06-30": 43.704, "2006-03-31": "119.78100", "2005-12-31": 113.94, "2005-09-30": 42.852, "2005-06-30": 62.382, "2005-03-31": "93.80100"}, "Net Cash Flow": {"2020-12-31": 112.662, "2020-09-30": 243.503, "2020-06-30": -246.831, "2020-03-31": "245.68200", "2019-12-31": -210.281, "2019-09-30": 214.745, "2019-06-30": -77.58, "2019-03-31": "43.67500", "2018-12-31": 38.25, "2018-09-30": -87.961, "2018-06-30": 62.859, "2018-03-31": "-18.20400", "2017-12-31": 130.911, "2017-09-30": 1.396, "2017-06-30": -24.65, "2017-03-31": "28.16300", "2016-12-31": -45.434, "2016-09-30": -98.072, "2016-06-30": 109.803, "2016-03-31": "21.09900", "2015-12-31": 48.715, "2015-09-30": 7.766, "2015-06-30": -22.024, "2015-03-31": "4.63000", "2014-12-31": 18.988, "2014-09-30": 5.322, "2014-06-30": -13.269, "2014-03-31": "17.27400", "2013-12-31": 3.857, "2013-09-30": -248.366, "2013-06-30": 215.204, "2013-03-31": "-53.97000", "2012-12-31": 46.067, "2012-09-30": 13.967, "2012-06-30": 3.576, "2012-03-31": "-1.17800", "2011-12-31": 5.483, "2011-09-30": 12.131, "2011-06-30": -17.271, "2011-03-31": "-13.03600", "2010-12-31": -19.579, "2010-09-30": 37.557, "2010-06-30": 2.274, "2010-03-31": "0.35200", "2009-12-31": 2.348, "2009-09-30": -2.033, "2009-06-30": -54.968, "2009-03-31": "54.12000", "2008-12-31": 55.77, "2008-09-30": 8.319, "2008-06-30": -0.582, "2008-03-31": "-0.37600", "2007-12-31": -2.75, "2007-09-30": 3.763, "2007-06-30": -1.995, "2007-03-31": "6.06400", "2006-12-31": -4.873, "2006-09-30": 4.174, "2006-06-30": 0.217, "2006-03-31": "-0.48100", "2005-12-31": -0.64, "2005-09-30": 2.161, "2005-06-30": -1.38, "2005-03-31": "0.61200"}, "Stock-Based Compensation": {"2020-12-31": 11.394, "2020-09-30": 12.994, "2020-06-30": 9.185, "2020-03-31": "9.92900", "2019-12-31": 10.239, "2019-09-30": 10.935, "2019-06-30": 11.437, "2019-03-31": "11.02900", "2018-12-31": 9.81, "2018-09-30": 9.986, "2018-06-30": 7.975, "2018-03-31": "7.24800", "2017-12-31": 6.961, "2017-09-30": 7.893, "2017-06-30": 5.504, "2017-03-31": "5.25200", "2016-12-31": 6.426, "2016-09-30": 7.451, "2016-06-30": 6.117, "2016-03-31": "5.43900", "2015-12-31": 4.59, "2015-09-30": 5.178, "2015-06-30": 4.054, "2015-03-31": "3.69000", "2014-12-31": 4.624, "2014-09-30": 3.068, "2014-06-30": 3.076, "2014-03-31": "3.22800", "2013-12-31": 4.011, "2013-09-30": 3.729, "2013-06-30": 4.463, "2013-03-31": "3.34900", "2012-12-31": 3.748, "2012-09-30": 3.845, "2012-06-30": 3.274, "2012-03-31": "3.29300", "2011-12-31": 3.306, "2011-09-30": 3.344, "2011-06-30": 2.749, "2011-03-31": "2.35600", "2010-12-31": 2.767, "2010-09-30": 2.66, "2010-06-30": 2.658, "2010-03-31": "2.73100", "2009-12-31": 3.194, "2009-09-30": 4.141, "2009-06-30": 3.694, "2009-03-31": "3.02200", "2008-12-31": 3.563, "2008-09-30": 3.523, "2008-06-30": 3.055, "2008-03-31": "3.53600", "2007-12-31": 2.988, "2007-09-30": 2.774, "2007-06-30": 2.686, "2007-03-31": "2.72800", "2006-12-31": 2.026, "2006-09-30": 1.575, "2006-06-30": 1.971, "2006-03-31": "2.33700", "2005-12-31": 0.501, "2005-09-30": 2.051, "2005-06-30": 1.592, "2005-03-31": "0.99200"}, "Common Stock Dividends Paid": {"2020-12-31": -143.04, "2020-09-30": -133.681, "2020-06-30": -129.981, "2020-03-31": "-126.27800", "2019-12-31": -114.571, "2019-09-30": -113.544, "2019-06-30": -109.572, "2019-03-31": "-109.34200", "2018-12-31": -100, "2018-09-30": -97.592, "2018-06-30": -91.98, "2018-03-31": "-91.06000", "2017-12-31": -82.317, "2017-09-30": -80.518, "2017-06-30": -75.591, "2017-03-31": "-73.70500", "2016-12-31": -62.381, "2016-09-30": -62.377, "2016-06-30": -59.099, "2016-03-31": "-56.49000", "2015-12-31": -55.824, "2015-09-30": -55.677, "2015-06-30": -53.308, "2015-03-31": "-53.29500", "2014-12-31": -51.846, "2014-09-30": -51.673, "2014-06-30": -50.153, "2014-03-31": "-48.71400", "2013-12-31": -48.709, "2013-09-30": -46.435, "2013-06-30": -38.245, "2013-03-31": "-35.68700", "2012-12-31": -33.755, "2012-09-30": -31.952, "2012-06-30": -30.405, "2012-03-31": "-30.38600", "2011-12-31": -29.102, "2011-09-30": -27.891, "2011-06-30": -24.973, "2011-03-31": "-24.92300", "2010-12-31": -19.371, "2010-09-30": -17.497, "2010-06-30": -15.525, "2010-03-31": "-15.48100", "2009-12-31": -15.461, "2009-09-30": -13.794, "2009-06-30": -31.497, "2009-03-31": "-25.90000", "2008-12-31": -25.715, "2008-09-30": -25.682, "2008-06-30": -24.994, "2008-03-31": "-25.00200", "2007-12-31": -23.998, "2007-09-30": -22.467, "2007-06-30": -21.809, "2007-03-31": "-21.67700", "2006-12-31": -21.035, "2006-09-30": -18.617, "2006-06-30": -15.949, "2006-03-31": "-15.88800", "2005-12-31": -15.203, "2005-09-30": -14.206, "2005-06-30": -13.968, "2005-03-31": "-12.93500"}}, "financial ratios": {"Current Ratio": {"2020-12-31": "", "2019-12-31": "", "2018-12-31": "", "2017-12-31": "", "2016-12-31": "", "2015-12-31": "", "2014-12-31": "", "2013-12-31": "", "2012-12-31": "", "2011-12-31": "", "2010-12-31": "", "2009-12-31": "", "2008-12-31": "", "2007-12-31": "", "2006-12-31": "", "2005-12-31": ""}, "Long-term Debt / Capital": {"2020-12-31": "0.36020", "2019-12-31": "0.40030", "2018-12-31": "0.41000", "2017-12-31": "0.42400", "2016-12-31": "0.43670", "2015-12-31": "0.47910", "2014-12-31": "0.48570", "2013-12-31": "0.43570", "2012-12-31": "0.47700", "2011-12-31": "0.44850", "2010-12-31": "0.46520", "2009-12-31": "0.53740", "2008-12-31": "0.62790", "2007-12-31": "0.64960", "2006-12-31": "0.59970", "2005-12-31": "0.62900"}, "Debt/Equity Ratio": {"2020-12-31": "0.56310", "2019-12-31": "0.66750", "2018-12-31": "0.69490", "2017-12-31": "0.73630", "2016-12-31": "0.77530", "2015-12-31": "0.91960", "2014-12-31": "0.94440", "2013-12-31": "0.77210", "2012-12-31": "0.91210", "2011-12-31": "0.81340", "2010-12-31": "0.87000", "2009-12-31": "1.16170", "2008-12-31": "1.68750", "2007-12-31": "1.85390", "2006-12-31": "1.49810", "2005-12-31": "1.69520"}, "Gross Margin": {"2020-12-31": "", "2019-12-31": "", "2018-12-31": "", "2017-12-31": "", "2016-12-31": "", "2015-12-31": "", "2014-12-31": "", "2013-12-31": "", "2012-12-31": "", "2011-12-31": "", "2010-12-31": "", "2009-12-31": "", "2008-12-31": "", "2007-12-31": "", "2006-12-31": "", "2005-12-31": ""}, "Operating Margin": {"2020-12-31": "27.78730", "2019-12-31": "28.23550", "2018-12-31": "28.49600", "2017-12-31": "27.54160", "2016-12-31": "28.86210", "2015-12-31": "30.98280", "2014-12-31": "31.65420", "2013-12-31": "32.39620", "2012-12-31": "29.29640", "2011-12-31": "34.86120", "2010-12-31": "39.45980", "2009-12-31": "42.75190", "2008-12-31": "43.85610", "2007-12-31": "43.32200", "2006-12-31": "45.47290", "2005-12-31": "45.89480"}, "EBIT Margin": {"2020-12-31": "27.78730", "2019-12-31": "28.23550", "2018-12-31": "28.49600", "2017-12-31": "27.54160", "2016-12-31": "28.86210", "2015-12-31": "30.98280", "2014-12-31": "31.65420", "2013-12-31": "32.39620", "2012-12-31": "29.29640", "2011-12-31": "34.86120", "2010-12-31": "39.45980", "2009-12-31": "42.75190", "2008-12-31": "43.85610", "2007-12-31": "43.32200", "2006-12-31": "45.47290", "2005-12-31": "45.89480"}, "EBITDA Margin": {"2020-12-31": "62.14170", "2019-12-31": "62.20200", "2018-12-31": "63.41900", "2017-12-31": "63.56380", "2016-12-31": "63.47610", "2015-12-31": "62.49560", "2014-12-31": "63.60970", "2013-12-31": "63.75590", "2012-12-31": "63.96120", "2011-12-31": "65.00630", "2010-12-31": "69.12910", "2009-12-31": "69.29230", "2008-12-31": "68.89400", "2007-12-31": "69.76950", "2006-12-31": "68.37660", "2005-12-31": "69.47530"}, "Pre-Tax Profit Margin": {"2020-12-31": "35.69520", "2019-12-31": "26.35500", "2018-12-31": "29.68750", "2017-12-31": "17.18140", "2016-12-31": "-5.81570", "2015-12-31": "15.65910", "2014-12-31": "13.63950", "2013-12-31": "21.31420", "2012-12-31": "16.50980", "2011-12-31": "21.84690", "2010-12-31": "14.56360", "2009-12-31": "28.03760", "2008-12-31": "22.19320", "2007-12-31": "19.56180", "2006-12-31": "22.60110", "2005-12-31": "24.68810"}, "Net Profit Margin": {"2020-12-31": "40.34660", "2019-12-31": "22.92140", "2018-12-31": "27.41950", "2017-12-31": "12.88850", "2016-12-31": "-16.39800", "2015-12-31": "13.85540", "2014-12-31": "9.92090", "2013-12-31": "17.23060", "2012-12-31": "11.77200", "2011-12-31": "18.99720", "2010-12-31": "22.99960", "2009-12-31": "21.79910", "2008-12-31": "19.93390", "2007-12-31": "18.13290", "2006-12-31": "18.97830", "2005-12-31": "20.44120"}, "Asset Turnover": {"2020-12-31": "0.08260", "2019-12-31": "0.08330", "2018-12-31": "0.09180", "2017-12-31": "0.09320", "2016-12-31": "0.08900", "2015-12-31": "0.09500", "2014-12-31": "0.08930", "2013-12-31": "0.08380", "2012-12-31": "0.08030", "2011-12-31": "0.08170", "2010-12-31": "0.07800", "2009-12-31": "0.08820", "2008-12-31": "0.08870", "2007-12-31": "0.08370", "2006-12-31": "0.08350", "2005-12-31": "0.09800"}, "Inventory Turnover Ratio": {"2020-12-31": "", "2019-12-31": "", "2018-12-31": "", "2017-12-31": "", "2016-12-31": "", "2015-12-31": "", "2014-12-31": "", "2013-12-31": "", "2012-12-31": "", "2011-12-31": "", "2010-12-31": "", "2009-12-31": "", "2008-12-31": "", "2007-12-31": "", "2006-12-31": "", "2005-12-31": ""}, "Receiveable Turnover": {"2020-12-31": "", "2019-12-31": "", "2018-12-31": "", "2017-12-31": "", "2016-12-31": "", "2015-12-31": "", "2014-12-31": "", "2013-12-31": "", "2012-12-31": "", "2011-12-31": "", "2010-12-31": "", "2009-12-31": "", "2008-12-31": "", "2007-12-31": "", "2006-12-31": "", "2005-12-31": ""}, "Days Sales In Receivables": {"2020-12-31": "", "2019-12-31": "", "2018-12-31": "", "2017-12-31": "", "2016-12-31": "", "2015-12-31": "", "2014-12-31": "", "2013-12-31": "", "2012-12-31": "", "2011-12-31": "", "2010-12-31": "", "2009-12-31": "", "2008-12-31": "", "2007-12-31": "", "2006-12-31": "", "2005-12-31": ""}, "ROE - Return On Equity": {"2020-12-31": "6.15800", "2019-12-31": "3.97910", "2018-12-31": "5.15110", "2017-12-31": "3.03400", "2016-12-31": "-0.96800", "2015-12-31": "3.73560", "2014-12-31": "2.81010", "2013-12-31": "3.75300", "2012-12-31": "3.05130", "2011-12-31": "3.86110", "2010-12-31": "2.58930", "2009-12-31": "6.80180", "2008-12-31": "7.42080", "2007-12-31": "5.52810", "2006-12-31": "5.66610", "2005-12-31": "8.79860"}, "Return On Tangible Equity": {"2020-12-31": "6.15800", "2019-12-31": "3.97910", "2018-12-31": "5.10900", "2017-12-31": "2.99910", "2016-12-31": "-0.92890", "2015-12-31": "3.41510", "2014-12-31": "2.54520", "2013-12-31": "3.39320", "2012-12-31": "2.71890", "2011-12-31": "3.43210", "2010-12-31": "2.25840", "2009-12-31": "5.70980", "2008-12-31": "5.80270", "2007-12-31": "5.05150", "2006-12-31": "4.88160", "2005-12-31": "6.81430"}, "ROA - Return On Assets": {"2020-12-31": "3.62350", "2019-12-31": "2.19700", "2018-12-31": "2.78460", "2017-12-31": "1.60360", "2016-12-31": "-0.48180", "2015-12-31": "1.64570", "2014-12-31": "1.21860", "2013-12-31": "1.78660", "2012-12-31": "1.32650", "2011-12-31": "1.78380", "2010-12-31": "1.13590", "2009-12-31": "2.47410", "2008-12-31": "1.96860", "2007-12-31": "1.63650", "2006-12-31": "1.82400", "2005-12-31": "2.39350"}, "ROI - Return On Investment": {"2020-12-31": "3.93970", "2019-12-31": "2.38630", "2018-12-31": "3.01440", "2017-12-31": "1.72730", "2016-12-31": "-0.52320", "2015-12-31": "1.77910", "2014-12-31": "1.30900", "2013-12-31": "1.91480", "2012-12-31": "1.42190", "2011-12-31": "1.89260", "2010-12-31": "1.20770", "2009-12-31": "2.64140", "2008-12-31": "2.15910", "2007-12-31": "1.77010", "2006-12-31": "1.95410", "2005-12-31": "2.52830"}, "Book Value Per Share": {"2020-12-31": "98.26930", "2019-12-31": "84.05780", "2018-12-31": "71.01870", "2017-12-31": "64.85670", "2016-12-31": "61.26630", "2015-12-31": "58.99110", "2014-12-31": "54.50640", "2013-12-31": "55.70300", "2012-12-31": "55.15840", "2011-12-31": "55.50450", "2010-12-31": "54.03980", "2009-12-31": "53.93050", "2008-12-31": "54.58170", "2007-12-31": "47.58470", "2006-12-31": "46.58940", "2005-12-31": "36.97700"}, "Operating Cash Flow Per Share": {"2020-12-31": 0.8995, "2019-12-31": 0.5573, "2018-12-31": 0.6226, "2017-12-31": -0.273, "2016-12-31": 0.3807, "2015-12-31": 0.0922, "2014-12-31": 0.1012, "2013-12-31": -0.3189, "2012-12-31": 0.7351, "2011-12-31": -0.5095, "2010-12-31": -0.6718, "2009-12-31": -2.7355, "2008-12-31": 1.794, "2007-12-31": 1.6505, "2006-12-31": -1.0086, "2005-12-31": 5.6611}, "Free Cash Flow Per Share": {"2020-12-31": 5.9631, "2019-12-31": -11.5323, "2018-12-31": -1.3162, "2017-12-31": 1.7484, "2016-12-31": -8.9653, "2015-12-31": -1.8163, "2014-12-31": 0.709, "2013-12-31": 0.3575, "2012-12-31": 3.9085, "2011-12-31": -3.3224, "2010-12-31": 1.0507, "2009-12-31": 1.0319, "2008-12-31": 18.3358, "2007-12-31": 8.2794, "2006-12-31": -18.6443, "2005-12-31": -14.6533}}, "financial ratios, quarterly": {"Current Ratio": {"2020-12-31": "", "2020-09-30": "", "2020-06-30": "", "2020-03-31": "", "2019-12-31": "", "2019-09-30": "", "2019-06-30": "", "2019-03-31": "", "2018-12-31": "", "2018-09-30": "", "2018-06-30": "", "2018-03-31": "", "2017-12-31": "", "2017-09-30": "", "2017-06-30": "", "2017-03-31": "", "2016-12-31": "", "2016-09-30": "", "2016-06-30": "", "2016-03-31": "", "2015-12-31": "", "2015-09-30": "", "2015-06-30": "", "2015-03-31": "", "2014-12-31": "", "2014-09-30": "", "2014-06-30": "", "2014-03-31": "", "2013-12-31": "", "2013-09-30": "", "2013-06-30": "", "2013-03-31": "", "2012-12-31": "", "2012-09-30": "", "2012-06-30": "", "2012-03-31": "", "2011-12-31": "", "2011-09-30": "", "2011-06-30": "", "2011-03-31": "", "2010-12-31": "", "2010-09-30": "", "2010-06-30": "", "2010-03-31": "", "2009-12-31": "", "2009-09-30": "", "2009-06-30": "", "2009-03-31": "", "2008-12-31": "", "2008-09-30": "", "2008-06-30": "", "2008-03-31": "", "2007-12-31": "", "2007-09-30": "", "2007-06-30": "", "2007-03-31": "", "2006-12-31": "", "2006-09-30": "", "2006-06-30": "", "2006-03-31": "", "2005-12-31": "", "2005-09-30": "", "2005-06-30": "", "2005-03-31": ""}, "Long-term Debt / Capital": {"2020-12-31": "0.36020", "2020-09-30": "0.38830", "2020-06-30": "0.40490", "2020-03-31": "0.40120", "2019-12-31": "0.40030", "2019-09-30": "0.42940", "2019-06-30": "0.43070", "2019-03-31": "0.41190", "2018-12-31": "0.41000", "2018-09-30": "0.43430", "2018-06-30": "0.44540", "2018-03-31": "0.43660", "2017-12-31": "0.42400", "2017-09-30": "0.44980", "2017-06-30": "0.45840", "2017-03-31": "0.44910", "2016-12-31": "0.43670", "2016-09-30": "0.50260", "2016-06-30": "0.48570", "2016-03-31": "0.49510", "2015-12-31": "0.47910", "2015-09-30": "0.53430", "2015-06-30": "0.51690", "2015-03-31": "0.50790", "2014-12-31": "0.48570", "2014-09-30": "0.47030", "2014-06-30": "0.45620", "2014-03-31": "0.44900", "2013-12-31": "0.43570", "2013-09-30": "0.41990", "2013-06-30": "0.42620", "2013-03-31": "0.47780", "2012-12-31": "0.47700", "2012-09-30": "0.46410", "2012-06-30": "0.46570", "2012-03-31": "0.44900", "2011-12-31": "0.44850", "2011-09-30": "0.43780", "2011-06-30": "0.42600", "2011-03-31": "0.47220", "2010-12-31": "0.46520", "2010-09-30": "0.46550", "2010-06-30": "0.51380", "2010-03-31": "0.53700", "2009-12-31": "0.53740", "2009-09-30": "0.53270", "2009-06-30": "0.57530", "2009-03-31": "0.58540", "2008-12-31": "0.62790", "2008-09-30": "0.61700", "2008-06-30": "0.60600", "2008-03-31": "0.60820", "2007-12-31": "0.64960", "2007-09-30": "0.62670", "2007-06-30": "0.63410", "2007-03-31": "0.62760", "2006-12-31": "0.59970", "2006-09-30": "0.55990", "2006-06-30": "0.53440", "2006-03-31": "0.64960", "2005-12-31": "0.62900", "2005-09-30": "0.60780", "2005-06-30": "0.64510", "2005-03-31": "0.63110"}, "Debt/Equity Ratio": {"2020-12-31": "0.56310", "2020-09-30": "0.63480", "2020-06-30": "0.68040", "2020-03-31": "0.67010", "2019-12-31": "0.66750", "2019-09-30": "0.75270", "2019-06-30": "0.75660", "2019-03-31": "0.70030", "2018-12-31": "0.69490", "2018-09-30": "0.76780", "2018-06-30": "0.80320", "2018-03-31": "0.77510", "2017-12-31": "0.73630", "2017-09-30": "0.81740", "2017-06-30": "0.84620", "2017-03-31": "0.81520", "2016-12-31": "0.77530", "2016-09-30": "1.01050", "2016-06-30": "0.94450", "2016-03-31": "0.98050", "2015-12-31": "0.91960", "2015-09-30": "1.14710", "2015-06-30": "1.07010", "2015-03-31": "1.03210", "2014-12-31": "0.94440", "2014-09-30": "0.88800", "2014-06-30": "0.83910", "2014-03-31": "0.81500", "2013-12-31": "0.77210", "2013-09-30": "0.72380", "2013-06-30": "0.74260", "2013-03-31": "0.91490", "2012-12-31": "0.91210", "2012-09-30": "0.86610", "2012-06-30": "0.87150", "2012-03-31": "0.81490", "2011-12-31": "0.81340", "2011-09-30": "0.77870", "2011-06-30": "0.74230", "2011-03-31": "0.89470", "2010-12-31": "0.87000", "2010-09-30": "0.87090", "2010-06-30": "1.05680", "2010-03-31": "1.16000", "2009-12-31": "1.16170", "2009-09-30": "1.14000", "2009-06-30": "1.35450", "2009-03-31": "1.41190", "2008-12-31": "1.68750", "2008-09-30": "1.61120", "2008-06-30": "1.53820", "2008-03-31": "1.55220", "2007-12-31": "1.85390", "2007-09-30": "1.67900", "2007-06-30": "1.73320", "2007-03-31": "1.68510", "2006-12-31": "1.49810", "2006-09-30": "1.27210", "2006-06-30": "1.14760", "2006-03-31": "1.85410", "2005-12-31": "1.69520", "2005-09-30": "1.54970", "2005-06-30": "1.81760", "2005-03-31": "1.71070"}, "Gross Margin": {"2020-12-31": "", "2020-09-30": "", "2020-06-30": "", "2020-03-31": "", "2019-12-31": "", "2019-09-30": "", "2019-06-30": "", "2019-03-31": "", "2018-12-31": "", "2018-09-30": "", "2018-06-30": "", "2018-03-31": "", "2017-12-31": "", "2017-09-30": "", "2017-06-30": "", "2017-03-31": "", "2016-12-31": "", "2016-09-30": "", "2016-06-30": "", "2016-03-31": "", "2015-12-31": "", "2015-09-30": "", "2015-06-30": "", "2015-03-31": "", "2014-12-31": "", "2014-09-30": "", "2014-06-30": "", "2014-03-31": "", "2013-12-31": "", "2013-09-30": "", "2013-06-30": "", "2013-03-31": "", "2012-12-31": "", "2012-09-30": "", "2012-06-30": "", "2012-03-31": "", "2011-12-31": "", "2011-09-30": "", "2011-06-30": "", "2011-03-31": "", "2010-12-31": "", "2010-09-30": "", "2010-06-30": "", "2010-03-31": "", "2009-12-31": "", "2009-09-30": "", "2009-06-30": "", "2009-03-31": "", "2008-12-31": "", "2008-09-30": "", "2008-06-30": "", "2008-03-31": "", "2007-12-31": "", "2007-09-30": "", "2007-06-30": "", "2007-03-31": "", "2006-12-31": "", "2006-09-30": "", "2006-06-30": "", "2006-03-31": "", "2005-12-31": "", "2005-09-30": "", "2005-06-30": "", "2005-03-31": ""}, "Operating Margin": {"2020-12-31": "25.12570", "2020-09-30": "35.01660", "2020-06-30": "25.91630", "2020-03-31": "23.49460", "2019-12-31": "28.41410", "2019-09-30": "28.30690", "2019-06-30": "28.69980", "2019-03-31": "27.47090", "2018-12-31": "28.02240", "2018-09-30": "29.19760", "2018-06-30": "28.10010", "2018-03-31": "28.65260", "2017-12-31": "28.14480", "2017-09-30": "26.79920", "2017-06-30": "26.64150", "2017-03-31": "28.56570", "2016-12-31": "25.38030", "2016-09-30": "28.38370", "2016-06-30": "32.37760", "2016-03-31": "29.70910", "2015-12-31": "30.22710", "2015-09-30": "30.49630", "2015-06-30": "31.71400", "2015-03-31": "31.62490", "2014-12-31": "31.77920", "2014-09-30": "30.81380", "2014-06-30": "29.98780", "2014-03-31": "34.07420", "2013-12-31": "34.41240", "2013-09-30": "31.64510", "2013-06-30": "31.73780", "2013-03-31": "31.59590", "2012-12-31": "30.02940", "2012-09-30": "27.71650", "2012-06-30": "27.78430", "2012-03-31": "31.76970", "2011-12-31": "29.78740", "2011-09-30": "34.88420", "2011-06-30": "36.13500", "2011-03-31": "37.72160", "2010-12-31": "37.95360", "2010-09-30": "39.36370", "2010-06-30": "41.11610", "2010-03-31": "39.27620", "2009-12-31": "41.55610", "2009-09-30": "40.47880", "2009-06-30": "44.20970", "2009-03-31": "44.44010", "2008-12-31": "46.88770", "2008-09-30": "42.62200", "2008-06-30": "42.70260", "2008-03-31": "42.82780", "2007-12-31": "41.90960", "2007-09-30": "44.19580", "2007-06-30": "44.42620", "2007-03-31": "42.74370", "2006-12-31": "43.08510", "2006-09-30": "45.42200", "2006-06-30": "47.86930", "2006-03-31": "45.82990", "2005-12-31": "44.21820", "2005-09-30": "45.68890", "2005-06-30": "47.03280", "2005-03-31": "46.68600"}, "EBIT Margin": {"2020-12-31": "25.12570", "2020-09-30": "35.01660", "2020-06-30": "25.91630", "2020-03-31": "23.49460", "2019-12-31": "28.41410", "2019-09-30": "28.30690", "2019-06-30": "28.69980", "2019-03-31": "27.47090", "2018-12-31": "28.02240", "2018-09-30": "29.19760", "2018-06-30": "28.10010", "2018-03-31": "28.65260", "2017-12-31": "28.14480", "2017-09-30": "26.79920", "2017-06-30": "26.64150", "2017-03-31": "28.56570", "2016-12-31": "25.38030", "2016-09-30": "28.38370", "2016-06-30": "32.37760", "2016-03-31": "29.70910", "2015-12-31": "30.22710", "2015-09-30": "30.49630", "2015-06-30": "31.71400", "2015-03-31": "31.62490", "2014-12-31": "31.77920", "2014-09-30": "30.81380", "2014-06-30": "29.98780", "2014-03-31": "34.07420", "2013-12-31": "34.41240", "2013-09-30": "31.64510", "2013-06-30": "31.73780", "2013-03-31": "31.59590", "2012-12-31": "30.02930", "2012-09-30": "27.71650", "2012-06-30": "27.78430", "2012-03-31": "31.76970", "2011-12-31": "29.78750", "2011-09-30": "34.88420", "2011-06-30": "36.13500", "2011-03-31": "37.72160", "2010-12-31": "37.95360", "2010-09-30": "39.36370", "2010-06-30": "41.11610", "2010-03-31": "39.27620", "2009-12-31": "41.55610", "2009-09-30": "40.47880", "2009-06-30": "44.20970", "2009-03-31": "44.44010", "2008-12-31": "46.88770", "2008-09-30": "42.62200", "2008-06-30": "42.70260", "2008-03-31": "42.82780", "2007-12-31": "41.90960", "2007-09-30": "44.19580", "2007-06-30": "44.42620", "2007-03-31": "42.74370", "2006-12-31": "43.08510", "2006-09-30": "45.42200", "2006-06-30": "47.86930", "2006-03-31": "45.82990", "2005-12-31": "44.21820", "2005-09-30": "45.68890", "2005-06-30": "47.03280", "2005-03-31": "46.68600"}, "EBITDA Margin": {"2020-12-31": "", "2020-09-30": "", "2020-06-30": "", "2020-03-31": "", "2019-12-31": "", "2019-09-30": "", "2019-06-30": "", "2019-03-31": "", "2018-12-31": "", "2018-09-30": "", "2018-06-30": "", "2018-03-31": "", "2017-12-31": "", "2017-09-30": "", "2017-06-30": "", "2017-03-31": "", "2016-12-31": "", "2016-09-30": "", "2016-06-30": "", "2016-03-31": "", "2015-12-31": "", "2015-09-30": "", "2015-06-30": "", "2015-03-31": "", "2014-12-31": "", "2014-09-30": "", "2014-06-30": "", "2014-03-31": "", "2013-12-31": "", "2013-09-30": "", "2013-06-30": "", "2013-03-31": "", "2012-12-31": "", "2012-09-30": "", "2012-06-30": "", "2012-03-31": "", "2011-12-31": "", "2011-09-30": "", "2011-06-30": "", "2011-03-31": "", "2010-12-31": "", "2010-09-30": "", "2010-06-30": "", "2010-03-31": "", "2009-12-31": "", "2009-09-30": "", "2009-06-30": "", "2009-03-31": "", "2008-12-31": "", "2008-09-30": "", "2008-06-30": "", "2008-03-31": "", "2007-12-31": "", "2007-09-30": "", "2007-06-30": "", "2007-03-31": "", "2006-12-31": "", "2006-09-30": "", "2006-06-30": "", "2006-03-31": "", "2005-12-31": "", "2005-09-30": "", "2005-06-30": "", "2005-03-31": ""}, "Pre-Tax Profit Margin": {"2020-12-31": "65.02070", "2020-09-30": "17.28550", "2020-06-30": "55.74040", "2020-03-31": "7.68190", "2019-12-31": "53.10400", "2019-09-30": "-9.22010", "2019-06-30": "23.31890", "2019-03-31": "37.80830", "2018-12-31": "4.58700", "2018-09-30": "52.26130", "2018-06-30": "18.29260", "2018-03-31": "43.84780", "2017-12-31": "20.30080", "2017-09-30": "15.92530", "2017-06-30": "14.94040", "2017-03-31": "17.32300", "2016-12-31": "6.40270", "2016-09-30": "12.23900", "2016-06-30": "-47.82290", "2016-03-31": "4.79570", "2015-12-31": "13.22140", "2015-09-30": "17.83500", "2015-06-30": "18.82380", "2015-03-31": "12.73220", "2014-12-31": "-7.07570", "2014-09-30": "19.45690", "2014-06-30": "20.10520", "2014-03-31": "23.22040", "2013-12-31": "23.87890", "2013-09-30": "20.52620", "2013-06-30": "20.99400", "2013-03-31": "19.58920", "2012-12-31": "16.73040", "2012-09-30": "15.75150", "2012-06-30": "14.37430", "2012-03-31": "19.35440", "2011-12-31": "17.03860", "2011-09-30": "22.55930", "2011-06-30": "23.70480", "2011-03-31": "23.20970", "2010-12-31": "19.73050", "2010-09-30": "24.91980", "2010-06-30": "-10.39570", "2010-03-31": "24.20060", "2009-12-31": "24.48360", "2009-09-30": "22.15390", "2009-06-30": "35.84960", "2009-03-31": "29.08660", "2008-12-31": "20.23670", "2008-09-30": "23.70370", "2008-06-30": "25.47570", "2008-03-31": "19.60350", "2007-12-31": "12.45740", "2007-09-30": "21.02500", "2007-06-30": "23.54510", "2007-03-31": "21.36600", "2006-12-31": "19.15730", "2006-09-30": "22.95580", "2006-06-30": "24.62140", "2006-03-31": "24.06020", "2005-12-31": "20.83390", "2005-09-30": "24.47200", "2005-06-30": "27.39490", "2005-03-31": "26.12300"}, "Net Profit Margin": {"2020-12-31": "94.45900", "2020-09-30": "14.55410", "2020-06-30": "51.85880", "2020-03-31": "3.82800", "2019-12-31": "49.21170", "2019-09-30": "-12.74650", "2019-06-30": "20.41700", "2019-03-31": "34.44360", "2018-12-31": "-8.62350", "2018-09-30": "61.12520", "2018-06-30": "16.00330", "2018-03-31": "41.35300", "2017-12-31": "12.32670", "2017-09-30": "17.96720", "2017-06-30": "11.58360", "2017-03-31": "9.47330", "2016-12-31": "-10.08460", "2016-09-30": "2.36650", "2016-06-30": "-56.46240", "2016-03-31": "-1.76690", "2015-12-31": "15.68660", "2015-09-30": "14.93940", "2015-06-30": "15.32700", "2015-03-31": "9.03980", "2014-12-31": "-8.56190", "2014-09-30": "14.88350", "2014-06-30": "15.83430", "2014-03-31": "18.56500", "2013-12-31": "21.47040", "2013-09-30": "15.52540", "2013-06-30": "16.55490", "2013-03-31": "14.95310", "2012-12-31": "13.96810", "2012-09-30": "7.45260", "2012-06-30": "12.09950", "2012-03-31": "13.53460", "2011-12-31": "23.34500", "2011-09-30": "17.86400", "2011-06-30": "18.13130", "2011-03-31": "17.41350", "2010-12-31": "78.23400", "2010-09-30": "18.48080", "2010-06-30": "-17.42840", "2010-03-31": "17.63370", "2009-12-31": "19.18610", "2009-09-30": "15.71580", "2009-06-30": "26.68400", "2009-03-31": "24.90750", "2008-12-31": "15.47000", "2008-09-30": "17.16680", "2008-06-30": "17.85290", "2008-03-31": "29.90910", "2007-12-31": "14.11690", "2007-09-30": "19.76950", "2007-06-30": "22.75170", "2007-03-31": "15.93910", "2006-12-31": "20.94450", "2006-09-30": "17.62990", "2006-06-30": "18.72000", "2006-03-31": "18.64740", "2005-12-31": "21.23570", "2005-09-30": "19.29680", "2005-06-30": "21.38730", "2005-03-31": "19.92010"}, "Asset Turnover": {"2020-12-31": "0.02030", "2020-09-30": "0.02490", "2020-06-30": "0.02180", "2020-03-31": "0.02230", "2019-12-31": "0.02220", "2019-09-30": "0.02290", "2019-06-30": "0.02330", "2019-03-31": "0.02320", "2018-12-31": "0.02350", "2018-09-30": "0.02420", "2018-06-30": "0.02400", "2018-03-31": "0.02500", "2017-12-31": "0.02470", "2017-09-30": "0.02470", "2017-06-30": "0.02430", "2017-03-31": "0.02490", "2016-12-31": "0.02410", "2016-09-30": "0.02480", "2016-06-30": "0.02470", "2016-03-31": "0.02410", "2015-12-31": "0.02520", "2015-09-30": "0.02500", "2015-06-30": "0.02390", "2015-03-31": "0.02340", "2014-12-31": "0.02320", "2014-09-30": "0.02310", "2014-06-30": "0.02260", "2014-03-31": "0.02270", "2013-12-31": "0.02240", "2013-09-30": "0.02150", "2013-06-30": "0.02090", "2013-03-31": "0.02120", "2012-12-31": "0.02100", "2012-09-30": "0.02050", "2012-06-30": "0.02130", "2012-03-31": "0.02020", "2011-12-31": "0.01760", "2011-09-30": "0.02140", "2011-06-30": "0.02260", "2011-03-31": "0.02340", "2010-12-31": "0.01810", "2010-09-30": "0.02090", "2010-06-30": "0.02100", "2010-03-31": "0.02130", "2009-12-31": "0.02070", "2009-09-30": "0.02150", "2009-06-30": "0.02290", "2009-03-31": "0.02510", "2008-12-31": "0.02420", "2008-09-30": "0.02280", "2008-06-30": "0.02260", "2008-03-31": "0.02340", "2007-12-31": "0.02100", "2007-09-30": "0.02370", "2007-06-30": "0.02440", "2007-03-31": "0.02550", "2006-12-31": "0.02180", "2006-09-30": "0.02560", "2006-06-30": "0.02720", "2006-03-31": "0.02720", "2005-12-31": "0.02420", "2005-09-30": "0.02820", "2005-06-30": "0.02740", "2005-03-31": "0.02750"}, "Inventory Turnover Ratio": {"2020-12-31": "", "2020-09-30": "", "2020-06-30": "", "2020-03-31": "", "2019-12-31": "", "2019-09-30": "", "2019-06-30": "", "2019-03-31": "", "2018-12-31": "", "2018-09-30": "", "2018-06-30": "", "2018-03-31": "", "2017-12-31": "", "2017-09-30": "", "2017-06-30": "", "2017-03-31": "", "2016-12-31": "", "2016-09-30": "", "2016-06-30": "", "2016-03-31": "", "2015-12-31": "", "2015-09-30": "", "2015-06-30": "", "2015-03-31": "", "2014-12-31": "", "2014-09-30": "", "2014-06-30": "", "2014-03-31": "", "2013-12-31": "", "2013-09-30": "", "2013-06-30": "", "2013-03-31": "", "2012-12-31": "", "2012-09-30": "", "2012-06-30": "", "2012-03-31": "", "2011-12-31": "", "2011-09-30": "", "2011-06-30": "", "2011-03-31": "", "2010-12-31": "", "2010-09-30": "", "2010-06-30": "", "2010-03-31": "", "2009-12-31": "", "2009-09-30": "", "2009-06-30": "", "2009-03-31": "", "2008-12-31": "", "2008-09-30": "", "2008-06-30": "", "2008-03-31": "", "2007-12-31": "", "2007-09-30": "", "2007-06-30": "", "2007-03-31": "", "2006-12-31": "", "2006-09-30": "", "2006-06-30": "", "2006-03-31": "", "2005-12-31": "", "2005-09-30": "", "2005-06-30": "", "2005-03-31": ""}, "Receiveable Turnover": {"2020-12-31": "", "2020-09-30": "", "2020-06-30": "", "2020-03-31": "", "2019-12-31": "", "2019-09-30": "", "2019-06-30": "", "2019-03-31": "", "2018-12-31": "", "2018-09-30": "", "2018-06-30": "", "2018-03-31": "", "2017-12-31": "", "2017-09-30": "", "2017-06-30": "", "2017-03-31": "", "2016-12-31": "", "2016-09-30": "", "2016-06-30": "", "2016-03-31": "", "2015-12-31": "", "2015-09-30": "", "2015-06-30": "", "2015-03-31": "", "2014-12-31": "", "2014-09-30": "", "2014-06-30": "", "2014-03-31": "", "2013-12-31": "", "2013-09-30": "", "2013-06-30": "", "2013-03-31": "", "2012-12-31": "", "2012-09-30": "", "2012-06-30": "", "2012-03-31": "", "2011-12-31": "", "2011-09-30": "", "2011-06-30": "", "2011-03-31": "", "2010-12-31": "", "2010-09-30": "", "2010-06-30": "", "2010-03-31": "", "2009-12-31": "", "2009-09-30": "", "2009-06-30": "", "2009-03-31": "", "2008-12-31": "", "2008-09-30": "", "2008-06-30": "", "2008-03-31": "", "2007-12-31": "", "2007-09-30": "", "2007-06-30": "", "2007-03-31": "", "2006-12-31": "", "2006-09-30": "", "2006-06-30": "", "2006-03-31": "", "2005-12-31": "", "2005-09-30": "", "2005-06-30": "", "2005-03-31": ""}, "Days Sales In Receivables": {"2020-12-31": "", "2020-09-30": "", "2020-06-30": "", "2020-03-31": "", "2019-12-31": "", "2019-09-30": "", "2019-06-30": "", "2019-03-31": "", "2018-12-31": "", "2018-09-30": "", "2018-06-30": "", "2018-03-31": "", "2017-12-31": "", "2017-09-30": "", "2017-06-30": "", "2017-03-31": "", "2016-12-31": "", "2016-09-30": "", "2016-06-30": "", "2016-03-31": "", "2015-12-31": "", "2015-09-30": "", "2015-06-30": "", "2015-03-31": "", "2014-12-31": "", "2014-09-30": "", "2014-06-30": "", "2014-03-31": "", "2013-12-31": "", "2013-09-30": "", "2013-06-30": "", "2013-03-31": "", "2012-12-31": "", "2012-09-30": "", "2012-06-30": "", "2012-03-31": "", "2011-12-31": "", "2011-09-30": "", "2011-06-30": "", "2011-03-31": "", "2010-12-31": "", "2010-09-30": "", "2010-06-30": "", "2010-03-31": "", "2009-12-31": "", "2009-09-30": "", "2009-06-30": "", "2009-03-31": "", "2008-12-31": "", "2008-09-30": "", "2008-06-30": "", "2008-03-31": "", "2007-12-31": "", "2007-09-30": "", "2007-06-30": "", "2007-03-31": "", "2006-12-31": "", "2006-09-30": "", "2006-06-30": "", "2006-03-31": "", "2005-12-31": "", "2005-09-30": "", "2005-06-30": "", "2005-03-31": ""}, "ROE - Return On Equity": {"2020-12-31": "3.40320", "2020-09-30": "0.77730", "2020-06-30": "2.20280", "2020-03-31": "0.28140", "2019-12-31": "2.12770", "2019-09-30": "-0.40480", "2019-06-30": "1.04490", "2019-03-31": "1.65110", "2018-12-31": "-0.23830", "2018-09-30": "2.99330", "2018-06-30": "0.87560", "2018-03-31": "2.12850", "2017-12-31": "0.71290", "2017-09-30": "1.02330", "2017-06-30": "0.74320", "2017-03-31": "0.88710", "2016-12-31": "0.38400", "2016-09-30": "0.71310", "2016-06-30": "-2.67650", "2016-03-31": "0.26030", "2015-12-31": "1.09840", "2015-09-30": "1.16980", "2015-06-30": "1.11140", "2015-03-31": "0.73350", "2014-12-31": "-0.37840", "2014-09-30": "1.01370", "2014-06-30": "0.98670", "2014-03-31": "1.13320", "2013-12-31": "1.12460", "2013-09-30": "0.90610", "2013-06-30": "0.89640", "2013-03-31": "0.94820", "2012-12-31": "0.80920", "2012-09-30": "0.72100", "2012-06-30": "0.68370", "2012-03-31": "0.86310", "2011-12-31": "0.64790", "2011-09-30": "1.02610", "2011-06-30": "1.11010", "2011-03-31": "1.24710", "2010-12-31": "0.81340", "2010-09-30": "1.19300", "2010-06-30": "-0.56300", "2010-03-31": "1.40820", "2009-12-31": "1.39540", "2009-09-30": "1.30990", "2009-06-30": "2.54190", "2009-03-31": "2.35610", "2008-12-31": "1.84850", "2008-09-30": "1.95980", "2008-06-30": "2.02080", "2008-03-31": "1.60040", "2007-12-31": "1.08330", "2007-09-30": "1.51050", "2007-06-30": "1.79070", "2007-03-31": "1.66480", "2006-12-31": "1.22500", "2006-09-30": "1.60780", "2006-06-30": "1.77990", "2006-03-31": "2.48650", "2005-12-31": "1.79360", "2005-09-30": "2.35920", "2005-06-30": "2.96520", "2005-03-31": "2.74050"}, "Return On Tangible Equity": {"2020-12-31": "3.40320", "2020-09-30": "0.77730", "2020-06-30": "2.20280", "2020-03-31": "0.28140", "2019-12-31": "2.12770", "2019-09-30": "-0.40220", "2019-06-30": "1.03780", "2019-03-31": "1.63970", "2018-12-31": "-0.23630", "2018-09-30": "2.96330", "2018-06-30": "0.86630", "2018-03-31": "2.10490", "2017-12-31": "0.70470", "2017-09-30": "1.01040", "2017-06-30": "0.73340", "2017-03-31": "0.87500", "2016-12-31": "0.36850", "2016-09-30": "0.66460", "2016-06-30": "-2.48070", "2016-03-31": "0.23880", "2015-12-31": "1.00420", "2015-09-30": "1.05560", "2015-06-30": "1.00470", "2015-03-31": "0.66230", "2014-12-31": "-0.34270", "2014-09-30": "0.91600", "2014-06-30": "0.89230", "2014-03-31": "1.02530", "2013-12-31": "1.01690", "2013-09-30": "0.81930", "2013-06-30": "0.81090", "2013-03-31": "0.84460", "2012-12-31": "0.72100", "2012-09-30": "0.64270", "2012-06-30": "0.60820", "2012-03-31": "0.76730", "2011-12-31": "0.57590", "2011-09-30": "0.91200", "2011-06-30": "0.98760", "2011-03-31": "1.08840", "2010-12-31": "0.70940", "2010-09-30": "1.03640", "2010-06-30": "-0.47890", "2010-03-31": "1.18370", "2009-12-31": "1.17130", "2009-09-30": "1.09720", "2009-06-30": "2.07940", "2009-03-31": "1.90970", "2008-12-31": "1.44550", "2008-09-30": "1.53240", "2008-06-30": "1.58270", "2008-03-31": "1.26960", "2007-12-31": "0.98990", "2007-09-30": "1.37910", "2007-06-30": "1.61380", "2007-03-31": "1.49770", "2006-12-31": "1.05540", "2006-09-30": "1.38540", "2006-06-30": "1.48700", "2006-03-31": "1.92790", "2005-12-31": "1.38910", "2005-09-30": "1.82120", "2005-06-30": "2.19050", "2005-03-31": "2.02010"}, "ROA - Return On Assets": {"2020-12-31": "2.00250", "2020-09-30": "0.43720", "2020-06-30": "1.21360", "2020-03-31": "0.15570", "2019-12-31": "1.17480", "2019-09-30": "-0.21110", "2019-06-30": "0.54350", "2019-03-31": "0.88380", "2018-12-31": "-0.12880", "2018-09-30": "1.55510", "2018-06-30": "0.44640", "2018-03-31": "1.10380", "2017-12-31": "0.37680", "2017-09-30": "0.51580", "2017-06-30": "0.36800", "2017-03-31": "0.43750", "2016-12-31": "0.19110", "2016-09-30": "0.30630", "2016-06-30": "-1.18230", "2016-03-31": "0.11110", "2015-12-31": "0.48390", "2015-09-30": "0.45440", "2015-06-30": "0.45080", "2015-03-31": "0.29800", "2014-12-31": "-0.16410", "2014-09-30": "0.45030", "2014-06-30": "0.45380", "2014-03-31": "0.52750", "2013-12-31": "0.53540", "2013-09-30": "0.44160", "2013-06-30": "0.43790", "2013-03-31": "0.41460", "2012-12-31": "0.35180", "2012-09-30": "0.32310", "2012-06-30": "0.30590", "2012-03-31": "0.39100", "2011-12-31": "0.29930", "2011-09-30": "0.48240", "2011-06-30": "0.53560", "2011-03-31": "0.54280", "2010-12-31": "0.35680", "2010-09-30": "0.52160", "2010-06-30": "-0.21860", "2010-03-31": "0.51550", "2009-12-31": "0.50750", "2009-09-30": "0.47580", "2009-06-30": "0.82080", "2009-03-31": "0.73090", "2008-12-31": "0.49040", "2008-09-30": "0.54070", "2008-06-30": "0.57690", "2008-03-31": "0.45840", "2007-12-31": "0.32070", "2007-09-30": "0.47730", "2007-06-30": "0.55050", "2007-03-31": "0.51980", "2006-12-31": "0.39430", "2006-09-30": "0.56710", "2006-06-30": "0.65630", "2006-03-31": "0.63950", "2005-12-31": "0.48790", "2005-09-30": "0.68030", "2005-06-30": "0.75020", "2005-03-31": "0.71760"}, "ROI - Return On Investment": {"2020-12-31": "2.17730", "2020-09-30": "0.47550", "2020-06-30": "1.31090", "2020-03-31": "0.16850", "2019-12-31": "1.27600", "2019-09-30": "-0.22950", "2019-06-30": "0.59080", "2019-03-31": "0.96440", "2018-12-31": "-0.13940", "2018-09-30": "1.67620", "2018-06-30": "0.48040", "2018-03-31": "1.18580", "2017-12-31": "0.40590", "2017-09-30": "0.55600", "2017-06-30": "0.39720", "2017-03-31": "0.48200", "2016-12-31": "0.20760", "2016-09-30": "0.33050", "2016-06-30": "-1.27570", "2016-03-31": "0.12060", "2015-12-31": "0.52310", "2015-09-30": "0.49160", "2015-06-30": "0.48540", "2015-03-31": "0.32590", "2014-12-31": "-0.17630", "2014-09-30": "0.48520", "2014-06-30": "0.48520", "2014-03-31": "0.56490", "2013-12-31": "0.57380", "2013-09-30": "0.47530", "2013-06-30": "0.46540", "2013-03-31": "0.44110", "2012-12-31": "0.37710", "2012-09-30": "0.34440", "2012-06-30": "0.32500", "2012-03-31": "0.42280", "2011-12-31": "0.31760", "2011-09-30": "0.51270", "2011-06-30": "0.56690", "2011-03-31": "0.57440", "2010-12-31": "0.37940", "2010-09-30": "0.55400", "2010-06-30": "-0.23280", "2010-03-31": "0.54800", "2009-12-31": "0.54190", "2009-09-30": "0.51270", "2009-06-30": "0.88310", "2009-03-31": "0.79180", "2008-12-31": "0.53780", "2008-09-30": "0.58690", "2008-06-30": "0.62350", "2008-03-31": "0.49750", "2007-12-31": "0.34690", "2007-09-30": "0.51480", "2007-06-30": "0.59040", "2007-03-31": "0.55780", "2006-12-31": "0.42250", "2006-09-30": "0.60980", "2006-06-30": "0.69240", "2006-03-31": "0.67550", "2005-12-31": "0.51540", "2005-09-30": "0.71430", "2005-06-30": "0.77750", "2005-03-31": "0.74520"}, "Book Value Per Share": {"2020-12-31": "98.26930", "2020-09-30": "92.44400", "2020-06-30": "88.76800", "2020-03-31": "87.69090", "2019-12-31": "84.05780", "2019-09-30": "79.09590", "2019-06-30": "75.01360", "2019-03-31": "75.04900", "2018-12-31": "71.01870", "2018-09-30": "69.96530", "2018-06-30": "67.62980", "2018-03-31": "66.76670", "2017-12-31": "64.85670", "2017-09-30": "62.47970", "2017-06-30": "61.27260", "2017-03-31": "60.46690", "2016-12-31": "61.26630", "2016-09-30": "53.94400", "2016-06-30": "55.89380", "2016-03-31": "57.26420", "2015-12-31": "58.99110", "2015-09-30": "51.87600", "2015-06-30": "53.35370", "2015-03-31": "52.86980", "2014-12-31": "54.50640", "2014-09-30": "55.24250", "2014-06-30": "55.72930", "2014-03-31": "56.00440", "2013-12-31": "55.70300", "2013-09-30": "55.80250", "2013-06-30": "56.12870", "2013-03-31": "54.97330", "2012-12-31": "55.15840", "2012-09-30": "54.97130", "2012-06-30": "55.27340", "2012-03-31": "55.53960", "2011-12-31": "55.50450", "2011-09-30": "55.55980", "2011-06-30": "56.04360", "2011-03-31": "54.20120", "2010-12-31": "54.03980", "2010-09-30": "52.70040", "2010-06-30": "51.17490", "2010-03-31": "54.22790", "2009-12-31": "53.93050", "2009-09-30": "53.49580", "2009-06-30": "53.44990", "2009-03-31": "51.41270", "2008-12-31": "54.58170", "2008-09-30": "54.01230", "2008-06-30": "54.52320", "2008-03-31": "52.73420", "2007-12-31": "47.58470", "2007-09-30": "46.76290", "2007-06-30": "44.38320", "2007-03-31": "43.82370", "2006-12-31": "46.58940", "2006-09-30": "46.22780", "2006-06-30": "42.74850", "2006-03-31": "36.56510", "2005-12-31": "36.97700", "2005-09-30": "36.49000", "2005-06-30": "33.69610", "2005-03-31": "33.62810"}, "Operating Cash Flow Per Share": {"2020-12-31": 1.3427, "2020-09-30": 2.471, "2020-06-30": 1.5927, "2020-03-31": "1.57050", "2019-12-31": 1.5682, "2019-09-30": 1.7438, "2019-06-30": 1.5342, "2019-03-31": "1.23120", "2018-12-31": 1.5908, "2018-09-30": 1.4034, "2018-06-30": 1.2383, "2018-03-31": "1.28760", "2017-12-31": 1.0684, "2017-09-30": 1.3634, "2017-06-30": 1.2452, "2017-03-31": "1.22050", "2016-12-31": 1.3999, "2016-09-30": 1.4548, "2016-06-30": 0.9135, "2016-03-31": "1.40230", "2015-12-31": 1.3435, "2015-09-30": 1.3262, "2015-06-30": 0.623, "2015-03-31": "1.49710", "2014-12-31": 1.1141, "2014-09-30": 1.552, "2014-06-30": 1.0007, "2014-03-31": "1.03080", "2013-12-31": 1.2625, "2013-09-30": 1.1817, "2013-06-30": 1.4043, "2013-03-31": "0.74790", "2012-12-31": 1.2675, "2012-09-30": 1.3202, "2012-06-30": 1.5198, "2012-03-31": "0.80780", "2011-12-31": 1.2445, "2011-09-30": 1.0519, "2011-06-30": 1.0748, "2011-03-31": "0.80900", "2010-12-31": 1.4296, "2010-09-30": 0.4528, "2010-06-30": 1.6381, "2010-03-31": "1.16920", "2009-12-31": 0.9845, "2009-09-30": 1.7758, "2009-06-30": 0.9157, "2009-03-31": "1.68550", "2008-12-31": 2.768, "2008-09-30": 2.7337, "2008-06-30": 1.7958, "2008-03-31": "0.79950", "2007-12-31": 1.6076, "2007-09-30": 1.9233, "2007-06-30": 1.6829, "2007-03-31": "1.08920", "2006-12-31": 1.6709, "2006-09-30": 0.8423, "2006-06-30": 0.6368, "2006-03-31": "1.50250", "2005-12-31": 1.6277, "2005-09-30": 1.7597, "2005-06-30": 0.6887, "2005-03-31": "1.58500"}, "Free Cash Flow Per Share": {"2020-12-31": -1.753, "2020-09-30": -8.8203, "2020-06-30": -2.835, "2020-03-31": "-5.45750", "2019-12-31": -9.6802, "2019-09-30": -6.3236, "2019-06-30": -4.1186, "2019-03-31": "-4.70650", "2018-12-31": -1.9965, "2018-09-30": -2.8717, "2018-06-30": -4.6268, "2018-03-31": "-3.80160", "2017-12-31": -2.4381, "2017-09-30": -1.9425, "2017-06-30": -3.9077, "2017-03-31": "-3.69210", "2016-12-31": -9.3685, "2016-09-30": -2.0184, "2016-06-30": -1.5467, "2016-03-31": "-0.79520", "2015-12-31": -0.9554, "2015-09-30": -2.1286, "2015-06-30": -1.3416, "2015-03-31": "-0.33790", "2014-12-31": -0.7089, "2014-09-30": -0.1825, "2014-06-30": -0.9208, "2014-03-31": "-1.13500", "2013-12-31": -1.7312, "2013-09-30": -1.1341, "2013-06-30": -0.6041, "2013-03-31": "-0.18680", "2012-12-31": -1.0542, "2012-09-30": -0.4261, "2012-06-30": -1.0564, "2012-03-31": "-1.47700", "2011-12-31": -1.3286, "2011-09-30": -0.4518, "2011-06-30": -5.4636, "2011-03-31": "-0.67820", "2010-12-31": -0.9, "2010-09-30": -1.8553, "2010-06-30": -1.0572, "2010-03-31": "-0.78730", "2009-12-31": -1.6021, "2009-09-30": -1.3173, "2009-06-30": -0.6976, "2009-03-31": "-2.03350", "2008-12-31": -1.5143, "2008-09-30": -2.1546, "2008-06-30": -2.2769, "2008-03-31": "-0.73660", "2007-12-31": -7.4532, "2007-09-30": -13.1507, "2007-06-30": -2.5234, "2007-03-31": "-1.89090", "2006-12-31": -11.9762, "2006-09-30": -14.1781, "2006-06-30": -1.9012, "2006-03-31": "-5.24210", "2005-12-31": -5.4443, "2005-09-30": -1.8126, "2005-06-30": -2.7178, "2005-03-31": "-4.67860"}}, "revenue": {"Alexandria Real Estate Equities Annual Revenue (Millions of US $)": {"2020": "$1,886", "2019": "$1,531", "2018": "$1,327", "2017": "$1,128", "2016": "$922", "2015": "$843", "2014": "$727", "2013": "$631", "2012": "$574", "2011": "$537", "2010": "$461", "2009": "$482", "2008": "$455", "2007": "$388", "2006": "$302", "2005": "$232"}, "Alexandria Real Estate Equities Quarterly Revenue (Millions of US $)": {"2020-12-31": "$464", "2020-09-30": "$545", "2020-06-30": "$437", "2020-03-31": "$440", "2019-12-31": "$408", "2019-09-30": "$390", "2019-06-30": "$374", "2019-03-31": "$359", "2018-12-31": "$340", "2018-09-30": "$342", "2018-06-30": "$325", "2018-03-31": "$320", "2017-12-31": "$299", "2017-09-30": "$285", "2017-06-30": "$273", "2017-03-31": "$271", "2016-12-31": "$249", "2016-09-30": "$230", "2016-06-30": "$226", "2016-03-31": "$216", "2015-12-31": "$224", "2015-09-30": "$219", "2015-06-30": "$204", "2015-03-31": "$197", "2014-12-31": "$189", "2014-09-30": "$186", "2014-06-30": "$176", "2014-03-31": "$176", "2013-12-31": "$169", "2013-09-30": "$158", "2013-06-30": "$154", "2013-03-31": "$150", "2012-12-31": "$150", "2012-09-30": "$143", "2012-06-30": "$146", "2012-03-31": "$136", "2011-12-31": "$115", "2011-09-30": "$138", "2011-06-30": "$143", "2011-03-31": "$140", "2010-12-31": "$107", "2010-09-30": "$120", "2010-06-30": "$117", "2010-03-31": "$116", "2009-12-31": "$113", "2009-09-30": "$116", "2009-06-30": "$121", "2009-03-31": "$132", "2008-12-31": "$124", "2008-09-30": "$113", "2008-06-30": "$109", "2008-03-31": "$110", "2007-12-31": "$98", "2007-09-30": "$102", "2007-06-30": "$94", "2007-03-31": "$95", "2006-12-31": "$79", "2006-09-30": "$85", "2006-06-30": "$70", "2006-03-31": "$68", "2005-12-31": "$57", "2005-09-30": "$62", "2005-06-30": "$57", "2005-03-31": "$55"}}, "gross-profit": {"Alexandria Real Estate Equities Annual Gross Profit (Millions of US $)": {"2020": "$1,355", "2019": "$1,086", "2018": "$946", "2017": "$802", "2016": "$643", "2015": "$582", "2014": "$508", "2013": "$442", "2012": "$402", "2011": "$379", "2010": "$337", "2009": "$359", "2008": "$342", "2007": "$293", "2006": "$234", "2005": "$180"}, "Alexandria Real Estate Equities Quarterly Gross Profit (Millions of US $)": {"2020-12-31": "$327", "2020-09-30": "$405", "2020-06-30": "$313", "2020-03-31": "$311", "2019-12-31": "$286", "2019-09-30": "$274", "2019-06-30": "$268", "2019-03-31": "$257", "2018-12-31": "$243", "2018-09-30": "$242", "2018-06-30": "$233", "2018-03-31": "$228", "2017-12-31": "$211", "2017-09-30": "$202", "2017-06-30": "$196", "2017-03-31": "$194", "2016-12-31": "$176", "2016-09-30": "$158", "2016-06-30": "$159", "2016-03-31": "$150", "2015-12-31": "$155", "2015-09-30": "$150", "2015-06-30": "$142", "2015-03-31": "$136", "2014-12-31": "$132", "2014-09-30": "$128", "2014-06-30": "$124", "2014-03-31": "$124", "2013-12-31": "$119", "2013-09-30": "$111", "2013-06-30": "$108", "2013-03-31": "$105", "2012-12-31": "$104", "2012-09-30": "$99", "2012-06-30": "$103", "2012-03-31": "$95", "2011-12-31": "$80", "2011-09-30": "$97", "2011-06-30": "$103", "2011-03-31": "$99", "2010-12-31": "$79", "2010-09-30": "$87", "2010-06-30": "$87", "2010-03-31": "$85", "2009-12-31": "$84", "2009-09-30": "$85", "2009-06-30": "$92", "2009-03-31": "$99", "2008-12-31": "$95", "2008-09-30": "$83", "2008-06-30": "$82", "2008-03-31": "$81", "2007-12-31": "$73", "2007-09-30": "$77", "2007-06-30": "$72", "2007-03-31": "$72", "2006-12-31": "$60", "2006-09-30": "$65", "2006-06-30": "$56", "2006-03-31": "$53", "2005-12-31": "$45", "2005-09-30": "$48", "2005-06-30": "$45", "2005-03-31": "$43"}}, "operating-income": {"Alexandria Real Estate Equities Annual Operating Income (Millions of US $)": {"2020": "$524", "2019": "$432", "2018": "$378", "2017": "$311", "2016": "$266", "2015": "$261", "2014": "$230", "2013": "$204", "2012": "$168", "2011": "$187", "2010": "$182", "2009": "$206", "2008": "$200", "2007": "$168", "2006": "$137", "2005": "$106"}, "Alexandria Real Estate Equities Quarterly Operating Income (Millions of US $)": {"2020-12-31": "$117", "2020-09-30": "$191", "2020-06-30": "$113", "2020-03-31": "$103", "2019-12-31": "$116", "2019-09-30": "$111", "2019-06-30": "$107", "2019-03-31": "$99", "2018-12-31": "$95", "2018-09-30": "$100", "2018-06-30": "$91", "2018-03-31": "$92", "2017-12-31": "$84", "2017-09-30": "$76", "2017-06-30": "$73", "2017-03-31": "$77", "2016-12-31": "$63", "2016-09-30": "$65", "2016-06-30": "$73", "2016-03-31": "$64", "2015-12-31": "$68", "2015-09-30": "$67", "2015-06-30": "$65", "2015-03-31": "$62", "2014-12-31": "$60", "2014-09-30": "$57", "2014-06-30": "$53", "2014-03-31": "$60", "2013-12-31": "$58", "2013-09-30": "$50", "2013-06-30": "$49", "2013-03-31": "$47", "2012-12-31": "$45", "2012-09-30": "$40", "2012-06-30": "$40", "2012-03-31": "$43", "2011-12-31": "$34", "2011-09-30": "$48", "2011-06-30": "$52", "2011-03-31": "$53", "2010-12-31": "$41", "2010-09-30": "$47", "2010-06-30": "$48", "2010-03-31": "$46", "2009-12-31": "$47", "2009-09-30": "$47", "2009-06-30": "$54", "2009-03-31": "$58", "2008-12-31": "$58", "2008-09-30": "$48", "2008-06-30": "$46", "2008-03-31": "$47", "2007-12-31": "$41", "2007-09-30": "$45", "2007-06-30": "$42", "2007-03-31": "$41", "2006-12-31": "$34", "2006-09-30": "$38", "2006-06-30": "$34", "2006-03-31": "$31", "2005-12-31": "$25", "2005-09-30": "$28", "2005-06-30": "$27", "2005-03-31": "$26"}}, "ebitda": {"Alexandria Real Estate Equities Annual EBITDA (Millions of US $)": {"2020": "$1,172", "2019": "$952", "2018": "$842", "2017": "$717", "2016": "$585", "2015": "$527", "2014": "$462", "2013": "$402", "2012": "$367", "2011": "$349", "2010": "$318", "2009": "$334", "2008": "$314", "2007": "$271", "2006": "$207", "2005": "$161"}, "Alexandria Real Estate Equities Quarterly EBITDA (Millions of US $)": {"2020-12-31": "$283", "2020-09-30": "$355", "2020-06-30": "$269", "2020-03-31": "$264", "2019-12-31": "$249", "2019-09-30": "$241", "2019-06-30": "$235", "2019-03-31": "$227", "2018-12-31": "$217", "2018-09-30": "$216", "2018-06-30": "$207", "2018-03-31": "$202", "2017-12-31": "$190", "2017-09-30": "$182", "2017-06-30": "$174", "2017-03-31": "$172", "2016-12-31": "$158", "2016-09-30": "$145", "2016-06-30": "$145", "2016-03-31": "$137", "2015-12-31": "$142", "2015-09-30": "$134", "2015-06-30": "$129", "2015-03-31": "$123", "2014-12-31": "$120", "2014-09-30": "$118", "2014-06-30": "$112", "2014-03-31": "$112", "2013-12-31": "$108", "2013-09-30": "$101", "2013-06-30": "$97", "2013-03-31": "$96", "2012-12-31": "$95", "2012-09-30": "$90", "2012-06-30": "$94", "2012-03-31": "$89", "2011-12-31": "$78", "2011-09-30": "$90", "2011-06-30": "$93", "2011-03-31": "$88", "2010-12-31": "$77", "2010-09-30": "$81", "2010-06-30": "$82", "2010-03-31": "$78", "2009-12-31": "$80", "2009-09-30": "$79", "2009-06-30": "$87", "2009-03-31": "$89", "2008-12-31": "$87", "2008-09-30": "$77", "2008-06-30": "$76", "2008-03-31": "$74", "2007-12-31": "$75", "2007-09-30": "$69", "2007-06-30": "$64", "2007-03-31": "$62", "2006-12-31": "$49", "2006-09-30": "$59", "2006-06-30": "$51", "2006-03-31": "$47", "2005-12-31": "$36", "2005-09-30": "$44", "2005-06-30": "$42", "2005-03-31": "$40"}}, "net-income": {"Alexandria Real Estate Equities Annual Net Income (Millions of US $)": {"2020": "$761", "2019": "$351", "2018": "$364", "2017": "$145", "2016": "$-151", "2015": "$117", "2014": "$72", "2013": "$109", "2012": "$68", "2011": "$102", "2010": "$106", "2009": "$105", "2008": "$91", "2007": "$70", "2006": "$57", "2005": "$47"}, "Alexandria Real Estate Equities Quarterly Net Income (Millions of US $)": {"2020-12-31": "$438", "2020-09-30": "$79", "2020-06-30": "$227", "2020-03-31": "$17", "2019-12-31": "$201", "2019-09-30": "$-50", "2019-06-30": "$76", "2019-03-31": "$124", "2018-12-31": "$-29", "2018-09-30": "$209", "2018-06-30": "$52", "2018-03-31": "$132", "2017-12-31": "$37", "2017-09-30": "$51", "2017-06-30": "$32", "2017-03-31": "$26", "2016-12-31": "$-25", "2016-09-30": "$5", "2016-06-30": "$-128", "2016-03-31": "$-4", "2015-12-31": "$35", "2015-09-30": "$33", "2015-06-30": "$31", "2015-03-31": "$18", "2014-12-31": "$-16", "2014-09-30": "$28", "2014-06-30": "$28", "2014-03-31": "$33", "2013-12-31": "$36", "2013-09-30": "$25", "2013-06-30": "$25", "2013-03-31": "$22", "2012-12-31": "$21", "2012-09-30": "$11", "2012-06-30": "$18", "2012-03-31": "$18", "2011-12-31": "$27", "2011-09-30": "$25", "2011-06-30": "$26", "2011-03-31": "$24", "2010-12-31": "$84", "2010-09-30": "$22", "2010-06-30": "$-20", "2010-03-31": "$21", "2009-12-31": "$22", "2009-09-30": "$18", "2009-06-30": "$32", "2009-03-31": "$33", "2008-12-31": "$19", "2008-09-30": "$19", "2008-06-30": "$19", "2008-03-31": "$33", "2007-12-31": "$14", "2007-09-30": "$20", "2007-06-30": "$21", "2007-03-31": "$15", "2006-12-31": "$17", "2006-09-30": "$15", "2006-06-30": "$13", "2006-03-31": "$13", "2005-12-31": "$12", "2005-09-30": "$12", "2005-06-30": "$12", "2005-03-31": "$11"}}, "eps-earnings-per-share-diluted": {"Alexandria Real Estate Equities Annual EPS": {"2020": "$6.01", "2019": "$3.12", "2018": "$3.52", "2017": "$1.58", "2016": "$-1.99", "2015": "$1.63", "2014": "$1.01", "2013": "$1.60", "2012": "$1.09", "2011": "$1.73", "2010": "$2.19", "2009": "$2.72", "2008": "$2.86", "2007": "$2.36", "2006": "$2.25", "2005": "$2.22"}, "Alexandria Real Estate Equities Quarterly EPS": {"2020-12-31": "$3.42", "2020-09-30": "$0.63", "2020-06-30": "$1.82", "2020-03-31": "$0.14", "2019-12-31": "$1.77", "2019-09-30": "$-0.44", "2019-06-30": "$0.68", "2019-03-31": "$1.11", "2018-12-31": "$-0.30", "2018-09-30": "$1.99", "2018-06-30": "$0.51", "2018-03-31": "$1.32", "2017-12-31": "$0.39", "2017-09-30": "$0.55", "2017-06-30": "$0.35", "2017-03-31": "$0.29", "2016-12-31": "$-0.29", "2016-09-30": "$0.07", "2016-06-30": "$-1.72", "2016-03-31": "$-0.05", "2015-12-31": "$0.48", "2015-09-30": "$0.46", "2015-06-30": "$0.44", "2015-03-31": "$0.25", "2014-12-31": "$-0.23", "2014-09-30": "$0.39", "2014-06-30": "$0.39", "2014-03-31": "$0.46", "2013-12-31": "$0.51", "2013-09-30": "$0.35", "2013-06-30": "$0.38", "2013-03-31": "$0.36", "2012-12-31": "$0.33", "2012-09-30": "$0.17", "2012-06-30": "$0.29", "2012-03-31": "$0.30", "2011-12-31": "$0.45", "2011-09-30": "$0.40", "2011-06-30": "$0.44", "2011-03-31": "$0.44", "2010-12-31": "$1.72", "2010-09-30": "$0.45", "2010-06-30": "$-0.45", "2010-03-31": "$0.47", "2009-12-31": "$0.42", "2009-09-30": "$0.47", "2009-06-30": "$0.82", "2009-03-31": "$1.01", "2008-12-31": "$0.61", "2008-09-30": "$0.61", "2008-06-30": "$0.61", "2008-03-31": "$1.03", "2007-12-31": "$0.43", "2007-09-30": "$0.68", "2007-06-30": "$0.73", "2007-03-31": "$0.52", "2006-12-31": "$0.56", "2006-09-30": "$0.56", "2006-06-30": "$0.57", "2006-03-31": "$0.56", "2005-12-31": "$0.53", "2005-09-30": "$0.56", "2005-06-30": "$0.58", "2005-03-31": "$0.55"}}, "shares-outstanding": {"Alexandria Real Estate Equities Annual Shares Outstanding (Millions of Shares)": {"2020": "126", "2019": "113", "2018": "103", "2017": "92", "2016": "76", "2015": "72", "2014": "71", "2013": "68", "2012": "62", "2011": "59", "2010": "48", "2009": "39", "2008": "32", "2007": "30", "2006": "26", "2005": "21"}, "Alexandria Real Estate Equities Quarterly Shares Outstanding (Millions of Shares)": {"2020-12-31": "126", "2020-09-30": "126", "2020-06-30": "124", "2020-03-31": "122", "2019-12-31": "113", "2019-09-30": "112", "2019-06-30": "112", "2019-03-31": "111", "2018-12-31": "103", "2018-09-30": "105", "2018-06-30": "102", "2018-03-31": "100", "2017-12-31": "92", "2017-09-30": "93", "2017-06-30": "91", "2017-03-31": "88", "2016-12-31": "76", "2016-09-30": "77", "2016-06-30": "74", "2016-03-31": "73", "2015-12-31": "72", "2015-09-30": "72", "2015-06-30": "71", "2015-03-31": "71", "2014-12-31": "71", "2014-09-30": "71", "2014-06-30": "71", "2014-03-31": "71", "2013-12-31": "68", "2013-09-30": "71", "2013-06-30": "67", "2013-03-31": "63", "2012-12-31": "62", "2012-09-30": "62", "2012-06-30": "62", "2012-03-31": "62", "2011-12-31": "59", "2011-09-30": "61", "2011-06-30": "59", "2011-03-31": "55", "2010-12-31": "48", "2010-09-30": "50", "2010-06-30": "45", "2010-03-31": "44", "2009-12-31": "39", "2009-09-30": "39", "2009-06-30": "43", "2009-03-31": "32", "2008-12-31": "32", "2008-09-30": "32", "2008-06-30": "32", "2008-03-31": "32", "2007-12-31": "30", "2007-09-30": "30", "2007-06-30": "29", "2007-03-31": "29", "2006-12-31": "26", "2006-09-30": "27", "2006-06-30": "23", "2006-03-31": "23", "2005-12-31": "21", "2005-09-30": "21", "2005-06-30": "21", "2005-03-31": "20"}}, "total-assets": {"Alexandria Real Estate Equities Annual Total Assets (Millions of US $)": {"2020": "$22,828", "2019": "$18,391", "2018": "$14,465", "2017": "$12,104", "2016": "$10,355", "2015": "$8,881", "2014": "$8,136", "2013": "$7,530", "2012": "$7,150", "2011": "$6,574", "2010": "$5,906", "2009": "$5,457", "2008": "$5,132", "2007": "$4,642", "2006": "$3,617", "2005": "$2,362"}, "Alexandria Real Estate Equities Quarterly Total Assets (Millions of US $)": {"2020-12-31": "$22,828", "2020-09-30": "$21,911", "2020-06-30": "$20,069", "2020-03-31": "$19,702", "2019-12-31": "$18,391", "2019-09-30": "$17,058", "2019-06-30": "$16,039", "2019-03-31": "$15,480", "2018-12-31": "$14,465", "2018-09-30": "$14,106", "2018-06-30": "$13,562", "2018-03-31": "$12,821", "2017-12-31": "$12,104", "2017-09-30": "$11,545", "2017-06-30": "$11,246", "2017-03-31": "$10,869", "2016-12-31": "$10,355", "2016-09-30": "$9,294", "2016-06-30": "$9,145", "2016-03-31": "$8,972", "2015-12-31": "$8,881", "2015-09-30": "$8,737", "2015-06-30": "$8,525", "2015-03-31": "$8,405", "2014-12-31": "$8,136", "2014-09-30": "$8,020", "2014-06-30": "$7,816", "2014-03-31": "$7,756", "2013-12-31": "$7,530", "2013-09-30": "$7,358", "2013-06-30": "$7,379", "2013-03-31": "$7,091", "2012-12-31": "$7,150", "2012-09-30": "$6,965", "2012-06-30": "$6,842", "2012-03-31": "$6,718", "2011-12-31": "$6,574", "2011-09-30": "$6,456", "2011-06-30": "$6,343", "2011-03-31": "$5,983", "2010-12-31": "$5,906", "2010-09-30": "$5,749", "2010-06-30": "$5,565", "2010-03-31": "$5,469", "2009-12-31": "$5,457", "2009-09-30": "$5,393", "2009-06-30": "$5,287", "2009-03-31": "$5,235", "2008-12-31": "$5,132", "2008-09-30": "$4,933", "2008-06-30": "$4,804", "2008-03-31": "$4,685", "2007-12-31": "$4,642", "2007-09-30": "$4,307", "2007-06-30": "$3,847", "2007-03-31": "$3,722", "2006-12-31": "$3,617", "2006-09-30": "$3,306", "2006-06-30": "$2,577", "2006-03-31": "$2,511", "2005-12-31": "$2,362", "2005-09-30": "$2,197", "2005-06-30": "$2,092", "2005-03-31": "$2,004"}}, "cash-on-hand": {"Alexandria Real Estate Equities Annual Cash on Hand (Millions of US $)": {"2020": "$598", "2019": "$243", "2018": "$272", "2017": "$277", "2016": "$141", "2015": "$154", "2014": "$113", "2013": "$85", "2012": "$181", "2011": "$102", "2010": "$120", "2009": "$118", "2008": "$71", "2007": "$8", "2006": "$3", "2005": "$4"}, "Alexandria Real Estate Equities Quarterly Cash on Hand (Millions of US $)": {"2020-12-31": "$598", "2020-09-30": "$485", "2020-06-30": "$242", "2020-03-31": "$488", "2019-12-31": "$243", "2019-09-30": "$453", "2019-06-30": "$238", "2019-03-31": "$316", "2018-12-31": "$272", "2018-09-30": "$234", "2018-06-30": "$322", "2018-03-31": "$259", "2017-12-31": "$277", "2017-09-30": "$146", "2017-06-30": "$145", "2017-03-31": "$170", "2016-12-31": "$141", "2016-09-30": "$174", "2016-06-30": "$269", "2016-03-31": "$161", "2015-12-31": "$154", "2015-09-30": "$113", "2015-06-30": "$113", "2015-03-31": "$147", "2014-12-31": "$113", "2014-09-30": "$91", "2014-06-30": "$86", "2014-03-31": "$105", "2013-12-31": "$85", "2013-09-30": "$84", "2013-06-30": "$333", "2013-03-31": "$117", "2012-12-31": "$181", "2012-09-30": "$140", "2012-06-30": "$123", "2012-03-31": "$117", "2011-12-31": "$102", "2011-09-30": "$101", "2011-06-30": "$84", "2011-03-31": "$109", "2010-12-31": "$120", "2010-09-30": "$111", "2010-06-30": "$73", "2010-03-31": "$71", "2009-12-31": "$118", "2009-09-30": "$68", "2009-06-30": "$70", "2009-03-31": "$125", "2008-12-31": "$71", "2008-09-30": "$15", "2008-06-30": "$7", "2008-03-31": "$8", "2007-12-31": "$8", "2007-09-30": "$11", "2007-06-30": "$7", "2007-03-31": "$9", "2006-12-31": "$3", "2006-09-30": "$8", "2006-06-30": "$4", "2006-03-31": "$3", "2005-12-31": "$4", "2005-09-30": "$5", "2005-06-30": "$2", "2005-03-31": "$4"}}, "long-term-debt": {"Alexandria Real Estate Equities Annual Long Term Debt (Millions of US $)": {"2020": "$7,563", "2019": "$6,777", "2018": "$5,478", "2017": "$4,765", "2016": "$4,164", "2015": "$3,936", "2014": "$3,679", "2013": "$3,061", "2012": "$3,182", "2011": "$2,779", "2010": "$2,584", "2009": "$2,747", "2008": "$2,938", "2007": "$2,788", "2006": "$2,025", "2005": "$1,407"}, "Alexandria Real Estate Equities Quarterly Long Term Debt (Millions of US $)": {"2020-12-31": "$7,563", "2020-09-30": "$7,823", "2020-06-30": "$7,523", "2020-03-31": "$7,305", "2019-12-31": "$6,777", "2019-09-30": "$6,738", "2019-06-30": "$6,356", "2019-03-31": "$5,844", "2018-12-31": "$5,478", "2018-09-30": "$5,684", "2018-06-30": "$5,614", "2018-03-31": "$5,211", "2017-12-31": "$4,765", "2017-09-30": "$4,817", "2017-06-30": "$4,775", "2017-03-31": "$4,431", "2016-12-31": "$4,164", "2016-09-30": "$4,329", "2016-06-30": "$4,117", "2016-03-31": "$4,091", "2015-12-31": "$3,936", "2015-09-30": "$4,314", "2015-06-30": "$4,093", "2015-03-31": "$3,904", "2014-12-31": "$3,679", "2014-09-30": "$3,501", "2014-06-30": "$3,335", "2014-03-31": "$3,252", "2013-12-31": "$3,061", "2013-09-30": "$2,871", "2013-06-30": "$2,959", "2013-03-31": "$3,185", "2012-12-31": "$3,182", "2012-09-30": "$3,032", "2012-06-30": "$2,999", "2012-03-31": "$2,789", "2011-12-31": "$2,779", "2011-09-30": "$2,659", "2011-06-30": "$2,553", "2011-03-31": "$2,669", "2010-12-31": "$2,584", "2010-09-30": "$2,519", "2010-06-30": "$2,684", "2010-03-31": "$2,763", "2009-12-31": "$2,747", "2009-09-30": "$2,666", "2009-06-30": "$2,827", "2009-03-31": "$2,829", "2008-12-31": "$2,938", "2008-09-30": "$2,805", "2008-06-30": "$2,693", "2008-03-31": "$2,626", "2007-12-31": "$2,788", "2007-09-30": "$2,503", "2007-06-30": "$2,274", "2007-03-31": "$2,177", "2006-12-31": "$2,025", "2006-09-30": "$1,721", "2006-06-30": "$1,305", "2006-03-31": "$1,544", "2005-12-31": "$1,407", "2005-09-30": "$1,272", "2005-06-30": "$1,302", "2005-03-31": "$1,218"}}, "total-liabilities": {"Alexandria Real Estate Equities Annual Total Liabilities (Millions of US $)": {"2020": "$9,395", "2019": "$8,236", "2018": "$6,581", "2017": "$5,632", "2016": "$4,984", "2015": "$4,601", "2014": "$4,241", "2013": "$3,565", "2012": "$3,662", "2011": "$3,157", "2010": "$2,935", "2009": "$3,093", "2008": "$3,391", "2007": "$3,138", "2006": "$2,266", "2005": "$1,533"}, "Alexandria Real Estate Equities Quarterly Total Liabilities (Millions of US $)": {"2020-12-31": "$9,395", "2020-09-30": "$9,587", "2020-06-30": "$9,012", "2020-03-31": "$8,800", "2019-12-31": "$8,236", "2019-09-30": "$8,107", "2019-06-30": "$7,639", "2019-03-31": "$7,136", "2018-12-31": "$6,581", "2018-09-30": "$6,703", "2018-06-30": "$6,573", "2018-03-31": "$6,098", "2017-12-31": "$5,632", "2017-09-30": "$5,652", "2017-06-30": "$5,603", "2017-03-31": "$5,434", "2016-12-31": "$4,984", "2016-09-30": "$5,010", "2016-06-30": "$4,787", "2016-03-31": "$4,798", "2015-12-31": "$4,601", "2015-09-30": "$4,976", "2015-06-30": "$4,700", "2015-03-31": "$4,623", "2014-12-31": "$4,241", "2014-09-30": "$4,078", "2014-06-30": "$3,841", "2014-03-31": "$3,766", "2013-12-31": "$3,565", "2013-09-30": "$3,392", "2013-06-30": "$3,394", "2013-03-31": "$3,610", "2012-12-31": "$3,662", "2012-09-30": "$3,464", "2012-06-30": "$3,401", "2012-03-31": "$3,295", "2011-12-31": "$3,157", "2011-09-30": "$3,041", "2011-06-30": "$2,903", "2011-03-31": "$3,000", "2010-12-31": "$2,935", "2010-09-30": "$2,856", "2010-06-30": "$3,025", "2010-03-31": "$3,087", "2009-12-31": "$3,093", "2009-09-30": "$3,055", "2009-06-30": "$3,200", "2009-03-31": "$3,231", "2008-12-31": "$3,391", "2008-09-30": "$3,192", "2008-06-30": "$3,053", "2008-03-31": "$2,993", "2007-12-31": "$3,138", "2007-09-30": "$2,816", "2007-06-30": "$2,535", "2007-03-31": "$2,430", "2006-12-31": "$2,266", "2006-09-30": "$1,953", "2006-06-30": "$1,439", "2006-03-31": "$1,678", "2005-12-31": "$1,533", "2005-09-30": "$1,376", "2005-06-30": "$1,375", "2005-03-31": "$1,292"}}, "total-share-holder-equity": {"Alexandria Real Estate Equities Annual Share Holder Equity (Millions of US $)": {"2020": "$13,432", "2019": "$10,154", "2018": "$7,884", "2017": "$6,472", "2016": "$5,371", "2015": "$4,280", "2014": "$3,895", "2013": "$3,964", "2012": "$3,488", "2011": "$3,417", "2010": "$2,970", "2009": "$2,365", "2008": "$1,741", "2007": "$1,504", "2006": "$1,352", "2005": "$830"}, "Alexandria Real Estate Equities Quarterly Share Holder Equity (Millions of US $)": {"2020-12-31": "$13,432", "2020-09-30": "$12,324", "2020-06-30": "$11,057", "2020-03-31": "$10,902", "2019-12-31": "$10,154", "2019-09-30": "$8,952", "2019-06-30": "$8,400", "2019-03-31": "$8,344", "2018-12-31": "$7,884", "2018-09-30": "$7,403", "2018-06-30": "$6,989", "2018-03-31": "$6,723", "2017-12-31": "$6,472", "2017-09-30": "$5,893", "2017-06-30": "$5,643", "2017-03-31": "$5,435", "2016-12-31": "$5,371", "2016-09-30": "$4,284", "2016-06-30": "$4,358", "2016-03-31": "$4,173", "2015-12-31": "$4,280", "2015-09-30": "$3,761", "2015-06-30": "$3,825", "2015-03-31": "$3,783", "2014-12-31": "$3,895", "2014-09-30": "$3,943", "2014-06-30": "$3,975", "2014-03-31": "$3,990", "2013-12-31": "$3,964", "2013-09-30": "$3,966", "2013-06-30": "$3,985", "2013-03-31": "$3,481", "2012-12-31": "$3,488", "2012-09-30": "$3,501", "2012-06-30": "$3,441", "2012-03-31": "$3,423", "2011-12-31": "$3,417", "2011-09-30": "$3,415", "2011-06-30": "$3,440", "2011-03-31": "$2,984", "2010-12-31": "$2,970", "2010-09-30": "$2,893", "2010-06-30": "$2,540", "2010-03-31": "$2,382", "2009-12-31": "$2,365", "2009-09-30": "$2,339", "2009-06-30": "$2,087", "2009-03-31": "$2,004", "2008-12-31": "$1,741", "2008-09-30": "$1,741", "2008-06-30": "$1,751", "2008-03-31": "$1,692", "2007-12-31": "$1,504", "2007-09-30": "$1,491", "2007-06-30": "$1,312", "2007-03-31": "$1,292", "2006-12-31": "$1,352", "2006-09-30": "$1,353", "2006-06-30": "$1,137", "2006-03-31": "$833", "2005-12-31": "$830", "2005-09-30": "$821", "2005-06-30": "$716", "2005-03-31": "$712"}}, "profit-margins": {"current": "40.89%"}, "gross margin": {"2020-12-31": "71.90%", "2020-09-30": "71.86%", "2020-06-30": "70.69%", "2020-03-31": "70.66%", "2019-12-31": "70.87%", "2019-09-30": "71.22%", "2019-06-30": "71.38%", "2019-03-31": "71.38%", "2018-12-31": "71.29%", "2018-09-30": "71.07%", "2018-06-30": "71.11%", "2018-03-31": "71.11%", "2017-12-31": "71.19%", "2017-09-30": "71.24%", "2017-06-30": "70.77%", "2017-03-31": "70.39%", "2016-12-31": "69.82%", "2016-09-30": "69.42%", "2016-06-30": "69.38%", "2016-03-31": "69.18%", "2015-12-31": "69.08%", "2015-09-30": "69.22%", "2015-06-30": "69.33%", "2015-03-31": "69.52%", "2014-12-31": "69.88%", "2014-09-30": "70.01%", "2014-06-30": "70.40%", "2014-03-31": "70.32%", "2013-12-31": "70.21%", "2013-09-30": "69.93%", "2013-06-30": "69.68%", "2013-03-31": "69.78%", "2012-12-31": "69.74%", "2012-09-30": "69.81%", "2012-06-30": "70.09%", "2012-03-31": "70.49%", "2011-12-31": "70.71%", "2011-09-30": "71.59%", "2011-06-30": "72.16%", "2011-03-31": "72.73%", "2010-12-31": "73.48%", "2010-09-30": "73.61%", "2010-06-30": "73.81%", "2010-03-31": "74.25%", "2009-12-31": "74.69%", "2009-09-30": "75.25%", "2009-06-30": "75.31%", "2009-03-31": "75.10%", "2008-12-31": "74.78%", "2008-09-30": "74.19%", "2008-06-30": "74.70%", "2008-03-31": "75.00%", "2007-12-31": "75.58%", "2007-09-30": "75.95%", "2007-06-30": "76.20%", "2007-03-31": "76.90%", "2006-12-31": "77.48%", "2006-09-30": "78.21%", "2006-06-30": "78.60%", "2006-03-31": "78.28%", "2005-12-31": "78.35%"}, "operating margin": {"2020-12-31": "27.78%", "2020-09-30": "28.58%", "2020-06-30": "26.45%", "2020-03-31": "27.11%", "2019-12-31": "28.28%", "2019-09-30": "28.16%", "2019-06-30": "28.34%", "2019-03-31": "28.18%", "2018-12-31": "28.49%", "2018-09-30": "28.54%", "2018-06-30": "27.91%", "2018-03-31": "27.61%", "2017-12-31": "27.48%", "2017-09-30": "26.81%", "2017-06-30": "27.17%", "2017-03-31": "28.48%", "2016-12-31": "28.77%", "2016-09-30": "30.13%", "2016-06-30": "30.73%", "2016-03-31": "30.59%", "2015-12-31": "31.04%", "2015-09-30": "31.40%", "2015-06-30": "31.44%", "2015-03-31": "31.02%", "2014-12-31": "31.64%", "2014-09-30": "32.25%", "2014-06-30": "32.55%", "2014-03-31": "33.03%", "2013-12-31": "32.33%", "2013-09-30": "31.21%", "2013-06-30": "30.32%", "2013-03-31": "29.20%", "2012-12-31": "29.22%", "2012-09-30": "29.07%", "2012-06-30": "30.84%", "2012-03-31": "33.27%", "2011-12-31": "34.89%", "2011-09-30": "36.74%", "2011-06-30": "37.84%", "2011-03-31": "39.05%", "2010-12-31": "39.57%", "2010-09-30": "40.34%", "2010-06-30": "40.69%", "2010-03-31": "41.63%", "2009-12-31": "42.74%", "2009-09-30": "44.02%", "2009-06-30": "44.49%", "2009-03-31": "43.93%", "2008-12-31": "43.64%", "2008-09-30": "42.33%", "2008-06-30": "42.72%", "2008-03-31": "43.32%", "2007-12-31": "43.44%", "2007-09-30": "43.78%", "2007-06-30": "43.91%", "2007-03-31": "44.68%", "2006-12-31": "45.36%", "2006-09-30": "45.71%", "2006-06-30": "45.91%", "2006-03-31": "45.49%", "2005-12-31": "45.89%"}, "ebitda margin": {"2020-12-31": "62.09%", "2020-09-30": "62.13%", "2020-06-30": "61.07%", "2020-03-31": "61.35%", "2019-12-31": "62.18%", "2019-09-30": "62.88%", "2019-06-30": "63.25%", "2019-03-31": "63.47%", "2018-12-31": "63.45%", "2018-09-30": "63.37%", "2018-06-30": "63.55%", "2018-03-31": "63.55%", "2017-12-31": "63.65%", "2017-09-30": "63.64%", "2017-06-30": "63.44%", "2017-03-31": "63.52%", "2016-12-31": "63.52%", "2016-09-30": "63.50%", "2016-06-30": "63.05%", "2016-03-31": "62.80%", "2015-12-31": "62.56%", "2015-09-30": "62.55%", "2015-06-30": "63.14%", "2015-03-31": "63.24%", "2014-12-31": "63.55%", "2014-09-30": "63.65%", "2014-06-30": "63.77%", "2014-03-31": "63.62%", "2013-12-31": "63.71%", "2013-09-30": "63.56%", "2013-06-30": "63.32%", "2013-03-31": "63.67%", "2012-12-31": "64.00%", "2012-09-30": "65.00%", "2012-06-30": "65.61%", "2012-03-31": "65.79%", "2011-12-31": "65.11%", "2011-09-30": "65.91%", "2011-06-30": "66.47%", "2011-03-31": "67.77%", "2010-12-31": "69.13%", "2010-09-30": "68.88%", "2010-06-30": "69.05%", "2010-03-31": "69.53%", "2009-12-31": "69.50%", "2009-09-30": "69.37%", "2009-06-30": "69.39%", "2009-03-31": "68.83%", "2008-12-31": "68.86%", "2008-09-30": "70.23%", "2008-06-30": "70.17%", "2008-03-31": "69.80%", "2007-12-31": "69.41%", "2007-09-30": "65.95%", "2007-06-30": "66.29%", "2007-03-31": "67.17%", "2006-12-31": "68.21%", "2006-09-30": "68.93%", "2006-06-30": "69.26%", "2006-03-31": "69.26%", "2005-12-31": "70.13%"}, "pre tax profit margin": {"2020-12-31": "35.74%", "2020-09-30": "32.19%", "2020-06-30": "27.40%", "2020-03-31": "18.73%", "2019-12-31": "26.39%", "2019-09-30": "13.88%", "2019-06-30": "29.54%", "2019-03-31": "28.55%", "2018-12-31": "29.69%", "2018-09-30": "34.14%", "2018-06-30": "24.82%", "2018-03-31": "24.38%", "2017-12-31": "17.20%", "2017-09-30": "13.82%", "2017-06-30": "12.90%", "2017-03-31": "-1.74%", "2016-12-31": "-5.86%", "2016-09-30": "-4.46%", "2016-06-30": "-3.28%", "2016-03-31": "13.56%", "2015-12-31": "15.64%", "2015-09-30": "11.00%", "2015-06-30": "11.08%", "2015-03-31": "11.10%", "2014-12-31": "13.62%", "2014-09-30": "21.50%", "2014-06-30": "21.80%", "2014-03-31": "22.07%", "2013-12-31": "21.08%", "2013-09-30": "19.28%", "2013-06-30": "18.26%", "2013-03-31": "16.64%", "2012-12-31": "16.52%", "2012-09-30": "16.67%", "2012-06-30": "18.32%", "2012-03-31": "20.86%", "2011-12-31": "21.83%", "2011-09-30": "22.35%", "2011-06-30": "22.94%", "2011-03-31": "14.67%", "2010-12-31": "14.57%", "2010-09-30": "15.88%", "2010-06-30": "15.15%", "2010-03-31": "26.82%", "2009-12-31": "28.01%", "2009-09-30": "26.77%", "2009-06-30": "27.14%", "2009-03-31": "24.69%", "2008-12-31": "22.15%", "2008-09-30": "20.47%", "2008-06-30": "19.57%", "2008-03-31": "18.81%", "2007-12-31": "19.28%", "2007-09-30": "21.08%", "2007-06-30": "21.53%", "2007-03-31": "21.58%", "2006-12-31": "22.19%", "2006-09-30": "22.86%", "2006-06-30": "23.35%", "2006-03-31": "24.18%", "2005-12-31": "24.68%"}, "net profit margin": {"2020-12-31": "40.35%", "2020-09-30": "28.63%", "2020-06-30": "23.58%", "2020-03-31": "15.14%", "2019-12-31": "22.93%", "2019-09-30": "8.27%", "2019-06-30": "26.86%", "2019-03-31": "26.06%", "2018-12-31": "27.43%", "2018-09-30": "33.44%", "2018-06-30": "22.13%", "2018-03-31": "21.41%", "2017-12-31": "12.94%", "2017-09-30": "7.79%", "2017-06-30": "3.71%", "2017-03-31": "-12.50%", "2016-12-31": "-16.50%", "2016-09-30": "-10.27%", "2016-06-30": "-7.23%", "2016-03-31": "11.01%", "2015-12-31": "13.86%", "2015-09-30": "8.16%", "2015-06-30": "7.86%", "2015-03-31": "7.75%", "2014-12-31": "10.04%", "2014-09-30": "17.68%", "2014-06-30": "17.97%", "2014-03-31": "18.11%", "2013-12-31": "17.12%", "2013-09-30": "15.20%", "2013-06-30": "13.23%", "2013-03-31": "12.22%", "2012-12-31": "11.83%", "2012-09-30": "13.70%", "2012-06-30": "16.45%", "2012-03-31": "18.05%", "2011-12-31": "19.03%", "2011-09-30": "30.11%", "2011-06-30": "30.59%", "2011-03-31": "22.73%", "2010-12-31": "23.26%", "2010-09-30": "9.66%", "2010-06-30": "8.87%", "2010-03-31": "19.96%", "2009-12-31": "21.78%", "2009-09-30": "20.69%", "2009-06-30": "21.02%", "2009-03-31": "18.83%", "2008-12-31": "19.74%", "2008-09-30": "19.77%", "2008-06-30": "20.53%", "2008-03-31": "21.78%", "2007-12-31": "17.99%", "2007-09-30": "19.73%", "2007-06-30": "19.26%", "2007-03-31": "18.24%", "2006-12-31": "19.21%", "2006-09-30": "18.93%", "2006-06-30": "19.46%", "2006-03-31": "20.08%", "2005-12-31": "20.35%"}, "pe ratio": {"current": "23.52", "2021-02-05": "66.29", "2020-12-31": "68.81", "2020-09-30": "36.72", "2020-06-30": "49.14", "2020-03-31": "63.41", "2019-12-31": "50.93", "2019-09-30": "141.96", "2019-06-30": "39.09", "2019-03-31": "41.24", "2018-12-31": "31.13", "2018-09-30": "28.22", "2018-06-30": "42.65", "2018-03-31": "44.49", "2017-12-31": "76.49", "2017-09-30": "123.47", "2017-06-30": "273.05", "2017-03-31": "0.00", "2016-12-31": "0.00", "2016-09-30": "0.00", "2016-06-30": "0.00", "2016-03-31": "59.24", "2015-12-31": "47.70", "2015-09-30": "79.02", "2015-06-30": "87.56", "2015-03-31": "103.39", "2014-12-31": "73.56", "2014-09-30": "35.00", "2014-06-30": "37.34", "2014-03-31": "34.78", "2013-12-31": "32.08", "2013-09-30": "35.90", "2013-06-30": "41.87", "2013-03-31": "48.27", "2012-12-31": "49.32", "2012-09-30": "47.13", "2012-06-30": "38.84", "2012-03-31": "35.09", "2011-12-31": "30.20", "2011-09-30": "16.39", "2011-06-30": "20.15", "2011-03-31": "29.34", "2010-12-31": "27.00", "2010-09-30": "53.14", "2010-06-30": "46.89", "2010-03-31": "21.67", "2009-12-31": "16.53", "2009-09-30": "13.10", "2009-06-30": "8.03", "2009-03-31": "8.49", "2008-12-31": "13.40", "2008-09-30": "24.33", "2008-06-30": "20.84", "2008-03-31": "19.32", "2007-12-31": "25.56", "2007-09-30": "25.36", "2007-06-30": "26.59", "2007-03-31": "29.33", "2006-12-31": "28.61"}, "price sales": {"2021-02-05": "11.35", "2020-12-31": "11.79", "2020-09-30": "10.54", "2020-06-30": "11.25", "2020-03-31": "9.55", "2019-12-31": "11.49", "2019-09-30": "11.16", "2019-06-30": "10.34", "2019-03-31": "10.51", "2018-12-31": "8.46", "2018-09-30": "9.19", "2018-06-30": "9.28", "2018-03-31": "9.25", "2017-12-31": "9.70", "2017-09-30": "8.75", "2017-06-30": "8.86", "2017-03-31": "8.05", "2016-12-31": "8.09", "2016-09-30": "7.95", "2016-06-30": "7.47", "2016-03-31": "6.60", "2015-12-31": "6.63", "2015-09-30": "6.42", "2015-06-30": "6.84", "2015-03-31": "7.88", "2014-12-31": "7.27", "2014-09-30": "6.10", "2014-06-30": "6.60", "2014-03-31": "6.23", "2013-12-31": "5.47", "2013-09-30": "5.47", "2013-06-30": "5.53", "2013-03-31": "5.88", "2012-12-31": "5.80", "2012-09-30": "6.42", "2012-06-30": "6.33", "2012-03-31": "6.26", "2011-12-31": "5.64", "2011-09-30": "4.86", "2011-06-30": "5.97", "2011-03-31": "5.88", "2010-12-31": "5.43", "2010-09-30": "4.81", "2010-06-30": "4.12", "2010-03-31": "4.29", "2009-12-31": "3.62", "2009-09-30": "2.82", "2009-06-30": "1.77", "2009-03-31": "1.71", "2008-12-31": "2.89", "2008-09-30": "5.56", "2008-06-30": "4.80", "2008-03-31": "4.62", "2007-12-31": "5.11", "2007-09-30": "4.87", "2007-06-30": "4.97", "2007-03-31": "5.18", "2006-12-31": "5.24"}, "price book": {"current": "1.75", "2021-02-05": "1.75", "2020-12-31": "1.81", "2020-09-30": "1.72", "2020-06-30": "1.80", "2020-03-31": "1.53", "2019-12-31": "1.87", "2019-09-30": "1.88", "2019-06-30": "1.81", "2019-03-31": "1.81", "2018-12-31": "1.54", "2018-09-30": "1.69", "2018-06-30": "1.74", "2018-03-31": "1.73", "2017-12-31": "1.85", "2017-09-30": "1.74", "2017-06-30": "1.78", "2017-03-31": "1.65", "2016-12-31": "1.62", "2016-09-30": "1.79", "2016-06-30": "1.63", "2016-03-31": "1.39", "2015-12-31": "1.33", "2015-09-30": "1.40", "2015-06-30": "1.39", "2015-03-31": "1.56", "2014-12-31": "1.36", "2014-09-30": "1.11", "2014-06-30": "1.15", "2014-03-31": "1.06", "2013-12-31": "0.92", "2013-09-30": "0.91", "2013-06-30": "0.93", "2013-03-31": "1.01", "2012-12-31": "0.97", "2012-09-30": "1.03", "2012-06-30": "1.00", "2012-03-31": "1.00", "2011-12-31": "0.94", "2011-09-30": "0.83", "2011-06-30": "1.02", "2011-03-31": "1.06", "2010-12-31": "0.99", "2010-09-30": "0.97", "2010-06-30": "0.90", "2010-03-31": "0.90", "2009-12-31": "0.86", "2009-09-30": "0.73", "2009-06-30": "0.47", "2009-03-31": "0.50", "2008-12-31": "0.76", "2008-09-30": "1.41", "2008-06-30": "1.20", "2008-03-31": "1.17", "2007-12-31": "1.41", "2007-09-30": "1.35", "2007-06-30": "1.42", "2007-03-31": "1.48", "2006-12-31": "1.38", "2006-09-30": "1.29", "2006-06-30": "1.31", "2006-03-31": "1.63"}, "price fcf": {"2021-02-05": "", "2020-12-31": "$-18.87", "2020-09-30": "$-26.79", "2020-06-30": "$-24.30", "2020-03-31": "$-25.58", "2019-12-31": "$-24.83", "2019-09-30": "$-17.15", "2019-06-30": "$-13.69", "2019-03-31": "$-14.20", "2018-12-31": "$-13.30", "2018-09-30": "$-13.74", "2018-06-30": "$-12.81", "2018-03-31": "$-12.09", "2017-12-31": "$-11.98", "2017-09-30": "$-18.91", "2017-06-30": "$-18.99", "2017-03-31": "$-16.63", "2016-12-31": "$-13.73", "2016-09-30": "$-5.32", "2016-06-30": "$-5.43", "2016-03-31": "$-5.22", "2015-12-31": "$-4.76", "2015-09-30": "$-4.52", "2015-06-30": "$-2.57", "2015-03-31": "$-2.15", "2014-12-31": "$-2.95", "2014-09-30": "$-3.97", "2014-06-30": "$-4.92", "2014-03-31": "$-4.60", "2013-12-31": "$-3.66", "2013-09-30": "$-2.98", "2013-06-30": "$-2.27", "2013-03-31": "$-2.72", "2012-12-31": "$-4.01", "2012-09-30": "$-4.29", "2012-06-30": "$-4.31", "2012-03-31": "$-8.72", "2011-12-31": "$-7.92", "2011-09-30": "$-7.49", "2011-06-30": "$-8.90", "2011-03-31": "$-4.49", "2010-12-31": "$-4.60", "2010-09-30": "$-5.30", "2010-06-30": "$-4.76", "2010-03-31": "$-4.40", "2009-12-31": "$-5.65", "2009-09-30": "$-5.56", "2009-06-30": "$-6.40", "2009-03-31": "$-7.98", "2008-12-31": "$-6.68", "2008-09-30": "$-12.62", "2008-06-30": "$-23.62", "2008-03-31": "$-23.86", "2007-12-31": "$-25.02", "2007-09-30": "$-29.54", "2007-06-30": "$-30.57", "2007-03-31": "$-29.95", "2006-12-31": "$-33.30"}, "net worth": {"value": "$23.47B"}, "current ratio": {"2020-12-31": "0.36", "2020-09-30": "0.31", "2020-06-30": "0.19", "2020-03-31": "0.37", "2019-12-31": "0.19", "2019-09-30": "0.37", "2019-06-30": "0.21", "2019-03-31": "0.28", "2018-12-31": "0.29", "2018-09-30": "0.27", "2018-06-30": "0.39", "2018-03-31": "0.35", "2017-12-31": "0.38", "2017-09-30": "0.21", "2017-06-30": "0.21", "2017-03-31": "0.23", "2016-12-31": "0.21", "2016-09-30": "0.30", "2016-06-30": "0.47", "2016-03-31": "0.27", "2015-12-31": "0.28", "2015-09-30": "0.21", "2015-06-30": "0.23", "2015-03-31": "0.25", "2014-12-31": "0.25", "2014-09-30": "0.20", "2014-06-30": "0.22", "2014-03-31": "0.26", "2013-12-31": "0.22", "2013-09-30": "0.21", "2013-06-30": "0.93", "2013-03-31": "0.34", "2012-12-31": "0.45", "2012-09-30": "0.40", "2012-06-30": "0.37", "2012-03-31": "0.39", "2011-12-31": "0.34", "2011-09-30": "0.33", "2011-06-30": "0.30", "2011-03-31": "0.41", "2010-12-31": "0.41", "2010-09-30": "0.39", "2010-06-30": "0.25", "2010-03-31": "0.26", "2009-12-31": "0.43", "2009-09-30": "0.22", "2009-06-30": "0.24", "2009-03-31": "0.40", "2008-12-31": "0.20", "2008-09-30": "0.08", "2008-06-30": "0.05", "2008-03-31": "0.06", "2007-12-31": "0.06", "2007-09-30": "0.08", "2007-06-30": "0.08", "2007-03-31": "0.09", "2006-12-31": "0.06", "2006-09-30": "0.09", "2006-06-30": "0.08", "2006-03-31": "0.10", "2005-12-31": "0.10", "2005-09-30": "0.12", "2005-06-30": "0.08", "2005-03-31": "0.13"}, "quick ratio": {"2020-12-31": "0.00", "2020-09-30": "0.00", "2020-06-30": "0.00", "2020-03-31": "0.00", "2019-12-31": "0.00", "2019-09-30": "0.00", "2019-06-30": "0.00", "2019-03-31": "0.00", "2018-12-31": "0.00", "2018-09-30": "0.00", "2018-06-30": "0.00", "2018-03-31": "0.00", "2017-12-31": "0.00", "2017-09-30": "0.00", "2017-06-30": "0.00", "2017-03-31": "0.00", "2016-12-31": "0.00", "2016-09-30": "0.00", "2016-06-30": "0.00", "2016-03-31": "0.00", "2015-12-31": "0.00", "2015-09-30": "0.00", "2015-06-30": "0.00", "2015-03-31": "0.00", "2014-12-31": "0.00", "2014-09-30": "0.00", "2014-06-30": "0.00", "2014-03-31": "0.00", "2013-12-31": "0.00", "2013-09-30": "0.00", "2013-06-30": "0.00", "2013-03-31": "0.00", "2012-12-31": "0.00", "2012-09-30": "0.00", "2012-06-30": "0.00", "2012-03-31": "0.00", "2011-12-31": "0.00", "2011-09-30": "0.00", "2011-06-30": "0.00", "2011-03-31": "0.00", "2010-12-31": "0.00", "2010-09-30": "0.00", "2010-06-30": "0.00", "2010-03-31": "0.00", "2009-12-31": "0.00", "2009-09-30": "0.00", "2009-06-30": "0.00", "2009-03-31": "0.00", "2008-12-31": "0.00", "2008-09-30": "0.00", "2008-06-30": "0.00", "2008-03-31": "0.00", "2007-12-31": "0.00", "2007-09-30": "0.00", "2007-06-30": "0.00", "2007-03-31": "0.00", "2006-12-31": "0.00", "2006-09-30": "0.00", "2006-06-30": "0.00", "2006-03-31": "0.00", "2005-12-31": "0.00", "2005-09-30": "0.00", "2005-06-30": "0.00", "2005-03-31": "0.00"}, "debt equity ratio": {"current": "0.56", "2020-12-31": "0.70", "2020-09-30": "0.78", "2020-06-30": "0.82", "2020-03-31": "0.81", "2019-12-31": "0.81", "2019-09-30": "0.91", "2019-06-30": "0.91", "2019-03-31": "0.86", "2018-12-31": "0.84", "2018-09-30": "0.91", "2018-06-30": "0.94", "2018-03-31": "0.91", "2017-12-31": "0.87", "2017-09-30": "0.96", "2017-06-30": "0.99", "2017-03-31": "1.00", "2016-12-31": "0.93", "2016-09-30": "1.17", "2016-06-30": "1.10", "2016-03-31": "1.15", "2015-12-31": "1.08", "2015-09-30": "1.32", "2015-06-30": "1.23", "2015-03-31": "1.22", "2014-12-31": "1.09", "2014-09-30": "1.03", "2014-06-30": "0.97", "2014-03-31": "0.94", "2013-12-31": "0.90", "2013-09-30": "0.86", "2013-06-30": "0.85", "2013-03-31": "1.04", "2012-12-31": "1.05", "2012-09-30": "0.99", "2012-06-30": "0.99", "2012-03-31": "0.96", "2011-12-31": "0.92", "2011-09-30": "0.89", "2011-06-30": "0.84", "2011-03-31": "1.01", "2010-12-31": "0.99", "2010-09-30": "0.99", "2010-06-30": "1.19", "2010-03-31": "1.30", "2009-12-31": "1.31", "2009-09-30": "1.31", "2009-06-30": "1.53", "2009-03-31": "1.61", "2008-12-31": "1.95", "2008-09-30": "1.83", "2008-06-30": "1.74", "2008-03-31": "1.77", "2007-12-31": "2.09", "2007-09-30": "1.89", "2007-06-30": "1.93", "2007-03-31": "1.88", "2006-12-31": "1.68", "2006-09-30": "1.44", "2006-06-30": "1.27", "2006-03-31": "2.02", "2005-12-31": "1.85", "2005-09-30": "1.68", "2005-06-30": "1.92", "2005-03-31": "1.82"}, "return on equity": {"2020-12-31": "6.38%", "2020-09-30": "4.72%", "2020-06-30": "3.85%", "2020-03-31": "2.54%", "2019-12-31": "3.92%", "2019-09-30": "1.44%", "2019-06-30": "4.75%", "2019-03-31": "4.65%", "2018-12-31": "5.02%", "2018-09-30": "6.23%", "2018-06-30": "4.17%", "2018-03-31": "4.08%", "2017-12-31": "2.49%", "2017-09-30": "1.50%", "2017-06-30": "0.73%", "2017-03-31": "-2.51%", "2016-12-31": "-3.34%", "2016-09-30": "-2.15%", "2016-06-30": "-1.54%", "2016-03-31": "2.37%", "2015-12-31": "2.99%", "2015-09-30": "1.73%", "2015-06-30": "1.58%", "2015-03-31": "1.49%", "2014-12-31": "1.85%", "2014-09-30": "3.15%", "2014-06-30": "3.07%", "2014-03-31": "2.99%", "2013-12-31": "2.81%", "2013-09-30": "2.49%", "2013-06-30": "2.19%", "2013-03-31": "2.07%", "2012-12-31": "1.96%", "2012-09-30": "2.15%", "2012-06-30": "2.57%", "2012-03-31": "2.80%", "2011-12-31": "3.08%", "2011-09-30": "4.97%", "2011-06-30": "5.08%", "2011-03-31": "3.86%", "2010-12-31": "3.97%", "2010-09-30": "1.77%", "2010-06-30": "1.70%", "2010-03-31": "4.06%", "2009-12-31": "4.78%", "2009-09-30": "4.99%", "2009-06-30": "5.44%", "2009-03-31": "4.97%", "2008-12-31": "5.20%", "2008-09-30": "5.08%", "2008-06-30": "5.34%", "2008-03-31": "5.87%", "2007-12-31": "5.00%", "2007-09-30": "5.36%", "2007-06-30": "5.12%", "2007-03-31": "4.67%", "2006-12-31": "4.96%", "2006-09-30": "5.10%", "2006-06-30": "5.52%", "2006-03-31": "6.13%", "2005-12-31": "6.11%"}, "return on assets": {"2020-12-31": "3.60%", "2020-09-30": "2.62%", "2020-06-30": "2.10%", "2020-03-31": "1.37%", "2019-12-31": "2.10%", "2019-09-30": "0.77%", "2019-06-30": "2.53%", "2019-03-31": "2.47%", "2018-12-31": "2.65%", "2018-09-30": "3.27%", "2018-06-30": "2.17%", "2018-03-31": "2.11%", "2017-12-31": "1.28%", "2017-09-30": "0.76%", "2017-06-30": "0.36%", "2017-03-31": "-1.23%", "2016-12-31": "-1.61%", "2016-09-30": "-1.01%", "2016-06-30": "-0.72%", "2016-03-31": "1.08%", "2015-12-31": "1.35%", "2015-09-30": "0.78%", "2015-06-30": "0.74%", "2015-03-31": "0.72%", "2014-12-31": "0.92%", "2014-09-30": "1.61%", "2014-06-30": "1.60%", "2014-03-31": "1.59%", "2013-12-31": "1.47%", "2013-09-30": "1.28%", "2013-06-30": "1.11%", "2013-03-31": "1.03%", "2012-12-31": "0.98%", "2012-09-30": "1.09%", "2012-06-30": "1.32%", "2012-03-31": "1.47%", "2011-12-31": "1.61%", "2011-09-30": "2.58%", "2011-06-30": "2.60%", "2011-03-31": "1.90%", "2010-12-31": "1.89%", "2010-09-30": "0.81%", "2010-06-30": "0.75%", "2010-03-31": "1.72%", "2009-12-31": "1.97%", "2009-09-30": "1.94%", "2009-06-30": "2.00%", "2009-03-31": "1.79%", "2008-12-31": "1.84%", "2008-09-30": "1.78%", "2008-06-30": "1.87%", "2008-03-31": "2.01%", "2007-12-31": "1.70%", "2007-09-30": "1.88%", "2007-06-30": "1.88%", "2007-03-31": "1.82%", "2006-12-31": "1.93%", "2006-09-30": "1.97%", "2006-06-30": "2.07%", "2006-03-31": "2.14%", "2005-12-31": "2.17%"}, "return on investments": {"2020-12-31": "2.69%", "2020-09-30": "2.83%", "2020-06-30": "2.55%", "2020-03-31": "2.67%", "2019-12-31": "2.81%", "2019-09-30": "2.84%", "2019-06-30": "2.90%", "2019-03-31": "2.89%", "2018-12-31": "2.97%", "2018-09-30": "3.00%", "2018-06-30": "2.95%", "2018-03-31": "2.93%", "2017-12-31": "2.94%", "2017-09-30": "2.85%", "2017-06-30": "2.89%", "2017-03-31": "3.05%", "2016-12-31": "3.04%", "2016-09-30": "3.22%", "2016-06-30": "3.29%", "2016-03-31": "3.25%", "2015-12-31": "3.29%", "2015-09-30": "3.25%", "2015-06-30": "3.19%", "2015-03-31": "3.09%", "2014-12-31": "3.11%", "2014-09-30": "3.14%", "2014-06-30": "3.11%", "2014-03-31": "3.09%", "2013-12-31": "2.97%", "2013-09-30": "2.82%", "2013-06-30": "2.70%", "2013-03-31": "2.62%", "2012-12-31": "2.60%", "2012-09-30": "2.47%", "2012-06-30": "2.65%", "2012-03-31": "2.89%", "2011-12-31": "3.13%", "2011-09-30": "3.33%", "2011-06-30": "3.41%", "2011-03-31": "3.46%", "2010-12-31": "3.41%", "2010-09-30": "3.60%", "2010-06-30": "3.67%", "2010-03-31": "3.85%", "2009-12-31": "4.15%", "2009-09-30": "4.47%", "2009-06-30": "4.60%", "2009-03-31": "4.54%", "2008-12-31": "4.43%", "2008-09-30": "4.14%", "2008-06-30": "4.20%", "2008-03-31": "4.32%", "2007-12-31": "4.41%", "2007-09-30": "4.49%", "2007-06-30": "4.59%", "2007-03-31": "4.76%", "2006-12-31": "4.86%", "2006-09-30": "5.05%", "2006-06-30": "5.16%", "2006-03-31": "5.09%", "2005-12-31": "5.12%"}, "return on tangible equity": {"2020-12-31": "6.38%", "2020-09-30": "4.72%", "2020-06-30": "3.85%", "2020-03-31": "2.54%", "2019-12-31": "3.92%", "2019-09-30": "1.44%", "2019-06-30": "4.75%", "2019-03-31": "4.65%", "2018-12-31": "5.02%", "2018-09-30": "6.23%", "2018-06-30": "4.17%", "2018-03-31": "4.08%", "2017-12-31": "2.49%", "2017-09-30": "1.50%", "2017-06-30": "0.73%", "2017-03-31": "-2.51%", "2016-12-31": "-3.34%", "2016-09-30": "-2.15%", "2016-06-30": "-1.54%", "2016-03-31": "2.37%", "2015-12-31": "2.99%", "2015-09-30": "1.73%", "2015-06-30": "1.58%", "2015-03-31": "1.49%", "2014-12-31": "1.85%", "2014-09-30": "3.15%", "2014-06-30": "3.07%", "2014-03-31": "2.99%", "2013-12-31": "2.81%", "2013-09-30": "2.49%", "2013-06-30": "2.19%", "2013-03-31": "2.07%", "2012-12-31": "1.96%", "2012-09-30": "2.15%", "2012-06-30": "2.57%", "2012-03-31": "2.80%", "2011-12-31": "3.08%", "2011-09-30": "4.97%", "2011-06-30": "5.08%", "2011-03-31": "3.86%", "2010-12-31": "3.97%", "2010-09-30": "1.77%", "2010-06-30": "1.70%", "2010-03-31": "4.06%", "2009-12-31": "4.78%", "2009-09-30": "4.99%", "2009-06-30": "5.44%", "2009-03-31": "4.97%", "2008-12-31": "5.20%", "2008-09-30": "5.08%", "2008-06-30": "5.34%", "2008-03-31": "5.87%", "2007-12-31": "5.00%", "2007-09-30": "5.36%", "2007-06-30": "5.12%", "2007-03-31": "4.67%", "2006-12-31": "4.96%", "2006-09-30": "5.10%", "2006-06-30": "5.52%", "2006-03-31": "6.13%", "2005-12-31": "6.11%"}, "dividend yield history": {"last payout": "$4.36", "last yield": "2.54%"}}