{"ticker": "ALGN", "price": {"title": "Align Technology Historical Annual Stock Price Data", "value": 620.45, "historical": {"2020": {"Average Stock Price": "305.7197", "Year Open": "283.6800", "Year High": "536.5900", "Year Low": "137.7200", "Year Close": "534.3800", "Annual % Change": "91.51%"}, "2019": {"Average Stock Price": "249.3871", "Year Open": "202.1200", "Year High": "331.0800", "Year Low": "173.1600", "Year Close": "279.0400", "Annual % Change": "33.24%"}, "2018": {"Average Stock Price": "294.4943", "Year Open": "224.6200", "Year High": "392.9800", "Year Low": "193.7200", "Year Close": "209.4300", "Annual % Change": "-5.74%"}, "2017": {"Average Stock Price": "158.9742", "Year Open": "96.9600", "Year High": "264.2300", "Year Low": "89.9800", "Year Close": "222.1900", "Annual % Change": "131.13%"}, "2016": {"Average Stock Price": "81.4552", "Year Open": "64.2700", "Year High": "101.1400", "Year Low": "58.6500", "Year Close": "96.1300", "Annual % Change": "45.98%"}, "2015": {"Average Stock Price": "59.9939", "Year Open": "56.2000", "Year High": "68.2700", "Year Low": "52.4500", "Year Close": "65.8500", "Annual % Change": "17.78%"}, "2014": {"Average Stock Price": "53.8200", "Year Open": "56.9600", "Year High": "63.9500", "Year Low": "44.3700", "Year Close": "55.9100", "Annual % Change": "-2.15%"}, "2013": {"Average Stock Price": "40.8481", "Year Open": "28.4000", "Year High": "58.5900", "Year Low": "25.8700", "Year Close": "57.1400", "Annual % Change": "105.91%"}, "2012": {"Average Stock Price": "30.0888", "Year Open": "23.9500", "Year High": "39.1700", "Year Low": "22.6700", "Year Close": "27.7500", "Annual % Change": "16.97%"}, "2011": {"Average Stock Price": "21.1187", "Year Open": "19.8700", "Year High": "25.4100", "Year Low": "14.2600", "Year Close": "23.7250", "Annual % Change": "21.42%"}, "2010": {"Average Stock Price": "17.6003", "Year Open": "18.5000", "Year High": "21.0800", "Year Low": "13.2700", "Year Close": "19.5400", "Annual % Change": "9.65%"}, "2009": {"Average Stock Price": "11.9119", "Year Open": "8.8900", "Year High": "18.0000", "Year Low": "6.2800", "Year Close": "17.8200", "Annual % Change": "103.66%"}, "2008": {"Average Stock Price": "10.9486", "Year Open": "16.4700", "Year High": "16.5500", "Year Low": "5.0000", "Year Close": "8.7500", "Annual % Change": "-47.54%"}, "2007": {"Average Stock Price": "20.8028", "Year Open": "13.3500", "Year High": "28.7000", "Year Low": "13.3500", "Year Close": "16.6800", "Annual % Change": "19.40%"}, "2006": {"Average Stock Price": "9.0920", "Year Open": "6.2800", "Year High": "15.0300", "Year Low": "5.6600", "Year Close": "13.9700", "Annual % Change": "115.92%"}, "2005": {"Average Stock Price": "7.3190", "Year Open": "10.5600", "Year High": "10.7200", "Year Low": "5.8800", "Year Close": "6.4700", "Annual % Change": "-39.81%"}, "2004": {"Average Stock Price": "16.5198", "Year Open": "16.6900", "Year High": "22.8000", "Year Low": "8.9700", "Year Close": "10.7500", "Annual % Change": "-34.89%"}, "2003": {"Average Stock Price": "10.4777", "Year Open": "2.7390", "Year High": "18.6100", "Year Low": "2.6300", "Year Close": "16.5100", "Annual % Change": "497.97%"}, "2002": {"Average Stock Price": "3.4513", "Year Open": "4.3000", "Year High": "5.9900", "Year Low": "1.3000", "Year Close": "2.7610", "Annual % Change": "-38.64%"}, "2001": {"Average Stock Price": "7.1861", "Year Open": "16.8800", "Year High": "16.8800", "Year Low": "2.1800", "Year Close": "4.5000", "Annual % Change": "0.00%"}}}, "market cap": {"value": "$48.92B"}, "income statement": {"Revenue": {"2020-12-31": "2471.94100", "2019-12-31": "2406.79600", "2018-12-31": "1966.49200", "2017-12-31": "1473.41300", "2016-12-31": "1079.87400", "2015-12-31": "845.48600", "2014-12-31": "761.65300", "2013-12-31": "660.20600", "2012-12-31": "560.04100", "2011-12-31": "479.74100", "2010-12-31": "387.12600", "2009-12-31": "312.33300", "2008-12-31": "303.97600", "2007-12-31": "284.33200", "2006-12-31": "206.35400", "2005-12-31": "207.12500"}, "Cost Of Goods Sold": {"2020-12-31": "708.70600", "2019-12-31": "662.89900", "2018-12-31": "518.62500", "2017-12-31": "356.46600", "2016-12-31": "264.58000", "2015-12-31": "205.37600", "2014-12-31": "183.21000", "2013-12-31": "162.10000", "2012-12-31": "143.65300", "2011-12-31": "118.45800", "2010-12-31": "83.70900", "2009-12-31": "78.84100", "2008-12-31": "78.85000", "2007-12-31": "75.03500", "2006-12-31": "64.77500", "2005-12-31": "63.78400"}, "Gross Profit": {"2020-12-31": "1763.23500", "2019-12-31": "1743.89700", "2018-12-31": "1447.86700", "2017-12-31": "1116.94700", "2016-12-31": "815.29410", "2015-12-31": "640.11000", "2014-12-31": "578.44300", "2013-12-31": "498.10600", "2012-12-31": "416.38800", "2011-12-31": "361.28300", "2010-12-31": "303.41700", "2009-12-31": "233.49200", "2008-12-31": "225.12600", "2007-12-31": "209.29700", "2006-12-31": "141.57900", "2005-12-31": "143.34100"}, "Research And Development Expenses": {"2020-12-31": "175.30700", "2019-12-31": "157.36100", "2018-12-31": "128.89900", "2017-12-31": "97.55900", "2016-12-31": "75.72000", "2015-12-31": "61.23700", "2014-12-31": "52.79900", "2013-12-31": "44.08300", "2012-12-31": "42.86900", "2011-12-31": "37.15400", "2010-12-31": "25.99700", "2009-12-31": "22.25200", "2008-12-31": "26.16500", "2007-12-31": "25.72700", "2006-12-31": "18.47400", "2005-12-31": "18.58500"}, "SG&A Expenses": {"2020-12-31": "1200.75700", "2019-12-31": "1072.05300", "2018-12-31": "852.40400", "2017-12-31": "665.77700", "2016-12-31": "490.65300", "2015-12-31": "390.23900", "2014-12-31": "332.06800", "2013-12-31": "292.79800", "2012-12-31": "251.33600", "2011-12-31": "233.76900", "2010-12-31": "178.80300", "2009-12-31": "174.26000", "2008-12-31": "177.21600", "2007-12-31": "151.51100", "2006-12-31": "146.29800", "2005-12-31": "122.31000"}, "Other Operating Income Or Expenses": {"2020-12-31": "", "2019-12-31": "28.01000", "2018-12-31": "", "2017-12-31": "", "2016-12-31": "", "2015-12-31": "", "2014-12-31": "", "2013-12-31": "-67.01300", "2012-12-31": "-36.59100", "2011-12-31": "", "2010-12-31": "4.11700", "2009-12-31": "-69.67300", "2008-12-31": "0.00000", "2007-12-31": "1.79600", "2006-12-31": "-14.34300", "2005-12-31": ""}, "Operating Expenses": {"2020-12-31": "2084.77000", "2019-12-31": "1864.30300", "2018-12-31": "1499.92800", "2017-12-31": "1119.80200", "2016-12-31": "830.95300", "2015-12-31": "656.85210", "2014-12-31": "568.07700", "2013-12-31": "565.99400", "2012-12-31": "474.44900", "2011-12-31": "389.38100", "2010-12-31": "284.39200", "2009-12-31": "346.34500", "2008-12-31": "288.46200", "2007-12-31": "250.47700", "2006-12-31": "243.89000", "2005-12-31": "204.67900"}, "Operating Income": {"2020-12-31": "387.17090", "2019-12-31": "542.49290", "2018-12-31": "466.56400", "2017-12-31": "353.61100", "2016-12-31": "248.92100", "2015-12-31": "188.63400", "2014-12-31": "193.57600", "2013-12-31": "94.21200", "2012-12-31": "85.59200", "2011-12-31": "90.36000", "2010-12-31": "102.73400", "2009-12-31": "-34.01200", "2008-12-31": "15.51400", "2007-12-31": "33.85500", "2006-12-31": "-37.53600", "2005-12-31": "2.44600"}, "Total Non-Operating Income/Expense": {"2020-12-31": "-8.22200", "2019-12-31": "20.15800", "2018-12-31": "0.08700", "2017-12-31": "11.18800", "2016-12-31": "-6.35500", "2015-12-31": "-2.53300", "2014-12-31": "-3.20700", "2013-12-31": "-1.07300", "2012-12-31": "-1.29600", "2011-12-31": "-0.41900", "2010-12-31": "-0.73100", "2009-12-31": "0.11900", "2008-12-31": "1.56200", "2007-12-31": "3.09500", "2006-12-31": "3.40100", "2005-12-31": "0.28300"}, "Pre-Tax Income": {"2020-12-31": "378.94900", "2019-12-31": "562.65100", "2018-12-31": "466.65100", "2017-12-31": "364.79900", "2016-12-31": "242.56600", "2015-12-31": "186.10100", "2014-12-31": "190.36900", "2013-12-31": "93.13900", "2012-12-31": "84.29600", "2011-12-31": "89.94100", "2010-12-31": "102.00300", "2009-12-31": "-33.89300", "2008-12-31": "17.07600", "2007-12-31": "36.95000", "2006-12-31": "-34.13500", "2005-12-31": "2.72900"}, "Income Taxes": {"2020-12-31": "-1396.93900", "2019-12-31": "112.34700", "2018-12-31": "57.72300", "2017-12-31": "130.16200", "2016-12-31": "51.20000", "2015-12-31": "42.08100", "2014-12-31": "44.53700", "2013-12-31": "28.84400", "2012-12-31": "25.60500", "2011-12-31": "23.22500", "2010-12-31": "27.75000", "2009-12-31": "-2.62400", "2008-12-31": "-62.91100", "2007-12-31": "1.22600", "2006-12-31": "0.82800", "2005-12-31": "1.31600"}, "Income After Taxes": {"2020-12-31": "1775.88800", "2019-12-31": "450.30400", "2018-12-31": "408.92800", "2017-12-31": "234.63700", "2016-12-31": "191.36600", "2015-12-31": "144.02000", "2014-12-31": "145.83200", "2013-12-31": "64.29500", "2012-12-31": "58.69100", "2011-12-31": "66.71600", "2010-12-31": "74.25300", "2009-12-31": "-31.26900", "2008-12-31": "79.98700", "2007-12-31": "35.72400", "2006-12-31": "-34.96300", "2005-12-31": "1.41300"}, "Other Income": {"2020-12-31": "", "2019-12-31": "", "2018-12-31": "", "2017-12-31": "", "2016-12-31": "", "2015-12-31": "", "2014-12-31": "", "2013-12-31": "", "2012-12-31": "", "2011-12-31": "", "2010-12-31": "", "2009-12-31": "", "2008-12-31": "", "2007-12-31": "", "2006-12-31": "", "2005-12-31": ""}, "Income From Continuous Operations": {"2020-12-31": "1775.88800", "2019-12-31": "442.77600", "2018-12-31": "400.23500", "2017-12-31": "231.41800", "2016-12-31": "189.68200", "2015-12-31": "144.02000", "2014-12-31": "145.83200", "2013-12-31": "64.29500", "2012-12-31": "58.69100", "2011-12-31": "66.71600", "2010-12-31": "74.25300", "2009-12-31": "-31.26900", "2008-12-31": "79.98700", "2007-12-31": "35.72400", "2006-12-31": "-34.96300", "2005-12-31": "1.41300"}, "Income From Discontinued Operations": {"2020-12-31": "", "2019-12-31": "", "2018-12-31": "", "2017-12-31": "", "2016-12-31": "", "2015-12-31": "", "2014-12-31": "", "2013-12-31": "", "2012-12-31": "", "2011-12-31": "", "2010-12-31": "", "2009-12-31": "", "2008-12-31": "", "2007-12-31": "", "2006-12-31": "", "2005-12-31": ""}, "Net Income": {"2020-12-31": "1775.88800", "2019-12-31": "442.77600", "2018-12-31": "400.23500", "2017-12-31": "231.41800", "2016-12-31": "189.68200", "2015-12-31": "144.02000", "2014-12-31": "145.83200", "2013-12-31": "64.29500", "2012-12-31": "58.69100", "2011-12-31": "66.71600", "2010-12-31": "74.25300", "2009-12-31": "-31.26900", "2008-12-31": "79.98700", "2007-12-31": "35.72400", "2006-12-31": "-34.96300", "2005-12-31": "1.41300"}, "EBITDA": {"2020-12-31": "387.17090", "2019-12-31": "621.48290", "2018-12-31": "521.29100", "2017-12-31": "391.35000", "2016-12-31": "272.92300", "2015-12-31": "206.63800", "2014-12-31": "211.43200", "2013-12-31": "111.03700", "2012-12-31": "103.40300", "2011-12-31": "107.83700", "2010-12-31": "117.74700", "2009-12-31": "-14.84300", "2008-12-31": "28.30500", "2007-12-31": "47.24000", "2006-12-31": "-27.26500", "2005-12-31": "12.89700"}, "EBIT": {"2020-12-31": "387.17090", "2019-12-31": "542.49290", "2018-12-31": "466.56400", "2017-12-31": "353.61100", "2016-12-31": "248.92100", "2015-12-31": "188.63400", "2014-12-31": "193.57600", "2013-12-31": "94.21200", "2012-12-31": "85.59200", "2011-12-31": "90.36000", "2010-12-31": "102.73400", "2009-12-31": "-34.01200", "2008-12-31": "15.51400", "2007-12-31": "33.85500", "2006-12-31": "-37.53600", "2005-12-31": "2.44600"}, "Basic Shares Outstanding": {"2020-12-31": "78.76000", "2019-12-31": "79.42400", "2018-12-31": "80.06400", "2017-12-31": "80.08500", "2016-12-31": "79.85600", "2015-12-31": "79.99800", "2014-12-31": "80.75400", "2013-12-31": "80.55100", "2012-12-31": "80.52900", "2011-12-31": "77.98800", "2010-12-31": "75.82500", "2009-12-31": "69.09400", "2008-12-31": "66.81200", "2007-12-31": "67.17600", "2006-12-31": "63.24600", "2005-12-31": "61.64400"}, "Shares Outstanding": {"2020-12-31": "79.23000", "2019-12-31": "80.10000", "2018-12-31": "81.35700", "2017-12-31": "81.83200", "2016-12-31": "81.48400", "2015-12-31": "81.52100", "2014-12-31": "82.28300", "2013-12-31": "82.58900", "2012-12-31": "83.04000", "2011-12-31": "80.29400", "2010-12-31": "78.08000", "2009-12-31": "69.09400", "2008-12-31": "68.06400", "2007-12-31": "71.44400", "2006-12-31": "63.24600", "2005-12-31": "63.15200"}, "Basic EPS": {"2020-12-31": "22.55000", "2019-12-31": "5.57000", "2018-12-31": "5.00000", "2017-12-31": "2.89000", "2016-12-31": "2.38000", "2015-12-31": "1.80000", "2014-12-31": "1.81000", "2013-12-31": "0.80000", "2012-12-31": "0.73000", "2011-12-31": "0.86000", "2010-12-31": "0.98000", "2009-12-31": "-0.45000", "2008-12-31": "1.20000", "2007-12-31": "0.53000", "2006-12-31": "-0.55000", "2005-12-31": "0.02000"}, "EPS - Earnings Per Share": {"2020-12-31": "22.41000", "2019-12-31": "5.53000", "2018-12-31": "4.92000", "2017-12-31": "2.83000", "2016-12-31": "2.33000", "2015-12-31": "1.77000", "2014-12-31": "1.77000", "2013-12-31": "0.78000", "2012-12-31": "0.71000", "2011-12-31": "0.83000", "2010-12-31": "0.95000", "2009-12-31": "-0.45000", "2008-12-31": "1.18000", "2007-12-31": "0.50000", "2006-12-31": "-0.55000", "2005-12-31": "0.02000"}}, "income statement, quarterly": {"Revenue": {"2020-12-31": "834.52000", "2020-09-30": "734.14400", "2020-06-30": "352.31400", "2020-03-31": "550.96300", "2019-12-31": "649.78680", "2019-09-30": "607.34100", "2019-06-30": "600.69700", "2019-03-31": "548.97100", "2018-12-31": "534.01980", "2018-09-30": "505.28900", "2018-06-30": "490.25900", "2018-03-31": "436.92400", "2017-12-31": "421.32300", "2017-09-30": "385.26700", "2017-06-30": "356.48200", "2017-03-31": "310.34100", "2016-12-31": "293.20300", "2016-09-30": "278.58900", "2016-06-30": "269.36200", "2016-03-31": "238.72000", "2015-12-31": "230.27600", "2015-09-30": "207.63600", "2015-06-30": "209.48800", "2015-03-31": "198.08600", "2014-12-31": "198.60000", "2014-09-30": "189.87600", "2014-06-30": "192.53100", "2014-03-31": "180.64600", "2013-12-31": "178.29200", "2013-09-30": "164.50600", "2013-06-30": "163.82800", "2013-03-31": "153.58000", "2012-12-31": "142.84000", "2012-09-30": "136.49600", "2012-06-30": "145.62600", "2012-03-31": "135.07900", "2011-12-31": "128.90500", "2011-09-30": "125.89400", "2011-06-30": "120.08600", "2011-03-31": "104.85600", "2010-12-31": "92.89300", "2010-09-30": "95.94700", "2010-06-30": "108.19600", "2010-03-31": "90.09000", "2009-12-31": "86.61600", "2009-09-30": "79.26900", "2009-06-30": "76.31600", "2009-03-31": "70.13200", "2008-12-31": "74.12500", "2008-09-30": "75.17300", "2008-06-30": "79.90200", "2008-03-31": "74.77600", "2007-12-31": "72.51700", "2007-09-30": "71.45100", "2007-06-30": "76.60300", "2007-03-31": "63.76100", "2006-12-31": "55.19100", "2006-09-30": "49.03400", "2006-06-30": "53.22100", "2006-03-31": "48.90800", "2005-12-31": "51.16400", "2005-09-30": "50.86600", "2005-06-30": "53.94000", "2005-03-31": "51.15500"}, "Cost Of Goods Sold": {"2020-12-31": "224.05700", "2020-09-30": "200.05600", "2020-06-30": "127.98600", "2020-03-31": "156.60700", "2019-12-31": "177.82900", "2019-09-30": "169.78700", "2019-06-30": "168.40800", "2019-03-31": "146.87500", "2018-12-31": "150.92400", "2018-09-30": "133.50800", "2018-06-30": "124.67700", "2018-03-31": "109.51600", "2017-12-31": "103.40600", "2017-09-30": "92.77900", "2017-06-30": "85.56500", "2017-03-31": "74.71600", "2016-12-31": "72.95400", "2016-09-30": "69.38700", "2016-06-30": "64.14600", "2016-03-31": "58.09300", "2015-12-31": "57.46600", "2015-09-30": "50.06000", "2015-06-30": "50.85400", "2015-03-31": "46.99600", "2014-12-31": "47.93800", "2014-09-30": "44.82200", "2014-06-30": "47.05500", "2014-03-31": "43.39500", "2013-12-31": "41.81600", "2013-09-30": "39.41600", "2013-06-30": "40.13700", "2013-03-31": "40.73100", "2012-12-31": "36.36200", "2012-09-30": "36.14600", "2012-06-30": "36.82600", "2012-03-31": "34.31900", "2011-12-31": "33.35500", "2011-09-30": "33.52400", "2011-06-30": "28.94900", "2011-03-31": "22.63000", "2010-12-31": "21.13700", "2010-09-30": "21.01400", "2010-06-30": "21.17800", "2010-03-31": "20.38000", "2009-12-31": "22.81000", "2009-09-30": "20.26800", "2009-06-30": "18.33800", "2009-03-31": "17.42500", "2008-12-31": "20.23300", "2008-09-30": "18.76600", "2008-06-30": "20.24300", "2008-03-31": "19.60800", "2007-12-31": "19.12700", "2007-09-30": "18.13200", "2007-06-30": "20.24700", "2007-03-31": "17.52900", "2006-12-31": "17.19700", "2006-09-30": "16.78900", "2006-06-30": "16.49200", "2006-03-31": "14.29700", "2005-12-31": "16.71100", "2005-09-30": "14.97500", "2005-06-30": "16.62000", "2005-03-31": "15.47800"}, "Gross Profit": {"2020-12-31": "610.46300", "2020-09-30": "534.08800", "2020-06-30": "224.32800", "2020-03-31": "394.35600", "2019-12-31": "471.95780", "2019-09-30": "437.55400", "2019-06-30": "432.28900", "2019-03-31": "402.09600", "2018-12-31": "383.09580", "2018-09-30": "371.78100", "2018-06-30": "365.58200", "2018-03-31": "327.40800", "2017-12-31": "317.91700", "2017-09-30": "292.48800", "2017-06-30": "270.91700", "2017-03-31": "235.62500", "2016-12-31": "220.24900", "2016-09-30": "209.20200", "2016-06-30": "205.21600", "2016-03-31": "180.62700", "2015-12-31": "172.81000", "2015-09-30": "157.57600", "2015-06-30": "158.63400", "2015-03-31": "151.09000", "2014-12-31": "150.66200", "2014-09-30": "145.05400", "2014-06-30": "145.47600", "2014-03-31": "137.25100", "2013-12-31": "136.47600", "2013-09-30": "125.09000", "2013-06-30": "123.69100", "2013-03-31": "112.84900", "2012-12-31": "106.47800", "2012-09-30": "100.35000", "2012-06-30": "108.80000", "2012-03-31": "100.76000", "2011-12-31": "95.55000", "2011-09-30": "92.37000", "2011-06-30": "91.13700", "2011-03-31": "82.22600", "2010-12-31": "71.75600", "2010-09-30": "74.93300", "2010-06-30": "87.01800", "2010-03-31": "69.71000", "2009-12-31": "63.80600", "2009-09-30": "59.00100", "2009-06-30": "57.97800", "2009-03-31": "52.70700", "2008-12-31": "53.89200", "2008-09-30": "56.40700", "2008-06-30": "59.65900", "2008-03-31": "55.16800", "2007-12-31": "53.39000", "2007-09-30": "53.31900", "2007-06-30": "56.35600", "2007-03-31": "46.23200", "2006-12-31": "37.99400", "2006-09-30": "32.24500", "2006-06-30": "36.72900", "2006-03-31": "34.61100", "2005-12-31": "34.45300", "2005-09-30": "35.89100", "2005-06-30": "37.32000", "2005-03-31": "35.67700"}, "Research And Development Expenses": {"2020-12-31": "48.88700", "2020-09-30": "44.52700", "2020-06-30": "40.36100", "2020-03-31": "41.53200", "2019-12-31": "41.32700", "2019-09-30": "39.68000", "2019-06-30": "38.85100", "2019-03-31": "37.50300", "2018-12-31": "35.80400", "2018-09-30": "32.70000", "2018-06-30": "30.80400", "2018-03-31": "29.59100", "2017-12-31": "26.17000", "2017-09-30": "24.20100", "2017-06-30": "24.38400", "2017-03-31": "22.80400", "2016-12-31": "21.60900", "2016-09-30": "20.41500", "2016-06-30": "18.61300", "2016-03-31": "15.08300", "2015-12-31": "13.88900", "2015-09-30": "17.77900", "2015-06-30": "15.68400", "2015-03-31": "13.88500", "2014-12-31": "13.27600", "2014-09-30": "12.85400", "2014-06-30": "13.28900", "2014-03-31": "13.38000", "2013-12-31": "10.97000", "2013-09-30": "10.91500", "2013-06-30": "10.91600", "2013-03-31": "11.28200", "2012-12-31": "11.71100", "2012-09-30": "9.95200", "2012-06-30": "10.68000", "2012-03-31": "10.52600", "2011-12-31": "9.56800", "2011-09-30": "8.92600", "2011-06-30": "9.27000", "2011-03-31": "9.39000", "2010-12-31": "6.89300", "2010-09-30": "6.59200", "2010-06-30": "6.39600", "2010-03-31": "6.11600", "2009-12-31": "5.78100", "2009-09-30": "5.61100", "2009-06-30": "5.66900", "2009-03-31": "5.19100", "2008-12-31": "5.95100", "2008-09-30": "5.91800", "2008-06-30": "7.00100", "2008-03-31": "7.29500", "2007-12-31": "6.61000", "2007-09-30": "6.74900", "2007-06-30": "6.67500", "2007-03-31": "5.69300", "2006-12-31": "4.94800", "2006-09-30": "4.80700", "2006-06-30": "4.02500", "2006-03-31": "4.69400", "2005-12-31": "3.92700", "2005-09-30": "4.40000", "2005-06-30": "5.35500", "2005-03-31": "4.90300"}, "SG&A Expenses": {"2020-12-31": "348.39200", "2020-09-30": "312.49200", "2020-06-30": "256.96700", "2020-03-31": "282.90600", "2019-12-31": "279.48100", "2019-09-30": "277.51400", "2019-06-30": "267.94800", "2019-03-31": "247.11000", "2018-12-31": "226.81900", "2018-09-30": "213.87300", "2018-06-30": "212.08700", "2018-03-31": "199.62500", "2017-12-31": "182.14100", "2017-09-30": "169.52400", "2017-06-30": "162.96400", "2017-03-31": "151.14800", "2016-12-31": "130.26800", "2016-09-30": "126.70800", "2016-06-30": "121.46700", "2016-03-31": "112.21000", "2015-12-31": "99.58200", "2015-09-30": "101.75100", "2015-06-30": "100.62500", "2015-03-31": "88.28100", "2014-12-31": "85.89300", "2014-09-30": "80.65300", "2014-06-30": "83.45500", "2014-03-31": "82.06700", "2013-12-31": "72.58400", "2013-09-30": "72.71100", "2013-06-30": "74.87400", "2013-03-31": "72.62900", "2012-12-31": "65.77000", "2012-09-30": "61.23000", "2012-06-30": "62.10800", "2012-03-31": "62.22800", "2011-12-31": "61.01200", "2011-09-30": "56.26400", "2011-06-30": "64.68000", "2011-03-31": "51.81300", "2010-12-31": "48.85400", "2010-09-30": "43.10800", "2010-06-30": "43.94400", "2010-03-31": "42.89700", "2009-12-31": "43.38000", "2009-09-30": "43.91100", "2009-06-30": "45.64700", "2009-03-31": "41.32200", "2008-12-31": "42.57400", "2008-09-30": "42.60900", "2008-06-30": "48.78600", "2008-03-31": "43.24700", "2007-12-31": "41.76800", "2007-09-30": "38.17500", "2007-06-30": "36.23300", "2007-03-31": "35.33500", "2006-12-31": "36.77000", "2006-09-30": "38.40300", "2006-06-30": "35.99500", "2006-03-31": "35.13000", "2005-12-31": "29.86300", "2005-09-30": "33.03000", "2005-06-30": "30.77200", "2005-03-31": "28.64500"}, "Other Operating Income Or Expenses": {"2020-12-31": "", "2020-09-30": "", "2020-06-30": "", "2020-03-31": "", "2019-12-31": "", "2019-09-30": "6.79200", "2019-06-30": "51.00000", "2019-03-31": "-29.78200", "2018-12-31": "", "2018-09-30": "", "2018-06-30": "", "2018-03-31": "", "2017-12-31": "", "2017-09-30": "", "2017-06-30": "", "2017-03-31": "", "2016-12-31": "", "2016-09-30": "", "2016-06-30": "", "2016-03-31": "", "2015-12-31": "", "2015-09-30": "", "2015-06-30": "", "2015-03-31": "", "2014-12-31": "", "2014-09-30": "", "2014-06-30": "", "2014-03-31": "", "2013-12-31": "", "2013-09-30": "", "2013-06-30": "", "2013-03-31": "-67.01300", "2012-12-31": "-11.92600", "2012-09-30": "-24.66500", "2012-06-30": "", "2012-03-31": "", "2011-12-31": "", "2011-09-30": "", "2011-06-30": "", "2011-03-31": "", "2010-12-31": "-1.23900", "2010-09-30": "-3.31000", "2010-06-30": "8.66600", "2010-03-31": "", "2009-12-31": "", "2009-09-30": "-69.67300", "2009-06-30": "", "2009-03-31": "", "2008-12-31": "", "2008-09-30": "", "2008-06-30": "", "2008-03-31": "", "2007-12-31": "", "2007-09-30": "", "2007-06-30": "", "2007-03-31": "1.79600", "2006-12-31": "", "2006-09-30": "", "2006-06-30": "", "2006-03-31": "", "2005-12-31": "", "2005-09-30": "", "2005-06-30": "", "2005-03-31": ""}, "Operating Expenses": {"2020-12-31": "621.33600", "2020-09-30": "557.07500", "2020-06-30": "425.31400", "2020-03-31": "481.04500", "2019-12-31": "498.63700", "2019-09-30": "480.18900", "2019-06-30": "424.20700", "2019-03-31": "461.27000", "2018-12-31": "413.54690", "2018-09-30": "380.08100", "2018-06-30": "367.56800", "2018-03-31": "338.73200", "2017-12-31": "311.71690", "2017-09-30": "286.50400", "2017-06-30": "272.91300", "2017-03-31": "248.66800", "2016-12-31": "224.83100", "2016-09-30": "216.51000", "2016-06-30": "204.22600", "2016-03-31": "185.38600", "2015-12-31": "170.93710", "2015-09-30": "169.59000", "2015-06-30": "167.16300", "2015-03-31": "149.16200", "2014-12-31": "147.10700", "2014-09-30": "138.32900", "2014-06-30": "143.79900", "2014-03-31": "138.84200", "2013-12-31": "125.37000", "2013-09-30": "123.04200", "2013-06-30": "125.92700", "2013-03-31": "191.65500", "2012-12-31": "125.76900", "2012-09-30": "131.99300", "2012-06-30": "109.61400", "2012-03-31": "107.07300", "2011-12-31": "102.47500", "2011-09-30": "99.58200", "2011-06-30": "103.49100", "2011-03-31": "83.83300", "2010-12-31": "78.12300", "2010-09-30": "74.02400", "2010-06-30": "62.85200", "2010-03-31": "69.39300", "2009-12-31": "71.97100", "2009-09-30": "139.46300", "2009-06-30": "70.06300", "2009-03-31": "64.84800", "2008-12-31": "72.80000", "2008-09-30": "69.48200", "2008-06-30": "76.03000", "2008-03-31": "70.15000", "2007-12-31": "67.50500", "2007-09-30": "63.05600", "2007-06-30": "63.15500", "2007-03-31": "56.76100", "2006-12-31": "73.25800", "2006-09-30": "59.99900", "2006-06-30": "56.51200", "2006-03-31": "54.12100", "2005-12-31": "50.50100", "2005-09-30": "52.40500", "2005-06-30": "52.74700", "2005-03-31": "49.02600"}, "Operating Income": {"2020-12-31": "213.18400", "2020-09-30": "177.06900", "2020-06-30": "-73.00000", "2020-03-31": "69.91800", "2019-12-31": "151.14980", "2019-09-30": "127.15200", "2019-06-30": "176.49000", "2019-03-31": "87.70100", "2018-12-31": "120.47290", "2018-09-30": "125.20800", "2018-06-30": "122.69100", "2018-03-31": "98.19200", "2017-12-31": "109.60600", "2017-09-30": "98.76300", "2017-06-30": "83.56900", "2017-03-31": "61.67300", "2016-12-31": "68.37200", "2016-09-30": "62.07900", "2016-06-30": "65.13600", "2016-03-31": "53.33400", "2015-12-31": "59.33900", "2015-09-30": "38.04600", "2015-06-30": "42.32500", "2015-03-31": "48.92400", "2014-12-31": "51.49300", "2014-09-30": "51.54700", "2014-06-30": "48.73200", "2014-03-31": "41.80400", "2013-12-31": "52.92200", "2013-09-30": "41.46400", "2013-06-30": "37.90100", "2013-03-31": "-38.07500", "2012-12-31": "17.07100", "2012-09-30": "4.50300", "2012-06-30": "36.01200", "2012-03-31": "28.00600", "2011-12-31": "26.43000", "2011-09-30": "26.31200", "2011-06-30": "16.59500", "2011-03-31": "21.02300", "2010-12-31": "14.77000", "2010-09-30": "21.92300", "2010-06-30": "45.34400", "2010-03-31": "20.69700", "2009-12-31": "14.64500", "2009-09-30": "-60.19400", "2009-06-30": "6.25300", "2009-03-31": "5.28400", "2008-12-31": "1.32500", "2008-09-30": "5.69100", "2008-06-30": "3.87200", "2008-03-31": "4.62600", "2007-12-31": "5.01200", "2007-09-30": "8.39500", "2007-06-30": "13.44800", "2007-03-31": "7.00000", "2006-12-31": "-18.06700", "2006-09-30": "-10.96500", "2006-06-30": "-3.29100", "2006-03-31": "-5.21300", "2005-12-31": "0.66300", "2005-09-30": "-1.53900", "2005-06-30": "1.19300", "2005-03-31": "2.12900"}, "Total Non-Operating Income/Expense": {"2020-12-31": "1.35800", "2020-09-30": "7.47600", "2020-06-30": "-0.49300", "2020-03-31": "-16.56300", "2019-12-31": "4.64700", "2019-09-30": "1.26700", "2019-06-30": "17.35700", "2019-03-31": "-3.11300", "2018-12-31": "1.51900", "2018-09-30": "1.39700", "2018-06-30": "-5.18200", "2018-03-31": "2.35300", "2017-12-31": "2.58100", "2017-09-30": "3.75000", "2017-06-30": "3.21200", "2017-03-31": "1.64500", "2016-12-31": "-7.51600", "2016-09-30": "1.46300", "2016-06-30": "0.12500", "2016-03-31": "-0.42700", "2015-12-31": "0.31300", "2015-09-30": "-1.56800", "2015-06-30": "0.17400", "2015-03-31": "-1.45200", "2014-12-31": "-1.71600", "2014-09-30": "-1.99900", "2014-06-30": "-0.09300", "2014-03-31": "0.60100", "2013-12-31": "-0.19900", "2013-09-30": "0.44900", "2013-06-30": "-0.33500", "2013-03-31": "-0.98800", "2012-12-31": "-0.67200", "2012-09-30": "-0.35300", "2012-06-30": "0.54100", "2012-03-31": "-0.81200", "2011-12-31": "-0.08400", "2011-09-30": "-0.11800", "2011-06-30": "-0.30600", "2011-03-31": "0.08900", "2010-12-31": "-0.25100", "2010-09-30": "-0.08300", "2010-06-30": "0.15600", "2010-03-31": "-0.55300", "2009-12-31": "-0.31500", "2009-09-30": "-0.27100", "2009-06-30": "0.55700", "2009-03-31": "0.14800", "2008-12-31": "-0.11100", "2008-09-30": "0.26400", "2008-06-30": "0.44300", "2008-03-31": "0.96600", "2007-12-31": "0.85200", "2007-09-30": "1.10800", "2007-06-30": "0.68000", "2007-03-31": "0.45500", "2006-12-31": "1.00800", "2006-09-30": "0.85400", "2006-06-30": "0.84100", "2006-03-31": "0.69800", "2005-12-31": "0.25500", "2005-09-30": "0.32600", "2005-06-30": "-0.23800", "2005-03-31": "-0.06000"}, "Pre-Tax Income": {"2020-12-31": "214.54200", "2020-09-30": "184.54500", "2020-06-30": "-73.49300", "2020-03-31": "53.35500", "2019-12-31": "155.79700", "2019-09-30": "128.41900", "2019-06-30": "193.84700", "2019-03-31": "84.58800", "2018-12-31": "121.99200", "2018-09-30": "126.60500", "2018-06-30": "117.50900", "2018-03-31": "100.54500", "2017-12-31": "112.18700", "2017-09-30": "102.51300", "2017-06-30": "86.78100", "2017-03-31": "63.31800", "2016-12-31": "60.85600", "2016-09-30": "63.54200", "2016-06-30": "65.26100", "2016-03-31": "52.90700", "2015-12-31": "59.65200", "2015-09-30": "36.47800", "2015-06-30": "42.49900", "2015-03-31": "47.47200", "2014-12-31": "49.77700", "2014-09-30": "49.54800", "2014-06-30": "48.63900", "2014-03-31": "42.40500", "2013-12-31": "52.72300", "2013-09-30": "41.91300", "2013-06-30": "37.56600", "2013-03-31": "-39.06300", "2012-12-31": "16.39900", "2012-09-30": "4.15000", "2012-06-30": "36.55300", "2012-03-31": "27.19400", "2011-12-31": "26.34600", "2011-09-30": "26.19400", "2011-06-30": "16.28900", "2011-03-31": "21.11200", "2010-12-31": "14.51900", "2010-09-30": "21.84000", "2010-06-30": "45.50000", "2010-03-31": "20.14400", "2009-12-31": "14.33000", "2009-09-30": "-60.46500", "2009-06-30": "6.81000", "2009-03-31": "5.43200", "2008-12-31": "1.21400", "2008-09-30": "5.95500", "2008-06-30": "4.31500", "2008-03-31": "5.59200", "2007-12-31": "5.86400", "2007-09-30": "9.50300", "2007-06-30": "14.12800", "2007-03-31": "7.45500", "2006-12-31": "-17.05900", "2006-09-30": "-10.11100", "2006-06-30": "-2.45000", "2006-03-31": "-4.51500", "2005-12-31": "0.91800", "2005-09-30": "-1.21300", "2005-06-30": "0.95500", "2005-03-31": "2.06900"}, "Income Taxes": {"2020-12-31": "55.55400", "2020-09-30": "45.17400", "2020-06-30": "-32.89100", "2020-03-31": "-1464.77600", "2019-12-31": "34.53500", "2019-09-30": "25.89500", "2019-06-30": "43.12100", "2019-03-31": "8.79600", "2018-12-31": "22.51700", "2018-09-30": "24.60100", "2018-06-30": "7.70300", "2018-03-31": "2.90200", "2017-12-31": "103.65400", "2017-09-30": "18.34400", "2017-06-30": "15.38700", "2017-03-31": "-7.22300", "2016-12-31": "12.02800", "2016-09-30": "11.69800", "2016-06-30": "15.11300", "2016-03-31": "12.36100", "2015-12-31": "10.77500", "2015-09-30": "8.86200", "2015-06-30": "11.14900", "2015-03-31": "11.29500", "2014-12-31": "10.23600", "2014-09-30": "11.30100", "2014-06-30": "13.03900", "2014-03-31": "9.96100", "2013-12-31": "10.30200", "2013-09-30": "7.37600", "2013-06-30": "8.24600", "2013-03-31": "2.92000", "2012-12-31": "6.84000", "2012-09-30": "4.49400", "2012-06-30": "8.06100", "2012-03-31": "6.21000", "2011-12-31": "5.89700", "2011-09-30": "6.93000", "2011-06-30": "5.12700", "2011-03-31": "5.27100", "2010-12-31": "4.61400", "2010-09-30": "5.02500", "2010-06-30": "12.89700", "2010-03-31": "5.21400", "2009-12-31": "2.83800", "2009-09-30": "-10.52300", "2009-06-30": "2.26500", "2009-03-31": "2.79600", "2008-12-31": "-64.28200", "2008-09-30": "0.79800", "2008-06-30": "0.28500", "2008-03-31": "0.28800", "2007-12-31": "0.19600", "2007-09-30": "0.04300", "2007-06-30": "0.51000", "2007-03-31": "0.47700", "2006-12-31": "0.21000", "2006-09-30": "0.20900", "2006-06-30": "0.16000", "2006-03-31": "0.24900", "2005-12-31": "0.39000", "2005-09-30": "0.30300", "2005-06-30": "0.41700", "2005-03-31": "0.20600"}, "Income After Taxes": {"2020-12-31": "158.98800", "2020-09-30": "139.37100", "2020-06-30": "-40.60200", "2020-03-31": "1518.13100", "2019-12-31": "121.26200", "2019-09-30": "102.52400", "2019-06-30": "150.72600", "2019-03-31": "75.79200", "2018-12-31": "99.47500", "2018-09-30": "102.00400", "2018-06-30": "109.80600", "2018-03-31": "97.64300", "2017-12-31": "8.53300", "2017-09-30": "84.16900", "2017-06-30": "71.39400", "2017-03-31": "70.54100", "2016-12-31": "48.82800", "2016-09-30": "51.84400", "2016-06-30": "50.14800", "2016-03-31": "40.54600", "2015-12-31": "48.87700", "2015-09-30": "27.61600", "2015-06-30": "31.35000", "2015-03-31": "36.17700", "2014-12-31": "39.54100", "2014-09-30": "38.24700", "2014-06-30": "35.60000", "2014-03-31": "32.44400", "2013-12-31": "42.42100", "2013-09-30": "34.53700", "2013-06-30": "29.32000", "2013-03-31": "-41.98300", "2012-12-31": "9.55900", "2012-09-30": "-0.34400", "2012-06-30": "28.49200", "2012-03-31": "20.98400", "2011-12-31": "20.44900", "2011-09-30": "19.26400", "2011-06-30": "11.16200", "2011-03-31": "15.84100", "2010-12-31": "9.90500", "2010-09-30": "16.81500", "2010-06-30": "32.60300", "2010-03-31": "14.93000", "2009-12-31": "11.49200", "2009-09-30": "-49.94200", "2009-06-30": "4.54500", "2009-03-31": "2.63600", "2008-12-31": "65.49600", "2008-09-30": "5.15700", "2008-06-30": "4.03000", "2008-03-31": "5.30400", "2007-12-31": "5.66800", "2007-09-30": "9.46000", "2007-06-30": "13.61800", "2007-03-31": "6.97800", "2006-12-31": "-17.26900", "2006-09-30": "-10.32000", "2006-06-30": "-2.61000", "2006-03-31": "-4.76400", "2005-12-31": "0.52800", "2005-09-30": "-1.51600", "2005-06-30": "0.53800", "2005-03-31": "1.86300"}, "Other Income": {"2020-12-31": "", "2020-09-30": "", "2020-06-30": "", "2020-03-31": "", "2019-12-31": "", "2019-09-30": "", "2019-06-30": "", "2019-03-31": "", "2018-12-31": "", "2018-09-30": "", "2018-06-30": "", "2018-03-31": "", "2017-12-31": "", "2017-09-30": "", "2017-06-30": "", "2017-03-31": "", "2016-12-31": "", "2016-09-30": "", "2016-06-30": "", "2016-03-31": "", "2015-12-31": "", "2015-09-30": "", "2015-06-30": "", "2015-03-31": "", "2014-12-31": "", "2014-09-30": "", "2014-06-30": "", "2014-03-31": "", "2013-12-31": "", "2013-09-30": "", "2013-06-30": "", "2013-03-31": "", "2012-12-31": "", "2012-09-30": "", "2012-06-30": "", "2012-03-31": "", "2011-12-31": "", "2011-09-30": "", "2011-06-30": "", "2011-03-31": "", "2010-12-31": "", "2010-09-30": "", "2010-06-30": "", "2010-03-31": "", "2009-12-31": "", "2009-09-30": "", "2009-06-30": "", "2009-03-31": "", "2008-12-31": "", "2008-09-30": "", "2008-06-30": "", "2008-03-31": "", "2007-12-31": "", "2007-09-30": "", "2007-06-30": "", "2007-03-31": "", "2006-12-31": "", "2006-09-30": "", "2006-06-30": "", "2006-03-31": "", "2005-12-31": "", "2005-09-30": "", "2005-06-30": "", "2005-03-31": ""}, "Income From Continuous Operations": {"2020-12-31": "158.98800", "2020-09-30": "139.37100", "2020-06-30": "-40.60200", "2020-03-31": "1518.13100", "2019-12-31": "121.26200", "2019-09-30": "102.52400", "2019-06-30": "147.14200", "2019-03-31": "71.84800", "2018-12-31": "97.39200", "2018-09-30": "100.87200", "2018-06-30": "106.10500", "2018-03-31": "95.86600", "2017-12-31": "10.26400", "2017-09-30": "82.55500", "2017-06-30": "69.17900", "2017-03-31": "69.42000", "2016-12-31": "47.62100", "2016-09-30": "51.36700", "2016-06-30": "50.14800", "2016-03-31": "40.54600", "2015-12-31": "48.87700", "2015-09-30": "27.61600", "2015-06-30": "31.35000", "2015-03-31": "36.17700", "2014-12-31": "39.54100", "2014-09-30": "38.24700", "2014-06-30": "35.60000", "2014-03-31": "32.44400", "2013-12-31": "42.42100", "2013-09-30": "34.53700", "2013-06-30": "29.32000", "2013-03-31": "-41.98300", "2012-12-31": "9.55900", "2012-09-30": "-0.34400", "2012-06-30": "28.49200", "2012-03-31": "20.98400", "2011-12-31": "20.44900", "2011-09-30": "19.26400", "2011-06-30": "11.16200", "2011-03-31": "15.84100", "2010-12-31": "9.90500", "2010-09-30": "16.81500", "2010-06-30": "32.60300", "2010-03-31": "14.93000", "2009-12-31": "11.49200", "2009-09-30": "-49.94200", "2009-06-30": "4.54500", "2009-03-31": "2.63600", "2008-12-31": "65.49600", "2008-09-30": "5.15700", "2008-06-30": "4.03000", "2008-03-31": "5.30400", "2007-12-31": "5.66800", "2007-09-30": "9.46000", "2007-06-30": "13.61800", "2007-03-31": "6.97800", "2006-12-31": "-17.26900", "2006-09-30": "-10.32000", "2006-06-30": "-2.61000", "2006-03-31": "-4.76400", "2005-12-31": "0.52800", "2005-09-30": "-1.51600", "2005-06-30": "0.53800", "2005-03-31": "1.86300"}, "Income From Discontinued Operations": {"2020-12-31": "", "2020-09-30": "", "2020-06-30": "", "2020-03-31": "", "2019-12-31": "", "2019-09-30": "", "2019-06-30": "", "2019-03-31": "", "2018-12-31": "", "2018-09-30": "", "2018-06-30": "", "2018-03-31": "", "2017-12-31": "", "2017-09-30": "", "2017-06-30": "", "2017-03-31": "", "2016-12-31": "", "2016-09-30": "", "2016-06-30": "", "2016-03-31": "", "2015-12-31": "", "2015-09-30": "", "2015-06-30": "", "2015-03-31": "", "2014-12-31": "", "2014-09-30": "", "2014-06-30": "", "2014-03-31": "", "2013-12-31": "", "2013-09-30": "", "2013-06-30": "", "2013-03-31": "", "2012-12-31": "", "2012-09-30": "", "2012-06-30": "", "2012-03-31": "", "2011-12-31": "", "2011-09-30": "", "2011-06-30": "", "2011-03-31": "", "2010-12-31": "", "2010-09-30": "", "2010-06-30": "", "2010-03-31": "", "2009-12-31": "", "2009-09-30": "", "2009-06-30": "", "2009-03-31": "", "2008-12-31": "", "2008-09-30": "", "2008-06-30": "", "2008-03-31": "", "2007-12-31": "", "2007-09-30": "", "2007-06-30": "", "2007-03-31": "", "2006-12-31": "", "2006-09-30": "", "2006-06-30": "", "2006-03-31": "", "2005-12-31": "", "2005-09-30": "", "2005-06-30": "", "2005-03-31": ""}, "Net Income": {"2020-12-31": "158.98800", "2020-09-30": "139.37100", "2020-06-30": "-40.60200", "2020-03-31": "1518.13100", "2019-12-31": "121.26200", "2019-09-30": "102.52400", "2019-06-30": "147.14200", "2019-03-31": "71.84800", "2018-12-31": "97.39200", "2018-09-30": "100.87200", "2018-06-30": "106.10500", "2018-03-31": "95.86600", "2017-12-31": "10.26400", "2017-09-30": "82.55500", "2017-06-30": "69.17900", "2017-03-31": "69.42000", "2016-12-31": "47.62100", "2016-09-30": "51.36700", "2016-06-30": "50.14800", "2016-03-31": "40.54600", "2015-12-31": "48.87700", "2015-09-30": "27.61600", "2015-06-30": "31.35000", "2015-03-31": "36.17700", "2014-12-31": "39.54100", "2014-09-30": "38.24700", "2014-06-30": "35.60000", "2014-03-31": "32.44400", "2013-12-31": "42.42100", "2013-09-30": "34.53700", "2013-06-30": "29.32000", "2013-03-31": "-41.98300", "2012-12-31": "9.55900", "2012-09-30": "-0.34400", "2012-06-30": "28.49200", "2012-03-31": "20.98400", "2011-12-31": "20.44900", "2011-09-30": "19.26400", "2011-06-30": "11.16200", "2011-03-31": "15.84100", "2010-12-31": "9.90500", "2010-09-30": "16.81500", "2010-06-30": "32.60300", "2010-03-31": "14.93000", "2009-12-31": "11.49200", "2009-09-30": "-49.94200", "2009-06-30": "4.54500", "2009-03-31": "2.63600", "2008-12-31": "65.49600", "2008-09-30": "5.15700", "2008-06-30": "4.03000", "2008-03-31": "5.30400", "2007-12-31": "5.66800", "2007-09-30": "9.46000", "2007-06-30": "13.61800", "2007-03-31": "6.97800", "2006-12-31": "-17.26900", "2006-09-30": "-10.32000", "2006-06-30": "-2.61000", "2006-03-31": "-4.76400", "2005-12-31": "0.52800", "2005-09-30": "-1.51600", "2005-06-30": "0.53800", "2005-03-31": "1.86300"}, "EBITDA": {"2020-12-31": "", "2020-09-30": "201.55500", "2020-06-30": "-49.45500", "2020-03-31": "90.65600", "2019-12-31": "172.94580", "2019-09-30": "146.85800", "2019-06-30": "195.66200", "2019-03-31": "106.01700", "2018-12-31": "137.01490", "2018-09-30": "139.32700", "2018-06-30": "135.32300", "2018-03-31": "109.62600", "2017-12-31": "120.63010", "2017-09-30": "108.73500", "2017-06-30": "92.44500", "2017-03-31": "69.54000", "2016-12-31": "75.58800", "2016-09-30": "68.98000", "2016-06-30": "70.22900", "2016-03-31": "58.12600", "2015-12-31": "64.20200", "2015-09-30": "42.54900", "2015-06-30": "46.65500", "2015-03-31": "53.23200", "2014-12-31": "55.88000", "2014-09-30": "55.88600", "2014-06-30": "53.08600", "2014-03-31": "46.58000", "2013-12-31": "57.10000", "2013-09-30": "45.32200", "2013-06-30": "41.74600", "2013-03-31": "-33.13100", "2012-12-31": "22.33800", "2012-09-30": "8.89600", "2012-06-30": "40.26400", "2012-03-31": "31.90500", "2011-12-31": "30.80000", "2011-09-30": "31.13500", "2011-06-30": "21.20000", "2011-03-31": "24.70200", "2010-12-31": "18.16200", "2010-09-30": "25.36200", "2010-06-30": "49.05500", "2010-03-31": "25.16800", "2009-12-31": "22.22600", "2009-09-30": "-54.98500", "2009-06-30": "9.48900", "2009-03-31": "8.42700", "2008-12-31": "4.62400", "2008-09-30": "8.96200", "2008-06-30": "7.03100", "2008-03-31": "7.68800", "2007-12-31": "8.05900", "2007-09-30": "11.73100", "2007-06-30": "17.05300", "2007-03-31": "10.39700", "2006-12-31": "-14.85900", "2006-09-30": "-8.69400", "2006-06-30": "-0.76800", "2006-03-31": "-2.94400", "2005-12-31": "3.34100", "2005-09-30": "0.70500", "2005-06-30": "3.93400", "2005-03-31": "4.91700"}, "EBIT": {"2020-12-31": "213.18400", "2020-09-30": "177.06900", "2020-06-30": "-73.00000", "2020-03-31": "69.91800", "2019-12-31": "151.14990", "2019-09-30": "127.15200", "2019-06-30": "176.49000", "2019-03-31": "87.70100", "2018-12-31": "120.47290", "2018-09-30": "125.20800", "2018-06-30": "122.69100", "2018-03-31": "98.19200", "2017-12-31": "109.60600", "2017-09-30": "98.76300", "2017-06-30": "83.56900", "2017-03-31": "61.67300", "2016-12-31": "68.37200", "2016-09-30": "62.07900", "2016-06-30": "65.13600", "2016-03-31": "53.33400", "2015-12-31": "59.33890", "2015-09-30": "38.04600", "2015-06-30": "42.32500", "2015-03-31": "48.92400", "2014-12-31": "51.49300", "2014-09-30": "51.54700", "2014-06-30": "48.73200", "2014-03-31": "41.80400", "2013-12-31": "52.92200", "2013-09-30": "41.46400", "2013-06-30": "37.90100", "2013-03-31": "-38.07500", "2012-12-31": "17.07100", "2012-09-30": "4.50300", "2012-06-30": "36.01200", "2012-03-31": "28.00600", "2011-12-31": "26.43000", "2011-09-30": "26.31200", "2011-06-30": "16.59500", "2011-03-31": "21.02300", "2010-12-31": "14.77000", "2010-09-30": "21.92300", "2010-06-30": "45.34400", "2010-03-31": "20.69700", "2009-12-31": "14.64500", "2009-09-30": "-60.19400", "2009-06-30": "6.25300", "2009-03-31": "5.28400", "2008-12-31": "1.32500", "2008-09-30": "5.69100", "2008-06-30": "3.87200", "2008-03-31": "4.62600", "2007-12-31": "5.01200", "2007-09-30": "8.39500", "2007-06-30": "13.44800", "2007-03-31": "7.00000", "2006-12-31": "-18.06700", "2006-09-30": "-10.96500", "2006-06-30": "-3.29100", "2006-03-31": "-5.21300", "2005-12-31": "0.66300", "2005-09-30": "-1.53900", "2005-06-30": "1.19300", "2005-03-31": "2.12900"}, "Basic Shares Outstanding": {"2020-12-31": "78.85300", "2020-09-30": "78.82400", "2020-06-30": "78.76900", "2020-03-31": "78.59200", "2019-12-31": "79.42400", "2019-09-30": "79.33200", "2019-06-30": "79.94300", "2019-03-31": "79.86000", "2018-12-31": "80.06400", "2018-09-30": "80.11100", "2018-06-30": "80.21600", "2018-03-31": "80.03600", "2017-12-31": "80.08500", "2017-09-30": "80.16300", "2017-06-30": "80.18800", "2017-03-31": "79.90400", "2016-12-31": "79.85600", "2016-09-30": "79.97700", "2016-06-30": "79.95100", "2016-03-31": "79.83100", "2015-12-31": "79.99800", "2015-09-30": "79.80800", "2015-06-30": "80.25700", "2015-03-31": "80.45900", "2014-12-31": "80.75400", "2014-09-30": "80.62900", "2014-06-30": "81.02700", "2014-03-31": "81.12000", "2013-12-31": "80.55100", "2013-09-30": "79.96700", "2013-06-30": "80.57600", "2013-03-31": "81.24800", "2012-12-31": "80.52900", "2012-09-30": "81.43700", "2012-06-30": "80.38400", "2012-03-31": "79.23500", "2011-12-31": "77.98800", "2011-09-30": "78.45500", "2011-06-30": "77.88800", "2011-03-31": "76.84400", "2010-12-31": "75.82500", "2010-09-30": "76.08100", "2010-06-30": "75.70300", "2010-03-31": "75.16600", "2009-12-31": "69.09400", "2009-09-30": "69.52800", "2009-06-30": "66.28500", "2009-03-31": "65.98300", "2008-12-31": "66.81200", "2008-09-30": "67.36700", "2008-06-30": "68.58100", "2008-03-31": "69.05300", "2007-12-31": "67.17600", "2007-09-30": "67.97000", "2007-06-30": "66.69600", "2007-03-31": "65.43300", "2006-12-31": "63.24600", "2006-09-30": "63.23000", "2006-06-30": "62.96600", "2006-03-31": "62.51800", "2005-12-31": "61.64400", "2005-09-30": "61.78800", "2005-06-30": "61.48400", "2005-03-31": "61.24600"}, "Shares Outstanding": {"2020-12-31": "79.50500", "2020-09-30": "79.16300", "2020-06-30": "78.76900", "2020-03-31": "79.02800", "2019-12-31": "80.10000", "2019-09-30": "79.82500", "2019-06-30": "80.59000", "2019-03-31": "80.68700", "2018-12-31": "81.35700", "2018-09-30": "81.35900", "2018-06-30": "81.47100", "2018-03-31": "81.62800", "2017-12-31": "81.83200", "2017-09-30": "81.78900", "2017-06-30": "81.63100", "2017-03-31": "81.53400", "2016-12-31": "81.48400", "2016-09-30": "81.46600", "2016-06-30": "81.28100", "2016-03-31": "81.32000", "2015-12-31": "81.52100", "2015-09-30": "81.09200", "2015-06-30": "81.39400", "2015-03-31": "81.82400", "2014-12-31": "82.28300", "2014-09-30": "82.01400", "2014-06-30": "82.34100", "2014-03-31": "82.81700", "2013-12-31": "82.58900", "2013-09-30": "81.84800", "2013-06-30": "82.14900", "2013-03-31": "81.24800", "2012-12-31": "83.04000", "2012-09-30": "81.43700", "2012-06-30": "82.95400", "2012-03-31": "81.85600", "2011-12-31": "80.29400", "2011-09-30": "80.26600", "2011-06-30": "80.32100", "2011-03-31": "79.36100", "2010-12-31": "78.08000", "2010-09-30": "78.10900", "2010-06-30": "77.60700", "2010-03-31": "77.59700", "2009-12-31": "69.09400", "2009-09-30": "69.52800", "2009-06-30": "67.37300", "2009-03-31": "66.44700", "2008-12-31": "68.06400", "2008-09-30": "68.70400", "2008-06-30": "69.91600", "2008-03-31": "70.86000", "2007-12-31": "71.44400", "2007-09-30": "72.23000", "2007-06-30": "71.20700", "2007-03-31": "69.33100", "2006-12-31": "63.24600", "2006-09-30": "63.23000", "2006-06-30": "62.96600", "2006-03-31": "62.51800", "2005-12-31": "63.15200", "2005-09-30": "61.78800", "2005-06-30": "62.95300", "2005-03-31": "63.14800"}, "Basic EPS": {"2020-12-31": "2.02000", "2020-09-30": "1.77000", "2020-06-30": "-0.52000", "2020-03-31": "19.32000", "2019-12-31": "1.54000", "2019-09-30": "1.29000", "2019-06-30": "1.84000", "2019-03-31": "0.90000", "2018-12-31": "1.22000", "2018-09-30": "1.26000", "2018-06-30": "1.32000", "2018-03-31": "1.20000", "2017-12-31": "0.13000", "2017-09-30": "1.03000", "2017-06-30": "0.86000", "2017-03-31": "0.87000", "2016-12-31": "0.60000", "2016-09-30": "0.64000", "2016-06-30": "0.63000", "2016-03-31": "0.51000", "2015-12-31": "0.61000", "2015-09-30": "0.35000", "2015-06-30": "0.39000", "2015-03-31": "0.45000", "2014-12-31": "0.50000", "2014-09-30": "0.47000", "2014-06-30": "0.44000", "2014-03-31": "0.40000", "2013-12-31": "0.53000", "2013-09-30": "0.43000", "2013-06-30": "0.36000", "2013-03-31": "-0.52000", "2012-12-31": "0.12000", "2012-09-30": "0.00000", "2012-06-30": "0.35000", "2012-03-31": "0.26000", "2011-12-31": "0.26000", "2011-09-30": "0.25000", "2011-06-30": "0.14000", "2011-03-31": "0.21000", "2010-12-31": "0.13000", "2010-09-30": "0.22000", "2010-06-30": "0.43000", "2010-03-31": "0.20000", "2009-12-31": "0.16000", "2009-09-30": "-0.72000", "2009-06-30": "0.07000", "2009-03-31": "0.04000", "2008-12-31": "0.98000", "2008-09-30": "0.08000", "2008-06-30": "0.06000", "2008-03-31": "0.08000", "2007-12-31": "0.08000", "2007-09-30": "0.14000", "2007-06-30": "0.20000", "2007-03-31": "0.11000", "2006-12-31": "-0.27000", "2006-09-30": "-0.16000", "2006-06-30": "-0.04000", "2006-03-31": "-0.08000", "2005-12-31": "", "2005-09-30": "-0.02000", "2005-06-30": "0.01000", "2005-03-31": "0.03000"}, "EPS - Earnings Per Share": {"2020-12-31": "2.00000", "2020-09-30": "1.76000", "2020-06-30": "-0.52000", "2020-03-31": "19.21000", "2019-12-31": "1.53000", "2019-09-30": "1.28000", "2019-06-30": "1.83000", "2019-03-31": "0.89000", "2018-12-31": "1.21000", "2018-09-30": "1.24000", "2018-06-30": "1.30000", "2018-03-31": "1.17000", "2017-12-31": "0.12000", "2017-09-30": "1.01000", "2017-06-30": "0.85000", "2017-03-31": "0.85000", "2016-12-31": "0.58000", "2016-09-30": "0.63000", "2016-06-30": "0.62000", "2016-03-31": "0.50000", "2015-12-31": "0.60000", "2015-09-30": "0.34000", "2015-06-30": "0.39000", "2015-03-31": "0.44000", "2014-12-31": "0.48000", "2014-09-30": "0.47000", "2014-06-30": "0.43000", "2014-03-31": "0.39000", "2013-12-31": "0.52000", "2013-09-30": "0.42000", "2013-06-30": "0.36000", "2013-03-31": "-0.52000", "2012-12-31": "0.11000", "2012-09-30": "0.00000", "2012-06-30": "0.34000", "2012-03-31": "0.26000", "2011-12-31": "0.25000", "2011-09-30": "0.24000", "2011-06-30": "0.14000", "2011-03-31": "0.20000", "2010-12-31": "0.12000", "2010-09-30": "0.22000", "2010-06-30": "0.42000", "2010-03-31": "0.19000", "2009-12-31": "0.16000", "2009-09-30": "-0.72000", "2009-06-30": "0.07000", "2009-03-31": "0.04000", "2008-12-31": "0.97000", "2008-09-30": "0.08000", "2008-06-30": "0.06000", "2008-03-31": "0.07000", "2007-12-31": "0.08000", "2007-09-30": "0.13000", "2007-06-30": "0.19000", "2007-03-31": "0.10000", "2006-12-31": "-0.27000", "2006-09-30": "-0.16000", "2006-06-30": "-0.04000", "2006-03-31": "-0.08000", "2005-12-31": "0.00000", "2005-09-30": "-0.02000", "2005-06-30": "0.01000", "2005-03-31": "0.03000"}}, "balance sheet": {"Cash On Hand": {"2020-12-31": "960.84300", "2019-12-31": "868.62700", "2018-12-31": "735.35900", "2017-12-31": "721.54200", "2016-12-31": "640.25600", "2015-12-31": "527.29500", "2014-12-31": "454.65800", "2013-12-31": "369.99300", "2012-12-31": "334.87100", "2011-12-31": "252.09600", "2010-12-31": "303.27900", "2009-12-31": "186.46500", "2008-12-31": "110.16600", "2007-12-31": "127.91100", "2006-12-31": "64.13700", "2005-12-31": "74.36900"}, "Receivables": {"2020-12-31": "657.70400", "2019-12-31": "550.29100", "2018-12-31": "439.00900", "2017-12-31": "324.18900", "2016-12-31": "247.41500", "2015-12-31": "158.55000", "2014-12-31": "129.75100", "2013-12-31": "113.25000", "2012-12-31": "98.99200", "2011-12-31": "91.53700", "2010-12-31": "65.43000", "2009-12-31": "54.53700", "2008-12-31": "52.36200", "2007-12-31": "44.85000", "2006-12-31": "33.63500", "2005-12-31": "29.30500"}, "Inventory": {"2020-12-31": "139.23700", "2019-12-31": "112.05100", "2018-12-31": "55.64100", "2017-12-31": "31.68800", "2016-12-31": "27.13100", "2015-12-31": "19.46500", "2014-12-31": "15.92800", "2013-12-31": "13.96800", "2012-12-31": "15.12200", "2011-12-31": "9.40200", "2010-12-31": "2.54400", "2009-12-31": "2.04600", "2008-12-31": "1.96500", "2007-12-31": "2.91000", "2006-12-31": "3.09000", "2005-12-31": "2.93000"}, "Pre-Paid Expenses": {"2020-12-31": "91.75400", "2019-12-31": "102.45000", "2018-12-31": "72.47000", "2017-12-31": "80.94800", "2016-12-31": "38.17600", "2015-12-31": "26.70000", "2014-12-31": "19.77000", "2013-12-31": "18.82900", "2012-12-31": "36.80800", "2011-12-31": "31.78100", "2010-12-31": "17.35800", "2009-12-31": "18.25100", "2008-12-31": "13.41400", "2007-12-31": "8.84600", "2006-12-31": "7.22700", "2005-12-31": "4.98200"}, "Other Current Assets": {"2020-12-31": "", "2019-12-31": "", "2018-12-31": "", "2017-12-31": "", "2016-12-31": "", "2015-12-31": "", "2014-12-31": "", "2013-12-31": "", "2012-12-31": "", "2011-12-31": "", "2010-12-31": "", "2009-12-31": "", "2008-12-31": "", "2007-12-31": "", "2006-12-31": "", "2005-12-31": ""}, "Total Current Assets": {"2020-12-31": "1849.53800", "2019-12-31": "1633.41900", "2018-12-31": "1302.47900", "2017-12-31": "1158.36700", "2016-12-31": "952.97800", "2015-12-31": "732.01000", "2014-12-31": "657.16000", "2013-12-31": "544.67600", "2012-12-31": "485.79300", "2011-12-31": "384.81600", "2010-12-31": "388.61100", "2009-12-31": "261.29900", "2008-12-31": "177.90700", "2007-12-31": "184.51700", "2006-12-31": "108.08900", "2005-12-31": "111.58600"}, "Property, Plant, And Equipment": {"2020-12-31": "734.72100", "2019-12-31": "631.73000", "2018-12-31": "521.32900", "2017-12-31": "348.79300", "2016-12-31": "175.16700", "2015-12-31": "136.47300", "2014-12-31": "90.12500", "2013-12-31": "75.74300", "2012-12-31": "79.19100", "2011-12-31": "53.96500", "2010-12-31": "30.68400", "2009-12-31": "24.97100", "2008-12-31": "26.97900", "2007-12-31": "25.32000", "2006-12-31": "26.90400", "2005-12-31": "26.42700"}, "Long-Term Investments": {"2020-12-31": "", "2019-12-31": "", "2018-12-31": "55.02500", "2017-12-31": "94.55400", "2016-12-31": "104.84400", "2015-12-31": "151.37000", "2014-12-31": "147.89200", "2013-12-31": "101.97800", "2012-12-31": "21.25200", "2011-12-31": "", "2010-12-31": "9.08900", "2009-12-31": "", "2008-12-31": "", "2007-12-31": "", "2006-12-31": "", "2005-12-31": ""}, "Goodwill And Intangible Assets": {"2020-12-31": "574.88900", "2019-12-31": "75.69200", "2018-12-31": "81.94900", "2017-12-31": "89.06800", "2016-12-31": "81.99800", "2015-12-31": "79.16200", "2014-12-31": "82.05600", "2013-12-31": "85.36200", "2012-12-31": "145.01300", "2011-12-31": "185.40500", "2010-12-31": "2.66600", "2009-12-31": "5.46600", "2008-12-31": "8.26600", "2007-12-31": "11.09300", "2006-12-31": "14.30200", "2005-12-31": "1.29600"}, "Other Long-Term Assets": {"2020-12-31": "35.15100", "2019-12-31": "39.61000", "2018-12-31": "26.98700", "2017-12-31": "43.89300", "2016-12-31": "13.32000", "2015-12-31": "8.20200", "2014-12-31": "7.66500", "2013-12-31": "8.62200", "2012-12-31": "3.45400", "2011-12-31": "2.74100", "2010-12-31": "3.45400", "2009-12-31": "1.96900", "2008-12-31": "4.49300", "2007-12-31": "1.83100", "2006-12-31": "2.26300", "2005-12-31": "2.80100"}, "Total Long-Term Assets": {"2020-12-31": "2980.14500", "2019-12-31": "867.28300", "2018-12-31": "749.97900", "2017-12-31": "625.64200", "2016-12-31": "443.17300", "2015-12-31": "426.62300", "2014-12-31": "330.83700", "2013-12-31": "287.47100", "2012-12-31": "270.51900", "2011-12-31": "264.44800", "2010-12-31": "88.33200", "2009-12-31": "93.94100", "2008-12-31": "101.43400", "2007-12-31": "38.24400", "2006-12-31": "43.46900", "2005-12-31": "30.52400"}, "Total Assets": {"2020-12-31": "4829.68300", "2019-12-31": "2500.70200", "2018-12-31": "2052.45800", "2017-12-31": "1784.00900", "2016-12-31": "1396.15100", "2015-12-31": "1158.63300", "2014-12-31": "987.99700", "2013-12-31": "832.14700", "2012-12-31": "756.31200", "2011-12-31": "649.26400", "2010-12-31": "476.94300", "2009-12-31": "355.24000", "2008-12-31": "279.34100", "2007-12-31": "222.76100", "2006-12-31": "151.55800", "2005-12-31": "142.11000"}, "Total Current Liabilities": {"2020-12-31": "1325.60100", "2019-12-31": "970.97000", "2018-12-31": "692.07300", "2017-12-31": "500.05100", "2016-12-31": "354.33500", "2015-12-31": "271.67200", "2014-12-31": "201.81100", "2013-12-31": "175.33800", "2012-12-31": "155.77100", "2011-12-31": "148.11700", "2010-12-31": "92.97400", "2009-12-31": "81.24300", "2008-12-31": "60.57200", "2007-12-31": "61.45900", "2006-12-31": "67.78300", "2005-12-31": "48.60800"}, "Long Term Debt": {"2020-12-31": "", "2019-12-31": "", "2018-12-31": "", "2017-12-31": "", "2016-12-31": "", "2015-12-31": "", "2014-12-31": "", "2013-12-31": "", "2012-12-31": "", "2011-12-31": "", "2010-12-31": "", "2009-12-31": "", "2008-12-31": "", "2007-12-31": "", "2006-12-31": "", "2005-12-31": ""}, "Other Non-Current Liabilities": {"2020-12-31": "205.77200", "2019-12-31": "140.10000", "2018-12-31": "107.49400", "2017-12-31": "129.67000", "2016-12-31": "46.42700", "2015-12-31": "39.03500", "2014-12-31": "33.41500", "2013-12-31": "22.83900", "2012-12-31": "19.22400", "2011-12-31": "10.36600", "2010-12-31": "6.22200", "2009-12-31": "0.96100", "2008-12-31": "0.22900", "2007-12-31": "0.14800", "2006-12-31": "0.21900", "2005-12-31": "0.06400"}, "Total Long Term Liabilities": {"2020-12-31": "270.21700", "2019-12-31": "183.56300", "2018-12-31": "107.49400", "2017-12-31": "129.67000", "2016-12-31": "46.42700", "2015-12-31": "39.03500", "2014-12-31": "33.41500", "2013-12-31": "22.83900", "2012-12-31": "19.22400", "2011-12-31": "10.36600", "2010-12-31": "6.22200", "2009-12-31": "0.96100", "2008-12-31": "0.22900", "2007-12-31": "0.14800", "2006-12-31": "0.21900", "2005-12-31": "0.06400"}, "Total Liabilities": {"2020-12-31": "1595.81800", "2019-12-31": "1154.53300", "2018-12-31": "799.56700", "2017-12-31": "629.72100", "2016-12-31": "400.76200", "2015-12-31": "310.70700", "2014-12-31": "235.22600", "2013-12-31": "198.17700", "2012-12-31": "174.99500", "2011-12-31": "158.48300", "2010-12-31": "99.19600", "2009-12-31": "82.20400", "2008-12-31": "60.80100", "2007-12-31": "61.60700", "2006-12-31": "68.00200", "2005-12-31": "48.67200"}, "Common Stock Net": {"2020-12-31": "", "2019-12-31": "0.00800", "2018-12-31": "0.00800", "2017-12-31": "0.00800", "2016-12-31": "0.00800", "2015-12-31": "0.00800", "2014-12-31": "0.00800", "2013-12-31": "0.00800", "2012-12-31": "0.00800", "2011-12-31": "0.00800", "2010-12-31": "0.00800", "2009-12-31": "0.00700", "2008-12-31": "0.00700", "2007-12-31": "0.00700", "2006-12-31": "0.00600", "2005-12-31": "0.00600"}, "Retained Earnings (Accumulated Deficit)": {"2020-12-31": "", "2019-12-31": "439.91200", "2018-12-31": "378.14300", "2017-12-31": "267.27400", "2016-12-31": "131.44800", "2015-12-31": "27.39100", "2014-12-31": "-30.50700", "2013-12-31": "-95.91000", "2012-12-31": "-89.62600", "2011-12-31": "-116.51300", "2010-12-31": "-178.24600", "2009-12-31": "-252.49900", "2008-12-31": "-221.23000", "2007-12-31": "-289.65000", "2006-12-31": "-325.37400", "2005-12-31": "-290.41100"}, "Comprehensive Income": {"2020-12-31": "", "2019-12-31": "-0.68800", "2018-12-31": "-2.77400", "2017-12-31": "0.57100", "2016-12-31": "-0.93800", "2015-12-31": "-0.98000", "2014-12-31": "-0.14000", "2013-12-31": "0.29400", "2012-12-31": "0.20300", "2011-12-31": "0.04600", "2010-12-31": "0.13400", "2009-12-31": "0.45500", "2008-12-31": "0.26900", "2007-12-31": "0.65700", "2006-12-31": "0.00300", "2005-12-31": "0.00700"}, "Other Share Holders Equity": {"2020-12-31": "", "2019-12-31": "", "2018-12-31": "", "2017-12-31": "", "2016-12-31": "", "2015-12-31": "", "2014-12-31": "", "2013-12-31": "", "2012-12-31": "", "2011-12-31": "", "2010-12-31": "", "2009-12-31": "", "2008-12-31": "", "2007-12-31": "", "2006-12-31": "", "2005-12-31": ""}, "Share Holder Equity": {"2020-12-31": "3233.86500", "2019-12-31": "1346.16900", "2018-12-31": "1252.89100", "2017-12-31": "1154.28800", "2016-12-31": "995.38900", "2015-12-31": "847.92600", "2014-12-31": "752.77100", "2013-12-31": "633.97000", "2012-12-31": "581.31700", "2011-12-31": "490.78100", "2010-12-31": "377.74700", "2009-12-31": "273.03600", "2008-12-31": "218.54000", "2007-12-31": "161.15400", "2006-12-31": "83.55600", "2005-12-31": "93.43800"}, "Total Liabilities And Share Holders Equity": {"2020-12-31": "4829.68300", "2019-12-31": "2500.70200", "2018-12-31": "2052.45800", "2017-12-31": "1784.00900", "2016-12-31": "1396.15100", "2015-12-31": "1158.63300", "2014-12-31": "987.99700", "2013-12-31": "832.14700", "2012-12-31": "756.31200", "2011-12-31": "649.26400", "2010-12-31": "476.94300", "2009-12-31": "355.24000", "2008-12-31": "279.34100", "2007-12-31": "222.76100", "2006-12-31": "151.55800", "2005-12-31": "142.11000"}}, "balance sheet, quarterly": {"Cash On Hand": {"2020-12-31": "960.84300", "2020-09-30": "615.53200", "2020-06-30": "404.35900", "2020-03-31": "790.69600", "2019-12-31": "868.62700", "2019-09-30": "782.37300", "2019-06-30": "720.92200", "2019-03-31": "774.50990", "2018-12-31": "735.35900", "2018-09-30": "605.15700", "2018-06-30": "712.62190", "2018-03-31": "662.74300", "2017-12-31": "721.54200", "2017-09-30": "679.06700", "2017-06-30": "601.96800", "2017-03-31": "545.58600", "2016-12-31": "640.25600", "2016-09-30": "612.96600", "2016-06-30": "571.81300", "2016-03-31": "548.07800", "2015-12-31": "527.29500", "2015-09-30": "484.75500", "2015-06-30": "438.54200", "2015-03-31": "444.80100", "2014-12-31": "454.65800", "2014-09-30": "425.49600", "2014-06-30": "365.53000", "2014-03-31": "366.44300", "2013-12-31": "369.99300", "2013-09-30": "323.57900", "2013-06-30": "278.94600", "2013-03-31": "367.22800", "2012-12-31": "334.87100", "2012-09-30": "329.61300", "2012-06-30": "284.72900", "2012-03-31": "244.40200", "2011-12-31": "252.09600", "2011-09-30": "210.41400", "2011-06-30": "175.36200", "2011-03-31": "324.92700", "2010-12-31": "303.27900", "2010-09-30": "272.32000", "2010-06-30": "244.79900", "2010-03-31": "205.39800", "2009-12-31": "186.46500", "2009-09-30": "154.94000", "2009-06-30": "143.07700", "2009-03-31": "124.68400", "2008-12-31": "110.16600", "2008-09-30": "114.25500", "2008-06-30": "110.06200", "2008-03-31": "132.36300", "2007-12-31": "127.91100", "2007-09-30": "110.01100", "2007-06-30": "79.24000", "2007-03-31": "65.68800", "2006-12-31": "64.13700", "2006-09-30": "86.09300", "2006-06-30": "69.91300", "2006-03-31": "71.93600", "2005-12-31": "74.36900", "2005-09-30": "79.60900", "2005-06-30": "73.41600", "2005-03-31": "69.53100"}, "Receivables": {"2020-12-31": "657.70400", "2020-09-30": "626.04600", "2020-06-30": "473.31400", "2020-03-31": "533.00400", "2019-12-31": "550.29100", "2019-09-30": "531.81600", "2019-06-30": "520.09400", "2019-03-31": "479.28100", "2018-12-31": "439.00900", "2018-09-30": "420.27600", "2018-06-30": "374.37100", "2018-03-31": "361.45900", "2017-12-31": "324.18900", "2017-09-30": "321.32800", "2017-06-30": "291.69400", "2017-03-31": "267.12800", "2016-12-31": "247.41500", "2016-09-30": "244.99200", "2016-06-30": "192.66000", "2016-03-31": "178.00000", "2015-12-31": "158.55000", "2015-09-30": "148.39500", "2015-06-30": "146.46600", "2015-03-31": "138.15900", "2014-12-31": "129.75100", "2014-09-30": "130.04700", "2014-06-30": "131.02800", "2014-03-31": "126.18300", "2013-12-31": "113.25000", "2013-09-30": "109.17900", "2013-06-30": "112.36700", "2013-03-31": "108.67200", "2012-12-31": "98.99200", "2012-09-30": "105.90200", "2012-06-30": "102.14900", "2012-03-31": "94.44100", "2011-12-31": "91.53700", "2011-09-30": "86.64800", "2011-06-30": "82.13000", "2011-03-31": "73.90400", "2010-12-31": "65.43000", "2010-09-30": "63.81100", "2010-06-30": "62.93000", "2010-03-31": "58.80100", "2009-12-31": "54.53700", "2009-09-30": "55.03500", "2009-06-30": "53.23600", "2009-03-31": "51.66500", "2008-12-31": "52.36200", "2008-09-30": "48.87200", "2008-06-30": "51.17300", "2008-03-31": "47.47500", "2007-12-31": "44.85000", "2007-09-30": "46.00200", "2007-06-30": "47.23700", "2007-03-31": "38.20300", "2006-12-31": "33.63500", "2006-09-30": "32.60700", "2006-06-30": "32.79000", "2006-03-31": "32.05700", "2005-12-31": "29.30500", "2005-09-30": "29.15500", "2005-06-30": "35.20700", "2005-03-31": "31.87500"}, "Inventory": {"2020-12-31": "139.23700", "2020-09-30": "123.09300", "2020-06-30": "131.27600", "2020-03-31": "120.97700", "2019-12-31": "112.05100", "2019-09-30": "94.79500", "2019-06-30": "81.12400", "2019-03-31": "68.48900", "2018-12-31": "55.64100", "2018-09-30": "48.85800", "2018-06-30": "47.25200", "2018-03-31": "35.86600", "2017-12-31": "31.68800", "2017-09-30": "36.94100", "2017-06-30": "35.13300", "2017-03-31": "35.17400", "2016-12-31": "27.13100", "2016-09-30": "26.34100", "2016-06-30": "22.99200", "2016-03-31": "22.61800", "2015-12-31": "19.46500", "2015-09-30": "18.93900", "2015-06-30": "16.41500", "2015-03-31": "14.57200", "2014-12-31": "15.92800", "2014-09-30": "15.98300", "2014-06-30": "13.11500", "2014-03-31": "15.84000", "2013-12-31": "13.96800", "2013-09-30": "14.66200", "2013-06-30": "15.70400", "2013-03-31": "15.44200", "2012-12-31": "15.12200", "2012-09-30": "15.13700", "2012-06-30": "14.62300", "2012-03-31": "13.43400", "2011-12-31": "9.40200", "2011-09-30": "8.27800", "2011-06-30": "6.27200", "2011-03-31": "2.86700", "2010-12-31": "2.54400", "2010-09-30": "2.38200", "2010-06-30": "2.48700", "2010-03-31": "2.35600", "2009-12-31": "2.04600", "2009-09-30": "1.89200", "2009-06-30": "2.11100", "2009-03-31": "2.06800", "2008-12-31": "1.96500", "2008-09-30": "3.01500", "2008-06-30": "3.01700", "2008-03-31": "3.01000", "2007-12-31": "2.91000", "2007-09-30": "3.54200", "2007-06-30": "3.38800", "2007-03-31": "3.72500", "2006-12-31": "3.09000", "2006-09-30": "2.66500", "2006-06-30": "2.73300", "2006-03-31": "3.09400", "2005-12-31": "2.93000", "2005-09-30": "3.59400", "2005-06-30": "3.12500", "2005-03-31": "3.07100"}, "Pre-Paid Expenses": {"2020-12-31": "91.75400", "2020-09-30": "108.57600", "2020-06-30": "140.29500", "2020-03-31": "131.84800", "2019-12-31": "102.45000", "2019-09-30": "96.59500", "2019-06-30": "135.23400", "2019-03-31": "116.83300", "2018-12-31": "72.47000", "2018-09-30": "149.89100", "2018-06-30": "126.75400", "2018-03-31": "108.70800", "2017-12-31": "80.94800", "2017-09-30": "63.66700", "2017-06-30": "74.42700", "2017-03-31": "70.27900", "2016-12-31": "38.17600", "2016-09-30": "27.46900", "2016-06-30": "37.94200", "2016-03-31": "34.30700", "2015-12-31": "26.70000", "2015-09-30": "29.55400", "2015-06-30": "26.51100", "2015-03-31": "29.86900", "2014-12-31": "19.77000", "2014-09-30": "44.14600", "2014-06-30": "44.83900", "2014-03-31": "43.71100", "2013-12-31": "18.82900", "2013-09-30": "34.83900", "2013-06-30": "35.07600", "2013-03-31": "35.98900", "2012-12-31": "36.80800", "2012-09-30": "33.59400", "2012-06-30": "33.63400", "2012-03-31": "33.21900", "2011-12-31": "31.78100", "2011-09-30": "21.79400", "2011-06-30": "22.80900", "2011-03-31": "16.24300", "2010-12-31": "17.35800", "2010-09-30": "19.42900", "2010-06-30": "20.88100", "2010-03-31": "18.05500", "2009-12-31": "18.25100", "2009-09-30": "25.67100", "2009-06-30": "15.32400", "2009-03-31": "14.58800", "2008-12-31": "13.41400", "2008-09-30": "7.41200", "2008-06-30": "10.13200", "2008-03-31": "8.30200", "2007-12-31": "8.84600", "2007-09-30": "7.59200", "2007-06-30": "8.56000", "2007-03-31": "7.62400", "2006-12-31": "7.22700", "2006-09-30": "5.29900", "2006-06-30": "6.48700", "2006-03-31": "6.44500", "2005-12-31": "4.98200", "2005-09-30": "5.03900", "2005-06-30": "7.85700", "2005-03-31": "6.45000"}, "Other Current Assets": {"2020-12-31": "", "2020-09-30": "", "2020-06-30": "", "2020-03-31": "", "2019-12-31": "", "2019-09-30": "", "2019-06-30": "", "2019-03-31": "", "2018-12-31": "", "2018-09-30": "", "2018-06-30": "", "2018-03-31": "", "2017-12-31": "", "2017-09-30": "", "2017-06-30": "", "2017-03-31": "", "2016-12-31": "", "2016-09-30": "", "2016-06-30": "", "2016-03-31": "", "2015-12-31": "", "2015-09-30": "", "2015-06-30": "", "2015-03-31": "", "2014-12-31": "", "2014-09-30": "", "2014-06-30": "", "2014-03-31": "", "2013-12-31": "", "2013-09-30": "", "2013-06-30": "", "2013-03-31": "", "2012-12-31": "", "2012-09-30": "", "2012-06-30": "", "2012-03-31": "", "2011-12-31": "", "2011-09-30": "", "2011-06-30": "", "2011-03-31": "", "2010-12-31": "", "2010-09-30": "", "2010-06-30": "", "2010-03-31": "", "2009-12-31": "", "2009-09-30": "", "2009-06-30": "", "2009-03-31": "", "2008-12-31": "", "2008-09-30": "", "2008-06-30": "", "2008-03-31": "", "2007-12-31": "", "2007-09-30": "", "2007-06-30": "", "2007-03-31": "", "2006-12-31": "", "2006-09-30": "", "2006-06-30": "", "2006-03-31": "", "2005-12-31": "", "2005-09-30": "", "2005-06-30": "", "2005-03-31": ""}, "Total Current Assets": {"2020-12-31": "1849.53800", "2020-09-30": "1473.24700", "2020-06-30": "1149.24400", "2020-03-31": "1576.52500", "2019-12-31": "1633.41900", "2019-09-30": "1505.57900", "2019-06-30": "1457.37400", "2019-03-31": "1439.11300", "2018-12-31": "1302.47900", "2018-09-30": "1224.18200", "2018-06-30": "1260.99900", "2018-03-31": "1168.77600", "2017-12-31": "1158.36700", "2017-09-30": "1101.00300", "2017-06-30": "1003.22200", "2017-03-31": "918.16700", "2016-12-31": "952.97800", "2016-09-30": "911.76800", "2016-06-30": "825.40700", "2016-03-31": "783.00300", "2015-12-31": "732.01000", "2015-09-30": "711.73300", "2015-06-30": "657.90600", "2015-03-31": "657.31200", "2014-12-31": "657.16000", "2014-09-30": "615.67200", "2014-06-30": "554.51200", "2014-03-31": "552.17700", "2013-12-31": "544.67600", "2013-09-30": "482.25900", "2013-06-30": "442.09300", "2013-03-31": "527.33100", "2012-12-31": "485.79300", "2012-09-30": "484.24600", "2012-06-30": "435.13500", "2012-03-31": "385.49600", "2011-12-31": "384.81600", "2011-09-30": "327.13400", "2011-06-30": "286.57300", "2011-03-31": "417.94100", "2010-12-31": "388.61100", "2010-09-30": "357.94200", "2010-06-30": "331.09700", "2010-03-31": "284.61000", "2009-12-31": "261.29900", "2009-09-30": "237.53800", "2009-06-30": "213.74800", "2009-03-31": "193.00500", "2008-12-31": "177.90700", "2008-09-30": "173.55400", "2008-06-30": "174.38400", "2008-03-31": "191.15000", "2007-12-31": "184.51700", "2007-09-30": "167.14700", "2007-06-30": "138.42500", "2007-03-31": "115.24000", "2006-12-31": "108.08900", "2006-09-30": "126.66400", "2006-06-30": "111.92300", "2006-03-31": "113.53200", "2005-12-31": "111.58600", "2005-09-30": "117.39700", "2005-06-30": "119.60500", "2005-03-31": "110.92700"}, "Property, Plant, And Equipment": {"2020-12-31": "734.72100", "2020-09-30": "703.65700", "2020-06-30": "668.95100", "2020-03-31": "663.49100", "2019-12-31": "631.73000", "2019-09-30": "606.58100", "2019-06-30": "599.61100", "2019-03-31": "575.26700", "2018-12-31": "521.32900", "2018-09-30": "491.63000", "2018-06-30": "447.93300", "2018-03-31": "400.52800", "2017-12-31": "348.79300", "2017-09-30": "295.90100", "2017-06-30": "255.53900", "2017-03-31": "231.69200", "2016-12-31": "175.16700", "2016-09-30": "172.65800", "2016-06-30": "161.68500", "2016-03-31": "148.02900", "2015-12-31": "136.47300", "2015-09-30": "120.73800", "2015-06-30": "108.02900", "2015-03-31": "99.76400", "2014-12-31": "90.12500", "2014-09-30": "86.44700", "2014-06-30": "81.31200", "2014-03-31": "79.09300", "2013-12-31": "75.74300", "2013-09-30": "76.55200", "2013-06-30": "76.93200", "2013-03-31": "72.67200", "2012-12-31": "79.19100", "2012-09-30": "75.24800", "2012-06-30": "72.20700", "2012-03-31": "62.91200", "2011-12-31": "53.96500", "2011-09-30": "46.38800", "2011-06-30": "37.12200", "2011-03-31": "30.72200", "2010-12-31": "30.68400", "2010-09-30": "28.10200", "2010-06-30": "27.24900", "2010-03-31": "25.41800", "2009-12-31": "24.97100", "2009-09-30": "24.42900", "2009-06-30": "24.51800", "2009-03-31": "26.00000", "2008-12-31": "26.97900", "2008-09-30": "29.56800", "2008-06-30": "29.52500", "2008-03-31": "27.76200", "2007-12-31": "25.32000", "2007-09-30": "26.01400", "2007-06-30": "26.67500", "2007-03-31": "26.20800", "2006-12-31": "26.90400", "2006-09-30": "27.33600", "2006-06-30": "26.61000", "2006-03-31": "28.02200", "2005-12-31": "26.42700", "2005-09-30": "24.32600", "2005-06-30": "22.15000", "2005-03-31": "22.10500"}, "Long-Term Investments": {"2020-12-31": "", "2020-09-30": "", "2020-06-30": "", "2020-03-31": "", "2019-12-31": "", "2019-09-30": "", "2019-06-30": "44.96900", "2019-03-31": "", "2018-12-31": "55.02500", "2018-09-30": "56.08700", "2018-06-30": "57.18900", "2018-03-31": "63.04100", "2017-12-31": "94.55400", "2017-09-30": "111.71700", "2017-06-30": "116.34300", "2017-03-31": "142.51400", "2016-12-31": "104.84400", "2016-09-30": "109.08800", "2016-06-30": "113.15800", "2016-03-31": "132.69000", "2015-12-31": "151.37000", "2015-09-30": "145.24600", "2015-06-30": "158.16100", "2015-03-31": "168.17100", "2014-12-31": "147.89200", "2014-09-30": "136.01700", "2014-06-30": "137.14800", "2014-03-31": "138.92900", "2013-12-31": "101.97800", "2013-09-30": "76.83600", "2013-06-30": "62.88500", "2013-03-31": "10.68000", "2012-12-31": "21.25200", "2012-09-30": "20.80200", "2012-06-30": "20.47500", "2012-03-31": "16.80400", "2011-12-31": "", "2011-09-30": "0.67700", "2011-06-30": "4.11200", "2011-03-31": "5.61500", "2010-12-31": "9.08900", "2010-09-30": "7.82900", "2010-06-30": "", "2010-03-31": "", "2009-12-31": "", "2009-09-30": "", "2009-06-30": "", "2009-03-31": "", "2008-12-31": "", "2008-09-30": "", "2008-06-30": "", "2008-03-31": "", "2007-12-31": "", "2007-09-30": "", "2007-06-30": "2.77600", "2007-03-31": "", "2006-12-31": "", "2006-09-30": "", "2006-06-30": "", "2006-03-31": "", "2005-12-31": "", "2005-09-30": "", "2005-06-30": "", "2005-03-31": ""}, "Goodwill And Intangible Assets": {"2020-12-31": "574.88900", "2020-09-30": "555.94600", "2020-06-30": "543.21100", "2020-03-31": "73.75100", "2019-12-31": "75.69200", "2019-09-30": "77.01200", "2019-06-30": "78.85200", "2019-03-31": "80.32900", "2018-12-31": "81.94900", "2018-09-30": "83.60700", "2018-06-30": "85.30700", "2018-03-31": "87.62900", "2017-12-31": "89.06800", "2017-09-30": "90.07000", "2017-06-30": "91.30800", "2017-03-31": "92.44700", "2016-12-31": "81.99800", "2016-09-30": "82.98700", "2016-06-30": "83.74900", "2016-03-31": "78.60600", "2015-12-31": "79.16200", "2015-09-30": "79.71500", "2015-06-30": "80.59000", "2015-03-31": "81.27400", "2014-12-31": "82.05600", "2014-09-30": "82.92600", "2014-06-30": "83.79500", "2014-03-31": "84.38800", "2013-12-31": "85.36200", "2013-09-30": "86.10700", "2013-06-30": "86.68800", "2013-03-31": "83.97200", "2012-12-31": "145.01300", "2012-09-30": "157.97900", "2012-06-30": "183.72800", "2012-03-31": "184.70300", "2011-12-31": "185.40500", "2011-09-30": "186.02200", "2011-06-30": "187.88100", "2011-03-31": "1.96600", "2010-12-31": "2.66600", "2010-09-30": "3.36600", "2010-06-30": "4.06600", "2010-03-31": "4.76600", "2009-12-31": "5.46600", "2009-09-30": "6.16600", "2009-06-30": "6.86600", "2009-03-31": "7.56600", "2008-12-31": "8.26600", "2008-09-30": "8.96600", "2008-06-30": "9.67500", "2008-03-31": "10.38400", "2007-12-31": "11.09300", "2007-09-30": "11.80200", "2007-06-30": "12.51100", "2007-03-31": "13.45700", "2006-12-31": "14.30200", "2006-09-30": "1.01000", "2006-06-30": "1.02400", "2006-03-31": "1.11100", "2005-12-31": "1.29600", "2005-09-30": "1.28300", "2005-06-30": "1.36900", "2005-03-31": "1.45600"}, "Other Long-Term Assets": {"2020-12-31": "35.15100", "2020-09-30": "32.62800", "2020-06-30": "27.58000", "2020-03-31": "29.56600", "2019-12-31": "39.61000", "2019-09-30": "44.13500", "2019-06-30": "48.89200", "2019-03-31": "26.18600", "2018-12-31": "26.98700", "2018-09-30": "25.46400", "2018-06-30": "19.30200", "2018-03-31": "17.23300", "2017-12-31": "43.89300", "2017-09-30": "25.40000", "2017-06-30": "22.99200", "2017-03-31": "14.40500", "2016-12-31": "13.32000", "2016-09-30": "13.47400", "2016-06-30": "7.22300", "2016-03-31": "7.70500", "2015-12-31": "8.20200", "2015-09-30": "7.58800", "2015-06-30": "7.88100", "2015-03-31": "7.25400", "2014-12-31": "7.66500", "2014-09-30": "7.51300", "2014-06-30": "8.21000", "2014-03-31": "8.31500", "2013-12-31": "8.62200", "2013-09-30": "8.63000", "2013-06-30": "4.67400", "2013-03-31": "3.17300", "2012-12-31": "3.45400", "2012-09-30": "2.70000", "2012-06-30": "2.76500", "2012-03-31": "2.90900", "2011-12-31": "2.74100", "2011-09-30": "2.75400", "2011-06-30": "2.81500", "2011-03-31": "2.71400", "2010-12-31": "3.45400", "2010-09-30": "4.21800", "2010-06-30": "2.10900", "2010-03-31": "2.19800", "2009-12-31": "1.96900", "2009-09-30": "1.60300", "2009-06-30": "1.52900", "2009-03-31": "1.57300", "2008-12-31": "4.49300", "2008-09-30": "4.43200", "2008-06-30": "3.58500", "2008-03-31": "1.75400", "2007-12-31": "1.83100", "2007-09-30": "1.93100", "2007-06-30": "1.96800", "2007-03-31": "2.13400", "2006-12-31": "2.26300", "2006-09-30": "1.88100", "2006-06-30": "2.20000", "2006-03-31": "2.32300", "2005-12-31": "2.80100", "2005-09-30": "2.00800", "2005-06-30": "2.11100", "2005-03-31": "2.18300"}, "Total Long-Term Assets": {"2020-12-31": "2980.14500", "2020-09-30": "2941.84400", "2020-06-30": "2876.61300", "2020-03-31": "2388.31500", "2019-12-31": "867.28300", "2019-09-30": "844.80100", "2019-06-30": "888.64290", "2019-03-31": "795.31700", "2018-12-31": "749.97900", "2018-09-30": "704.22300", "2018-06-30": "655.59000", "2018-03-31": "613.95500", "2017-12-31": "625.64200", "2017-09-30": "596.62010", "2017-06-30": "547.96500", "2017-03-31": "541.12600", "2016-12-31": "443.17300", "2016-09-30": "447.12500", "2016-06-30": "425.86600", "2016-03-31": "424.55700", "2015-12-31": "426.62300", "2015-09-30": "367.82900", "2015-06-30": "370.67500", "2015-03-31": "371.09300", "2014-12-31": "330.83700", "2014-09-30": "332.61700", "2014-06-30": "330.92100", "2014-03-31": "333.46400", "2013-12-31": "287.47100", "2013-09-30": "276.94700", "2013-06-30": "261.80100", "2013-03-31": "198.91400", "2012-12-31": "270.51900", "2012-09-30": "283.91800", "2012-06-30": "309.02800", "2012-03-31": "284.94000", "2011-12-31": "264.44800", "2011-09-30": "258.78600", "2011-06-30": "260.47600", "2011-03-31": "79.04100", "2010-12-31": "88.33200", "2010-09-30": "87.29300", "2010-06-30": "77.59500", "2010-03-31": "88.94200", "2009-12-31": "93.94100", "2009-09-30": "93.24600", "2009-06-30": "94.04600", "2009-03-31": "96.27200", "2008-12-31": "101.43400", "2008-09-30": "42.96600", "2008-06-30": "42.78500", "2008-03-31": "39.90000", "2007-12-31": "38.24400", "2007-09-30": "39.74700", "2007-06-30": "43.93000", "2007-03-31": "41.79900", "2006-12-31": "43.46900", "2006-09-30": "30.22700", "2006-06-30": "29.83400", "2006-03-31": "31.45600", "2005-12-31": "30.52400", "2005-09-30": "27.61700", "2005-06-30": "25.63000", "2005-03-31": "25.74400"}, "Total Assets": {"2020-12-31": "4829.68300", "2020-09-30": "4415.09100", "2020-06-30": "4025.85700", "2020-03-31": "3964.84000", "2019-12-31": "2500.70200", "2019-09-30": "2350.38000", "2019-06-30": "2346.01700", "2019-03-31": "2234.43000", "2018-12-31": "2052.45800", "2018-09-30": "1928.40500", "2018-06-30": "1916.58900", "2018-03-31": "1782.73100", "2017-12-31": "1784.00900", "2017-09-30": "1697.62300", "2017-06-30": "1551.18700", "2017-03-31": "1459.29300", "2016-12-31": "1396.15100", "2016-09-30": "1358.89300", "2016-06-30": "1251.27300", "2016-03-31": "1207.56000", "2015-12-31": "1158.63300", "2015-09-30": "1079.56200", "2015-06-30": "1028.58100", "2015-03-31": "1028.40500", "2014-12-31": "987.99700", "2014-09-30": "948.28900", "2014-06-30": "885.43300", "2014-03-31": "885.64100", "2013-12-31": "832.14700", "2013-09-30": "759.20600", "2013-06-30": "703.89400", "2013-03-31": "726.24500", "2012-12-31": "756.31200", "2012-09-30": "768.16400", "2012-06-30": "744.16300", "2012-03-31": "670.43600", "2011-12-31": "649.26400", "2011-09-30": "585.92000", "2011-06-30": "547.04900", "2011-03-31": "496.98200", "2010-12-31": "476.94300", "2010-09-30": "445.23500", "2010-06-30": "408.69200", "2010-03-31": "373.55200", "2009-12-31": "355.24000", "2009-09-30": "330.78400", "2009-06-30": "307.79400", "2009-03-31": "289.27700", "2008-12-31": "279.34100", "2008-09-30": "216.52000", "2008-06-30": "217.16900", "2008-03-31": "231.05000", "2007-12-31": "222.76100", "2007-09-30": "206.89400", "2007-06-30": "182.35500", "2007-03-31": "157.03900", "2006-12-31": "151.55800", "2006-09-30": "156.89100", "2006-06-30": "141.75700", "2006-03-31": "144.98800", "2005-12-31": "142.11000", "2005-09-30": "145.01400", "2005-06-30": "145.23500", "2005-03-31": "136.67100"}, "Total Current Liabilities": {"2020-12-31": "1325.60100", "2020-09-30": "1121.79400", "2020-06-30": "941.59200", "2020-03-31": "910.68600", "2019-12-31": "970.97000", "2019-09-30": "870.14400", "2019-06-30": "789.04600", "2019-03-31": "804.88400", "2018-12-31": "692.07300", "2018-09-30": "618.20900", "2018-06-30": "566.64600", "2018-03-31": "517.98500", "2017-12-31": "500.05100", "2017-09-30": "461.36900", "2017-06-30": "424.79600", "2017-03-31": "365.55400", "2016-12-31": "354.33500", "2016-09-30": "343.05100", "2016-06-30": "298.98900", "2016-03-31": "274.75000", "2015-12-31": "271.67200", "2015-09-30": "244.51100", "2015-06-30": "222.92500", "2015-03-31": "200.57500", "2014-12-31": "201.81100", "2014-09-30": "198.56000", "2014-06-30": "187.11300", "2014-03-31": "170.85500", "2013-12-31": "175.33800", "2013-09-30": "163.26800", "2013-06-30": "160.65400", "2013-03-31": "143.85500", "2012-12-31": "155.77100", "2012-09-30": "151.68800", "2012-06-30": "143.83600", "2012-03-31": "135.82800", "2011-12-31": "148.11700", "2011-09-30": "120.18700", "2011-06-30": "109.45100", "2011-03-31": "87.99400", "2010-12-31": "92.97400", "2010-09-30": "80.03600", "2010-06-30": "73.80700", "2010-03-31": "76.25000", "2009-12-31": "81.24300", "2009-09-30": "72.90200", "2009-06-30": "69.81100", "2009-03-31": "61.37400", "2008-12-31": "60.57200", "2008-09-30": "56.74200", "2008-06-30": "57.81700", "2008-03-31": "53.95800", "2007-12-31": "61.45900", "2007-09-30": "55.99200", "2007-06-30": "53.83600", "2007-03-31": "57.81800", "2006-12-31": "67.78300", "2006-09-30": "66.17100", "2006-06-30": "44.66300", "2006-03-31": "48.55900", "2005-12-31": "48.60800", "2005-09-30": "52.64500", "2005-06-30": "53.32200", "2005-03-31": "45.93000"}, "Long Term Debt": {"2020-12-31": "", "2020-09-30": "", "2020-06-30": "", "2020-03-31": "", "2019-12-31": "", "2019-09-30": "", "2019-06-30": "", "2019-03-31": "", "2018-12-31": "", "2018-09-30": "", "2018-06-30": "", "2018-03-31": "", "2017-12-31": "", "2017-09-30": "", "2017-06-30": "", "2017-03-31": "", "2016-12-31": "", "2016-09-30": "", "2016-06-30": "", "2016-03-31": "", "2015-12-31": "", "2015-09-30": "", "2015-06-30": "", "2015-03-31": "", "2014-12-31": "", "2014-09-30": "", "2014-06-30": "", "2014-03-31": "", "2013-12-31": "", "2013-09-30": "", "2013-06-30": "", "2013-03-31": "", "2012-12-31": "", "2012-09-30": "", "2012-06-30": "", "2012-03-31": "", "2011-12-31": "", "2011-09-30": "", "2011-06-30": "", "2011-03-31": "", "2010-12-31": "", "2010-09-30": "", "2010-06-30": "", "2010-03-31": "", "2009-12-31": "", "2009-09-30": "", "2009-06-30": "", "2009-03-31": "", "2008-12-31": "", "2008-09-30": "", "2008-06-30": "", "2008-03-31": "", "2007-12-31": "", "2007-09-30": "", "2007-06-30": "", "2007-03-31": "", "2006-12-31": "", "2006-09-30": "", "2006-06-30": "", "2006-03-31": "", "2005-12-31": "", "2005-09-30": "", "2005-06-30": "", "2005-03-31": ""}, "Other Non-Current Liabilities": {"2020-12-31": "205.77200", "2020-09-30": "194.30800", "2020-06-30": "188.60100", "2020-03-31": "147.42000", "2019-12-31": "140.10000", "2019-09-30": "131.32200", "2019-06-30": "124.14900", "2019-03-31": "114.53500", "2018-12-31": "107.49400", "2018-09-30": "117.21300", "2018-06-30": "130.98400", "2018-03-31": "137.28600", "2017-12-31": "129.67000", "2017-09-30": "54.29600", "2017-06-30": "48.10300", "2017-03-31": "48.86400", "2016-12-31": "46.42700", "2016-09-30": "43.53200", "2016-06-30": "42.42600", "2016-03-31": "40.78000", "2015-12-31": "39.03500", "2015-09-30": "36.79200", "2015-06-30": "35.85500", "2015-03-31": "34.29600", "2014-12-31": "33.41500", "2014-09-30": "27.27300", "2014-06-30": "22.52400", "2014-03-31": "18.03300", "2013-12-31": "22.83900", "2013-09-30": "20.25400", "2013-06-30": "23.04200", "2013-03-31": "21.27200", "2012-12-31": "19.22400", "2012-09-30": "14.31100", "2012-06-30": "14.03200", "2012-03-31": "11.58600", "2011-12-31": "10.36600", "2011-09-30": "8.85700", "2011-06-30": "7.81600", "2011-03-31": "6.88300", "2010-12-31": "6.22200", "2010-09-30": "5.79700", "2010-06-30": "0.93200", "2010-03-31": "0.94600", "2009-12-31": "0.96100", "2009-09-30": "0.20200", "2009-06-30": "0.20500", "2009-03-31": "0.20400", "2008-12-31": "0.22900", "2008-09-30": "0.12400", "2008-06-30": "0.13300", "2008-03-31": "0.15900", "2007-12-31": "0.14800", "2007-09-30": "0.19500", "2007-06-30": "0.18900", "2007-03-31": "0.23300", "2006-12-31": "0.21900", "2006-09-30": "0.29600", "2006-06-30": "0.37900", "2006-03-31": "0.25200", "2005-12-31": "0.06400", "2005-09-30": "0.05400", "2005-06-30": "0.04300", "2005-03-31": "0.03500"}, "Total Long Term Liabilities": {"2020-12-31": "270.21700", "2020-09-30": "259.82600", "2020-06-30": "239.22000", "2020-03-31": "201.16500", "2019-12-31": "183.56300", "2019-09-30": "174.68700", "2019-06-30": "183.28900", "2019-03-31": "173.84200", "2018-12-31": "107.49400", "2018-09-30": "117.21300", "2018-06-30": "130.98400", "2018-03-31": "137.28600", "2017-12-31": "129.67000", "2017-09-30": "54.29600", "2017-06-30": "48.10300", "2017-03-31": "48.86400", "2016-12-31": "46.42700", "2016-09-30": "43.53200", "2016-06-30": "42.42600", "2016-03-31": "40.78000", "2015-12-31": "39.03500", "2015-09-30": "36.79200", "2015-06-30": "35.85500", "2015-03-31": "34.29600", "2014-12-31": "33.41500", "2014-09-30": "27.27300", "2014-06-30": "22.52400", "2014-03-31": "18.03300", "2013-12-31": "22.83900", "2013-09-30": "20.25400", "2013-06-30": "23.04200", "2013-03-31": "21.27200", "2012-12-31": "19.22400", "2012-09-30": "14.31100", "2012-06-30": "14.03200", "2012-03-31": "11.58600", "2011-12-31": "10.36600", "2011-09-30": "8.85700", "2011-06-30": "7.81600", "2011-03-31": "6.88300", "2010-12-31": "6.22200", "2010-09-30": "5.79700", "2010-06-30": "0.93200", "2010-03-31": "0.94600", "2009-12-31": "0.96100", "2009-09-30": "0.20200", "2009-06-30": "0.20500", "2009-03-31": "0.20400", "2008-12-31": "0.22900", "2008-09-30": "0.12400", "2008-06-30": "0.13300", "2008-03-31": "0.15900", "2007-12-31": "0.14800", "2007-09-30": "0.19500", "2007-06-30": "0.18900", "2007-03-31": "0.23300", "2006-12-31": "0.21900", "2006-09-30": "0.29600", "2006-06-30": "0.37900", "2006-03-31": "0.25200", "2005-12-31": "0.06400", "2005-09-30": "0.05400", "2005-06-30": "0.04300", "2005-03-31": "0.03500"}, "Total Liabilities": {"2020-12-31": "1595.81800", "2020-09-30": "1381.62000", "2020-06-30": "1180.81200", "2020-03-31": "1111.85100", "2019-12-31": "1154.53300", "2019-09-30": "1044.83100", "2019-06-30": "972.33500", "2019-03-31": "978.72600", "2018-12-31": "799.56700", "2018-09-30": "735.42200", "2018-06-30": "697.63000", "2018-03-31": "655.27100", "2017-12-31": "629.72100", "2017-09-30": "515.66500", "2017-06-30": "472.89900", "2017-03-31": "414.41800", "2016-12-31": "400.76200", "2016-09-30": "386.58300", "2016-06-30": "341.41500", "2016-03-31": "315.53000", "2015-12-31": "310.70700", "2015-09-30": "281.30300", "2015-06-30": "258.78000", "2015-03-31": "234.87100", "2014-12-31": "235.22600", "2014-09-30": "225.83300", "2014-06-30": "209.63700", "2014-03-31": "188.88800", "2013-12-31": "198.17700", "2013-09-30": "183.52200", "2013-06-30": "183.69600", "2013-03-31": "165.12700", "2012-12-31": "174.99500", "2012-09-30": "165.99900", "2012-06-30": "157.86800", "2012-03-31": "147.41400", "2011-12-31": "158.48300", "2011-09-30": "129.04400", "2011-06-30": "117.26700", "2011-03-31": "94.87700", "2010-12-31": "99.19600", "2010-09-30": "85.83300", "2010-06-30": "74.73900", "2010-03-31": "77.19600", "2009-12-31": "82.20400", "2009-09-30": "73.10400", "2009-06-30": "70.01600", "2009-03-31": "61.57800", "2008-12-31": "60.80100", "2008-09-30": "56.86600", "2008-06-30": "57.95000", "2008-03-31": "54.11700", "2007-12-31": "61.60700", "2007-09-30": "56.18700", "2007-06-30": "54.02500", "2007-03-31": "58.05100", "2006-12-31": "68.00200", "2006-09-30": "66.46700", "2006-06-30": "45.04200", "2006-03-31": "48.81100", "2005-12-31": "48.67200", "2005-09-30": "52.69900", "2005-06-30": "53.36500", "2005-03-31": "45.96500"}, "Common Stock Net": {"2020-12-31": "", "2020-09-30": "0.00800", "2020-06-30": "0.00800", "2020-03-31": "0.00800", "2019-12-31": "0.00800", "2019-09-30": "0.00800", "2019-06-30": "0.00800", "2019-03-31": "0.00800", "2018-12-31": "0.00800", "2018-09-30": "0.00800", "2018-06-30": "0.00800", "2018-03-31": "0.00800", "2017-12-31": "0.00800", "2017-09-30": "0.00800", "2017-06-30": "0.00800", "2017-03-31": "0.00800", "2016-12-31": "0.00800", "2016-09-30": "0.00800", "2016-06-30": "0.00800", "2016-03-31": "0.00800", "2015-12-31": "0.00800", "2015-09-30": "0.00800", "2015-06-30": "0.00800", "2015-03-31": "0.00800", "2014-12-31": "0.00800", "2014-09-30": "0.00800", "2014-06-30": "0.00800", "2014-03-31": "0.00800", "2013-12-31": "0.00800", "2013-09-30": "0.00800", "2013-06-30": "0.00800", "2013-03-31": "0.00800", "2012-12-31": "0.00800", "2012-09-30": "0.00800", "2012-06-30": "0.00800", "2012-03-31": "0.00800", "2011-12-31": "0.00800", "2011-09-30": "0.00800", "2011-06-30": "0.00800", "2011-03-31": "0.00800", "2010-12-31": "0.00800", "2010-09-30": "0.00800", "2010-06-30": "0.00800", "2010-03-31": "0.00800", "2009-12-31": "0.00700", "2009-09-30": "0.00700", "2009-06-30": "0.00700", "2009-03-31": "0.00700", "2008-12-31": "0.00700", "2008-09-30": "0.00700", "2008-06-30": "0.00700", "2008-03-31": "0.00700", "2007-12-31": "0.00700", "2007-09-30": "0.00700", "2007-06-30": "0.00700", "2007-03-31": "0.00700", "2006-12-31": "0.00600", "2006-09-30": "0.00600", "2006-06-30": "0.00600", "2006-03-31": "0.00600", "2005-12-31": "0.00600", "2005-09-30": "0.00600", "2005-06-30": "0.00600", "2005-03-31": "0.00600"}, "Retained Earnings (Accumulated Deficit)": {"2020-12-31": "", "2020-09-30": "2056.81200", "2020-06-30": "1917.44100", "2020-03-31": "1958.04300", "2019-12-31": "439.91200", "2019-09-30": "415.15900", "2019-06-30": "501.27500", "2019-03-31": "402.02100", "2018-12-31": "378.14300", "2018-09-30": "328.43200", "2018-06-30": "373.44100", "2018-03-31": "267.33600", "2017-12-31": "267.27400", "2017-09-30": "301.11700", "2017-06-30": "232.87600", "2017-03-31": "196.15700", "2016-12-31": "131.44800", "2016-09-30": "117.96500", "2016-06-30": "87.60700", "2016-03-31": "67.93700", "2015-12-31": "27.39100", "2015-09-30": "-11.89000", "2015-06-30": "-5.82600", "2015-03-31": "4.17900", "2014-12-31": "-30.50700", "2014-09-30": "-53.13500", "2014-06-30": "-67.60600", "2014-03-31": "-63.46500", "2013-12-31": "-95.91000", "2013-09-30": "-138.33200", "2013-06-30": "-172.86800", "2013-03-31": "-133.37500", "2012-12-31": "-89.62600", "2012-09-30": "-74.42900", "2012-06-30": "-68.68000", "2012-03-31": "-97.17000", "2011-12-31": "-116.51300", "2011-09-30": "-131.97900", "2011-06-30": "-151.24300", "2011-03-31": "-162.40500", "2010-12-31": "-178.24600", "2010-09-30": "-188.15100", "2010-06-30": "-204.96600", "2010-03-31": "-237.56900", "2009-12-31": "-252.49900", "2009-09-30": "-263.99100", "2009-06-30": "-214.04900", "2009-03-31": "-218.59400", "2008-12-31": "-221.23000", "2008-09-30": "-286.72600", "2008-06-30": "-288.43000", "2008-03-31": "-284.34600", "2007-12-31": "-289.65000", "2007-09-30": "-295.31800", "2007-06-30": "-304.77800", "2007-03-31": "-318.39600", "2006-12-31": "-325.37400", "2006-09-30": "-308.10500", "2006-06-30": "-297.78500", "2006-03-31": "-295.17500", "2005-12-31": "-290.41100", "2005-09-30": "-290.93900", "2005-06-30": "-289.42300", "2005-03-31": "-289.96100"}, "Comprehensive Income": {"2020-12-31": "", "2020-09-30": "24.91100", "2020-06-30": "9.10100", "2020-03-31": "-0.19300", "2019-12-31": "-0.68800", "2019-09-30": "-1.92700", "2019-06-30": "-1.87600", "2019-03-31": "-2.28100", "2018-12-31": "-2.77400", "2018-09-30": "-0.72800", "2018-06-30": "0.91100", "2018-03-31": "1.48400", "2017-12-31": "0.57100", "2017-09-30": "0.78800", "2017-06-30": "-0.15600", "2017-03-31": "-1.38200", "2016-12-31": "-0.93800", "2016-09-30": "-0.08500", "2016-06-30": "0.42800", "2016-03-31": "0.02200", "2015-12-31": "-0.98000", "2015-09-30": "0.02500", "2015-06-30": "-0.18700", "2015-03-31": "-0.10600", "2014-12-31": "-0.14000", "2014-09-30": "0.06000", "2014-06-30": "0.50800", "2014-03-31": "0.44200", "2013-12-31": "0.29400", "2013-09-30": "0.33200", "2013-06-30": "-0.04400", "2013-03-31": "0.15100", "2012-12-31": "0.20300", "2012-09-30": "-0.01900", "2012-06-30": "-0.34000", "2012-03-31": "0.19300", "2011-12-31": "0.04600", "2011-09-30": "0.34600", "2011-06-30": "0.74300", "2011-03-31": "0.62400", "2010-12-31": "0.13400", "2010-09-30": "0.31700", "2010-06-30": "-0.24900", "2010-03-31": "0.10900", "2009-12-31": "0.45500", "2009-09-30": "0.53100", "2009-06-30": "0.31600", "2009-03-31": "-0.06800", "2008-12-31": "0.26900", "2008-09-30": "0.44700", "2008-06-30": "0.91900", "2008-03-31": "0.99900", "2007-12-31": "0.65700", "2007-09-30": "0.54000", "2007-06-30": "0.16600", "2007-03-31": "0.09800", "2006-12-31": "0.00300", "2006-09-30": "0.00400", "2006-06-30": "-0.00600", "2006-03-31": "0.00600", "2005-12-31": "0.00700", "2005-09-30": "0.04100", "2005-06-30": "0.01800", "2005-03-31": "0.01400"}, "Other Share Holders Equity": {"2020-12-31": "", "2020-09-30": "", "2020-06-30": "", "2020-03-31": "", "2019-12-31": "", "2019-09-30": "", "2019-06-30": "", "2019-03-31": "", "2018-12-31": "", "2018-09-30": "", "2018-06-30": "", "2018-03-31": "", "2017-12-31": "", "2017-09-30": "", "2017-06-30": "", "2017-03-31": "", "2016-12-31": "", "2016-09-30": "", "2016-06-30": "", "2016-03-31": "", "2015-12-31": "", "2015-09-30": "", "2015-06-30": "", "2015-03-31": "", "2014-12-31": "", "2014-09-30": "", "2014-06-30": "", "2014-03-31": "", "2013-12-31": "", "2013-09-30": "", "2013-06-30": "", "2013-03-31": "", "2012-12-31": "", "2012-09-30": "", "2012-06-30": "", "2012-03-31": "", "2011-12-31": "", "2011-09-30": "", "2011-06-30": "", "2011-03-31": "", "2010-12-31": "", "2010-09-30": "", "2010-06-30": "", "2010-03-31": "", "2009-12-31": "", "2009-09-30": "", "2009-06-30": "", "2009-03-31": "", "2008-12-31": "", "2008-09-30": "", "2008-06-30": "", "2008-03-31": "", "2007-12-31": "", "2007-09-30": "", "2007-06-30": "", "2007-03-31": "", "2006-12-31": "", "2006-09-30": "", "2006-06-30": "", "2006-03-31": "", "2005-12-31": "", "2005-09-30": "", "2005-06-30": "", "2005-03-31": ""}, "Share Holder Equity": {"2020-12-31": "3233.86500", "2020-09-30": "3033.47100", "2020-06-30": "2845.04500", "2020-03-31": "2852.98900", "2019-12-31": "1346.16900", "2019-09-30": "1305.54900", "2019-06-30": "1373.68200", "2019-03-31": "1255.70400", "2018-12-31": "1252.89100", "2018-09-30": "1192.98300", "2018-06-30": "1218.95900", "2018-03-31": "1127.46000", "2017-12-31": "1154.28800", "2017-09-30": "1181.95800", "2017-06-30": "1078.28800", "2017-03-31": "1044.87500", "2016-12-31": "995.38900", "2016-09-30": "972.31000", "2016-06-30": "909.85800", "2016-03-31": "892.03000", "2015-12-31": "847.92600", "2015-09-30": "798.25900", "2015-06-30": "769.80100", "2015-03-31": "793.53400", "2014-12-31": "752.77100", "2014-09-30": "722.45600", "2014-06-30": "675.79600", "2014-03-31": "696.75300", "2013-12-31": "633.97000", "2013-09-30": "575.68400", "2013-06-30": "520.19800", "2013-03-31": "561.11800", "2012-12-31": "581.31700", "2012-09-30": "602.16500", "2012-06-30": "586.29500", "2012-03-31": "523.02200", "2011-12-31": "490.78100", "2011-09-30": "456.87600", "2011-06-30": "429.78200", "2011-03-31": "402.10500", "2010-12-31": "377.74700", "2010-09-30": "359.40200", "2010-06-30": "333.95300", "2010-03-31": "296.35600", "2009-12-31": "273.03600", "2009-09-30": "257.68000", "2009-06-30": "237.77800", "2009-03-31": "227.69900", "2008-12-31": "218.54000", "2008-09-30": "159.65400", "2008-06-30": "159.21900", "2008-03-31": "176.93300", "2007-12-31": "161.15400", "2007-09-30": "150.70700", "2007-06-30": "128.33000", "2007-03-31": "98.98800", "2006-12-31": "83.55600", "2006-09-30": "90.42400", "2006-06-30": "96.71500", "2006-03-31": "96.17700", "2005-12-31": "93.43800", "2005-09-30": "92.31500", "2005-06-30": "91.87000", "2005-03-31": "90.70600"}, "Total Liabilities And Share Holders Equity": {"2020-12-31": "4829.68300", "2020-09-30": "4415.09100", "2020-06-30": "4025.85700", "2020-03-31": "3964.84000", "2019-12-31": "2500.70200", "2019-09-30": "2350.38000", "2019-06-30": "2346.01700", "2019-03-31": "2234.43000", "2018-12-31": "2052.45800", "2018-09-30": "1928.40500", "2018-06-30": "1916.58900", "2018-03-31": "1782.73100", "2017-12-31": "1784.00900", "2017-09-30": "1697.62300", "2017-06-30": "1551.18700", "2017-03-31": "1459.29300", "2016-12-31": "1396.15100", "2016-09-30": "1358.89300", "2016-06-30": "1251.27300", "2016-03-31": "1207.56000", "2015-12-31": "1158.63300", "2015-09-30": "1079.56200", "2015-06-30": "1028.58100", "2015-03-31": "1028.40500", "2014-12-31": "987.99700", "2014-09-30": "948.28900", "2014-06-30": "885.43300", "2014-03-31": "885.64100", "2013-12-31": "832.14700", "2013-09-30": "759.20600", "2013-06-30": "703.89400", "2013-03-31": "726.24500", "2012-12-31": "756.31200", "2012-09-30": "768.16400", "2012-06-30": "744.16300", "2012-03-31": "670.43600", "2011-12-31": "649.26400", "2011-09-30": "585.92000", "2011-06-30": "547.04900", "2011-03-31": "496.98200", "2010-12-31": "476.94300", "2010-09-30": "445.23500", "2010-06-30": "408.69200", "2010-03-31": "373.55200", "2009-12-31": "355.24000", "2009-09-30": "330.78400", "2009-06-30": "307.79400", "2009-03-31": "289.27700", "2008-12-31": "279.34100", "2008-09-30": "216.52000", "2008-06-30": "217.16900", "2008-03-31": "231.05000", "2007-12-31": "222.76100", "2007-09-30": "206.89400", "2007-06-30": "182.35500", "2007-03-31": "157.03900", "2006-12-31": "151.55800", "2006-09-30": "156.89100", "2006-06-30": "141.75700", "2006-03-31": "144.98800", "2005-12-31": "142.11000", "2005-09-30": "145.01400", "2005-06-30": "145.23500", "2005-03-31": "136.67100"}}, "cash flow statement": {"Net Income/Loss": {"2020-12-31": "0.00000", "2019-12-31": "442.77600", "2018-12-31": "400.23500", "2017-12-31": "231.41800", "2016-12-31": "189.68200", "2015-12-31": "144.02000", "2014-12-31": "145.83200", "2013-12-31": "64.29500", "2012-12-31": "58.69100", "2011-12-31": "66.71600", "2010-12-31": "74.25300", "2009-12-31": "-31.26900", "2008-12-31": "79.98700", "2007-12-31": "35.72400", "2006-12-31": "-34.96300", "2005-12-31": "1.41300"}, "Total Depreciation And Amortization - Cash Flow": {"2020-12-31": "", "2019-12-31": "78.99000", "2018-12-31": "54.72700", "2017-12-31": "37.73900", "2016-12-31": "24.00200", "2015-12-31": "18.00400", "2014-12-31": "17.85600", "2013-12-31": "16.82500", "2012-12-31": "17.81100", "2011-12-31": "17.47700", "2010-12-31": "15.01300", "2009-12-31": "19.16900", "2008-12-31": "12.79100", "2007-12-31": "13.38500", "2006-12-31": "10.27100", "2005-12-31": "10.45100"}, "Other Non-Cash Items": {"2020-12-31": "", "2019-12-31": "150.29100", "2018-12-31": "81.02800", "2017-12-31": "93.49200", "2016-12-31": "50.57700", "2015-12-31": "55.14600", "2014-12-31": "54.01700", "2013-12-31": "91.69400", "2012-12-31": "63.18700", "2011-12-31": "16.18800", "2010-12-31": "29.41400", "2009-12-31": "70.38100", "2008-12-31": "-44.72100", "2007-12-31": "11.83200", "2006-12-31": "8.66200", "2005-12-31": "0.70700"}, "Total Non-Cash Items": {"2020-12-31": "", "2019-12-31": "229.28100", "2018-12-31": "135.75500", "2017-12-31": "131.23100", "2016-12-31": "74.57900", "2015-12-31": "73.15000", "2014-12-31": "71.87300", "2013-12-31": "108.51900", "2012-12-31": "80.99800", "2011-12-31": "33.66500", "2010-12-31": "44.42700", "2009-12-31": "89.55000", "2008-12-31": "-31.93000", "2007-12-31": "25.21700", "2006-12-31": "18.93300", "2005-12-31": "11.15800"}, "Change In Accounts Receivable": {"2020-12-31": "", "2019-12-31": "-121.01400", "2018-12-31": "-109.22400", "2017-12-31": "-90.99000", "2016-12-31": "-95.80800", "2015-12-31": "-40.77500", "2014-12-31": "-27.22900", "2013-12-31": "-11.98100", "2012-12-31": "-11.66600", "2011-12-31": "-24.14700", "2010-12-31": "-12.18400", "2009-12-31": "-2.58600", "2008-12-31": "-7.95100", "2007-12-31": "-10.70300", "2006-12-31": "-4.04200", "2005-12-31": "-0.98500"}, "Change In Inventories": {"2020-12-31": "", "2019-12-31": "-58.26900", "2018-12-31": "-24.10900", "2017-12-31": "-5.48100", "2016-12-31": "-7.66300", "2015-12-31": "-3.56300", "2014-12-31": "-1.99900", "2013-12-31": "1.15800", "2012-12-31": "-5.71800", "2011-12-31": "-4.05800", "2010-12-31": "-0.50800", "2009-12-31": "-0.08500", "2008-12-31": "0.94300", "2007-12-31": "0.18600", "2006-12-31": "-0.16000", "2005-12-31": "-0.07800"}, "Change In Accounts Payable": {"2020-12-31": "", "2019-12-31": "22.09900", "2018-12-31": "25.04500", "2017-12-31": "8.17500", "2016-12-31": "-3.39500", "2015-12-31": "7.57500", "2014-12-31": "2.88700", "2013-12-31": "-0.18600", "2012-12-31": "-0.00600", "2011-12-31": "7.53500", "2010-12-31": "2.61200", "2009-12-31": "-0.61400", "2008-12-31": "-2.65100", "2007-12-31": "2.73800", "2006-12-31": "2.99700", "2005-12-31": "-1.99800"}, "Change In Assets/Liabilities": {"2020-12-31": "", "2019-12-31": "157.54600", "2018-12-31": "127.27700", "2017-12-31": "70.99300", "2016-12-31": "51.26600", "2015-12-31": "38.12800", "2014-12-31": "12.84300", "2013-12-31": "14.50900", "2012-12-31": "8.53600", "2011-12-31": "13.65300", "2010-12-31": "1.22400", "2009-12-31": "15.83300", "2008-12-31": "4.83500", "2007-12-31": "-0.09000", "2006-12-31": "-8.05000", "2005-12-31": "0.08400"}, "Total Change In Assets/Liabilities": {"2020-12-31": "", "2019-12-31": "75.21300", "2018-12-31": "18.69100", "2017-12-31": "75.89000", "2016-12-31": "-16.60700", "2015-12-31": "20.82700", "2014-12-31": "9.19400", "2013-12-31": "13.16200", "2012-12-31": "-5.91100", "2011-12-31": "30.08800", "2010-12-31": "10.84900", "2009-12-31": "15.88400", "2008-12-31": "-8.31100", "2007-12-31": "-8.16400", "2006-12-31": "2.00000", "2005-12-31": "3.50800"}, "Cash Flow From Operating Activities": {"2020-12-31": "662.17400", "2019-12-31": "747.27000", "2018-12-31": "554.68100", "2017-12-31": "438.53900", "2016-12-31": "247.65400", "2015-12-31": "237.99700", "2014-12-31": "226.89900", "2013-12-31": "185.97600", "2012-12-31": "133.77800", "2011-12-31": "130.46900", "2010-12-31": "129.52900", "2009-12-31": "74.16500", "2008-12-31": "39.74600", "2007-12-31": "52.77700", "2006-12-31": "-14.03000", "2005-12-31": "16.07900"}, "Net Change In Property, Plant, And Equipment": {"2020-12-31": "", "2019-12-31": "-149.70700", "2018-12-31": "-223.31200", "2017-12-31": "-195.69500", "2016-12-31": "-70.57600", "2015-12-31": "-53.45100", "2014-12-31": "-24.09200", "2013-12-31": "-19.41200", "2012-12-31": "-38.33300", "2011-12-31": "-30.40400", "2010-12-31": "-18.03100", "2009-12-31": "-7.19200", "2008-12-31": "-14.14500", "2007-12-31": "-7.42900", "2006-12-31": "-9.66200", "2005-12-31": "-13.80100"}, "Net Change In Intangible Assets": {"2020-12-31": "", "2019-12-31": "", "2018-12-31": "", "2017-12-31": "", "2016-12-31": "", "2015-12-31": "", "2014-12-31": "", "2013-12-31": "", "2012-12-31": "", "2011-12-31": "", "2010-12-31": "", "2009-12-31": "", "2008-12-31": "", "2007-12-31": "", "2006-12-31": "-14.00000", "2005-12-31": ""}, "Net Acquisitions/Divestitures": {"2020-12-31": "", "2019-12-31": "", "2018-12-31": "", "2017-12-31": "-8.95300", "2016-12-31": "", "2015-12-31": "", "2014-12-31": "", "2013-12-31": "-7.65200", "2012-12-31": "", "2011-12-31": "-187.58800", "2010-12-31": "", "2009-12-31": "", "2008-12-31": "", "2007-12-31": "", "2006-12-31": "", "2005-12-31": "-0.85600"}, "Net Change In Short-term Investments": {"2020-12-31": "", "2019-12-31": "-207.85300", "2018-12-31": "204.47400", "2017-12-31": "-1.46800", "2016-12-31": "198.38000", "2015-12-31": "-112.95600", "2014-12-31": "-177.35200", "2013-12-31": "-181.25900", "2012-12-31": "-42.31300", "2011-12-31": "10.31700", "2010-12-31": "2.25600", "2009-12-31": "5.97000", "2008-12-31": "12.87600", "2007-12-31": "-29.88900", "2006-12-31": "-8.93500", "2005-12-31": "0.00900"}, "Net Change In Long-Term Investments": {"2020-12-31": "", "2019-12-31": "", "2018-12-31": "-5.00000", "2017-12-31": "-12.76400", "2016-12-31": "-46.74500", "2015-12-31": "", "2014-12-31": "", "2013-12-31": "", "2012-12-31": "", "2011-12-31": "", "2010-12-31": "", "2009-12-31": "", "2008-12-31": "", "2007-12-31": "", "2006-12-31": "", "2005-12-31": ""}, "Net Change In Investments - Total": {"2020-12-31": "", "2019-12-31": "-207.85300", "2018-12-31": "199.47400", "2017-12-31": "-14.23200", "2016-12-31": "151.63500", "2015-12-31": "-112.95600", "2014-12-31": "-177.35200", "2013-12-31": "-181.25900", "2012-12-31": "-42.31300", "2011-12-31": "10.31700", "2010-12-31": "2.25600", "2009-12-31": "5.97000", "2008-12-31": "12.87600", "2007-12-31": "-29.88900", "2006-12-31": "-8.93500", "2005-12-31": "0.00900"}, "Investing Activities - Other": {"2020-12-31": "", "2019-12-31": "7.11600", "2018-12-31": "30.76500", "2017-12-31": "-32.59700", "2016-12-31": "-8.03100", "2015-12-31": "0.04600", "2014-12-31": "-0.18300", "2013-12-31": "-2.41100", "2012-12-31": "2.34600", "2011-12-31": "-3.93100", "2010-12-31": "-0.14500", "2009-12-31": "-0.33400", "2008-12-31": "0.21400", "2007-12-31": "0.53900", "2006-12-31": "-0.15400", "2005-12-31": "-0.60700"}, "Cash Flow From Investing Activities": {"2020-12-31": "-231.50600", "2019-12-31": "-350.44400", "2018-12-31": "6.92700", "2017-12-31": "-251.47700", "2016-12-31": "73.02800", "2015-12-31": "-166.36100", "2014-12-31": "-201.62700", "2013-12-31": "-210.73400", "2012-12-31": "-78.30000", "2011-12-31": "-211.60600", "2010-12-31": "-15.92000", "2009-12-31": "-1.55600", "2008-12-31": "-1.05500", "2007-12-31": "-36.77900", "2006-12-31": "-32.75100", "2005-12-31": "-15.25500"}, "Net Long-Term Debt": {"2020-12-31": "", "2019-12-31": "-45.77300", "2018-12-31": "", "2017-12-31": "", "2016-12-31": "", "2015-12-31": "", "2014-12-31": "", "2013-12-31": "", "2012-12-31": "", "2011-12-31": "", "2010-12-31": "", "2009-12-31": "", "2008-12-31": "", "2007-12-31": "", "2006-12-31": "", "2005-12-31": "-0.18200"}, "Net Current Debt": {"2020-12-31": "", "2019-12-31": "", "2018-12-31": "", "2017-12-31": "", "2016-12-31": "", "2015-12-31": "", "2014-12-31": "", "2013-12-31": "", "2012-12-31": "", "2011-12-31": "", "2010-12-31": "", "2009-12-31": "-0.13600", "2008-12-31": "-0.40700", "2007-12-31": "-11.50000", "2006-12-31": "11.50000", "2005-12-31": "-1.66700"}, "Debt Issuance/Retirement Net - Total": {"2020-12-31": "", "2019-12-31": "-45.77300", "2018-12-31": "", "2017-12-31": "", "2016-12-31": "", "2015-12-31": "", "2014-12-31": "", "2013-12-31": "", "2012-12-31": "", "2011-12-31": "", "2010-12-31": "", "2009-12-31": "-0.13600", "2008-12-31": "-0.40700", "2007-12-31": "-11.50000", "2006-12-31": "11.50000", "2005-12-31": "-1.84900"}, "Net Common Equity Issued/Repurchased": {"2020-12-31": "", "2019-12-31": "-382.09200", "2018-12-31": "-283.36700", "2017-12-31": "-89.33200", "2016-12-31": "-82.44000", "2015-12-31": "-90.46600", "2014-12-31": "-80.20500", "2013-12-31": "-60.91100", "2012-12-31": "-4.87600", "2011-12-31": "17.74700", "2010-12-31": "11.82200", "2009-12-31": "8.09700", "2008-12-31": "-39.63200", "2007-12-31": "28.99300", "2006-12-31": "16.17500", "2005-12-31": "5.58500"}, "Net Total Equity Issued/Repurchased": {"2020-12-31": "", "2019-12-31": "-382.09200", "2018-12-31": "-283.36700", "2017-12-31": "-89.33200", "2016-12-31": "-82.44000", "2015-12-31": "-90.46600", "2014-12-31": "-80.20500", "2013-12-31": "-60.91100", "2012-12-31": "-4.87600", "2011-12-31": "17.74700", "2010-12-31": "11.82200", "2009-12-31": "8.09700", "2008-12-31": "-39.63200", "2007-12-31": "28.99300", "2006-12-31": "16.17500", "2005-12-31": "5.58500"}, "Total Common And Preferred Stock Dividends Paid": {"2020-12-31": "", "2019-12-31": "", "2018-12-31": "", "2017-12-31": "", "2016-12-31": "", "2015-12-31": "", "2014-12-31": "", "2013-12-31": "", "2012-12-31": "", "2011-12-31": "", "2010-12-31": "", "2009-12-31": "", "2008-12-31": "", "2007-12-31": "", "2006-12-31": "", "2005-12-31": ""}, "Financial Activities - Other": {"2020-12-31": "", "2019-12-31": "-57.67500", "2018-12-31": "-86.06700", "2017-12-31": "-46.16800", "2016-12-31": "-13.08400", "2015-12-31": "-10.32000", "2014-12-31": "13.79300", "2013-12-31": "22.74000", "2012-12-31": "15.08100", "2011-12-31": "9.49400", "2010-12-31": "2.88500", "2009-12-31": "-1.12400", "2008-12-31": "-0.31600", "2007-12-31": "0.01600", "2006-12-31": "", "2005-12-31": ""}, "Cash Flow From Financial Activities": {"2020-12-31": "-30.80800", "2019-12-31": "-485.54000", "2018-12-31": "-369.43400", "2017-12-31": "-135.50000", "2016-12-31": "-95.52400", "2015-12-31": "-100.78600", "2014-12-31": "-66.42000", "2013-12-31": "-38.17100", "2012-12-31": "10.20500", "2011-12-31": "27.24100", "2010-12-31": "14.70700", "2009-12-31": "6.83700", "2008-12-31": "-40.35500", "2007-12-31": "17.50900", "2006-12-31": "27.67500", "2005-12-31": "3.73600"}, "Net Cash Flow": {"2020-12-31": "410.34000", "2019-12-31": "-86.43200", "2018-12-31": "187.44100", "2017-12-31": "57.10600", "2016-12-31": "221.78400", "2015-12-31": "-32.15700", "2014-12-31": "-43.08200", "2013-12-31": "-63.43300", "2012-12-31": "65.71100", "2011-12-31": "-53.98900", "2010-12-31": "128.17700", "2009-12-31": "79.38700", "2008-12-31": "-2.01900", "2007-12-31": "34.00600", "2006-12-31": "-19.10600", "2005-12-31": "4.56000"}, "Stock-Based Compensation": {"2020-12-31": "", "2019-12-31": "88.18400", "2018-12-31": "70.76300", "2017-12-31": "58.85400", "2016-12-31": "54.14800", "2015-12-31": "52.94300", "2014-12-31": "39.82300", "2013-12-31": "26.43800", "2012-12-31": "21.48300", "2011-12-31": "19.16500", "2010-12-31": "16.07200", "2009-12-31": "15.08800", "2008-12-31": "17.73500", "2007-12-31": "12.21100", "2006-12-31": "8.91000", "2005-12-31": "0.11200"}, "Common Stock Dividends Paid": {"2020-12-31": "", "2019-12-31": "", "2018-12-31": "", "2017-12-31": "", "2016-12-31": "", "2015-12-31": "", "2014-12-31": "", "2013-12-31": "", "2012-12-31": "", "2011-12-31": "", "2010-12-31": "", "2009-12-31": "", "2008-12-31": "", "2007-12-31": "", "2006-12-31": "", "2005-12-31": ""}}, "cash flow statement, quarterly": {"Net Income/Loss": {"2020-12-31": -1616.9, "2020-09-30": 139.371, "2020-06-30": -40.602, "2020-03-31": "1518.13100", "2019-12-31": 121.262, "2019-09-30": 102.524, "2019-06-30": 147.142, "2019-03-31": "71.84800", "2018-12-31": 97.392, "2018-09-30": 100.872, "2018-06-30": 106.105, "2018-03-31": "95.86600", "2017-12-31": 10.264, "2017-09-30": 82.555, "2017-06-30": 69.179, "2017-03-31": "69.42000", "2016-12-31": 47.621, "2016-09-30": 51.367, "2016-06-30": 50.148, "2016-03-31": "40.54600", "2015-12-31": 48.877, "2015-09-30": 27.616, "2015-06-30": 31.35, "2015-03-31": "36.17700", "2014-12-31": 39.541, "2014-09-30": 38.247, "2014-06-30": 35.6, "2014-03-31": "32.44400", "2013-12-31": 42.421, "2013-09-30": 34.537, "2013-06-30": 29.32, "2013-03-31": "-41.98300", "2012-12-31": 9.559, "2012-09-30": -0.344, "2012-06-30": 28.492, "2012-03-31": "20.98400", "2011-12-31": 20.449, "2011-09-30": 19.264, "2011-06-30": 11.162, "2011-03-31": "15.84100", "2010-12-31": 9.905, "2010-09-30": 16.815, "2010-06-30": 32.603, "2010-03-31": "14.93000", "2009-12-31": 11.492, "2009-09-30": -49.942, "2009-06-30": 4.545, "2009-03-31": "2.63600", "2008-12-31": 65.496, "2008-09-30": 5.157, "2008-06-30": 4.03, "2008-03-31": "5.30400", "2007-12-31": 5.668, "2007-09-30": 9.46, "2007-06-30": 13.618, "2007-03-31": "6.97800", "2006-12-31": -17.269, "2006-09-30": -10.32, "2006-06-30": -2.61, "2006-03-31": "-4.76400", "2005-12-31": 0.528, "2005-09-30": -1.516, "2005-06-30": 0.538, "2005-03-31": "1.86300"}, "Total Depreciation And Amortization - Cash Flow": {"2020-12-31": -68.769, "2020-09-30": 24.486, "2020-06-30": 23.545, "2020-03-31": "20.73800", "2019-12-31": 21.796, "2019-09-30": 19.706, "2019-06-30": 19.172, "2019-03-31": "18.31600", "2018-12-31": 16.542, "2018-09-30": 14.119, "2018-06-30": 12.632, "2018-03-31": "11.43400", "2017-12-31": 11.024, "2017-09-30": 9.972, "2017-06-30": 8.876, "2017-03-31": "7.86700", "2016-12-31": 7.216, "2016-09-30": 6.901, "2016-06-30": 5.093, "2016-03-31": "4.79200", "2015-12-31": 4.863, "2015-09-30": 4.503, "2015-06-30": 4.33, "2015-03-31": "4.30800", "2014-12-31": 4.387, "2014-09-30": 4.339, "2014-06-30": 4.354, "2014-03-31": "4.77600", "2013-12-31": 4.178, "2013-09-30": 3.858, "2013-06-30": 3.845, "2013-03-31": "4.94400", "2012-12-31": 5.267, "2012-09-30": 4.393, "2012-06-30": 4.252, "2012-03-31": "3.89900", "2011-12-31": 4.37, "2011-09-30": 4.823, "2011-06-30": 4.605, "2011-03-31": "3.67900", "2010-12-31": 3.392, "2010-09-30": 3.439, "2010-06-30": 3.711, "2010-03-31": "4.47100", "2009-12-31": 7.581, "2009-09-30": 5.209, "2009-06-30": 3.236, "2009-03-31": "3.14300", "2008-12-31": 3.299, "2008-09-30": 3.271, "2008-06-30": 3.159, "2008-03-31": "3.06200", "2007-12-31": 3.047, "2007-09-30": 3.336, "2007-06-30": 3.605, "2007-03-31": "3.39700", "2006-12-31": 3.208, "2006-09-30": 2.271, "2006-06-30": 2.523, "2006-03-31": "2.26900", "2005-12-31": 2.678, "2005-09-30": 2.244, "2005-06-30": 2.741, "2005-03-31": "2.78800"}, "Other Non-Cash Items": {"2020-12-31": 1385.198, "2020-09-30": 32.064, "2020-06-30": 25.953, "2020-03-31": "-1443.21500", "2019-12-31": 32.668, "2019-09-30": 22.805, "2019-06-30": 20.308, "2019-03-31": "74.51000", "2018-12-31": 9.09, "2018-09-30": 25.53, "2018-06-30": 24.258, "2018-03-31": "22.15000", "2017-12-31": 40.567, "2017-09-30": 8.55, "2017-06-30": 18.574, "2017-03-31": "25.80100", "2016-12-31": 19.003, "2016-09-30": 7.804, "2016-06-30": 14.467, "2016-03-31": "9.30300", "2015-12-31": 11.405, "2015-09-30": 19.015, "2015-06-30": 14.952, "2015-03-31": "9.77400", "2014-12-31": 15.318, "2014-09-30": 12.831, "2014-06-30": 15.558, "2014-03-31": "10.31000", "2013-12-31": 9.564, "2013-09-30": 10.112, "2013-06-30": 5.847, "2013-03-31": "66.17100", "2012-12-31": 25.253, "2012-09-30": 34.925, "2012-06-30": 1.53, "2012-03-31": "1.47900", "2011-12-31": -5.38, "2011-09-30": 4.506, "2011-06-30": 8.962, "2011-03-31": "8.10000", "2010-12-31": -0.405, "2010-09-30": 4.87, "2010-06-30": 16.701, "2010-03-31": "8.24800", "2009-12-31": 0.128, "2009-09-30": 61.138, "2009-06-30": 4.63, "2009-03-31": "4.48500", "2008-12-31": -58.326, "2008-09-30": 4.847, "2008-06-30": 4.76, "2008-03-31": "3.99800", "2007-12-31": 3.373, "2007-09-30": 3.515, "2007-06-30": 2.481, "2007-03-31": "2.46300", "2006-12-31": 2.049, "2006-09-30": 2.399, "2006-06-30": 2.004, "2006-03-31": "2.21000", "2005-12-31": 0.58, "2005-09-30": 0.018, "2005-06-30": 0.077, "2005-03-31": "0.03200"}, "Total Non-Cash Items": {"2020-12-31": 1316.429, "2020-09-30": 56.55, "2020-06-30": 49.498, "2020-03-31": "-1422.47700", "2019-12-31": 54.464, "2019-09-30": 42.511, "2019-06-30": 39.48, "2019-03-31": "92.82600", "2018-12-31": 25.632, "2018-09-30": 39.649, "2018-06-30": 36.89, "2018-03-31": "33.58400", "2017-12-31": 51.591, "2017-09-30": 18.522, "2017-06-30": 27.45, "2017-03-31": "33.66800", "2016-12-31": 26.219, "2016-09-30": 14.705, "2016-06-30": 19.56, "2016-03-31": "14.09500", "2015-12-31": 16.268, "2015-09-30": 23.518, "2015-06-30": 19.282, "2015-03-31": "14.08200", "2014-12-31": 19.705, "2014-09-30": 17.17, "2014-06-30": 19.912, "2014-03-31": "15.08600", "2013-12-31": 13.742, "2013-09-30": 13.97, "2013-06-30": 9.692, "2013-03-31": "71.11500", "2012-12-31": 30.52, "2012-09-30": 39.318, "2012-06-30": 5.782, "2012-03-31": "5.37800", "2011-12-31": -1.01, "2011-09-30": 9.329, "2011-06-30": 13.567, "2011-03-31": "11.77900", "2010-12-31": 2.987, "2010-09-30": 8.309, "2010-06-30": 20.412, "2010-03-31": "12.71900", "2009-12-31": 7.709, "2009-09-30": 66.347, "2009-06-30": 7.866, "2009-03-31": "7.62800", "2008-12-31": -55.027, "2008-09-30": 8.118, "2008-06-30": 7.919, "2008-03-31": "7.06000", "2007-12-31": 6.42, "2007-09-30": 6.851, "2007-06-30": 6.086, "2007-03-31": "5.86000", "2006-12-31": 5.257, "2006-09-30": 4.67, "2006-06-30": 4.527, "2006-03-31": "4.47900", "2005-12-31": 3.258, "2005-09-30": 2.262, "2005-06-30": 2.818, "2005-03-31": "2.82000"}, "Change In Accounts Receivable": {"2020-12-31": 101.888, "2020-09-30": -166.533, "2020-06-30": 50.884, "2020-03-31": "13.76100", "2019-12-31": -25.448, "2019-09-30": -6.511, "2019-06-30": -46.312, "2019-03-31": "-42.74300", "2018-12-31": -19.381, "2018-09-30": -45.577, "2018-06-30": -8.24, "2018-03-31": "-36.02600", "2017-12-31": -6.553, "2017-09-30": -32.399, "2017-06-30": -27.513, "2017-03-31": "-24.52500", "2016-12-31": -2.686, "2016-09-30": -54.689, "2016-06-30": -17.594, "2016-03-31": "-20.83900", "2015-12-31": -13.652, "2015-09-30": -4.219, "2015-06-30": -10.671, "2015-03-31": "-12.23300", "2014-12-31": -2.299, "2014-09-30": -3.523, "2014-06-30": -7.468, "2014-03-31": "-13.93900", "2013-12-31": -6.045, "2013-09-30": 3.114, "2013-06-30": 0.952, "2013-03-31": "-10.00200", "2012-12-31": 5.686, "2012-09-30": -5.539, "2012-06-30": -9.415, "2012-03-31": "-2.39800", "2011-12-31": -8.061, "2011-09-30": -5.297, "2011-06-30": -3.472, "2011-03-31": "-7.31700", "2010-12-31": -2.222, "2010-09-30": 0.164, "2010-06-30": -5.269, "2010-03-31": "-4.85700", "2009-12-31": 0.581, "2009-09-30": -1.797, "2009-06-30": -1.289, "2009-03-31": "-0.08100", "2008-12-31": -3.858, "2008-09-30": 1.444, "2008-06-30": -3.699, "2008-03-31": "-1.83800", "2007-12-31": 1.303, "2007-09-30": 1.435, "2007-06-30": -8.879, "2007-03-31": "-4.56200", "2006-12-31": -0.74, "2006-09-30": 0.183, "2006-06-30": -0.733, "2006-03-31": "-2.75200", "2005-12-31": -0.653, "2005-09-30": 6.052, "2005-06-30": -3.332, "2005-03-31": "-3.05200"}, "Change In Inventories": {"2020-12-31": 11.774, "2020-09-30": 9.624, "2020-06-30": -10.902, "2020-03-31": "-10.49600", "2019-12-31": -17.494, "2019-09-30": -14.094, "2019-06-30": -13.401, "2019-03-31": "-13.28000", "2018-12-31": -6.917, "2018-09-30": -1.606, "2018-06-30": -11.584, "2018-03-31": "-4.00200", "2017-12-31": 5.228, "2017-09-30": -2.093, "2017-06-30": -0.693, "2017-03-31": "-7.92300", "2016-12-31": -0.79, "2016-09-30": -3.349, "2016-06-30": -0.369, "2016-03-31": "-3.15500", "2015-12-31": -0.53, "2015-09-30": -2.523, "2015-06-30": -1.844, "2015-03-31": "1.33400", "2014-12-31": 0.034, "2014-09-30": -2.888, "2014-06-30": 2.725, "2014-03-31": "-1.87000", "2013-12-31": 0.691, "2013-09-30": 1.048, "2013-06-30": -0.261, "2013-03-31": "-0.32000", "2012-12-31": 0.017, "2012-09-30": -0.514, "2012-06-30": -1.191, "2012-03-31": "-4.03000", "2011-12-31": -1.083, "2011-09-30": -2.015, "2011-06-30": -0.648, "2011-03-31": "-0.31200", "2010-12-31": -0.165, "2010-09-30": 0.119, "2010-06-30": -0.143, "2010-03-31": "-0.31900", "2009-12-31": -0.159, "2009-09-30": 0.224, "2009-06-30": -0.033, "2009-03-31": "-0.11700", "2008-12-31": 1.052, "2008-09-30": -0.009, "2008-06-30": -0.007, "2008-03-31": "-0.09300", "2007-12-31": 0.654, "2007-09-30": -0.168, "2007-06-30": 0.337, "2007-03-31": "-0.63700", "2006-12-31": -0.425, "2006-09-30": 0.068, "2006-06-30": 0.361, "2006-03-31": "-0.16400", "2005-12-31": 0.664, "2005-09-30": -0.469, "2005-06-30": -0.054, "2005-03-31": "-0.21900"}, "Change In Accounts Payable": {"2020-12-31": -21.837, "2020-09-30": 9.919, "2020-06-30": 23.952, "2020-03-31": "-12.03400", "2019-12-31": 20.756, "2019-09-30": -0.504, "2019-06-30": 0.377, "2019-03-31": "1.47000", "2018-12-31": 20.003, "2018-09-30": -5.701, "2018-06-30": 5.144, "2018-03-31": "5.59900", "2017-12-31": 3.955, "2017-09-30": -0.19, "2017-06-30": -1.112, "2017-03-31": "5.52200", "2016-12-31": 0.739, "2016-09-30": 0.619, "2016-06-30": -5.2, "2016-03-31": "0.44700", "2015-12-31": 3.167, "2015-09-30": -0.494, "2015-06-30": 3.031, "2015-03-31": "1.87100", "2014-12-31": -0.901, "2014-09-30": 3.797, "2014-06-30": -0.274, "2014-03-31": "0.26500", "2013-12-31": 0.132, "2013-09-30": -0.368, "2013-06-30": -1.561, "2013-03-31": "1.61100", "2012-12-31": 3.882, "2012-09-30": -1.934, "2012-06-30": 1.687, "2012-03-31": "-3.64100", "2011-12-31": 3.787, "2011-09-30": 3.913, "2011-06-30": 0.469, "2011-03-31": "-0.63400", "2010-12-31": 2.599, "2010-09-30": 0.022, "2010-06-30": 0.262, "2010-03-31": "-0.27100", "2009-12-31": -1.43, "2009-09-30": -0.424, "2009-06-30": 0.502, "2009-03-31": "0.73800", "2008-12-31": -1.918, "2008-09-30": -0.814, "2008-06-30": -0.87, "2008-03-31": "0.95100", "2007-12-31": 2.306, "2007-09-30": -0.143, "2007-06-30": -1.04, "2007-03-31": "1.61500", "2006-12-31": -2.284, "2006-09-30": 2.913, "2006-06-30": 1.933, "2006-03-31": "0.43500", "2005-12-31": -2.441, "2005-09-30": -0.566, "2005-06-30": 1.334, "2005-03-31": "-0.32500"}, "Change In Assets/Liabilities": {"2020-12-31": -100.334, "2020-09-30": 90.5, "2020-06-30": 24.186, "2020-03-31": "-14.35200", "2019-12-31": 34.3, "2019-09-30": 77.021, "2019-06-30": 38.764, "2019-03-31": "7.46100", "2018-12-31": 80.993, "2018-09-30": 0.667, "2018-06-30": 33.099, "2018-03-31": "12.51800", "2017-12-31": 23.643, "2017-09-30": 17.382, "2017-06-30": 18.807, "2017-03-31": "11.16100", "2016-12-31": 9.853, "2016-09-30": 16.651, "2016-06-30": 10.632, "2016-03-31": "14.13000", "2015-12-31": 12.475, "2015-09-30": 17.706, "2015-06-30": 12.455, "2015-03-31": "-4.50800", "2014-12-31": 5.235, "2014-09-30": 3.709, "2014-06-30": 2.606, "2014-03-31": "1.29300", "2013-12-31": 5.838, "2013-09-30": 6.806, "2013-06-30": 3.927, "2013-03-31": "-2.06200", "2012-12-31": -2.518, "2012-09-30": 6.02, "2012-06-30": 4.755, "2012-03-31": "0.27900", "2011-12-31": 2.295, "2011-09-30": 6.619, "2011-06-30": 1.533, "2011-03-31": "3.20600", "2010-12-31": 5.976, "2010-09-30": 3.344, "2010-06-30": -12.466, "2010-03-31": "4.37000", "2009-12-31": 11.818, "2009-09-30": -0.562, "2009-06-30": 2.74, "2009-03-31": "1.83700", "2008-12-31": 0.228, "2008-09-30": 4.055, "2008-06-30": -0.962, "2008-03-31": "1.51400", "2007-12-31": -1.825, "2007-09-30": 1.854, "2007-06-30": 0.009, "2007-03-31": "-0.12800", "2006-12-31": -3.129, "2006-09-30": 0.081, "2006-06-30": -1.914, "2006-03-31": "-3.08800", "2005-12-31": -2.901, "2005-09-30": 2.327, "2005-06-30": 0.802, "2005-03-31": "-0.14400"}, "Total Change In Assets/Liabilities": {"2020-12-31": 19.715, "2020-09-30": 15.151, "2020-06-30": 51.004, "2020-03-31": "-85.87000", "2019-12-31": 42.451, "2019-09-30": 89.497, "2019-06-30": -9.268, "2019-03-31": "-47.46700", "2018-12-31": 118.271, "2018-09-30": -44.256, "2018-06-30": -3.206, "2018-03-31": "-52.11800", "2017-12-31": 100.471, "2017-09-30": 17.048, "2017-06-30": 13.838, "2017-03-31": "-55.46700", "2016-12-31": 7.14, "2016-09-30": -6.245, "2016-06-30": 6.459, "2016-03-31": "-23.96100", "2015-12-31": 14.21, "2015-09-30": 8.923, "2015-06-30": 12.308, "2015-03-31": "-14.61400", "2014-12-31": 12.359, "2014-09-30": 12.154, "2014-06-30": 14.218, "2014-03-31": "-29.53700", "2013-12-31": 10.949, "2013-09-30": 6.631, "2013-06-30": 14.296, "2013-03-31": "-18.71400", "2012-12-31": 10.679, "2012-09-30": 1.291, "2012-06-30": 1.1, "2012-03-31": "-18.98100", "2011-12-31": 28.539, "2011-09-30": 6.954, "2011-06-30": 4.967, "2011-03-31": "-10.37200", "2010-12-31": 19.633, "2010-09-30": 10.639, "2010-06-30": -10.419, "2010-03-31": "-9.00400", "2009-12-31": 15.058, "2009-09-30": -5.612, "2009-06-30": 6.099, "2009-03-31": "0.33900", "2008-12-31": -1.714, "2008-09-30": 4.084, "2008-06-30": -1.479, "2008-03-31": "-9.20200", "2007-12-31": 4.906, "2007-09-30": 5.765, "2007-06-30": -6.734, "2007-03-31": "-12.10100", "2006-12-31": 2.251, "2006-09-30": 7.763, "2006-06-30": -2.679, "2006-03-31": "-5.33500", "2005-12-31": -4.718, "2005-09-30": 8.22, "2005-06-30": 3.196, "2005-03-31": "-3.19000"}, "Cash Flow From Operating Activities": {"2020-12-31": 381.418, "2020-09-30": 211.072, "2020-06-30": 59.9, "2020-03-31": "9.78400", "2019-12-31": 218.177, "2019-09-30": 234.532, "2019-06-30": 177.354, "2019-03-31": "117.20700", "2018-12-31": 241.295, "2018-09-30": 96.265, "2018-06-30": 139.789, "2018-03-31": "77.33200", "2017-12-31": 162.326, "2017-09-30": 118.125, "2017-06-30": 110.467, "2017-03-31": "47.62100", "2016-12-31": 80.98, "2016-09-30": 59.827, "2016-06-30": 76.167, "2016-03-31": "30.68000", "2015-12-31": 79.355, "2015-09-30": 60.057, "2015-06-30": 62.94, "2015-03-31": "35.64500", "2014-12-31": 71.605, "2014-09-30": 67.571, "2014-06-30": 69.73, "2014-03-31": "17.99300", "2013-12-31": 67.112, "2013-09-30": 55.138, "2013-06-30": 53.308, "2013-03-31": "10.41800", "2012-12-31": 50.758, "2012-09-30": 40.265, "2012-06-30": 35.374, "2012-03-31": "7.38100", "2011-12-31": 47.978, "2011-09-30": 35.547, "2011-06-30": 29.696, "2011-03-31": "17.24800", "2010-12-31": 32.525, "2010-09-30": 35.763, "2010-06-30": 42.596, "2010-03-31": "18.64500", "2009-12-31": 34.259, "2009-09-30": 10.793, "2009-06-30": 18.51, "2009-03-31": "10.60300", "2008-12-31": 8.755, "2008-09-30": 17.359, "2008-06-30": 10.47, "2008-03-31": "3.16200", "2007-12-31": 16.994, "2007-09-30": 22.076, "2007-06-30": 12.97, "2007-03-31": "0.73700", "2006-12-31": -9.761, "2006-09-30": 2.113, "2006-06-30": -0.762, "2006-03-31": "-5.62000", "2005-12-31": -0.932, "2005-09-30": 8.966, "2005-06-30": 6.552, "2005-03-31": "1.49300"}, "Net Change In Property, Plant, And Equipment": {"2020-12-31": 101.757, "2020-09-30": -21.255, "2020-06-30": -34.417, "2020-03-31": "-46.08500", "2019-12-31": -42.55, "2019-09-30": -26.559, "2019-06-30": -45.337, "2019-03-31": "-35.26100", "2018-12-31": -54.279, "2018-09-30": -53.738, "2018-06-30": -57.717, "2018-03-31": "-57.57800", "2017-12-31": -69.545, "2017-09-30": -48.105, "2017-06-30": -18.476, "2017-03-31": "-59.56900", "2016-12-31": -14.208, "2016-09-30": -17.343, "2016-06-30": -18.818, "2016-03-31": "-20.20700", "2015-12-31": -16.788, "2015-09-30": -10.491, "2015-06-30": -10.56, "2015-03-31": "-15.61200", "2014-12-31": -7.135, "2014-09-30": -6.997, "2014-06-30": -4.964, "2014-03-31": "-4.99600", "2013-12-31": -4.24, "2013-09-30": -5.783, "2013-06-30": -3.781, "2013-03-31": "-5.60800", "2012-12-31": -6.848, "2012-09-30": -5.707, "2012-06-30": -13.219, "2012-03-31": "-12.55900", "2011-12-31": -9.375, "2011-09-30": -12.507, "2011-06-30": -5.697, "2011-03-31": "-2.82500", "2010-12-31": -6.099, "2010-09-30": -3.083, "2010-06-30": -4.319, "2010-03-31": "-4.53000", "2009-12-31": -3.108, "2009-09-30": -1.04, "2009-06-30": -1.158, "2009-03-31": "-1.88600", "2008-12-31": -1.973, "2008-09-30": -2.723, "2008-06-30": -4.442, "2008-03-31": "-5.00700", "2007-12-31": -1.124, "2007-09-30": -2.879, "2007-06-30": -1.664, "2007-03-31": "-1.76200", "2006-12-31": -2.552, "2006-09-30": -2.709, "2006-06-30": -2.256, "2006-03-31": "-2.14500", "2005-12-31": -3.487, "2005-09-30": -4.375, "2005-06-30": -2.782, "2005-03-31": "-3.15700"}, "Net Change In Intangible Assets": {"2020-12-31": 0, "2020-09-30": 0, "2020-06-30": 0, "2020-03-31": "", "2019-12-31": 0, "2019-09-30": 0, "2019-06-30": 0, "2019-03-31": "", "2018-12-31": 0, "2018-09-30": 0, "2018-06-30": 0, "2018-03-31": "", "2017-12-31": 0, "2017-09-30": 0, "2017-06-30": 0, "2017-03-31": "", "2016-12-31": 0, "2016-09-30": 0, "2016-06-30": 0, "2016-03-31": "", "2015-12-31": 0, "2015-09-30": 0, "2015-06-30": 0, "2015-03-31": "", "2014-12-31": 0, "2014-09-30": 0, "2014-06-30": 0, "2014-03-31": "", "2013-12-31": 0, "2013-09-30": 0, "2013-06-30": 0, "2013-03-31": "", "2012-12-31": 0, "2012-09-30": 0, "2012-06-30": 0, "2012-03-31": "", "2011-12-31": 0, "2011-09-30": 0, "2011-06-30": 0, "2011-03-31": "", "2010-12-31": 0, "2010-09-30": 0, "2010-06-30": 0, "2010-03-31": "", "2009-12-31": 0, "2009-09-30": 0, "2009-06-30": 0, "2009-03-31": "", "2008-12-31": 0, "2008-09-30": 0, "2008-06-30": 0, "2008-03-31": "", "2007-12-31": 0, "2007-09-30": 0, "2007-06-30": 0, "2007-03-31": "", "2006-12-31": -14, "2006-09-30": 0, "2006-06-30": 0, "2006-03-31": "", "2005-12-31": 0, "2005-09-30": 0, "2005-06-30": 0, "2005-03-31": ""}, "Net Acquisitions/Divestitures": {"2020-12-31": 420.788, "2020-09-30": 0, "2020-06-30": -420.788, "2020-03-31": "", "2019-12-31": 0, "2019-09-30": 0, "2019-06-30": 0, "2019-03-31": "", "2018-12-31": 0, "2018-09-30": 0, "2018-06-30": 0, "2018-03-31": "", "2017-12-31": 0, "2017-09-30": 0, "2017-06-30": 0, "2017-03-31": "-8.95300", "2016-12-31": 0, "2016-09-30": 0, "2016-06-30": 0, "2016-03-31": "", "2015-12-31": 0, "2015-09-30": 0, "2015-06-30": 0, "2015-03-31": "", "2014-12-31": 0, "2014-09-30": 0, "2014-06-30": 0, "2014-03-31": "", "2013-12-31": 0, "2013-09-30": 0, "2013-06-30": -7.652, "2013-03-31": "", "2012-12-31": 0, "2012-09-30": 0, "2012-06-30": 0, "2012-03-31": "", "2011-12-31": -0.668, "2011-09-30": 0.029, "2011-06-30": -186.949, "2011-03-31": "", "2010-12-31": 0, "2010-09-30": 0, "2010-06-30": 0, "2010-03-31": "", "2009-12-31": 0, "2009-09-30": 0, "2009-06-30": 0, "2009-03-31": "", "2008-12-31": 0, "2008-09-30": 0, "2008-06-30": 0, "2008-03-31": "", "2007-12-31": 0, "2007-09-30": 0, "2007-06-30": 0, "2007-03-31": "", "2006-12-31": 0, "2006-09-30": 0, "2006-06-30": 0, "2006-03-31": "", "2005-12-31": 0, "2005-09-30": 0, "2005-06-30": 0, "2005-03-31": "-0.85600"}, "Net Change In Short-term Investments": {"2020-12-31": -316.117, "2020-09-30": 0, "2020-06-30": 0, "2020-03-31": "316.11700", "2019-12-31": -25.554, "2019-09-30": 50.219, "2019-06-30": -195.728, "2019-03-31": "-36.79000", "2018-12-31": 85.066, "2018-09-30": -19.222, "2018-06-30": 2.245, "2018-03-31": "136.38500", "2017-12-31": 62.682, "2017-09-30": -57.37, "2017-06-30": 64.31, "2017-03-31": "-71.09000", "2016-12-31": -55.623, "2016-09-30": 260.45, "2016-06-30": 8.662, "2016-03-31": "-15.10900", "2015-12-31": -56.948, "2015-09-30": -21.812, "2015-06-30": -13.101, "2015-03-31": "-21.09500", "2014-12-31": -23.118, "2014-09-30": -46.744, "2014-06-30": -13.272, "2014-03-31": "-94.21800", "2013-12-31": -6.441, "2013-09-30": -47.172, "2013-06-30": -128.73, "2013-03-31": "1.08400", "2012-12-31": -5.814, "2012-09-30": -2.644, "2012-06-30": -8.416, "2012-03-31": "-25.43900", "2011-12-31": 1.475, "2011-09-30": 1.983, "2011-06-30": 3.092, "2011-03-31": "3.76700", "2010-12-31": -2.476, "2010-09-30": -6.248, "2010-06-30": 5.992, "2010-03-31": "4.98800", "2009-12-31": -1, "2009-09-30": 1.915, "2009-06-30": 6.739, "2009-03-31": "-1.68400", "2008-12-31": 11.507, "2008-09-30": 10.208, "2008-06-30": -28.973, "2008-03-31": "20.13400", "2007-12-31": -16.793, "2007-09-30": -5.69, "2007-06-30": -6.953, "2007-03-31": "-0.45300", "2006-12-31": 2.966, "2006-09-30": 0.381, "2006-06-30": -12.282, "2006-03-31": "", "2005-12-31": 1.999, "2005-09-30": -1.99, "2005-06-30": 0.25, "2005-03-31": "-0.25000"}, "Net Change In Long-Term Investments": {"2020-12-31": 0, "2020-09-30": 0, "2020-06-30": 0, "2020-03-31": "", "2019-12-31": 0, "2019-09-30": 0, "2019-06-30": 0, "2019-03-31": "", "2018-12-31": 0, "2018-09-30": -5, "2018-06-30": 0, "2018-03-31": "", "2017-12-31": 0, "2017-09-30": -12.764, "2017-06-30": 0, "2017-03-31": "", "2016-12-31": 0, "2016-09-30": -46.745, "2016-06-30": 0, "2016-03-31": "", "2015-12-31": 0, "2015-09-30": 0, "2015-06-30": 0, "2015-03-31": "", "2014-12-31": 0, "2014-09-30": 0, "2014-06-30": 0, "2014-03-31": "", "2013-12-31": 0, "2013-09-30": 0, "2013-06-30": 0, "2013-03-31": "", "2012-12-31": 0, "2012-09-30": 0, "2012-06-30": 0, "2012-03-31": "", "2011-12-31": 0, "2011-09-30": 0, "2011-06-30": 0, "2011-03-31": "", "2010-12-31": 0, "2010-09-30": 0, "2010-06-30": 0, "2010-03-31": "", "2009-12-31": 0, "2009-09-30": 0, "2009-06-30": 0, "2009-03-31": "", "2008-12-31": 0, "2008-09-30": 0, "2008-06-30": 0, "2008-03-31": "", "2007-12-31": 0, "2007-09-30": 0, "2007-06-30": 0, "2007-03-31": "", "2006-12-31": 0, "2006-09-30": 0, "2006-06-30": 0, "2006-03-31": "", "2005-12-31": 0, "2005-09-30": 0, "2005-06-30": 0, "2005-03-31": ""}, "Net Change In Investments - Total": {"2020-12-31": -316.117, "2020-09-30": 0, "2020-06-30": 0, "2020-03-31": "316.11700", "2019-12-31": -25.554, "2019-09-30": 50.219, "2019-06-30": -195.728, "2019-03-31": "-36.79000", "2018-12-31": 85.066, "2018-09-30": -24.222, "2018-06-30": 2.245, "2018-03-31": "136.38500", "2017-12-31": 62.682, "2017-09-30": -70.134, "2017-06-30": 64.31, "2017-03-31": "-71.09000", "2016-12-31": -55.623, "2016-09-30": 213.705, "2016-06-30": 8.662, "2016-03-31": "-15.10900", "2015-12-31": -56.948, "2015-09-30": -21.812, "2015-06-30": -13.101, "2015-03-31": "-21.09500", "2014-12-31": -23.118, "2014-09-30": -46.744, "2014-06-30": -13.272, "2014-03-31": "-94.21800", "2013-12-31": -6.441, "2013-09-30": -47.172, "2013-06-30": -128.73, "2013-03-31": "1.08400", "2012-12-31": -5.814, "2012-09-30": -2.644, "2012-06-30": -8.416, "2012-03-31": "-25.43900", "2011-12-31": 1.475, "2011-09-30": 1.983, "2011-06-30": 3.092, "2011-03-31": "3.76700", "2010-12-31": -2.476, "2010-09-30": -6.248, "2010-06-30": 5.992, "2010-03-31": "4.98800", "2009-12-31": -1, "2009-09-30": 1.915, "2009-06-30": 6.739, "2009-03-31": "-1.68400", "2008-12-31": 11.507, "2008-09-30": 10.208, "2008-06-30": -28.973, "2008-03-31": "20.13400", "2007-12-31": -16.793, "2007-09-30": -5.69, "2007-06-30": -6.953, "2007-03-31": "-0.45300", "2006-12-31": 2.966, "2006-09-30": 0.381, "2006-06-30": -12.282, "2006-03-31": "", "2005-12-31": 1.999, "2005-09-30": -1.99, "2005-06-30": 0.25, "2005-03-31": "-0.25000"}, "Investing Activities - Other": {"2020-12-31": -19.588, "2020-09-30": 6.741, "2020-06-30": 6.668, "2020-03-31": "6.17900", "2019-12-31": 7.993, "2019-09-30": 7.027, "2019-06-30": -5.537, "2019-03-31": "-2.36700", "2018-12-31": 0.161, "2018-09-30": -0.064, "2018-06-30": 0.206, "2018-03-31": "30.46200", "2017-12-31": -12.83, "2017-09-30": -1.827, "2017-06-30": -9.09, "2017-03-31": "-8.85000", "2016-12-31": 0, "2016-09-30": -2, "2016-06-30": -6.031, "2016-03-31": "", "2015-12-31": 0, "2015-09-30": 0, "2015-06-30": 0, "2015-03-31": "0.04600", "2014-12-31": -0.001, "2014-09-30": -0.049, "2014-06-30": 0, "2014-03-31": "-0.13300", "2013-12-31": -0.064, "2013-09-30": -3.262, "2013-06-30": -0.164, "2013-03-31": "1.07900", "2012-12-31": 0.01, "2012-09-30": -0.387, "2012-06-30": 2.72, "2012-03-31": "0.00300", "2011-12-31": -3.741, "2011-09-30": -0.596, "2011-06-30": 8.574, "2011-03-31": "-8.16800", "2010-12-31": 1.211, "2010-09-30": -1.184, "2010-06-30": 0.074, "2010-03-31": "-0.24600", "2009-12-31": -0.369, "2009-09-30": -0.065, "2009-06-30": 0.064, "2009-03-31": "0.03600", "2008-12-31": -0.058, "2008-09-30": 0.102, "2008-06-30": 0.062, "2008-03-31": "0.10800", "2007-12-31": 0.102, "2007-09-30": 0.135, "2007-06-30": 0.178, "2007-03-31": "0.12400", "2006-12-31": -0.314, "2006-09-30": 0.022, "2006-06-30": 0.108, "2006-03-31": "0.03000", "2005-12-31": -0.813, "2005-09-30": 0.258, "2005-06-30": -0.054, "2005-03-31": "0.00200"}, "Cash Flow From Investing Activities": {"2020-12-31": -44.666, "2020-09-30": -14.514, "2020-06-30": -448.537, "2020-03-31": "276.21100", "2019-12-31": -60.111, "2019-09-30": 30.687, "2019-06-30": -246.602, "2019-03-31": "-74.41800", "2018-12-31": 30.948, "2018-09-30": -78.024, "2018-06-30": -55.266, "2018-03-31": "109.26900", "2017-12-31": -19.693, "2017-09-30": -120.066, "2017-06-30": 36.744, "2017-03-31": "-148.46200", "2016-12-31": -69.831, "2016-09-30": 194.362, "2016-06-30": -16.187, "2016-03-31": "-35.31600", "2015-12-31": -73.736, "2015-09-30": -32.303, "2015-06-30": -23.661, "2015-03-31": "-36.66100", "2014-12-31": -30.254, "2014-09-30": -53.79, "2014-06-30": -18.236, "2014-03-31": "-99.34700", "2013-12-31": -10.745, "2013-09-30": -56.217, "2013-06-30": -140.327, "2013-03-31": "-3.44500", "2012-12-31": -12.652, "2012-09-30": -8.738, "2012-06-30": -18.915, "2012-03-31": "-37.99500", "2011-12-31": -12.309, "2011-09-30": -11.091, "2011-06-30": -180.98, "2011-03-31": "-7.22600", "2010-12-31": -7.364, "2010-09-30": -10.515, "2010-06-30": 1.747, "2010-03-31": "0.21200", "2009-12-31": -4.477, "2009-09-30": 0.81, "2009-06-30": 5.645, "2009-03-31": "-3.53400", "2008-12-31": 9.476, "2008-09-30": 7.587, "2008-06-30": -33.353, "2008-03-31": "15.23500", "2007-12-31": -17.815, "2007-09-30": -8.434, "2007-06-30": -8.439, "2007-03-31": "-2.09100", "2006-12-31": -13.9, "2006-09-30": -2.306, "2006-06-30": -14.43, "2006-03-31": "-2.11500", "2005-12-31": -2.301, "2005-09-30": -6.107, "2005-06-30": -2.586, "2005-03-31": "-4.26100"}, "Net Long-Term Debt": {"2020-12-31": 0, "2020-09-30": 0, "2020-06-30": 0, "2020-03-31": "", "2019-12-31": 0, "2019-09-30": 0, "2019-06-30": -45.773, "2019-03-31": "", "2018-12-31": 0, "2018-09-30": 0, "2018-06-30": 0, "2018-03-31": "", "2017-12-31": 0, "2017-09-30": 0, "2017-06-30": 0, "2017-03-31": "", "2016-12-31": 0, "2016-09-30": 0, "2016-06-30": 0, "2016-03-31": "", "2015-12-31": 0, "2015-09-30": 0, "2015-06-30": 0, "2015-03-31": "", "2014-12-31": 0, "2014-09-30": 0, "2014-06-30": 0, "2014-03-31": "", "2013-12-31": 0, "2013-09-30": 0, "2013-06-30": 0, "2013-03-31": "", "2012-12-31": 0, "2012-09-30": 0, "2012-06-30": 0, "2012-03-31": "", "2011-12-31": 0, "2011-09-30": 0, "2011-06-30": 0, "2011-03-31": "", "2010-12-31": 0, "2010-09-30": 0, "2010-06-30": 0, "2010-03-31": "", "2009-12-31": 0, "2009-09-30": 0, "2009-06-30": 0, "2009-03-31": "", "2008-12-31": 0, "2008-09-30": 0, "2008-06-30": 0, "2008-03-31": "", "2007-12-31": 0, "2007-09-30": 0, "2007-06-30": 0, "2007-03-31": "", "2006-12-31": 0, "2006-09-30": 0, "2006-06-30": 0, "2006-03-31": "", "2005-12-31": 1.25, "2005-09-30": -1.432, "2005-06-30": 0, "2005-03-31": ""}, "Net Current Debt": {"2020-12-31": 0, "2020-09-30": 0, "2020-06-30": 0, "2020-03-31": "", "2019-12-31": 0, "2019-09-30": 0, "2019-06-30": 0, "2019-03-31": "", "2018-12-31": 0, "2018-09-30": 0, "2018-06-30": 0, "2018-03-31": "", "2017-12-31": 0, "2017-09-30": 0, "2017-06-30": 0, "2017-03-31": "", "2016-12-31": 0, "2016-09-30": 0, "2016-06-30": 0, "2016-03-31": "", "2015-12-31": 0, "2015-09-30": 0, "2015-06-30": 0, "2015-03-31": "", "2014-12-31": 0, "2014-09-30": 0, "2014-06-30": 0, "2014-03-31": "", "2013-12-31": 0, "2013-09-30": 0, "2013-06-30": 0, "2013-03-31": "", "2012-12-31": 0, "2012-09-30": 0, "2012-06-30": 0, "2012-03-31": "", "2011-12-31": 0, "2011-09-30": 0, "2011-06-30": 0, "2011-03-31": "", "2010-12-31": 0, "2010-09-30": 0, "2010-06-30": 0, "2010-03-31": "", "2009-12-31": 0, "2009-09-30": 0, "2009-06-30": 0, "2009-03-31": "-0.13600", "2008-12-31": -0.136, "2008-09-30": -0.271, "2008-06-30": 0, "2008-03-31": "", "2007-12-31": 0, "2007-09-30": 0, "2007-06-30": -8, "2007-03-31": "-3.50000", "2006-12-31": -3.5, "2006-09-30": 15, "2006-06-30": 0, "2006-03-31": "", "2005-12-31": -1.667, "2005-09-30": 0.984, "2005-06-30": -0.484, "2005-03-31": "-0.50000"}, "Debt Issuance/Retirement Net - Total": {"2020-12-31": 0, "2020-09-30": 0, "2020-06-30": 0, "2020-03-31": "", "2019-12-31": 0, "2019-09-30": 0, "2019-06-30": -45.773, "2019-03-31": "", "2018-12-31": 0, "2018-09-30": 0, "2018-06-30": 0, "2018-03-31": "", "2017-12-31": 0, "2017-09-30": 0, "2017-06-30": 0, "2017-03-31": "", "2016-12-31": 0, "2016-09-30": 0, "2016-06-30": 0, "2016-03-31": "", "2015-12-31": 0, "2015-09-30": 0, "2015-06-30": 0, "2015-03-31": "", "2014-12-31": 0, "2014-09-30": 0, "2014-06-30": 0, "2014-03-31": "", "2013-12-31": 0, "2013-09-30": 0, "2013-06-30": 0, "2013-03-31": "", "2012-12-31": 0, "2012-09-30": 0, "2012-06-30": 0, "2012-03-31": "", "2011-12-31": 0, "2011-09-30": 0, "2011-06-30": 0, "2011-03-31": "", "2010-12-31": 0, "2010-09-30": 0, "2010-06-30": 0, "2010-03-31": "", "2009-12-31": 0, "2009-09-30": 0, "2009-06-30": 0, "2009-03-31": "-0.13600", "2008-12-31": -0.136, "2008-09-30": -0.271, "2008-06-30": 0, "2008-03-31": "", "2007-12-31": 0, "2007-09-30": 0, "2007-06-30": -8, "2007-03-31": "-3.50000", "2006-12-31": -3.5, "2006-09-30": 15, "2006-06-30": 0, "2006-03-31": "", "2005-12-31": -0.417, "2005-09-30": -0.448, "2005-06-30": -0.484, "2005-03-31": "-0.50000"}, "Net Common Equity Issued/Repurchased": {"2020-12-31": -20.314, "2020-09-30": 9.652, "2020-06-30": 0, "2020-03-31": "10.66200", "2019-12-31": -100.495, "2019-09-30": -191.707, "2019-06-30": -49.499, "2019-03-31": "-40.39100", "2018-12-31": -49.972, "2018-09-30": -141.98, "2018-06-30": 0.565, "2018-03-31": "-91.98000", "2017-12-31": -49.389, "2017-09-30": -8.671, "2017-06-30": -34.767, "2017-03-31": "3.49500", "2016-12-31": -37.143, "2016-09-30": -17.299, "2016-06-30": -33.382, "2016-03-31": "5.38400", "2015-12-31": -10.422, "2015-09-30": -35.299, "2015-06-30": -47.516, "2015-03-31": "2.77100", "2014-12-31": -20.161, "2014-09-30": -23.666, "2014-06-30": -48.324, "2014-03-31": "11.94600", "2013-12-31": 5.903, "2013-09-30": 7.166, "2013-06-30": -84.81, "2013-03-31": "10.83000", "2012-12-31": -35.274, "2012-09-30": 9.233, "2012-06-30": 13.509, "2012-03-31": "7.65600", "2011-12-31": -2.135, "2011-09-30": 3.334, "2011-06-30": 11.48, "2011-03-31": "5.06800", "2010-12-31": 0.915, "2010-09-30": 3.694, "2010-06-30": 1.197, "2010-03-31": "6.01600", "2009-12-31": 1.721, "2009-09-30": 2.191, "2009-06-30": 0.933, "2009-03-31": "3.25200", "2008-12-31": -10.422, "2008-09-30": -9.045, "2008-06-30": -26.412, "2008-03-31": "6.24700", "2007-12-31": 1.172, "2007-09-30": 9.337, "2007-06-30": 12.452, "2007-03-31": "6.03200", "2006-12-31": 8.24, "2006-09-30": 1.741, "2006-06-30": 0.895, "2006-03-31": "5.29900", "2005-12-31": 0.515, "2005-09-30": 1.929, "2005-06-30": 0.544, "2005-03-31": "2.59700"}, "Net Total Equity Issued/Repurchased": {"2020-12-31": -20.314, "2020-09-30": 9.652, "2020-06-30": 0, "2020-03-31": "10.66200", "2019-12-31": -100.495, "2019-09-30": -191.707, "2019-06-30": -49.499, "2019-03-31": "-40.39100", "2018-12-31": -49.972, "2018-09-30": -141.98, "2018-06-30": 0.565, "2018-03-31": "-91.98000", "2017-12-31": -49.389, "2017-09-30": -8.671, "2017-06-30": -34.767, "2017-03-31": "3.49500", "2016-12-31": -37.143, "2016-09-30": -17.299, "2016-06-30": -33.382, "2016-03-31": "5.38400", "2015-12-31": -10.422, "2015-09-30": -35.299, "2015-06-30": -47.516, "2015-03-31": "2.77100", "2014-12-31": -20.161, "2014-09-30": -23.666, "2014-06-30": -48.324, "2014-03-31": "11.94600", "2013-12-31": 5.903, "2013-09-30": 7.166, "2013-06-30": -84.81, "2013-03-31": "10.83000", "2012-12-31": -35.274, "2012-09-30": 9.233, "2012-06-30": 13.509, "2012-03-31": "7.65600", "2011-12-31": -2.135, "2011-09-30": 3.334, "2011-06-30": 11.48, "2011-03-31": "5.06800", "2010-12-31": 0.915, "2010-09-30": 3.694, "2010-06-30": 1.197, "2010-03-31": "6.01600", "2009-12-31": 1.721, "2009-09-30": 2.191, "2009-06-30": 0.933, "2009-03-31": "3.25200", "2008-12-31": -10.422, "2008-09-30": -9.045, "2008-06-30": -26.412, "2008-03-31": "6.24700", "2007-12-31": 1.172, "2007-09-30": 9.337, "2007-06-30": 12.452, "2007-03-31": "6.03200", "2006-12-31": 8.24, "2006-09-30": 1.741, "2006-06-30": 0.895, "2006-03-31": "5.29900", "2005-12-31": 0.515, "2005-09-30": 1.929, "2005-06-30": 0.544, "2005-03-31": "2.59700"}, "Total Common And Preferred Stock Dividends Paid": {"2020-12-31": 0, "2020-09-30": 0, "2020-06-30": 0, "2020-03-31": "", "2019-12-31": 0, "2019-09-30": 0, "2019-06-30": 0, "2019-03-31": "", "2018-12-31": 0, "2018-09-30": 0, "2018-06-30": 0, "2018-03-31": "", "2017-12-31": 0, "2017-09-30": 0, "2017-06-30": 0, "2017-03-31": "", "2016-12-31": 0, "2016-09-30": 0, "2016-06-30": 0, "2016-03-31": "", "2015-12-31": 0, "2015-09-30": 0, "2015-06-30": 0, "2015-03-31": "", "2014-12-31": 0, "2014-09-30": 0, "2014-06-30": 0, "2014-03-31": "", "2013-12-31": 0, "2013-09-30": 0, "2013-06-30": 0, "2013-03-31": "", "2012-12-31": 0, "2012-09-30": 0, "2012-06-30": 0, "2012-03-31": "", "2011-12-31": 0, "2011-09-30": 0, "2011-06-30": 0, "2011-03-31": "", "2010-12-31": 0, "2010-09-30": 0, "2010-06-30": 0, "2010-03-31": "", "2009-12-31": 0, "2009-09-30": 0, "2009-06-30": 0, "2009-03-31": "", "2008-12-31": 0, "2008-09-30": 0, "2008-06-30": 0, "2008-03-31": "", "2007-12-31": 0, "2007-09-30": 0, "2007-06-30": 0, "2007-03-31": "", "2006-12-31": 0, "2006-09-30": 0, "2006-06-30": 0, "2006-03-31": "", "2005-12-31": 0, "2005-09-30": 0, "2005-06-30": 0, "2005-03-31": ""}, "Financial Activities - Other": {"2020-12-31": 48.674, "2020-09-30": -1.636, "2020-06-30": -1.643, "2020-03-31": "-45.39500", "2019-12-31": -1.882, "2019-09-30": -3.075, "2019-06-30": -0.347, "2019-03-31": "-52.37100", "2018-12-31": -4.311, "2018-09-30": -2.426, "2018-06-30": -31.488, "2018-03-31": "-47.84200", "2017-12-31": -7.075, "2017-09-30": 13.875, "2017-06-30": -16.472, "2017-03-31": "-36.49600", "2016-12-31": -0.762, "2016-09-30": 15.188, "2016-06-30": -13.02, "2016-03-31": "-14.49000", "2015-12-31": -1.409, "2015-09-30": 21.271, "2015-06-30": -20.314, "2015-03-31": "-9.86800", "2014-12-31": 0.667, "2014-09-30": 22.615, "2014-06-30": -18.604, "2014-03-31": "9.11500", "2013-12-31": 4.828, "2013-09-30": 5.828, "2013-06-30": 7.491, "2013-03-31": "4.59300", "2012-12-31": -1.34, "2012-09-30": 1.303, "2012-06-30": 8.483, "2012-03-31": "6.63500", "2011-12-31": 4.987, "2011-09-30": 5.927, "2011-06-30": -0.101, "2011-03-31": "-1.31900", "2010-12-31": 3.774, "2010-09-30": -0.04, "2010-06-30": -0.094, "2010-03-31": "-0.75500", "2009-12-31": -0.86, "2009-09-30": -0.065, "2009-06-30": -0.092, "2009-03-31": "-0.10700", "2008-12-31": -0.157, "2008-09-30": -0.007, "2008-06-30": -0.027, "2008-03-31": "-0.12500", "2007-12-31": 0.054, "2007-09-30": -0.182, "2007-06-30": 0.339, "2007-03-31": "-0.19500", "2006-12-31": 0, "2006-09-30": 0, "2006-06-30": 0, "2006-03-31": "", "2005-12-31": 0, "2005-09-30": 0, "2005-06-30": 0, "2005-03-31": ""}, "Cash Flow From Financial Activities": {"2020-12-31": -2.448, "2020-09-30": 8.016, "2020-06-30": -1.643, "2020-03-31": "-34.73300", "2019-12-31": -102.377, "2019-09-30": -194.782, "2019-06-30": -95.619, "2019-03-31": "-92.76200", "2018-12-31": -54.283, "2018-09-30": -144.406, "2018-06-30": -30.923, "2018-03-31": "-139.82200", "2017-12-31": -56.464, "2017-09-30": 5.204, "2017-06-30": -51.239, "2017-03-31": "-33.00100", "2016-12-31": -37.905, "2016-09-30": -2.111, "2016-06-30": -46.402, "2016-03-31": "-9.10600", "2015-12-31": -11.831, "2015-09-30": -14.028, "2015-06-30": -67.83, "2015-03-31": "-7.09700", "2014-12-31": -19.502, "2014-09-30": -1.051, "2014-06-30": -66.928, "2014-03-31": "21.06100", "2013-12-31": 10.731, "2013-09-30": 12.994, "2013-06-30": -77.319, "2013-03-31": "15.42300", "2012-12-31": -36.614, "2012-09-30": 10.536, "2012-06-30": 21.992, "2012-03-31": "14.29100", "2011-12-31": 2.852, "2011-09-30": 9.261, "2011-06-30": 11.379, "2011-03-31": "3.74900", "2010-12-31": 4.689, "2010-09-30": 3.654, "2010-06-30": 1.103, "2010-03-31": "5.26100", "2009-12-31": 0.861, "2009-09-30": 2.126, "2009-06-30": 0.841, "2009-03-31": "3.00900", "2008-12-31": -10.715, "2008-09-30": -9.323, "2008-06-30": -26.439, "2008-03-31": "6.12200", "2007-12-31": 1.226, "2007-09-30": 9.155, "2007-06-30": 4.791, "2007-03-31": "2.33700", "2006-12-31": 4.74, "2006-09-30": 16.741, "2006-06-30": 0.895, "2006-03-31": "5.29900", "2005-12-31": 0.098, "2005-09-30": 1.481, "2005-06-30": 0.06, "2005-03-31": "2.09700"}, "Net Cash Flow": {"2020-12-31": 345.352, "2020-09-30": 211.178, "2020-06-30": -386.445, "2020-03-31": "240.25500", "2019-12-31": 60.069, "2019-09-30": 66.872, "2019-06-30": -164.489, "2019-03-31": "-48.88400", "2018-12-31": 216.117, "2018-09-30": -127.132, "2018-06-30": 49.962, "2018-03-31": "48.49400", "2017-12-31": 86.907, "2017-09-30": 4.429, "2017-06-30": 97.182, "2017-03-31": "-131.41200", "2016-12-31": -30.45, "2016-09-30": 252.242, "2016-06-30": 13.288, "2016-03-31": "-13.29600", "2015-12-31": -6.326, "2015-09-30": 12.287, "2015-06-30": -28.225, "2015-03-31": "-9.89300", "2014-12-31": 19.195, "2014-09-30": 13.205, "2014-06-30": -15.295, "2014-03-31": "-60.18700", "2013-12-31": 67.114, "2013-09-30": 11.342, "2013-06-30": -164.248, "2013-03-31": "22.35900", "2012-12-31": 1.479, "2012-09-30": 42.108, "2012-06-30": 38.438, "2012-03-31": "-16.31400", "2011-12-31": 38.446, "2011-09-30": 33.622, "2011-06-30": -140.001, "2011-03-31": "13.94400", "2010-12-31": 29.74, "2010-09-30": 29.123, "2010-06-30": 45.394, "2010-03-31": "23.92000", "2009-12-31": 30.526, "2009-09-30": 13.779, "2009-06-30": 25.131, "2009-03-31": "9.95100", "2008-12-31": 7.365, "2008-09-30": 15.417, "2008-06-30": -49.341, "2008-03-31": "24.54000", "2007-12-31": 1.15, "2007-09-30": 22.375, "2007-06-30": 9.383, "2007-03-31": "1.09800", "2006-12-31": -18.921, "2006-09-30": 16.548, "2006-06-30": -14.297, "2006-03-31": "-2.43600", "2005-12-31": -3.135, "2005-09-30": 4.34, "2005-06-30": 4.026, "2005-03-31": "-0.67100"}, "Stock-Based Compensation": {"2020-12-31": -73.163, "2020-09-30": 25.229, "2020-06-30": 25.007, "2020-03-31": "22.92700", "2019-12-31": 20.497, "2019-09-30": 24.176, "2019-06-30": 22.467, "2019-03-31": "21.04400", "2018-12-31": 18.845, "2018-09-30": 19.198, "2018-06-30": 16.89, "2018-03-31": "15.83000", "2017-12-31": 14.83, "2017-09-30": 14.967, "2017-06-30": 14.245, "2017-03-31": "14.81200", "2016-12-31": 14.214, "2016-09-30": 13.711, "2016-06-30": 13.699, "2016-03-31": "12.52400", "2015-12-31": 13.808, "2015-09-30": 14.661, "2015-06-30": 12.826, "2015-03-31": "11.64800", "2014-12-31": 10.475, "2014-09-30": 9.91, "2014-06-30": 10.306, "2014-03-31": "9.13200", "2013-12-31": 5.173, "2013-09-30": 7.59, "2013-06-30": 7.265, "2013-03-31": "6.41000", "2012-12-31": 5.979, "2012-09-30": 5.362, "2012-06-30": 5.279, "2012-03-31": "4.86300", "2011-12-31": 4.959, "2011-09-30": 4.954, "2011-06-30": 4.973, "2011-03-31": "4.27900", "2010-12-31": 3.934, "2010-09-30": 4.414, "2010-06-30": 4.251, "2010-03-31": "3.47300", "2009-12-31": 3.077, "2009-09-30": 3.987, "2009-06-30": 4.309, "2009-03-31": "3.71500", "2008-12-31": 4.559, "2008-09-30": 4.39, "2008-06-30": 4.775, "2008-03-31": "4.01100", "2007-12-31": 3.436, "2007-09-30": 3.388, "2007-06-30": 2.865, "2007-03-31": "2.52200", "2006-12-31": 2.162, "2006-09-30": 2.277, "2006-06-30": 2.266, "2006-03-31": "2.20500", "2005-12-31": 0.013, "2005-09-30": 0.009, "2005-06-30": 0.078, "2005-03-31": "0.01200"}, "Common Stock Dividends Paid": {"2020-12-31": 0, "2020-09-30": 0, "2020-06-30": 0, "2020-03-31": "", "2019-12-31": 0, "2019-09-30": 0, "2019-06-30": 0, "2019-03-31": "", "2018-12-31": 0, "2018-09-30": 0, "2018-06-30": 0, "2018-03-31": "", "2017-12-31": 0, "2017-09-30": 0, "2017-06-30": 0, "2017-03-31": "", "2016-12-31": 0, "2016-09-30": 0, "2016-06-30": 0, "2016-03-31": "", "2015-12-31": 0, "2015-09-30": 0, "2015-06-30": 0, "2015-03-31": "", "2014-12-31": 0, "2014-09-30": 0, "2014-06-30": 0, "2014-03-31": "", "2013-12-31": 0, "2013-09-30": 0, "2013-06-30": 0, "2013-03-31": "", "2012-12-31": 0, "2012-09-30": 0, "2012-06-30": 0, "2012-03-31": "", "2011-12-31": 0, "2011-09-30": 0, "2011-06-30": 0, "2011-03-31": "", "2010-12-31": 0, "2010-09-30": 0, "2010-06-30": 0, "2010-03-31": "", "2009-12-31": 0, "2009-09-30": 0, "2009-06-30": 0, "2009-03-31": "", "2008-12-31": 0, "2008-09-30": 0, "2008-06-30": 0, "2008-03-31": "", "2007-12-31": 0, "2007-09-30": 0, "2007-06-30": 0, "2007-03-31": "", "2006-12-31": 0, "2006-09-30": 0, "2006-06-30": 0, "2006-03-31": "", "2005-12-31": 0, "2005-09-30": 0, "2005-06-30": 0, "2005-03-31": ""}}, "financial ratios": {"Current Ratio": {"2019-12-31": "1.68230", "2018-12-31": "1.88200", "2017-12-31": "2.31650", "2016-12-31": "2.68950", "2015-12-31": "2.69450", "2014-12-31": "3.25630", "2013-12-31": "3.10640", "2012-12-31": "3.11860", "2011-12-31": "2.59810", "2010-12-31": "4.17980", "2009-12-31": "3.21630", "2008-12-31": "2.93710", "2007-12-31": "3.00230", "2006-12-31": "1.59460", "2005-12-31": "2.29560"}, "Long-term Debt / Capital": {"2019-12-31": "", "2018-12-31": "", "2017-12-31": "", "2016-12-31": "", "2015-12-31": "", "2014-12-31": "", "2013-12-31": "", "2012-12-31": "", "2011-12-31": "", "2010-12-31": "", "2009-12-31": "", "2008-12-31": "", "2007-12-31": "", "2006-12-31": "", "2005-12-31": ""}, "Debt/Equity Ratio": {"2019-12-31": "", "2018-12-31": "", "2017-12-31": "", "2016-12-31": "", "2015-12-31": "", "2014-12-31": "", "2013-12-31": "", "2012-12-31": "", "2011-12-31": "", "2010-12-31": "", "2009-12-31": "", "2008-12-31": "", "2007-12-31": "", "2006-12-31": "0.13760", "2005-12-31": ""}, "Gross Margin": {"2019-12-31": "72.45720", "2018-12-31": "73.62690", "2017-12-31": "75.80680", "2016-12-31": "75.49900", "2015-12-31": "75.70910", "2014-12-31": "75.94570", "2013-12-31": "75.44710", "2012-12-31": "74.34960", "2011-12-31": "75.30790", "2010-12-31": "78.37680", "2009-12-31": "74.75740", "2008-12-31": "74.06050", "2007-12-31": "73.61010", "2006-12-31": "68.60980", "2005-12-31": "69.20510"}, "Operating Margin": {"2019-12-31": "22.54010", "2018-12-31": "23.72570", "2017-12-31": "23.99950", "2016-12-31": "23.05090", "2015-12-31": "22.31070", "2014-12-31": "25.41530", "2013-12-31": "14.27010", "2012-12-31": "15.28320", "2011-12-31": "18.83520", "2010-12-31": "26.53760", "2009-12-31": "-10.88970", "2008-12-31": "5.10370", "2007-12-31": "11.90690", "2006-12-31": "-18.19010", "2005-12-31": "1.18090"}, "EBIT Margin": {"2019-12-31": "22.54010", "2018-12-31": "23.72570", "2017-12-31": "23.99950", "2016-12-31": "23.05090", "2015-12-31": "22.31070", "2014-12-31": "25.41530", "2013-12-31": "14.27010", "2012-12-31": "15.28320", "2011-12-31": "18.83520", "2010-12-31": "26.53760", "2009-12-31": "-10.88970", "2008-12-31": "5.10370", "2007-12-31": "11.90690", "2006-12-31": "-18.19010", "2005-12-31": "1.18090"}, "EBITDA Margin": {"2019-12-31": "25.82200", "2018-12-31": "26.50870", "2017-12-31": "26.56080", "2016-12-31": "25.27360", "2015-12-31": "24.44010", "2014-12-31": "27.75960", "2013-12-31": "16.81850", "2012-12-31": "18.46350", "2011-12-31": "22.47820", "2010-12-31": "30.41570", "2009-12-31": "-4.75230", "2008-12-31": "9.31160", "2007-12-31": "16.61440", "2006-12-31": "-13.21270", "2005-12-31": "6.22670"}, "Pre-Tax Profit Margin": {"2019-12-31": "23.37760", "2018-12-31": "23.73010", "2017-12-31": "24.75880", "2016-12-31": "22.46240", "2015-12-31": "22.01110", "2014-12-31": "24.99420", "2013-12-31": "14.10760", "2012-12-31": "15.05180", "2011-12-31": "18.74780", "2010-12-31": "26.34880", "2009-12-31": "-10.85160", "2008-12-31": "5.61750", "2007-12-31": "12.99540", "2006-12-31": "-16.54200", "2005-12-31": "1.31760"}, "Net Profit Margin": {"2019-12-31": "18.39690", "2018-12-31": "20.35270", "2017-12-31": "15.70630", "2016-12-31": "17.56520", "2015-12-31": "17.03400", "2014-12-31": "19.14680", "2013-12-31": "9.73860", "2012-12-31": "10.47980", "2011-12-31": "13.90670", "2010-12-31": "19.18060", "2009-12-31": "-10.01140", "2008-12-31": "26.31360", "2007-12-31": "12.56420", "2006-12-31": "-16.94320", "2005-12-31": "0.68220"}, "Asset Turnover": {"2019-12-31": "0.96240", "2018-12-31": "0.95810", "2017-12-31": "0.82590", "2016-12-31": "0.77350", "2015-12-31": "0.72970", "2014-12-31": "0.77090", "2013-12-31": "0.79340", "2012-12-31": "0.74050", "2011-12-31": "0.73890", "2010-12-31": "0.81170", "2009-12-31": "0.87920", "2008-12-31": "1.08820", "2007-12-31": "1.27640", "2006-12-31": "1.36160", "2005-12-31": "1.45750"}, "Inventory Turnover Ratio": {"2019-12-31": "5.91600", "2018-12-31": "9.32090", "2017-12-31": "11.24920", "2016-12-31": "9.75190", "2015-12-31": "10.55100", "2014-12-31": "11.50240", "2013-12-31": "11.60510", "2012-12-31": "9.49960", "2011-12-31": "12.59920", "2010-12-31": "32.90450", "2009-12-31": "38.53420", "2008-12-31": "40.12720", "2007-12-31": "25.78520", "2006-12-31": "20.96280", "2005-12-31": "21.76930"}, "Receiveable Turnover": {"2019-12-31": "4.37370", "2018-12-31": "4.47940", "2017-12-31": "4.54490", "2016-12-31": "4.36460", "2015-12-31": "5.33260", "2014-12-31": "5.87010", "2013-12-31": "5.82960", "2012-12-31": "5.65740", "2011-12-31": "5.24100", "2010-12-31": "5.91660", "2009-12-31": "5.72700", "2008-12-31": "5.80530", "2007-12-31": "6.33960", "2006-12-31": "6.13510", "2005-12-31": "7.06790"}, "Days Sales In Receivables": {"2019-12-31": "83.45380", "2018-12-31": "81.48430", "2017-12-31": "80.30950", "2016-12-31": "83.62690", "2015-12-31": "68.44670", "2014-12-31": "62.17940", "2013-12-31": "62.61110", "2012-12-31": "64.51690", "2011-12-31": "69.64380", "2010-12-31": "61.69040", "2009-12-31": "63.73330", "2008-12-31": "62.87380", "2007-12-31": "57.57440", "2006-12-31": "59.49380", "2005-12-31": "51.64190"}, "ROE - Return On Equity": {"2019-12-31": "32.89160", "2018-12-31": "31.94490", "2017-12-31": "20.04860", "2016-12-31": "19.05610", "2015-12-31": "16.98500", "2014-12-31": "19.37270", "2013-12-31": "10.14170", "2012-12-31": "10.09620", "2011-12-31": "13.59390", "2010-12-31": "19.65680", "2009-12-31": "-11.45230", "2008-12-31": "36.60060", "2007-12-31": "22.16760", "2006-12-31": "-41.84380", "2005-12-31": "1.51220"}, "Return On Tangible Equity": {"2019-12-31": "34.85120", "2018-12-31": "34.18060", "2017-12-31": "21.72490", "2016-12-31": "20.76680", "2015-12-31": "18.73400", "2014-12-31": "21.74280", "2013-12-31": "11.71970", "2012-12-31": "13.45190", "2011-12-31": "21.84720", "2010-12-31": "19.79650", "2009-12-31": "-11.68630", "2008-12-31": "38.03940", "2007-12-31": "23.80630", "2006-12-31": "-50.48520", "2005-12-31": "1.53350"}, "ROA - Return On Assets": {"2019-12-31": "17.70610", "2018-12-31": "19.50030", "2017-12-31": "12.97180", "2016-12-31": "13.58610", "2015-12-31": "12.43020", "2014-12-31": "14.76040", "2013-12-31": "7.72640", "2012-12-31": "7.76020", "2011-12-31": "10.27560", "2010-12-31": "15.56850", "2009-12-31": "-8.80220", "2008-12-31": "28.63420", "2007-12-31": "16.03690", "2006-12-31": "-23.06910", "2005-12-31": "0.99430"}, "ROI - Return On Investment": {"2019-12-31": "32.89160", "2018-12-31": "31.94490", "2017-12-31": "20.04860", "2016-12-31": "19.05610", "2015-12-31": "16.98500", "2014-12-31": "19.37270", "2013-12-31": "10.14170", "2012-12-31": "10.09620", "2011-12-31": "13.59380", "2010-12-31": "19.65680", "2009-12-31": "-11.45230", "2008-12-31": "36.60060", "2007-12-31": "22.16760", "2006-12-31": "-41.84380", "2005-12-31": "1.51220"}, "Book Value Per Share": {"2019-12-31": "17.16330", "2018-12-31": "15.70470", "2017-12-31": "14.42140", "2016-12-31": "12.51230", "2015-12-31": "10.66570", "2014-12-31": "9.38560", "2013-12-31": "7.86730", "2012-12-31": "7.21140", "2011-12-31": "6.23010", "2010-12-31": "4.94500", "2009-12-31": "3.66160", "2008-12-31": "3.32970", "2007-12-31": "2.34770", "2006-12-31": "1.28830", "2005-12-31": "1.50510"}, "Operating Cash Flow Per Share": {"2019-12-31": 2.5113, "2018-12-31": 1.4589, "2017-12-31": 2.3197, "2016-12-31": 0.1198, "2015-12-31": 0.162, "2014-12-31": 0.5057, "2013-12-31": 0.6408, "2012-12-31": -0.0139, "2011-12-31": -0.034, "2010-12-31": 0.5855, "2009-12-31": 0.4894, "2008-12-31": -0.1547, "2007-12-31": 0.9605, "2006-12-31": -0.4764, "2005-12-31": 0.2546}, "Free Cash Flow Per Share": {"2019-12-31": 3.3872, "2018-12-31": 1.1054, "2017-12-31": 0.7944, "2016-12-31": -0.0906, "2015-12-31": -0.201, "2014-12-31": 0.448, "2013-12-31": 0.8674, "2012-12-31": -0.0968, "2011-12-31": -0.1818, "2010-12-31": 0.4587, "2009-12-31": 0.5932, "2008-12-31": -0.2586, "2007-12-31": 1.0093, "2006-12-31": -0.4107, "2005-12-31": 0.0361}}, "financial ratios, quarterly": {"Current Ratio": {"2020-09-30": "1.31330", "2020-06-30": "1.22050", "2020-03-31": "1.73110", "2019-12-31": "1.68230", "2019-09-30": "1.73030", "2019-06-30": "1.84700", "2019-03-31": "1.78800", "2018-12-31": "1.88200", "2018-09-30": "1.98020", "2018-06-30": "2.22540", "2018-03-31": "2.25640", "2017-12-31": "2.31650", "2017-09-30": "2.38640", "2017-06-30": "2.36170", "2017-03-31": "2.51170", "2016-12-31": "2.68950", "2016-09-30": "2.65780", "2016-06-30": "2.76070", "2016-03-31": "2.84990", "2015-12-31": "2.69450", "2015-09-30": "2.91080", "2015-06-30": "2.95120", "2015-03-31": "3.27710", "2014-12-31": "3.25630", "2014-09-30": "3.10070", "2014-06-30": "2.96350", "2014-03-31": "3.23180", "2013-12-31": "3.10640", "2013-09-30": "2.95380", "2013-06-30": "2.75180", "2013-03-31": "3.66570", "2012-12-31": "3.11860", "2012-09-30": "3.19240", "2012-06-30": "3.02520", "2012-03-31": "2.83810", "2011-12-31": "2.59810", "2011-09-30": "2.72190", "2011-06-30": "2.61830", "2011-03-31": "4.74970", "2010-12-31": "4.17980", "2010-09-30": "4.47230", "2010-06-30": "4.48600", "2010-03-31": "3.73260", "2009-12-31": "3.21630", "2009-09-30": "3.25830", "2009-06-30": "3.06180", "2009-03-31": "3.14470", "2008-12-31": "2.93710", "2008-09-30": "3.05870", "2008-06-30": "3.01610", "2008-03-31": "3.54260", "2007-12-31": "3.00230", "2007-09-30": "2.98520", "2007-06-30": "2.57120", "2007-03-31": "1.99320", "2006-12-31": "1.59460", "2006-09-30": "1.91420", "2006-06-30": "2.50590", "2006-03-31": "2.33800", "2005-12-31": "2.29560", "2005-09-30": "2.23000", "2005-06-30": "2.24310", "2005-03-31": "2.41510"}, "Long-term Debt / Capital": {"2020-09-30": "", "2020-06-30": "", "2020-03-31": "", "2019-12-31": "", "2019-09-30": "", "2019-06-30": "", "2019-03-31": "", "2018-12-31": "", "2018-09-30": "", "2018-06-30": "", "2018-03-31": "", "2017-12-31": "", "2017-09-30": "", "2017-06-30": "", "2017-03-31": "", "2016-12-31": "", "2016-09-30": "", "2016-06-30": "", "2016-03-31": "", "2015-12-31": "", "2015-09-30": "", "2015-06-30": "", "2015-03-31": "", "2014-12-31": "", "2014-09-30": "", "2014-06-30": "", "2014-03-31": "", "2013-12-31": "", "2013-09-30": "", "2013-06-30": "", "2013-03-31": "", "2012-12-31": "", "2012-09-30": "", "2012-06-30": "", "2012-03-31": "", "2011-12-31": "", "2011-09-30": "", "2011-06-30": "", "2011-03-31": "", "2010-12-31": "", "2010-09-30": "", "2010-06-30": "", "2010-03-31": "", "2009-12-31": "", "2009-09-30": "", "2009-06-30": "", "2009-03-31": "", "2008-12-31": "", "2008-09-30": "", "2008-06-30": "", "2008-03-31": "", "2007-12-31": "", "2007-09-30": "", "2007-06-30": "", "2007-03-31": "", "2006-12-31": "", "2006-09-30": "", "2006-06-30": "", "2006-03-31": "", "2005-12-31": "", "2005-09-30": "", "2005-06-30": "", "2005-03-31": ""}, "Debt/Equity Ratio": {"2020-09-30": "", "2020-06-30": "", "2020-03-31": "", "2019-12-31": "", "2019-09-30": "", "2019-06-30": "", "2019-03-31": "0.04470", "2018-12-31": "", "2018-09-30": "", "2018-06-30": "", "2018-03-31": "", "2017-12-31": "", "2017-09-30": "", "2017-06-30": "", "2017-03-31": "", "2016-12-31": "", "2016-09-30": "", "2016-06-30": "", "2016-03-31": "", "2015-12-31": "", "2015-09-30": "", "2015-06-30": "", "2015-03-31": "", "2014-12-31": "", "2014-09-30": "", "2014-06-30": "", "2014-03-31": "", "2013-12-31": "", "2013-09-30": "", "2013-06-30": "", "2013-03-31": "", "2012-12-31": "", "2012-09-30": "", "2012-06-30": "", "2012-03-31": "", "2011-12-31": "", "2011-09-30": "", "2011-06-30": "", "2011-03-31": "", "2010-12-31": "", "2010-09-30": "", "2010-06-30": "", "2010-03-31": "", "2009-12-31": "", "2009-09-30": "", "2009-06-30": "", "2009-03-31": "", "2008-12-31": "", "2008-09-30": "", "2008-06-30": "", "2008-03-31": "", "2007-12-31": "", "2007-09-30": "", "2007-06-30": "", "2007-03-31": "0.08080", "2006-12-31": "0.13760", "2006-09-30": "0.16590", "2006-06-30": "", "2006-03-31": "", "2005-12-31": "", "2005-09-30": "0.00450", "2005-06-30": "0.00920", "2005-03-31": "0.01490"}, "Gross Margin": {"2020-09-30": "72.74980", "2020-06-30": "63.67270", "2020-03-31": "71.57580", "2019-12-31": "72.63280", "2019-09-30": "72.04420", "2019-06-30": "71.96460", "2019-03-31": "73.24540", "2018-12-31": "71.73810", "2018-09-30": "73.57790", "2018-06-30": "74.56920", "2018-03-31": "74.93480", "2017-12-31": "75.45680", "2017-09-30": "75.91830", "2017-06-30": "75.99740", "2017-03-31": "75.92460", "2016-12-31": "75.11830", "2016-09-30": "75.09340", "2016-06-30": "76.18600", "2016-03-31": "75.66480", "2015-12-31": "75.04470", "2015-09-30": "75.89050", "2015-06-30": "75.72460", "2015-03-31": "76.27500", "2014-12-31": "75.86200", "2014-09-30": "76.39410", "2014-06-30": "75.55980", "2014-03-31": "75.97790", "2013-12-31": "76.54630", "2013-09-30": "76.03980", "2013-06-30": "75.50050", "2013-03-31": "73.47900", "2012-12-31": "74.54350", "2012-09-30": "73.51860", "2012-06-30": "74.71190", "2012-03-31": "74.59340", "2011-12-31": "74.12440", "2011-09-30": "73.37130", "2011-06-30": "75.89310", "2011-03-31": "78.41800", "2010-12-31": "77.24590", "2010-09-30": "78.09830", "2010-06-30": "80.42630", "2010-03-31": "77.37820", "2009-12-31": "73.66540", "2009-09-30": "74.43140", "2009-06-30": "75.97100", "2009-03-31": "75.15400", "2008-12-31": "72.70420", "2008-09-30": "75.03630", "2008-06-30": "74.66520", "2008-03-31": "73.77770", "2007-12-31": "73.62410", "2007-09-30": "74.62320", "2007-06-30": "73.56890", "2007-03-31": "72.50830", "2006-12-31": "68.84090", "2006-09-30": "65.76050", "2006-06-30": "69.01220", "2006-03-31": "70.76760", "2005-12-31": "67.33840", "2005-09-30": "70.55990", "2005-06-30": "69.18800", "2005-03-31": "69.74290"}, "Operating Margin": {"2020-09-30": "24.11910", "2020-06-30": "-20.72020", "2020-03-31": "12.69020", "2019-12-31": "23.26150", "2019-09-30": "20.93580", "2019-06-30": "29.38090", "2019-03-31": "15.97550", "2018-12-31": "22.55960", "2018-09-30": "24.77950", "2018-06-30": "25.02580", "2018-03-31": "22.47350", "2017-12-31": "26.01470", "2017-09-30": "25.63500", "2017-06-30": "23.44270", "2017-03-31": "19.87270", "2016-12-31": "23.31900", "2016-09-30": "22.28340", "2016-06-30": "24.18160", "2016-03-31": "22.34170", "2015-12-31": "25.76860", "2015-09-30": "18.32340", "2015-06-30": "20.20400", "2015-03-31": "24.69840", "2014-12-31": "25.92800", "2014-09-30": "27.14770", "2014-06-30": "25.31120", "2014-03-31": "23.14140", "2013-12-31": "29.68280", "2013-09-30": "25.20520", "2013-06-30": "23.13460", "2013-03-31": "-24.79160", "2012-12-31": "11.95110", "2012-09-30": "3.29900", "2012-06-30": "24.72910", "2012-03-31": "20.73310", "2011-12-31": "20.50350", "2011-09-30": "20.90010", "2011-06-30": "13.81930", "2011-03-31": "20.04940", "2010-12-31": "15.90000", "2010-09-30": "22.84910", "2010-06-30": "41.90910", "2010-03-31": "22.97370", "2009-12-31": "16.90800", "2009-09-30": "-75.93640", "2009-06-30": "8.19360", "2009-03-31": "7.53440", "2008-12-31": "1.78750", "2008-09-30": "7.57050", "2008-06-30": "4.84590", "2008-03-31": "6.18650", "2007-12-31": "6.91150", "2007-09-30": "11.74930", "2007-06-30": "17.55540", "2007-03-31": "10.97850", "2006-12-31": "-32.73540", "2006-09-30": "-22.36200", "2006-06-30": "-6.18370", "2006-03-31": "-10.65880", "2005-12-31": "1.29580", "2005-09-30": "-3.02560", "2005-06-30": "2.21170", "2005-03-31": "4.16190"}, "EBIT Margin": {"2020-09-30": "24.11910", "2020-06-30": "-20.72020", "2020-03-31": "12.69020", "2019-12-31": "23.26150", "2019-09-30": "20.93580", "2019-06-30": "29.38090", "2019-03-31": "15.97550", "2018-12-31": "22.55960", "2018-09-30": "24.77950", "2018-06-30": "25.02580", "2018-03-31": "22.47350", "2017-12-31": "26.01470", "2017-09-30": "25.63500", "2017-06-30": "23.44270", "2017-03-31": "19.87270", "2016-12-31": "23.31900", "2016-09-30": "22.28340", "2016-06-30": "24.18160", "2016-03-31": "22.34170", "2015-12-31": "25.76860", "2015-09-30": "18.32340", "2015-06-30": "20.20400", "2015-03-31": "24.69840", "2014-12-31": "25.92800", "2014-09-30": "27.14770", "2014-06-30": "25.31120", "2014-03-31": "23.14140", "2013-12-31": "29.68280", "2013-09-30": "25.20520", "2013-06-30": "23.13460", "2013-03-31": "-24.79160", "2012-12-31": "11.95110", "2012-09-30": "3.29900", "2012-06-30": "24.72910", "2012-03-31": "20.73310", "2011-12-31": "20.50350", "2011-09-30": "20.90010", "2011-06-30": "13.81930", "2011-03-31": "20.04940", "2010-12-31": "15.90000", "2010-09-30": "22.84910", "2010-06-30": "41.90910", "2010-03-31": "22.97370", "2009-12-31": "16.90800", "2009-09-30": "-75.93640", "2009-06-30": "8.19360", "2009-03-31": "7.53440", "2008-12-31": "1.78750", "2008-09-30": "7.57050", "2008-06-30": "4.84590", "2008-03-31": "6.18650", "2007-12-31": "6.91150", "2007-09-30": "11.74930", "2007-06-30": "17.55540", "2007-03-31": "10.97850", "2006-12-31": "-32.73540", "2006-09-30": "-22.36200", "2006-06-30": "-6.18370", "2006-03-31": "-10.65880", "2005-12-31": "1.29580", "2005-09-30": "-3.02560", "2005-06-30": "2.21170", "2005-03-31": "4.16190"}, "EBITDA Margin": {"2020-09-30": "", "2020-06-30": "", "2020-03-31": "", "2019-12-31": "", "2019-09-30": "", "2019-06-30": "", "2019-03-31": "", "2018-12-31": "", "2018-09-30": "", "2018-06-30": "", "2018-03-31": "", "2017-12-31": "", "2017-09-30": "", "2017-06-30": "", "2017-03-31": "", "2016-12-31": "", "2016-09-30": "", "2016-06-30": "", "2016-03-31": "", "2015-12-31": "", "2015-09-30": "", "2015-06-30": "", "2015-03-31": "", "2014-12-31": "", "2014-09-30": "", "2014-06-30": "", "2014-03-31": "", "2013-12-31": "", "2013-09-30": "", "2013-06-30": "", "2013-03-31": "", "2012-12-31": "", "2012-09-30": "", "2012-06-30": "", "2012-03-31": "", "2011-12-31": "", "2011-09-30": "", "2011-06-30": "", "2011-03-31": "", "2010-12-31": "", "2010-09-30": "", "2010-06-30": "", "2010-03-31": "", "2009-12-31": "", "2009-09-30": "", "2009-06-30": "", "2009-03-31": "", "2008-12-31": "", "2008-09-30": "", "2008-06-30": "", "2008-03-31": "", "2007-12-31": "", "2007-09-30": "", "2007-06-30": "", "2007-03-31": "", "2006-12-31": "", "2006-09-30": "", "2006-06-30": "", "2006-03-31": "", "2005-12-31": "", "2005-09-30": "", "2005-06-30": "", "2005-03-31": ""}, "Pre-Tax Profit Margin": {"2020-09-30": "25.13740", "2020-06-30": "-20.86010", "2020-03-31": "9.68400", "2019-12-31": "23.97660", "2019-09-30": "21.14450", "2019-06-30": "32.27030", "2019-03-31": "15.40850", "2018-12-31": "22.84410", "2018-09-30": "25.05600", "2018-06-30": "23.96880", "2018-03-31": "23.01200", "2017-12-31": "26.62730", "2017-09-30": "26.60830", "2017-06-30": "24.34370", "2017-03-31": "20.40270", "2016-12-31": "20.75560", "2016-09-30": "22.80850", "2016-06-30": "24.22800", "2016-03-31": "22.16280", "2015-12-31": "25.90460", "2015-09-30": "17.56820", "2015-06-30": "20.28710", "2015-03-31": "23.96540", "2014-12-31": "25.06400", "2014-09-30": "26.09490", "2014-06-30": "25.26290", "2014-03-31": "23.47410", "2013-12-31": "29.57120", "2013-09-30": "25.47810", "2013-06-30": "22.93020", "2013-03-31": "-25.43500", "2012-12-31": "11.48070", "2012-09-30": "3.04040", "2012-06-30": "25.10060", "2012-03-31": "20.13190", "2011-12-31": "20.43830", "2011-09-30": "20.80640", "2011-06-30": "13.56450", "2011-03-31": "20.13430", "2010-12-31": "15.62980", "2010-09-30": "22.76260", "2010-06-30": "42.05330", "2010-03-31": "22.35990", "2009-12-31": "16.54430", "2009-09-30": "-76.27820", "2009-06-30": "8.92340", "2009-03-31": "7.74540", "2008-12-31": "1.63780", "2008-09-30": "7.92170", "2008-06-30": "5.40040", "2008-03-31": "7.47830", "2007-12-31": "8.08640", "2007-09-30": "13.30000", "2007-06-30": "18.44310", "2007-03-31": "11.69210", "2006-12-31": "-30.90900", "2006-09-30": "-20.62040", "2006-06-30": "-4.60340", "2006-03-31": "-9.23160", "2005-12-31": "1.79420", "2005-09-30": "-2.38470", "2005-06-30": "1.77050", "2005-03-31": "4.04460"}, "Net Profit Margin": {"2020-09-30": "18.98420", "2020-06-30": "-11.52440", "2020-03-31": "275.54140", "2019-12-31": "18.66180", "2019-09-30": "16.88080", "2019-06-30": "24.49520", "2019-03-31": "13.08780", "2018-12-31": "18.23750", "2018-09-30": "19.96320", "2018-06-30": "21.64260", "2018-03-31": "21.94110", "2017-12-31": "2.43610", "2017-09-30": "21.42800", "2017-06-30": "19.40600", "2017-03-31": "22.36890", "2016-12-31": "16.24170", "2016-09-30": "18.43830", "2016-06-30": "18.61730", "2016-03-31": "16.98480", "2015-12-31": "21.22540", "2015-09-30": "13.30020", "2015-06-30": "14.96510", "2015-03-31": "18.26330", "2014-12-31": "19.90990", "2014-09-30": "20.14320", "2014-06-30": "18.49050", "2014-03-31": "17.96000", "2013-12-31": "23.79300", "2013-09-30": "20.99440", "2013-06-30": "17.89680", "2013-03-31": "-27.33620", "2012-12-31": "6.69210", "2012-09-30": "-0.25200", "2012-06-30": "19.56520", "2012-03-31": "15.53460", "2011-12-31": "15.86360", "2011-09-30": "15.30180", "2011-06-30": "9.29500", "2011-03-31": "15.10740", "2010-12-31": "10.66280", "2010-09-30": "17.52530", "2010-06-30": "30.13330", "2010-03-31": "16.57230", "2009-12-31": "13.26780", "2009-09-30": "-63.00320", "2009-06-30": "5.95550", "2009-03-31": "3.75860", "2008-12-31": "88.35890", "2008-09-30": "6.86020", "2008-06-30": "5.04370", "2008-03-31": "7.09320", "2007-12-31": "7.81610", "2007-09-30": "13.23980", "2007-06-30": "17.77740", "2007-03-31": "10.94400", "2006-12-31": "-31.28950", "2006-09-30": "-21.04660", "2006-06-30": "-4.90410", "2006-03-31": "-9.74070", "2005-12-31": "1.03200", "2005-09-30": "-2.98040", "2005-06-30": "0.99740", "2005-03-31": "3.64190"}, "Asset Turnover": {"2020-09-30": "0.16630", "2020-06-30": "0.08750", "2020-03-31": "0.13900", "2019-12-31": "0.25980", "2019-09-30": "0.25840", "2019-06-30": "0.25600", "2019-03-31": "0.24570", "2018-12-31": "0.26020", "2018-09-30": "0.26200", "2018-06-30": "0.25580", "2018-03-31": "0.24510", "2017-12-31": "0.23620", "2017-09-30": "0.22690", "2017-06-30": "0.22980", "2017-03-31": "0.21270", "2016-12-31": "0.21000", "2016-09-30": "0.20500", "2016-06-30": "0.21530", "2016-03-31": "0.19770", "2015-12-31": "0.19870", "2015-09-30": "0.19230", "2015-06-30": "0.20370", "2015-03-31": "0.19260", "2014-12-31": "0.20100", "2014-09-30": "0.20020", "2014-06-30": "0.21740", "2014-03-31": "0.20400", "2013-12-31": "0.21430", "2013-09-30": "0.21670", "2013-06-30": "0.23270", "2013-03-31": "0.21150", "2012-12-31": "0.18890", "2012-09-30": "0.17770", "2012-06-30": "0.19570", "2012-03-31": "0.20150", "2011-12-31": "0.19850", "2011-09-30": "0.21490", "2011-06-30": "0.21950", "2011-03-31": "0.21100", "2010-12-31": "0.19480", "2010-09-30": "0.21550", "2010-06-30": "0.26470", "2010-03-31": "0.24120", "2009-12-31": "0.24380", "2009-09-30": "0.23960", "2009-06-30": "0.24790", "2009-03-31": "0.24240", "2008-12-31": "0.26540", "2008-09-30": "0.34720", "2008-06-30": "0.36790", "2008-03-31": "0.32360", "2007-12-31": "0.32550", "2007-09-30": "0.34540", "2007-06-30": "0.42010", "2007-03-31": "0.40600", "2006-12-31": "0.36420", "2006-09-30": "0.31250", "2006-06-30": "0.37540", "2006-03-31": "0.33730", "2005-12-31": "0.36000", "2005-09-30": "0.35080", "2005-06-30": "0.37140", "2005-03-31": "0.37430"}, "Inventory Turnover Ratio": {"2020-09-30": "1.62520", "2020-06-30": "0.97490", "2020-03-31": "1.29450", "2019-12-31": "1.58700", "2019-09-30": "1.79110", "2019-06-30": "2.07590", "2019-03-31": "2.14450", "2018-12-31": "2.71250", "2018-09-30": "2.73260", "2018-06-30": "2.63860", "2018-03-31": "3.05350", "2017-12-31": "3.26330", "2017-09-30": "2.51150", "2017-06-30": "2.43550", "2017-03-31": "2.12420", "2016-12-31": "2.68900", "2016-09-30": "2.63420", "2016-06-30": "2.78990", "2016-03-31": "2.56840", "2015-12-31": "2.95230", "2015-09-30": "2.64320", "2015-06-30": "3.09800", "2015-03-31": "3.22510", "2014-12-31": "3.00970", "2014-09-30": "2.80440", "2014-06-30": "3.58790", "2014-03-31": "2.73960", "2013-12-31": "2.99370", "2013-09-30": "2.68830", "2013-06-30": "2.55580", "2013-03-31": "2.63770", "2012-12-31": "2.40460", "2012-09-30": "2.38790", "2012-06-30": "2.51840", "2012-03-31": "2.55460", "2011-12-31": "3.54770", "2011-09-30": "4.04980", "2011-06-30": "4.61560", "2011-03-31": "7.89330", "2010-12-31": "8.30860", "2010-09-30": "8.82200", "2010-06-30": "8.51550", "2010-03-31": "8.65030", "2009-12-31": "11.14860", "2009-09-30": "10.71250", "2009-06-30": "8.68690", "2009-03-31": "8.42600", "2008-12-31": "10.29670", "2008-09-30": "6.22420", "2008-06-30": "6.70960", "2008-03-31": "6.51430", "2007-12-31": "6.57290", "2007-09-30": "5.11910", "2007-06-30": "5.97610", "2007-03-31": "4.70580", "2006-12-31": "5.56540", "2006-09-30": "6.29980", "2006-06-30": "6.03440", "2006-03-31": "4.62090", "2005-12-31": "5.70340", "2005-09-30": "4.16670", "2005-06-30": "5.31840", "2005-03-31": "5.04010"}, "Receiveable Turnover": {"2020-09-30": "1.17270", "2020-06-30": "0.74440", "2020-03-31": "1.03370", "2019-12-31": "1.18080", "2019-09-30": "1.14200", "2019-06-30": "1.15500", "2019-03-31": "1.14540", "2018-12-31": "1.21640", "2018-09-30": "1.20230", "2018-06-30": "1.30960", "2018-03-31": "1.20880", "2017-12-31": "1.29960", "2017-09-30": "1.19900", "2017-06-30": "1.22210", "2017-03-31": "1.16180", "2016-12-31": "1.18510", "2016-09-30": "1.13710", "2016-06-30": "1.39810", "2016-03-31": "1.34110", "2015-12-31": "1.45240", "2015-09-30": "1.39920", "2015-06-30": "1.43030", "2015-03-31": "1.43380", "2014-12-31": "1.53060", "2014-09-30": "1.46010", "2014-06-30": "1.46940", "2014-03-31": "1.43160", "2013-12-31": "1.57430", "2013-09-30": "1.50680", "2013-06-30": "1.45800", "2013-03-31": "1.41320", "2012-12-31": "1.44290", "2012-09-30": "1.28890", "2012-06-30": "1.42560", "2012-03-31": "1.43030", "2011-12-31": "1.40820", "2011-09-30": "1.45290", "2011-06-30": "1.46210", "2011-03-31": "1.41880", "2010-12-31": "1.41970", "2010-09-30": "1.50360", "2010-06-30": "1.71930", "2010-03-31": "1.53210", "2009-12-31": "1.58820", "2009-09-30": "1.44030", "2009-06-30": "1.43350", "2009-03-31": "1.35740", "2008-12-31": "1.41560", "2008-09-30": "1.53820", "2008-06-30": "1.56140", "2008-03-31": "1.57510", "2007-12-31": "1.61690", "2007-09-30": "1.55320", "2007-06-30": "1.62170", "2007-03-31": "1.66900", "2006-12-31": "1.64090", "2006-09-30": "1.50380", "2006-06-30": "1.62310", "2006-03-31": "1.52570", "2005-12-31": "1.74590", "2005-09-30": "1.74470", "2005-06-30": "1.53210", "2005-03-31": "1.60490"}, "Days Sales In Receivables": {"2020-09-30": "76.74810", "2020-06-30": "120.90990", "2020-03-31": "87.06640", "2019-12-31": "76.21910", "2019-09-30": "78.80820", "2019-06-30": "77.92360", "2019-03-31": "78.57480", "2018-12-31": "73.98750", "2018-09-30": "74.85780", "2018-06-30": "68.72570", "2018-03-31": "74.45530", "2017-12-31": "69.25090", "2017-09-30": "75.06360", "2017-06-30": "73.64320", "2017-03-31": "77.46810", "2016-12-31": "75.94520", "2016-09-30": "79.14630", "2016-06-30": "64.37210", "2016-03-31": "67.10790", "2015-12-31": "61.96690", "2015-09-30": "64.32190", "2015-06-30": "62.92460", "2015-03-31": "62.77230", "2014-12-31": "58.79960", "2014-09-30": "61.64140", "2014-06-30": "61.25000", "2014-03-31": "62.86590", "2013-12-31": "57.16750", "2013-09-30": "59.73100", "2013-06-30": "61.72960", "2013-03-31": "63.68330", "2012-12-31": "62.37240", "2012-09-30": "69.82750", "2012-06-30": "63.13030", "2012-03-31": "62.92390", "2011-12-31": "63.91010", "2011-09-30": "61.94350", "2011-06-30": "61.55340", "2011-03-31": "63.43330", "2010-12-31": "63.39230", "2010-09-30": "59.85590", "2010-06-30": "52.34670", "2010-03-31": "58.74230", "2009-12-31": "56.66770", "2009-09-30": "62.48530", "2009-06-30": "62.78160", "2009-03-31": "66.30140", "2008-12-31": "63.57610", "2008-09-30": "58.51140", "2008-06-30": "57.64020", "2008-03-31": "57.14070", "2007-12-31": "55.66280", "2007-09-30": "57.94430", "2007-06-30": "55.49820", "2007-03-31": "53.92430", "2006-12-31": "54.84860", "2006-09-30": "59.84890", "2006-06-30": "55.44990", "2006-03-31": "58.99100", "2005-12-31": "51.54890", "2005-09-30": "51.58550", "2005-06-30": "58.74360", "2005-03-31": "56.07960"}, "ROE - Return On Equity": {"2020-09-30": "4.59440", "2020-06-30": "-1.42710", "2020-03-31": "53.21200", "2019-12-31": "9.00790", "2019-09-30": "7.85290", "2019-06-30": "10.71150", "2019-03-31": "5.72170", "2018-12-31": "7.77340", "2018-09-30": "8.45540", "2018-06-30": "8.70460", "2018-03-31": "8.50280", "2017-12-31": "0.88920", "2017-09-30": "6.98460", "2017-06-30": "6.41560", "2017-03-31": "6.64390", "2016-12-31": "4.78420", "2016-09-30": "5.28300", "2016-06-30": "5.51160", "2016-03-31": "4.54540", "2015-12-31": "5.76430", "2015-09-30": "3.45950", "2015-06-30": "4.07250", "2015-03-31": "4.55900", "2014-12-31": "5.25270", "2014-09-30": "5.29400", "2014-06-30": "5.26790", "2014-03-31": "4.65650", "2013-12-31": "6.69130", "2013-09-30": "5.99930", "2013-06-30": "5.63630", "2013-03-31": "-7.48200", "2012-12-31": "1.64440", "2012-09-30": "-0.05710", "2012-06-30": "4.85970", "2012-03-31": "4.01210", "2011-12-31": "4.16660", "2011-09-30": "4.21650", "2011-06-30": "2.59710", "2011-03-31": "3.93950", "2010-12-31": "2.62210", "2010-09-30": "4.67860", "2010-06-30": "9.76280", "2010-03-31": "5.03790", "2009-12-31": "4.20900", "2009-09-30": "-19.38140", "2009-06-30": "1.91140", "2009-03-31": "1.15770", "2008-12-31": "29.96980", "2008-09-30": "3.23010", "2008-06-30": "2.53110", "2008-03-31": "2.99770", "2007-12-31": "3.51710", "2007-09-30": "6.27710", "2007-06-30": "10.61170", "2007-03-31": "7.04930", "2006-12-31": "-20.66760", "2006-09-30": "-11.41290", "2006-06-30": "-2.69870", "2006-03-31": "-4.95340", "2005-12-31": "0.56510", "2005-09-30": "-1.64220", "2005-06-30": "0.58560", "2005-03-31": "2.05390"}, "Return On Tangible Equity": {"2020-09-30": "5.62540", "2020-06-30": "-1.76390", "2020-03-31": "54.62400", "2019-12-31": "9.54460", "2019-09-30": "8.34520", "2019-06-30": "11.36380", "2019-03-31": "6.11280", "2018-12-31": "8.31740", "2018-09-30": "9.09270", "2018-06-30": "9.35960", "2018-03-31": "9.21940", "2017-12-31": "0.96360", "2017-09-30": "7.56080", "2017-06-30": "7.00920", "2017-03-31": "7.28870", "2016-12-31": "5.21360", "2016-09-30": "5.77600", "2016-06-30": "6.07040", "2016-03-31": "4.98460", "2015-12-31": "6.35790", "2015-09-30": "3.84330", "2015-06-30": "4.54870", "2015-03-31": "5.07920", "2014-12-31": "5.89540", "2014-09-30": "5.98050", "2014-06-30": "6.01350", "2014-03-31": "5.29810", "2013-12-31": "7.73250", "2013-09-30": "7.05450", "2013-06-30": "6.76340", "2013-03-31": "-8.79880", "2012-12-31": "2.19090", "2012-09-30": "-0.07740", "2012-06-30": "7.07760", "2012-03-31": "6.20240", "2011-12-31": "6.69630", "2011-09-30": "7.11230", "2011-06-30": "4.61430", "2011-03-31": "3.95890", "2010-12-31": "2.64080", "2010-09-30": "4.72280", "2010-06-30": "9.88310", "2010-03-31": "5.12020", "2009-12-31": "4.29500", "2009-09-30": "-19.85660", "2009-06-30": "1.96830", "2009-03-31": "1.19750", "2008-12-31": "31.14790", "2008-09-30": "3.42230", "2008-06-30": "2.69490", "2008-03-31": "3.18460", "2007-12-31": "3.77710", "2007-09-30": "6.81040", "2007-06-30": "11.75800", "2007-03-31": "8.15840", "2006-12-31": "-24.93570", "2006-09-30": "-11.54180", "2006-06-30": "-2.72750", "2006-03-31": "-5.01130", "2005-12-31": "0.57300", "2005-09-30": "-1.66530", "2005-06-30": "0.59450", "2005-03-31": "2.08740"}, "ROA - Return On Assets": {"2020-09-30": "3.15670", "2020-06-30": "-1.00850", "2020-03-31": "38.28980", "2019-12-31": "4.84910", "2019-09-30": "4.36200", "2019-06-30": "6.27200", "2019-03-31": "3.21550", "2018-12-31": "4.74510", "2018-09-30": "5.23090", "2018-06-30": "5.53610", "2018-03-31": "5.37750", "2017-12-31": "0.57530", "2017-09-30": "4.86300", "2017-06-30": "4.45970", "2017-03-31": "4.75710", "2016-12-31": "3.41090", "2016-09-30": "3.78010", "2016-06-30": "4.00780", "2016-03-31": "3.35770", "2015-12-31": "4.21850", "2015-09-30": "2.55810", "2015-06-30": "3.04790", "2015-03-31": "3.51780", "2014-12-31": "4.00210", "2014-09-30": "4.03330", "2014-06-30": "4.02060", "2014-03-31": "3.66330", "2013-12-31": "5.09780", "2013-09-30": "4.54910", "2013-06-30": "4.16540", "2013-03-31": "-5.78080", "2012-12-31": "1.26390", "2012-09-30": "-0.04480", "2012-06-30": "3.82870", "2012-03-31": "3.12990", "2011-12-31": "3.14960", "2011-09-30": "3.28780", "2011-06-30": "2.04040", "2011-03-31": "3.18740", "2010-12-31": "2.07680", "2010-09-30": "3.77670", "2010-06-30": "7.97740", "2010-03-31": "3.99680", "2009-12-31": "3.23500", "2009-09-30": "-15.09810", "2009-06-30": "1.47660", "2009-03-31": "0.91120", "2008-12-31": "23.44660", "2008-09-30": "2.38180", "2008-06-30": "1.85570", "2008-03-31": "2.29560", "2007-12-31": "2.54440", "2007-09-30": "4.57240", "2007-06-30": "7.46790", "2007-03-31": "4.44350", "2006-12-31": "-11.39430", "2006-09-30": "-6.57780", "2006-06-30": "-1.84120", "2006-03-31": "-3.28580", "2005-12-31": "0.37150", "2005-09-30": "-1.04540", "2005-06-30": "0.37040", "2005-03-31": "1.36310"}, "ROI - Return On Investment": {"2020-09-30": "4.59440", "2020-06-30": "-1.42710", "2020-03-31": "53.21190", "2019-12-31": "9.00790", "2019-09-30": "7.85290", "2019-06-30": "10.71150", "2019-03-31": "5.72170", "2018-12-31": "7.77340", "2018-09-30": "8.45540", "2018-06-30": "8.70460", "2018-03-31": "8.50280", "2017-12-31": "0.88920", "2017-09-30": "6.98460", "2017-06-30": "6.41560", "2017-03-31": "6.64390", "2016-12-31": "4.78420", "2016-09-30": "5.28300", "2016-06-30": "5.51160", "2016-03-31": "4.54540", "2015-12-31": "5.76430", "2015-09-30": "3.45950", "2015-06-30": "4.07250", "2015-03-31": "4.55900", "2014-12-31": "5.25270", "2014-09-30": "5.29400", "2014-06-30": "5.26790", "2014-03-31": "4.65650", "2013-12-31": "6.69130", "2013-09-30": "5.99930", "2013-06-30": "5.63630", "2013-03-31": "-7.48200", "2012-12-31": "1.64440", "2012-09-30": "-0.05710", "2012-06-30": "4.85970", "2012-03-31": "4.01210", "2011-12-31": "4.16660", "2011-09-30": "4.21650", "2011-06-30": "2.59710", "2011-03-31": "3.93950", "2010-12-31": "2.62210", "2010-09-30": "4.67860", "2010-06-30": "9.76280", "2010-03-31": "5.03790", "2009-12-31": "4.20900", "2009-09-30": "-19.38140", "2009-06-30": "1.91140", "2009-03-31": "1.15770", "2008-12-31": "29.96980", "2008-09-30": "3.23010", "2008-06-30": "2.53110", "2008-03-31": "2.99770", "2007-12-31": "3.51710", "2007-09-30": "6.27710", "2007-06-30": "10.61170", "2007-03-31": "7.04930", "2006-12-31": "-20.66760", "2006-09-30": "-11.41290", "2006-06-30": "-2.69870", "2006-03-31": "-4.95340", "2005-12-31": "0.56510", "2005-09-30": "-1.64220", "2005-06-30": "0.58560", "2005-03-31": "2.05390"}, "Book Value Per Share": {"2020-09-30": "38.47190", "2020-06-30": "36.11330", "2020-03-31": "36.22430", "2019-12-31": "17.16330", "2019-09-30": "16.56600", "2019-06-30": "17.20010", "2019-03-31": "15.69630", "2018-12-31": "15.70470", "2018-09-30": "14.91550", "2018-06-30": "15.17760", "2018-03-31": "14.06790", "2017-12-31": "14.42140", "2017-09-30": "14.74200", "2017-06-30": "13.45440", "2017-03-31": "13.00830", "2016-12-31": "12.51230", "2016-09-30": "12.17410", "2016-06-30": "11.39200", "2016-03-31": "11.12600", "2015-12-31": "10.66570", "2015-09-30": "10.03290", "2015-06-30": "9.61420", "2015-03-31": "9.82900", "2014-12-31": "9.38560", "2014-09-30": "8.97280", "2014-06-30": "8.36560", "2014-03-31": "8.53530", "2013-12-31": "7.86730", "2013-09-30": "7.18580", "2013-06-30": "6.52700", "2013-03-31": "6.86590", "2012-12-31": "7.21140", "2012-09-30": "7.36290", "2012-06-30": "7.25970", "2012-03-31": "6.55430", "2011-12-31": "6.23010", "2011-09-30": "5.81780", "2011-06-30": "5.48860", "2011-03-31": "5.20940", "2010-12-31": "4.94500", "2010-09-30": "4.71320", "2010-06-30": "4.40810", "2010-03-31": "3.91960", "2009-12-31": "3.66160", "2009-09-30": "3.46670", "2009-06-30": "3.58200", "2009-03-31": "3.44050", "2008-12-31": "3.32970", "2008-09-30": "2.38170", "2008-06-30": "2.35600", "2008-03-31": "2.54410", "2007-12-31": "2.34770", "2007-09-30": "2.20070", "2007-06-30": "1.90970", "2007-03-31": "1.50310", "2006-12-31": "1.28830", "2006-09-30": "1.42670", "2006-06-30": "1.53510", "2006-03-31": "1.52900", "2005-12-31": "1.50510", "2005-09-30": "1.48960", "2005-06-30": "1.49300", "2005-03-31": "1.47710"}, "Operating Cash Flow Per Share": {"2020-09-30": 2.6619, "2020-06-30": 0.7609, "2020-03-31": "0.12380", "2019-12-31": 2.701, "2019-09-30": 2.9731, "2019-06-30": 2.2025, "2019-03-31": "1.45260", "2018-12-31": 2.966, "2018-09-30": 1.1869, "2018-06-30": 1.7176, "2018-03-31": "0.94740", "2017-12-31": 1.9819, "2017-09-30": 1.4405, "2017-06-30": 1.3525, "2017-03-31": "0.58410", "2016-12-31": 0.9934, "2016-09-30": 0.7314, "2016-06-30": 0.9372, "2016-03-31": "0.37730", "2015-12-31": 0.9632, "2015-09-30": 0.7451, "2015-06-30": 0.7756, "2015-03-31": "0.43560", "2014-12-31": 0.864, "2014-09-30": 0.8281, "2014-06-30": 0.8481, "2014-03-31": "0.21730", "2013-12-31": 0.7995, "2013-09-30": 0.6766, "2013-06-30": 0.6475, "2013-03-31": "0.12820", "2012-12-31": 0.5916, "2012-09-30": 0.504, "2012-06-30": 0.4252, "2012-03-31": "0.09020", "2011-12-31": 0.5972, "2011-09-30": 0.4432, "2011-06-30": 0.3672, "2011-03-31": "0.21730", "2010-12-31": 0.417, "2010-09-30": 0.4528, "2010-06-30": 0.5488, "2010-03-31": "0.24030", "2009-12-31": 0.4994, "2009-09-30": 0.1419, "2009-06-30": 0.2725, "2009-03-31": "0.15960", "2008-12-31": 0.1329, "2008-09-30": 0.2561, "2008-06-30": 0.1504, "2008-03-31": "0.04460", "2007-12-31": 0.2433, "2007-09-30": 0.3029, "2007-06-30": 0.1819, "2007-03-31": "0.01060", "2006-12-31": -0.1543, "2006-09-30": 0.0339, "2006-06-30": -0.0115, "2006-03-31": "-0.08990", "2005-12-31": -0.0207, "2005-09-30": 0.1475, "2005-06-30": 0.1042, "2005-03-31": "0.02360"}, "Free Cash Flow Per Share": {"2020-09-30": 2.3984, "2020-06-30": 0.322, "2020-03-31": "-0.45930", "2019-12-31": 2.1744, "2019-09-30": 2.6308, "2019-06-30": 1.6394, "2019-03-31": "1.01560", "2018-12-31": 2.2987, "2018-09-30": 0.5245, "2018-06-30": 1.0078, "2018-03-31": "0.24200", "2017-12-31": 1.1328, "2017-09-30": 0.8543, "2017-06-30": 1.127, "2017-03-31": "-0.14650", "2016-12-31": 0.8192, "2016-09-30": 0.5196, "2016-06-30": 0.7056, "2016-03-31": "0.12880", "2015-12-31": 0.7596, "2015-09-30": 0.6145, "2015-06-30": 0.6449, "2015-03-31": "0.24480", "2014-12-31": 0.7781, "2014-09-30": 0.7423, "2014-06-30": 0.7875, "2014-03-31": "0.15690", "2013-12-31": 0.7499, "2013-09-30": 0.6055, "2013-06-30": 0.6022, "2013-03-31": "0.05920", "2012-12-31": 0.5166, "2012-09-30": 0.4281, "2012-06-30": 0.268, "2012-03-31": "-0.06330", "2011-12-31": 0.4805, "2011-09-30": 0.2873, "2011-06-30": 0.2967, "2011-03-31": "0.18170", "2010-12-31": 0.3389, "2010-09-30": 0.414, "2010-06-30": 0.4932, "2010-03-31": "0.18190", "2009-12-31": 0.4541, "2009-09-30": 0.1283, "2009-06-30": 0.2557, "2009-03-31": "0.13120", "2008-12-31": 0.1022, "2008-09-30": 0.2141, "2008-06-30": 0.0858, "2008-03-31": "-0.02600", "2007-12-31": 0.2266, "2007-09-30": 0.2637, "2007-06-30": 0.1592, "2007-03-31": "-0.01480", "2006-12-31": -0.1946, "2006-09-30": -0.0087, "2006-06-30": -0.0471, "2006-03-31": "-0.12420", "2005-12-31": -0.0723, "2005-09-30": 0.0749, "2005-06-30": 0.0599, "2005-03-31": "-0.02640"}}, "revenue": {"Align Technology Annual Revenue (Millions of US $)": {"2020": "$2,472", "2019": "$2,407", "2018": "$1,966", "2017": "$1,473", "2016": "$1,080", "2015": "$845", "2014": "$762", "2013": "$660", "2012": "$560", "2011": "$480", "2010": "$387", "2009": "$312", "2008": "$304", "2007": "$284", "2006": "$206", "2005": "$207"}, "Align Technology Quarterly Revenue (Millions of US $)": {"2020-12-31": "$835", "2020-09-30": "$734", "2020-06-30": "$352", "2020-03-31": "$551", "2019-12-31": "$650", "2019-09-30": "$607", "2019-06-30": "$601", "2019-03-31": "$549", "2018-12-31": "$534", "2018-09-30": "$505", "2018-06-30": "$490", "2018-03-31": "$437", "2017-12-31": "$421", "2017-09-30": "$385", "2017-06-30": "$356", "2017-03-31": "$310", "2016-12-31": "$293", "2016-09-30": "$279", "2016-06-30": "$269", "2016-03-31": "$239", "2015-12-31": "$230", "2015-09-30": "$208", "2015-06-30": "$209", "2015-03-31": "$198", "2014-12-31": "$199", "2014-09-30": "$190", "2014-06-30": "$193", "2014-03-31": "$181", "2013-12-31": "$178", "2013-09-30": "$165", "2013-06-30": "$164", "2013-03-31": "$154", "2012-12-31": "$143", "2012-09-30": "$136", "2012-06-30": "$146", "2012-03-31": "$135", "2011-12-31": "$129", "2011-09-30": "$126", "2011-06-30": "$120", "2011-03-31": "$105", "2010-12-31": "$93", "2010-09-30": "$96", "2010-06-30": "$108", "2010-03-31": "$90", "2009-12-31": "$87", "2009-09-30": "$79", "2009-06-30": "$76", "2009-03-31": "$70", "2008-12-31": "$74", "2008-09-30": "$75", "2008-06-30": "$80", "2008-03-31": "$75", "2007-12-31": "$73", "2007-09-30": "$71", "2007-06-30": "$77", "2007-03-31": "$64", "2006-12-31": "$55", "2006-09-30": "$49", "2006-06-30": "$53", "2006-03-31": "$49", "2005-12-31": "$51", "2005-09-30": "$51", "2005-06-30": "$54", "2005-03-31": "$51"}}, "gross-profit": {"Align Technology Annual Gross Profit (Millions of US $)": {"2020": "$1,763", "2019": "$1,744", "2018": "$1,448", "2017": "$1,117", "2016": "$815", "2015": "$640", "2014": "$578", "2013": "$498", "2012": "$416", "2011": "$361", "2010": "$303", "2009": "$233", "2008": "$225", "2007": "$209", "2006": "$142", "2005": "$143"}, "Align Technology Quarterly Gross Profit (Millions of US $)": {"2020-12-31": "$610", "2020-09-30": "$534", "2020-06-30": "$224", "2020-03-31": "$394", "2019-12-31": "$472", "2019-09-30": "$438", "2019-06-30": "$432", "2019-03-31": "$402", "2018-12-31": "$383", "2018-09-30": "$372", "2018-06-30": "$366", "2018-03-31": "$327", "2017-12-31": "$318", "2017-09-30": "$292", "2017-06-30": "$271", "2017-03-31": "$236", "2016-12-31": "$220", "2016-09-30": "$209", "2016-06-30": "$205", "2016-03-31": "$181", "2015-12-31": "$173", "2015-09-30": "$158", "2015-06-30": "$159", "2015-03-31": "$151", "2014-12-31": "$151", "2014-09-30": "$145", "2014-06-30": "$145", "2014-03-31": "$137", "2013-12-31": "$136", "2013-09-30": "$125", "2013-06-30": "$124", "2013-03-31": "$113", "2012-12-31": "$106", "2012-09-30": "$100", "2012-06-30": "$109", "2012-03-31": "$101", "2011-12-31": "$96", "2011-09-30": "$92", "2011-06-30": "$91", "2011-03-31": "$82", "2010-12-31": "$72", "2010-09-30": "$75", "2010-06-30": "$87", "2010-03-31": "$70", "2009-12-31": "$64", "2009-09-30": "$59", "2009-06-30": "$58", "2009-03-31": "$53", "2008-12-31": "$54", "2008-09-30": "$56", "2008-06-30": "$60", "2008-03-31": "$55", "2007-12-31": "$53", "2007-09-30": "$53", "2007-06-30": "$56", "2007-03-31": "$46", "2006-12-31": "$38", "2006-09-30": "$32", "2006-06-30": "$37", "2006-03-31": "$35", "2005-12-31": "$34", "2005-09-30": "$36", "2005-06-30": "$37", "2005-03-31": "$36"}}, "operating-income": {"Align Technology Annual Operating Income (Millions of US $)": {"2020": "$387", "2019": "$542", "2018": "$467", "2017": "$354", "2016": "$249", "2015": "$189", "2014": "$194", "2013": "$94", "2012": "$86", "2011": "$90", "2010": "$103", "2009": "$-34", "2008": "$16", "2007": "$34", "2006": "$-38", "2005": "$2"}, "Align Technology Quarterly Operating Income (Millions of US $)": {"2020-12-31": "$213", "2020-09-30": "$177", "2020-06-30": "$-73", "2020-03-31": "$70", "2019-12-31": "$151", "2019-09-30": "$127", "2019-06-30": "$176", "2019-03-31": "$88", "2018-12-31": "$120", "2018-09-30": "$125", "2018-06-30": "$123", "2018-03-31": "$98", "2017-12-31": "$110", "2017-09-30": "$99", "2017-06-30": "$84", "2017-03-31": "$62", "2016-12-31": "$68", "2016-09-30": "$62", "2016-06-30": "$65", "2016-03-31": "$53", "2015-12-31": "$59", "2015-09-30": "$38", "2015-06-30": "$42", "2015-03-31": "$49", "2014-12-31": "$51", "2014-09-30": "$52", "2014-06-30": "$49", "2014-03-31": "$42", "2013-12-31": "$53", "2013-09-30": "$41", "2013-06-30": "$38", "2013-03-31": "$-38", "2012-12-31": "$17", "2012-09-30": "$5", "2012-06-30": "$36", "2012-03-31": "$28", "2011-12-31": "$26", "2011-09-30": "$26", "2011-06-30": "$17", "2011-03-31": "$21", "2010-12-31": "$15", "2010-09-30": "$22", "2010-06-30": "$45", "2010-03-31": "$21", "2009-12-31": "$15", "2009-09-30": "$-60", "2009-06-30": "$6", "2009-03-31": "$5", "2008-12-31": "$1", "2008-09-30": "$6", "2008-06-30": "$4", "2008-03-31": "$5", "2007-12-31": "$5", "2007-09-30": "$8", "2007-06-30": "$13", "2007-03-31": "$7", "2006-12-31": "$-18", "2006-09-30": "$-11", "2006-06-30": "$-3", "2006-03-31": "$-5", "2005-12-31": "$1", "2005-09-30": "$-2", "2005-06-30": "$1", "2005-03-31": "$2"}}, "ebitda": {"Align Technology Annual EBITDA (Millions of US $)": {"2019": "$621", "2018": "$521", "2017": "$391", "2016": "$273", "2015": "$207", "2014": "$211", "2013": "$111", "2012": "$103", "2011": "$108", "2010": "$118", "2009": "$-15", "2008": "$28", "2007": "$47", "2006": "$-27", "2005": "$13"}, "Align Technology Quarterly EBITDA (Millions of US $)": {"2020-09-30": "$202", "2020-06-30": "$-49", "2020-03-31": "$91", "2019-12-31": "$173", "2019-09-30": "$147", "2019-06-30": "$196", "2019-03-31": "$106", "2018-12-31": "$137", "2018-09-30": "$139", "2018-06-30": "$135", "2018-03-31": "$110", "2017-12-31": "$121", "2017-09-30": "$109", "2017-06-30": "$92", "2017-03-31": "$70", "2016-12-31": "$76", "2016-09-30": "$69", "2016-06-30": "$70", "2016-03-31": "$58", "2015-12-31": "$64", "2015-09-30": "$43", "2015-06-30": "$47", "2015-03-31": "$53", "2014-12-31": "$56", "2014-09-30": "$56", "2014-06-30": "$53", "2014-03-31": "$47", "2013-12-31": "$57", "2013-09-30": "$45", "2013-06-30": "$42", "2013-03-31": "$-33", "2012-12-31": "$22", "2012-09-30": "$9", "2012-06-30": "$40", "2012-03-31": "$32", "2011-12-31": "$31", "2011-09-30": "$31", "2011-06-30": "$21", "2011-03-31": "$25", "2010-12-31": "$18", "2010-09-30": "$25", "2010-06-30": "$49", "2010-03-31": "$25", "2009-12-31": "$22", "2009-09-30": "$-55", "2009-06-30": "$9", "2009-03-31": "$8", "2008-12-31": "$5", "2008-09-30": "$9", "2008-06-30": "$7", "2008-03-31": "$8", "2007-12-31": "$8", "2007-09-30": "$12", "2007-06-30": "$17", "2007-03-31": "$10", "2006-12-31": "$-15", "2006-09-30": "$-9", "2006-06-30": "$-1", "2006-03-31": "$-3", "2005-12-31": "$3", "2005-09-30": "$1", "2005-06-30": "$4", "2005-03-31": "$5"}}, "net-income": {"Align Technology Annual Net Income (Millions of US $)": {"2020": "$1,776", "2019": "$443", "2018": "$400", "2017": "$231", "2016": "$190", "2015": "$144", "2014": "$146", "2013": "$64", "2012": "$59", "2011": "$67", "2010": "$74", "2009": "$-31", "2008": "$80", "2007": "$36", "2006": "$-35", "2005": "$1"}, "Align Technology Quarterly Net Income (Millions of US $)": {"2020-12-31": "$159", "2020-09-30": "$139", "2020-06-30": "$-41", "2020-03-31": "$1,518", "2019-12-31": "$121", "2019-09-30": "$103", "2019-06-30": "$147", "2019-03-31": "$72", "2018-12-31": "$97", "2018-09-30": "$101", "2018-06-30": "$106", "2018-03-31": "$96", "2017-12-31": "$10", "2017-09-30": "$83", "2017-06-30": "$69", "2017-03-31": "$69", "2016-12-31": "$48", "2016-09-30": "$51", "2016-06-30": "$50", "2016-03-31": "$41", "2015-12-31": "$49", "2015-09-30": "$28", "2015-06-30": "$31", "2015-03-31": "$36", "2014-12-31": "$40", "2014-09-30": "$38", "2014-06-30": "$36", "2014-03-31": "$32", "2013-12-31": "$42", "2013-09-30": "$35", "2013-06-30": "$29", "2013-03-31": "$-42", "2012-12-31": "$10", "2012-09-30": "$-0", "2012-06-30": "$28", "2012-03-31": "$21", "2011-12-31": "$20", "2011-09-30": "$19", "2011-06-30": "$11", "2011-03-31": "$16", "2010-12-31": "$10", "2010-09-30": "$17", "2010-06-30": "$33", "2010-03-31": "$15", "2009-12-31": "$11", "2009-09-30": "$-50", "2009-06-30": "$5", "2009-03-31": "$3", "2008-12-31": "$65", "2008-09-30": "$5", "2008-06-30": "$4", "2008-03-31": "$5", "2007-12-31": "$6", "2007-09-30": "$9", "2007-06-30": "$14", "2007-03-31": "$7", "2006-12-31": "$-17", "2006-09-30": "$-10", "2006-06-30": "$-3", "2006-03-31": "$-5", "2005-12-31": "$1", "2005-09-30": "$-2", "2005-06-30": "$1", "2005-03-31": "$2"}}, "eps-earnings-per-share-diluted": {"Align Technology Annual EPS": {"2020": "$22.41", "2019": "$5.53", "2018": "$4.92", "2017": "$2.83", "2016": "$2.33", "2015": "$1.77", "2014": "$1.77", "2013": "$0.78", "2012": "$0.71", "2011": "$0.83", "2010": "$0.95", "2009": "$-0.45", "2008": "$1.18", "2007": "$0.50", "2006": "$-0.55", "2005": "$0.02"}, "Align Technology Quarterly EPS": {"2020-12-31": "$2.00", "2020-09-30": "$1.76", "2020-06-30": "$-0.52", "2020-03-31": "$19.21", "2019-12-31": "$1.53", "2019-09-30": "$1.28", "2019-06-30": "$1.83", "2019-03-31": "$0.89", "2018-12-31": "$1.21", "2018-09-30": "$1.24", "2018-06-30": "$1.30", "2018-03-31": "$1.17", "2017-12-31": "$0.12", "2017-09-30": "$1.01", "2017-06-30": "$0.85", "2017-03-31": "$0.85", "2016-12-31": "$0.58", "2016-09-30": "$0.63", "2016-06-30": "$0.62", "2016-03-31": "$0.50", "2015-12-31": "$0.60", "2015-09-30": "$0.34", "2015-06-30": "$0.39", "2015-03-31": "$0.44", "2014-12-31": "$0.48", "2014-09-30": "$0.47", "2014-06-30": "$0.43", "2014-03-31": "$0.39", "2013-12-31": "$0.52", "2013-09-30": "$0.42", "2013-06-30": "$0.36", "2013-03-31": "$-0.52", "2012-12-31": "$0.11", "2012-09-30": "$0.00", "2012-06-30": "$0.34", "2012-03-31": "$0.26", "2011-12-31": "$0.25", "2011-09-30": "$0.24", "2011-06-30": "$0.14", "2011-03-31": "$0.20", "2010-12-31": "$0.12", "2010-09-30": "$0.22", "2010-06-30": "$0.42", "2010-03-31": "$0.19", "2009-12-31": "$0.16", "2009-09-30": "$-0.72", "2009-06-30": "$0.07", "2009-03-31": "$0.04", "2008-12-31": "$0.97", "2008-09-30": "$0.08", "2008-06-30": "$0.06", "2008-03-31": "$0.07", "2007-12-31": "$0.08", "2007-09-30": "$0.13", "2007-06-30": "$0.19", "2007-03-31": "$0.10", "2006-12-31": "$-0.27", "2006-09-30": "$-0.16", "2006-06-30": "$-0.04", "2006-03-31": "$-0.08", "2005-12-31": "$0.00", "2005-09-30": "$-0.02", "2005-06-30": "$0.01", "2005-03-31": "$0.03"}}, "shares-outstanding": {"Align Technology Annual Shares Outstanding (Millions of Shares)": {"2020": "79", "2019": "80", "2018": "81", "2017": "82", "2016": "81", "2015": "82", "2014": "82", "2013": "83", "2012": "83", "2011": "80", "2010": "78", "2009": "69", "2008": "68", "2007": "71", "2006": "63", "2005": "63"}, "Align Technology Quarterly Shares Outstanding (Millions of Shares)": {"2020-12-31": "80", "2020-09-30": "79", "2020-06-30": "79", "2020-03-31": "79", "2019-12-31": "80", "2019-09-30": "80", "2019-06-30": "81", "2019-03-31": "81", "2018-12-31": "81", "2018-09-30": "81", "2018-06-30": "81", "2018-03-31": "82", "2017-12-31": "82", "2017-09-30": "82", "2017-06-30": "82", "2017-03-31": "82", "2016-12-31": "81", "2016-09-30": "81", "2016-06-30": "81", "2016-03-31": "81", "2015-12-31": "82", "2015-09-30": "81", "2015-06-30": "81", "2015-03-31": "82", "2014-12-31": "82", "2014-09-30": "82", "2014-06-30": "82", "2014-03-31": "83", "2013-12-31": "83", "2013-09-30": "82", "2013-06-30": "82", "2013-03-31": "81", "2012-12-31": "83", "2012-09-30": "81", "2012-06-30": "83", "2012-03-31": "82", "2011-12-31": "80", "2011-09-30": "80", "2011-06-30": "80", "2011-03-31": "79", "2010-12-31": "78", "2010-09-30": "78", "2010-06-30": "78", "2010-03-31": "78", "2009-12-31": "69", "2009-09-30": "70", "2009-06-30": "67", "2009-03-31": "66", "2008-12-31": "68", "2008-09-30": "69", "2008-06-30": "70", "2008-03-31": "71", "2007-12-31": "71", "2007-09-30": "72", "2007-06-30": "71", "2007-03-31": "69", "2006-12-31": "63", "2006-09-30": "63", "2006-06-30": "63", "2006-03-31": "63", "2005-12-31": "63", "2005-09-30": "62", "2005-06-30": "63", "2005-03-31": "63"}}, "total-assets": {"Align Technology Annual Total Assets (Millions of US $)": {"2019": "$2,501", "2018": "$2,052", "2017": "$1,784", "2016": "$1,396", "2015": "$1,159", "2014": "$988", "2013": "$832", "2012": "$756", "2011": "$649", "2010": "$477", "2009": "$355", "2008": "$279", "2007": "$223", "2006": "$152", "2005": "$142"}, "Align Technology Quarterly Total Assets (Millions of US $)": {"2020-09-30": "$4,415", "2020-06-30": "$4,026", "2020-03-31": "$3,965", "2019-12-31": "$2,501", "2019-09-30": "$2,350", "2019-06-30": "$2,346", "2019-03-31": "$2,234", "2018-12-31": "$2,052", "2018-09-30": "$1,928", "2018-06-30": "$1,917", "2018-03-31": "$1,783", "2017-12-31": "$1,784", "2017-09-30": "$1,698", "2017-06-30": "$1,551", "2017-03-31": "$1,459", "2016-12-31": "$1,396", "2016-09-30": "$1,359", "2016-06-30": "$1,251", "2016-03-31": "$1,208", "2015-12-31": "$1,159", "2015-09-30": "$1,080", "2015-06-30": "$1,029", "2015-03-31": "$1,028", "2014-12-31": "$988", "2014-09-30": "$948", "2014-06-30": "$885", "2014-03-31": "$886", "2013-12-31": "$832", "2013-09-30": "$759", "2013-06-30": "$704", "2013-03-31": "$726", "2012-12-31": "$756", "2012-09-30": "$768", "2012-06-30": "$744", "2012-03-31": "$670", "2011-12-31": "$649", "2011-09-30": "$586", "2011-06-30": "$547", "2011-03-31": "$497", "2010-12-31": "$477", "2010-09-30": "$445", "2010-06-30": "$409", "2010-03-31": "$374", "2009-12-31": "$355", "2009-09-30": "$331", "2009-06-30": "$308", "2009-03-31": "$289", "2008-12-31": "$279", "2008-09-30": "$217", "2008-06-30": "$217", "2008-03-31": "$231", "2007-12-31": "$223", "2007-09-30": "$207", "2007-06-30": "$182", "2007-03-31": "$157", "2006-12-31": "$152", "2006-09-30": "$157", "2006-06-30": "$142", "2006-03-31": "$145", "2005-12-31": "$142", "2005-09-30": "$145", "2005-06-30": "$145", "2005-03-31": "$137"}}, "cash-on-hand": {"Align Technology Annual Cash on Hand (Millions of US $)": {"2019": "$869", "2018": "$735", "2017": "$722", "2016": "$640", "2015": "$527", "2014": "$455", "2013": "$370", "2012": "$335", "2011": "$252", "2010": "$303", "2009": "$186", "2008": "$110", "2007": "$128", "2006": "$64", "2005": "$74"}, "Align Technology Quarterly Cash on Hand (Millions of US $)": {"2020-09-30": "$616", "2020-06-30": "$404", "2020-03-31": "$791", "2019-12-31": "$869", "2019-09-30": "$782", "2019-06-30": "$721", "2019-03-31": "$775", "2018-12-31": "$735", "2018-09-30": "$605", "2018-06-30": "$713", "2018-03-31": "$663", "2017-12-31": "$722", "2017-09-30": "$679", "2017-06-30": "$602", "2017-03-31": "$546", "2016-12-31": "$640", "2016-09-30": "$613", "2016-06-30": "$572", "2016-03-31": "$548", "2015-12-31": "$527", "2015-09-30": "$485", "2015-06-30": "$439", "2015-03-31": "$445", "2014-12-31": "$455", "2014-09-30": "$425", "2014-06-30": "$366", "2014-03-31": "$366", "2013-12-31": "$370", "2013-09-30": "$324", "2013-06-30": "$279", "2013-03-31": "$367", "2012-12-31": "$335", "2012-09-30": "$330", "2012-06-30": "$285", "2012-03-31": "$244", "2011-12-31": "$252", "2011-09-30": "$210", "2011-06-30": "$175", "2011-03-31": "$325", "2010-12-31": "$303", "2010-09-30": "$272", "2010-06-30": "$245", "2010-03-31": "$205", "2009-12-31": "$186", "2009-09-30": "$155", "2009-06-30": "$143", "2009-03-31": "$125", "2008-12-31": "$110", "2008-09-30": "$114", "2008-06-30": "$110", "2008-03-31": "$132", "2007-12-31": "$128", "2007-09-30": "$110", "2007-06-30": "$79", "2007-03-31": "$66", "2006-12-31": "$64", "2006-09-30": "$86", "2006-06-30": "$70", "2006-03-31": "$72", "2005-12-31": "$74", "2005-09-30": "$80", "2005-06-30": "$73", "2005-03-31": "$70"}}, "long-term-debt": {"Align Technology Annual Long Term Debt (Millions of US $)": {"2019": "$", "2018": "$", "2017": "$", "2016": "$", "2015": "$", "2014": "$", "2013": "$", "2012": "$", "2011": "$", "2010": "$", "2009": "$", "2008": "$", "2007": "$", "2006": "$", "2005": "$"}, "Align Technology Quarterly Long Term Debt (Millions of US $)": {"2020-09-30": "", "2020-06-30": "", "2020-03-31": "", "2019-12-31": "", "2019-09-30": "", "2019-06-30": "", "2019-03-31": "", "2018-12-31": "", "2018-09-30": "", "2018-06-30": "", "2018-03-31": "", "2017-12-31": "", "2017-09-30": "", "2017-06-30": "", "2017-03-31": "", "2016-12-31": "", "2016-09-30": "", "2016-06-30": "", "2016-03-31": "", "2015-12-31": "", "2015-09-30": "", "2015-06-30": "", "2015-03-31": "", "2014-12-31": "", "2014-09-30": "", "2014-06-30": "", "2014-03-31": "", "2013-12-31": "", "2013-09-30": "", "2013-06-30": "", "2013-03-31": "", "2012-12-31": "", "2012-09-30": "", "2012-06-30": "", "2012-03-31": "", "2011-12-31": "", "2011-09-30": "", "2011-06-30": "", "2011-03-31": "", "2010-12-31": "", "2010-09-30": "", "2010-06-30": "", "2010-03-31": "", "2009-12-31": "", "2009-09-30": "", "2009-06-30": "", "2009-03-31": "", "2008-12-31": "", "2008-09-30": "", "2008-06-30": "", "2008-03-31": "", "2007-12-31": "", "2007-09-30": "", "2007-06-30": "", "2007-03-31": "", "2006-12-31": "", "2006-09-30": "", "2006-06-30": "", "2006-03-31": "", "2005-12-31": "", "2005-09-30": "", "2005-06-30": "", "2005-03-31": ""}}, "total-liabilities": {"Align Technology Annual Total Liabilities (Millions of US $)": {"2019": "$1,155", "2018": "$800", "2017": "$630", "2016": "$401", "2015": "$311", "2014": "$235", "2013": "$198", "2012": "$175", "2011": "$158", "2010": "$99", "2009": "$82", "2008": "$61", "2007": "$62", "2006": "$68", "2005": "$49"}, "Align Technology Quarterly Total Liabilities (Millions of US $)": {"2020-09-30": "$1,382", "2020-06-30": "$1,181", "2020-03-31": "$1,112", "2019-12-31": "$1,155", "2019-09-30": "$1,045", "2019-06-30": "$972", "2019-03-31": "$979", "2018-12-31": "$800", "2018-09-30": "$735", "2018-06-30": "$698", "2018-03-31": "$655", "2017-12-31": "$630", "2017-09-30": "$516", "2017-06-30": "$473", "2017-03-31": "$414", "2016-12-31": "$401", "2016-09-30": "$387", "2016-06-30": "$341", "2016-03-31": "$316", "2015-12-31": "$311", "2015-09-30": "$281", "2015-06-30": "$259", "2015-03-31": "$235", "2014-12-31": "$235", "2014-09-30": "$226", "2014-06-30": "$210", "2014-03-31": "$189", "2013-12-31": "$198", "2013-09-30": "$184", "2013-06-30": "$184", "2013-03-31": "$165", "2012-12-31": "$175", "2012-09-30": "$166", "2012-06-30": "$158", "2012-03-31": "$147", "2011-12-31": "$158", "2011-09-30": "$129", "2011-06-30": "$117", "2011-03-31": "$95", "2010-12-31": "$99", "2010-09-30": "$86", "2010-06-30": "$75", "2010-03-31": "$77", "2009-12-31": "$82", "2009-09-30": "$73", "2009-06-30": "$70", "2009-03-31": "$62", "2008-12-31": "$61", "2008-09-30": "$57", "2008-06-30": "$58", "2008-03-31": "$54", "2007-12-31": "$62", "2007-09-30": "$56", "2007-06-30": "$54", "2007-03-31": "$58", "2006-12-31": "$68", "2006-09-30": "$66", "2006-06-30": "$45", "2006-03-31": "$49", "2005-12-31": "$49", "2005-09-30": "$53", "2005-06-30": "$53", "2005-03-31": "$46"}}, "total-share-holder-equity": {"Align Technology Annual Share Holder Equity (Millions of US $)": {"2019": "$1,346", "2018": "$1,253", "2017": "$1,154", "2016": "$995", "2015": "$848", "2014": "$753", "2013": "$634", "2012": "$581", "2011": "$491", "2010": "$378", "2009": "$273", "2008": "$219", "2007": "$161", "2006": "$84", "2005": "$93"}, "Align Technology Quarterly Share Holder Equity (Millions of US $)": {"2020-09-30": "$3,033", "2020-06-30": "$2,845", "2020-03-31": "$2,853", "2019-12-31": "$1,346", "2019-09-30": "$1,306", "2019-06-30": "$1,374", "2019-03-31": "$1,256", "2018-12-31": "$1,253", "2018-09-30": "$1,193", "2018-06-30": "$1,219", "2018-03-31": "$1,127", "2017-12-31": "$1,154", "2017-09-30": "$1,182", "2017-06-30": "$1,078", "2017-03-31": "$1,045", "2016-12-31": "$995", "2016-09-30": "$972", "2016-06-30": "$910", "2016-03-31": "$892", "2015-12-31": "$848", "2015-09-30": "$798", "2015-06-30": "$770", "2015-03-31": "$794", "2014-12-31": "$753", "2014-09-30": "$722", "2014-06-30": "$676", "2014-03-31": "$697", "2013-12-31": "$634", "2013-09-30": "$576", "2013-06-30": "$520", "2013-03-31": "$561", "2012-12-31": "$581", "2012-09-30": "$602", "2012-06-30": "$586", "2012-03-31": "$523", "2011-12-31": "$491", "2011-09-30": "$457", "2011-06-30": "$430", "2011-03-31": "$402", "2010-12-31": "$378", "2010-09-30": "$359", "2010-06-30": "$334", "2010-03-31": "$296", "2009-12-31": "$273", "2009-09-30": "$258", "2009-06-30": "$238", "2009-03-31": "$228", "2008-12-31": "$219", "2008-09-30": "$160", "2008-06-30": "$159", "2008-03-31": "$177", "2007-12-31": "$161", "2007-09-30": "$151", "2007-06-30": "$128", "2007-03-31": "$99", "2006-12-31": "$84", "2006-09-30": "$90", "2006-06-30": "$97", "2006-03-31": "$96", "2005-12-31": "$93", "2005-09-30": "$92", "2005-06-30": "$92", "2005-03-31": "$91"}}, "profit-margins": {"current": "71.84%"}, "gross margin": {"2020-12-31": "71.28%", "2020-09-30": "71.01%", "2020-06-30": "70.74%", "2020-03-31": "72.06%", "2019-12-31": "72.46%", "2019-09-30": "72.24%", "2019-06-30": "72.59%", "2019-03-31": "73.29%", "2018-12-31": "73.65%", "2018-09-30": "74.64%", "2018-06-30": "75.19%", "2018-03-31": "75.55%", "2017-12-31": "75.88%", "2017-09-30": "75.82%", "2017-06-30": "75.61%", "2017-03-31": "75.59%", "2016-12-31": "75.46%", "2016-09-30": "75.52%", "2016-06-30": "75.79%", "2016-03-31": "75.73%", "2015-12-31": "75.86%", "2015-09-30": "76.04%", "2015-06-30": "76.13%", "2015-03-31": "75.90%", "2014-12-31": "75.75%", "2014-09-30": "75.88%", "2014-06-30": "75.73%", "2014-03-31": "75.87%", "2013-12-31": "75.34%", "2013-09-30": "74.76%", "2013-06-30": "74.20%", "2013-03-31": "73.92%", "2012-12-31": "74.29%", "2012-09-30": "74.36%", "2012-06-30": "74.25%", "2012-03-31": "74.51%", "2011-12-31": "75.21%", "2011-09-30": "75.90%", "2011-06-30": "77.29%", "2011-03-31": "78.61%", "2010-12-31": "78.55%", "2010-09-30": "77.69%", "2010-06-30": "76.92%", "2010-03-31": "75.60%", "2009-12-31": "75.00%", "2009-09-30": "74.92%", "2009-06-30": "74.92%", "2009-03-31": "74.58%", "2008-12-31": "74.01%", "2008-09-30": "73.93%", "2008-06-30": "73.91%", "2008-03-31": "73.31%", "2007-12-31": "72.98%", "2007-09-30": "72.28%", "2007-06-30": "70.20%", "2007-03-31": "69.23%", "2006-12-31": "68.93%", "2006-09-30": "68.32%", "2006-06-30": "69.61%", "2006-03-31": "69.27%", "2005-12-31": "69.08%"}, "operating margin": {"2020-12-31": "15.66%", "2020-09-30": "14.21%", "2020-06-30": "12.73%", "2020-03-31": "21.75%", "2019-12-31": "22.52%", "2019-09-30": "22.30%", "2019-06-30": "23.25%", "2019-03-31": "21.94%", "2018-12-31": "23.70%", "2018-09-30": "24.61%", "2018-06-30": "24.81%", "2018-03-31": "24.45%", "2017-12-31": "24.12%", "2017-09-30": "23.29%", "2017-06-30": "22.29%", "2017-03-31": "22.33%", "2016-12-31": "22.96%", "2016-09-30": "23.50%", "2016-06-30": "22.73%", "2016-03-31": "21.67%", "2015-12-31": "22.25%", "2015-09-30": "22.11%", "2015-06-30": "24.37%", "2015-03-31": "25.77%", "2014-12-31": "25.43%", "2014-09-30": "26.42%", "2014-06-30": "25.80%", "2014-03-31": "25.29%", "2013-12-31": "14.22%", "2013-09-30": "9.27%", "2013-06-30": "3.69%", "2013-03-31": "3.45%", "2012-12-31": "15.36%", "2012-09-30": "17.40%", "2012-06-30": "21.64%", "2012-03-31": "19.02%", "2011-12-31": "18.75%", "2011-09-30": "17.79%", "2011-06-30": "18.12%", "2011-03-31": "25.62%", "2010-12-31": "26.61%", "2010-09-30": "27.03%", "2010-06-30": "5.77%", "2010-03-31": "-5.42%", "2009-12-31": "-10.90%", "2009-09-30": "-16.05%", "2009-06-30": "6.10%", "2009-03-31": "5.35%", "2008-12-31": "5.26%", "2008-09-30": "6.60%", "2008-06-30": "7.36%", "2008-03-31": "10.47%", "2007-12-31": "11.58%", "2007-09-30": "3.75%", "2007-06-30": "-3.67%", "2007-03-31": "-11.31%", "2006-12-31": "-17.96%", "2006-09-30": "-8.91%", "2006-06-30": "-4.41%", "2006-03-31": "-2.44%", "2005-12-31": "0.97%"}, "ebitda margin": {"2020-09-30": "18.23%", "2020-06-30": "16.76%", "2020-03-31": "25.20%", "2019-12-31": "25.84%", "2019-09-30": "25.58%", "2019-06-30": "26.40%", "2019-03-31": "24.88%", "2018-12-31": "26.50%", "2018-09-30": "27.25%", "2018-06-30": "27.41%", "2018-03-31": "27.02%", "2017-12-31": "26.63%", "2017-09-30": "25.82%", "2017-06-30": "24.80%", "2017-03-31": "24.76%", "2016-12-31": "25.28%", "2016-09-30": "25.66%", "2016-06-30": "24.84%", "2016-03-31": "23.93%", "2015-12-31": "24.50%", "2015-09-30": "24.45%", "2015-06-30": "26.63%", "2015-03-31": "27.95%", "2014-12-31": "27.79%", "2014-09-30": "28.71%", "2014-06-30": "28.17%", "2014-03-31": "27.76%", "2013-12-31": "16.79%", "2013-09-30": "12.14%", "2013-06-30": "6.70%", "2013-03-31": "6.56%", "2012-12-31": "18.39%", "2012-09-30": "20.51%", "2012-06-30": "25.00%", "2012-03-31": "22.55%", "2011-12-31": "22.50%", "2011-09-30": "21.40%", "2011-06-30": "21.50%", "2011-03-31": "29.10%", "2010-12-31": "30.23%", "2010-09-30": "31.76%", "2010-06-30": "11.26%", "2010-03-31": "0.30%", "2009-12-31": "-5.13%", "2009-09-30": "-11.04%", "2009-06-30": "10.51%", "2009-03-31": "9.70%", "2008-12-31": "9.54%", "2008-09-30": "10.56%", "2008-06-30": "11.71%", "2008-03-31": "15.20%", "2007-12-31": "16.49%", "2007-09-30": "8.99%", "2007-06-30": "1.22%", "2007-03-31": "-6.79%", "2006-12-31": "-13.59%", "2006-09-30": "-4.95%", "2006-06-30": "0.00%", "2006-03-31": "2.44%", "2005-12-31": "6.28%"}, "pre tax profit margin": {"2020-12-31": "15.37%", "2020-09-30": "14.04%", "2020-06-30": "12.22%", "2020-03-31": "22.04%", "2019-12-31": "23.39%", "2019-09-30": "23.09%", "2019-06-30": "24.12%", "2019-03-31": "21.75%", "2018-12-31": "23.80%", "2018-09-30": "24.72%", "2018-06-30": "25.04%", "2018-03-31": "25.20%", "2017-12-31": "24.80%", "2017-09-30": "23.36%", "2017-06-30": "22.21%", "2017-03-31": "21.98%", "2016-12-31": "22.50%", "2016-09-30": "23.80%", "2016-06-30": "22.62%", "2016-03-31": "21.56%", "2015-12-31": "21.89%", "2015-09-30": "21.50%", "2015-06-30": "23.74%", "2015-03-31": "25.13%", "2014-12-31": "25.03%", "2014-09-30": "26.15%", "2014-06-30": "25.94%", "2014-03-31": "25.44%", "2013-12-31": "14.22%", "2013-09-30": "9.11%", "2013-06-30": "3.18%", "2013-03-31": "3.11%", "2012-12-31": "15.00%", "2012-09-30": "17.22%", "2012-06-30": "21.64%", "2012-03-31": "18.63%", "2011-12-31": "18.54%", "2011-09-30": "17.57%", "2011-06-30": "17.87%", "2011-03-31": "25.87%", "2010-12-31": "26.61%", "2010-09-30": "26.77%", "2010-06-30": "5.49%", "2010-03-31": "-5.72%", "2009-12-31": "-10.90%", "2009-09-30": "-15.72%", "2009-06-30": "6.44%", "2009-03-31": "5.35%", "2008-12-31": "5.59%", "2008-09-30": "7.26%", "2008-06-30": "8.70%", "2008-03-31": "12.16%", "2007-12-31": "12.98%", "2007-09-30": "5.24%", "2007-06-30": "-2.45%", "2007-03-31": "-9.95%", "2006-12-31": "-16.50%", "2006-09-30": "-7.92%", "2006-06-30": "-3.43%", "2006-03-31": "-1.95%", "2005-12-31": "1.45%"}, "net profit margin": {"2020-12-31": "71.80%", "2020-09-30": "75.95%", "2020-06-30": "78.75%", "2020-03-31": "78.41%", "2019-12-31": "18.40%", "2019-09-30": "18.29%", "2019-06-30": "19.05%", "2019-03-31": "18.09%", "2018-12-31": "20.35%", "2018-09-30": "16.89%", "2018-06-30": "17.02%", "2018-03-31": "16.14%", "2017-12-31": "15.69%", "2017-09-30": "20.01%", "2017-06-30": "19.14%", "2017-03-31": "18.94%", "2016-12-31": "17.59%", "2016-09-30": "18.78%", "2016-06-30": "17.76%", "2016-03-31": "16.82%", "2015-12-31": "17.04%", "2015-09-30": "16.58%", "2015-06-30": "18.22%", "2015-03-31": "19.23%", "2014-12-31": "19.13%", "2014-09-30": "19.95%", "2014-06-30": "20.22%", "2014-03-31": "20.06%", "2013-12-31": "9.68%", "2013-09-30": "5.11%", "2013-06-30": "-0.50%", "2013-03-31": "-0.69%", "2012-12-31": "10.54%", "2012-09-30": "12.64%", "2012-06-30": "16.42%", "2012-03-31": "13.92%", "2011-12-31": "13.75%", "2011-09-30": "12.61%", "2011-06-30": "13.04%", "2011-03-31": "18.91%", "2010-12-31": "19.38%", "2010-09-30": "19.95%", "2010-06-30": "2.47%", "2010-03-31": "-5.72%", "2009-12-31": "-9.94%", "2009-09-30": "7.69%", "2009-06-30": "26.44%", "2009-03-31": "25.75%", "2008-12-31": "25.99%", "2008-09-30": "6.60%", "2008-06-30": "8.03%", "2008-03-31": "11.49%", "2007-12-31": "12.63%", "2007-09-30": "4.87%", "2007-06-30": "-2.45%", "2007-03-31": "-10.41%", "2006-12-31": "-16.99%", "2006-09-30": "-8.42%", "2006-06-30": "-4.41%", "2006-03-31": "-2.44%", "2005-12-31": "0.97%"}, "pe ratio": {"current": "27.64", "2021-02-05": "30.34", "2020-12-31": "26.13", "2020-09-30": "14.89", "2020-06-30": "12.76", "2020-03-31": "7.29", "2019-12-31": "50.46", "2019-09-30": "34.79", "2019-06-30": "53.04", "2019-03-31": "61.41", "2018-12-31": "42.65", "2018-09-30": "101.88", "2018-06-30": "94.78", "2018-03-31": "79.47", "2017-12-31": "78.24", "2017-09-30": "56.45", "2017-06-30": "51.41", "2017-03-31": "42.64", "2016-12-31": "41.08", "2016-09-30": "39.89", "2016-06-30": "39.10", "2016-03-31": "39.72", "2015-12-31": "37.20", "2015-09-30": "34.40", "2015-06-30": "35.23", "2015-03-31": "29.55", "2014-12-31": "31.59", "2014-09-30": "28.71", "2014-06-30": "32.02", "2014-03-31": "30.83", "2013-12-31": "74.21", "2013-09-30": "126.58", "2013-06-30": "148.16", "2013-03-31": "145.70", "2012-12-31": "27.48", "2012-09-30": "32.43", "2012-06-30": "30.70", "2012-03-31": "30.96", "2011-12-31": "28.58", "2011-09-30": "21.37", "2011-06-30": "33.04", "2011-03-31": "21.11", "2010-12-31": "20.35", "2010-09-30": "19.98", "2010-06-30": "371.75", "2010-03-31": "0.00", "2009-12-31": "0.00", "2009-09-30": "38.43", "2009-06-30": "9.06", "2009-03-31": "6.84", "2008-12-31": "7.35", "2008-09-30": "37.34", "2008-06-30": "30.85", "2008-03-31": "23.64", "2007-12-31": "33.36", "2007-09-30": "168.87", "2007-06-30": "0.00", "2007-03-31": "0.00", "2006-12-31": "0.00"}, "price sales": {"2021-02-05": "19.88", "2020-12-31": "17.12", "2020-09-30": "11.35", "2020-06-30": "10.10", "2020-03-31": "5.77", "2019-12-31": "9.31", "2019-09-30": "6.36", "2019-06-30": "10.13", "2019-03-31": "11.11", "2018-12-31": "8.67", "2018-09-30": "17.21", "2018-06-30": "16.12", "2018-03-31": "12.83", "2017-12-31": "12.32", "2017-09-30": "11.30", "2017-06-30": "9.88", "2017-03-31": "8.11", "2016-12-31": "7.25", "2016-09-30": "7.50", "2016-06-30": "6.92", "2016-03-31": "6.67", "2015-12-31": "6.34", "2015-09-30": "5.69", "2015-06-30": "6.45", "2015-03-31": "5.67", "2014-12-31": "6.05", "2014-09-30": "5.75", "2014-06-30": "6.45", "2014-03-31": "6.21", "2013-12-31": "7.10", "2013-09-30": "6.32", "2013-06-30": "5.09", "2013-03-31": "4.76", "2012-12-31": "4.08", "2012-09-30": "5.53", "2012-06-30": "5.09", "2012-03-31": "4.36", "2011-12-31": "3.96", "2011-09-30": "2.72", "2011-06-30": "4.36", "2011-03-31": "3.99", "2010-12-31": "3.93", "2010-09-30": "3.89", "2010-06-30": "3.00", "2010-03-31": "4.13", "2009-12-31": "3.89", "2009-09-30": "3.22", "2009-06-30": "2.42", "2009-03-31": "1.81", "2008-12-31": "2.00", "2008-09-30": "2.51", "2008-06-30": "2.50", "2008-03-31": "2.69", "2007-12-31": "4.17", "2007-09-30": "6.57", "2007-06-30": "6.63", "2007-03-31": "4.65", "2006-12-31": "4.26"}, "price book": {"current": "15.13", "2021-02-05": "16.13", "2020-09-30": "8.51", "2020-06-30": "7.60", "2020-03-31": "4.80", "2019-12-31": "16.26", "2019-09-30": "10.92", "2019-06-30": "15.91", "2019-03-31": "18.11", "2018-12-31": "13.34", "2018-09-30": "26.23", "2018-06-30": "22.54", "2018-03-31": "17.85", "2017-12-31": "15.41", "2017-09-30": "12.64", "2017-06-30": "11.16", "2017-03-31": "8.82", "2016-12-31": "7.68", "2016-09-30": "7.70", "2016-06-30": "7.07", "2016-03-31": "6.53", "2015-12-31": "6.17", "2015-09-30": "5.66", "2015-06-30": "6.52", "2015-03-31": "5.47", "2014-12-31": "5.96", "2014-09-30": "5.76", "2014-06-30": "6.70", "2014-03-31": "6.07", "2013-12-31": "7.26", "2013-09-30": "6.69", "2013-06-30": "5.67", "2013-03-31": "4.88", "2012-12-31": "3.85", "2012-09-30": "5.02", "2012-06-30": "4.61", "2012-03-31": "4.20", "2011-12-31": "3.81", "2011-09-30": "2.61", "2011-06-30": "4.15", "2011-03-31": "3.93", "2010-12-31": "3.95", "2010-09-30": "4.15", "2010-06-30": "3.37", "2010-03-31": "4.93", "2009-12-31": "4.87", "2009-09-30": "4.10", "2009-06-30": "2.96", "2009-03-31": "2.30", "2008-12-31": "2.63", "2008-09-30": "4.55", "2008-06-30": "4.45", "2008-03-31": "4.37", "2007-12-31": "7.10", "2007-09-30": "11.51", "2007-06-30": "12.65", "2007-03-31": "10.55", "2006-12-31": "10.84", "2006-09-30": "7.98", "2006-06-30": "4.81", "2006-03-31": "6.00"}, "price fcf": {"2021-02-05": "", "2020-09-30": "$4.44", "2020-06-30": "$4.67", "2020-03-31": "$5.99", "2019-12-31": "$7.46", "2019-09-30": "$7.58", "2019-06-30": "$5.48", "2019-03-31": "$4.85", "2018-12-31": "$4.07", "2018-09-30": "$2.91", "2018-06-30": "$3.24", "2018-03-31": "$3.36", "2017-12-31": "$2.97", "2017-09-30": "$2.65", "2017-06-30": "$2.32", "2017-03-31": "$1.90", "2016-12-31": "$2.17", "2016-09-30": "$2.11", "2016-06-30": "$2.21", "2016-03-31": "$2.15", "2015-12-31": "$2.26", "2015-09-30": "$2.28", "2015-06-30": "$2.41", "2015-03-31": "$2.55", "2014-12-31": "$2.46", "2014-09-30": "$2.44", "2014-06-30": "$2.30", "2014-03-31": "$2.11", "2013-12-31": "$2.02", "2013-09-30": "$1.78", "2013-06-30": "$1.61", "2013-03-31": "$1.27", "2012-12-31": "$1.15", "2012-09-30": "$1.11", "2012-06-30": "$0.97", "2012-03-31": "$1.00", "2011-12-31": "$1.25", "2011-09-30": "$1.10", "2011-06-30": "$1.23", "2011-03-31": "$1.43", "2010-12-31": "$1.43", "2010-09-30": "$1.54", "2010-06-30": "$1.26", "2010-03-31": "$1.02", "2009-12-31": "$0.97", "2009-09-30": "$0.62", "2009-06-30": "$0.70", "2009-03-31": "$0.53", "2008-12-31": "$0.38", "2008-09-30": "$0.50", "2008-06-30": "$0.55", "2008-03-31": "$0.62", "2007-12-31": "$0.63", "2007-09-30": "$0.21", "2007-06-30": "$-0.06", "2007-03-31": "$-0.27", "2006-12-31": "$-0.37"}, "net worth": {"value": "$48.92B"}, "current ratio": {"2020-12-31": "1.40", "2020-09-30": "1.31", "2020-06-30": "1.22", "2020-03-31": "1.73", "2019-12-31": "1.68", "2019-09-30": "1.73", "2019-06-30": "1.85", "2019-03-31": "1.79", "2018-12-31": "1.88", "2018-09-30": "1.98", "2018-06-30": "2.23", "2018-03-31": "2.26", "2017-12-31": "2.32", "2017-09-30": "2.39", "2017-06-30": "2.36", "2017-03-31": "2.51", "2016-12-31": "2.69", "2016-09-30": "2.66", "2016-06-30": "2.76", "2016-03-31": "2.85", "2015-12-31": "2.69", "2015-09-30": "2.91", "2015-06-30": "2.95", "2015-03-31": "3.28", "2014-12-31": "3.26", "2014-09-30": "3.10", "2014-06-30": "2.96", "2014-03-31": "3.23", "2013-12-31": "3.11", "2013-09-30": "2.95", "2013-06-30": "2.75", "2013-03-31": "3.67", "2012-12-31": "3.12", "2012-09-30": "3.19", "2012-06-30": "3.03", "2012-03-31": "2.84", "2011-12-31": "2.60", "2011-09-30": "2.72", "2011-06-30": "2.62", "2011-03-31": "4.75", "2010-12-31": "4.18", "2010-09-30": "4.47", "2010-06-30": "4.49", "2010-03-31": "3.73", "2009-12-31": "3.22", "2009-09-30": "3.26", "2009-06-30": "3.06", "2009-03-31": "3.15", "2008-12-31": "2.94", "2008-09-30": "3.06", "2008-06-30": "3.02", "2008-03-31": "3.54", "2007-12-31": "3.00", "2007-09-30": "2.99", "2007-06-30": "2.57", "2007-03-31": "1.99", "2006-12-31": "1.60", "2006-09-30": "1.91", "2006-06-30": "2.51", "2006-03-31": "2.34", "2005-12-31": "2.30", "2005-09-30": "2.23", "2005-06-30": "2.24", "2005-03-31": "2.42"}, "quick ratio": {"2020-12-31": "1.29", "2020-09-30": "1.20", "2020-06-30": "1.08", "2020-03-31": "1.60", "2019-12-31": "1.57", "2019-09-30": "1.62", "2019-06-30": "1.74", "2019-03-31": "1.70", "2018-12-31": "1.80", "2018-09-30": "1.90", "2018-06-30": "2.14", "2018-03-31": "2.19", "2017-12-31": "2.25", "2017-09-30": "2.31", "2017-06-30": "2.28", "2017-03-31": "2.42", "2016-12-31": "2.61", "2016-09-30": "2.58", "2016-06-30": "2.68", "2016-03-31": "2.77", "2015-12-31": "2.62", "2015-09-30": "2.83", "2015-06-30": "2.88", "2015-03-31": "3.20", "2014-12-31": "3.18", "2014-09-30": "3.02", "2014-06-30": "2.89", "2014-03-31": "3.14", "2013-12-31": "3.03", "2013-09-30": "2.86", "2013-06-30": "2.65", "2013-03-31": "3.56", "2012-12-31": "3.02", "2012-09-30": "3.09", "2012-06-30": "2.92", "2012-03-31": "2.74", "2011-12-31": "2.54", "2011-09-30": "2.65", "2011-06-30": "2.56", "2011-03-31": "4.72", "2010-12-31": "4.15", "2010-09-30": "4.44", "2010-06-30": "4.45", "2010-03-31": "3.70", "2009-12-31": "3.19", "2009-09-30": "3.23", "2009-06-30": "3.03", "2009-03-31": "3.11", "2008-12-31": "2.91", "2008-09-30": "3.01", "2008-06-30": "2.96", "2008-03-31": "3.49", "2007-12-31": "2.96", "2007-09-30": "2.92", "2007-06-30": "2.51", "2007-03-31": "1.93", "2006-12-31": "1.55", "2006-09-30": "1.87", "2006-06-30": "2.45", "2006-03-31": "2.27", "2005-12-31": "2.24", "2005-09-30": "2.16", "2005-06-30": "2.18", "2005-03-31": "2.35"}, "debt equity ratio": {"current": "0.00", "2020-12-31": "0.49", "2020-09-30": "0.46", "2020-06-30": "0.42", "2020-03-31": "0.39", "2019-12-31": "0.86", "2019-09-30": "0.80", "2019-06-30": "0.71", "2019-03-31": "0.78", "2018-12-31": "0.64", "2018-09-30": "0.62", "2018-06-30": "0.57", "2018-03-31": "0.58", "2017-12-31": "0.55", "2017-09-30": "0.44", "2017-06-30": "0.44", "2017-03-31": "0.40", "2016-12-31": "0.40", "2016-09-30": "0.40", "2016-06-30": "0.38", "2016-03-31": "0.35", "2015-12-31": "0.37", "2015-09-30": "0.35", "2015-06-30": "0.34", "2015-03-31": "0.30", "2014-12-31": "0.31", "2014-09-30": "0.31", "2014-06-30": "0.31", "2014-03-31": "0.27", "2013-12-31": "0.31", "2013-09-30": "0.32", "2013-06-30": "0.35", "2013-03-31": "0.29", "2012-12-31": "0.30", "2012-09-30": "0.28", "2012-06-30": "0.27", "2012-03-31": "0.28", "2011-12-31": "0.32", "2011-09-30": "0.28", "2011-06-30": "0.27", "2011-03-31": "0.24", "2010-12-31": "0.26", "2010-09-30": "0.24", "2010-06-30": "0.22", "2010-03-31": "0.26", "2009-12-31": "0.30", "2009-09-30": "0.28", "2009-06-30": "0.29", "2009-03-31": "0.27", "2008-12-31": "0.28", "2008-09-30": "0.36", "2008-06-30": "0.36", "2008-03-31": "0.31", "2007-12-31": "0.38", "2007-09-30": "0.37", "2007-06-30": "0.42", "2007-03-31": "0.59", "2006-12-31": "0.81", "2006-09-30": "0.74", "2006-06-30": "0.47", "2006-03-31": "0.51", "2005-12-31": "0.52", "2005-09-30": "0.57", "2005-06-30": "0.58", "2005-03-31": "0.51"}, "return on equity": {"2020-12-31": "59.34%", "2020-09-30": "68.95%", "2020-06-30": "81.49%", "2020-03-31": "109.84%", "2019-12-31": "33.55%", "2019-09-30": "32.30%", "2019-06-30": "32.86%", "2019-03-31": "30.56%", "2018-12-31": "33.39%", "2018-09-30": "26.68%", "2018-06-30": "25.20%", "2018-03-31": "22.73%", "2017-12-31": "20.72%", "2017-09-30": "25.02%", "2017-06-30": "23.18%", "2017-03-31": "22.23%", "2016-12-31": "20.16%", "2016-09-30": "21.09%", "2016-06-30": "19.49%", "2016-03-31": "18.02%", "2015-12-31": "17.94%", "2015-09-30": "17.34%", "2015-06-30": "19.09%", "2015-03-31": "20.37%", "2014-12-31": "20.51%", "2014-09-30": "21.69%", "2014-06-30": "22.45%", "2014-03-31": "22.74%", "2013-12-31": "11.17%", "2013-09-30": "5.72%", "2013-06-30": "-0.53%", "2013-03-31": "-0.69%", "2012-12-31": "10.30%", "2012-09-30": "12.53%", "2012-06-30": "17.11%", "2012-03-31": "14.94%", "2011-12-31": "14.83%", "2011-09-30": "13.44%", "2011-06-30": "13.77%", "2011-03-31": "20.64%", "2010-12-31": "21.95%", "2010-09-30": "24.09%", "2010-06-30": "3.10%", "2010-03-31": "-7.14%", "2009-12-31": "-12.44%", "2009-09-30": "9.76%", "2009-06-30": "36.92%", "2009-03-31": "40.21%", "2008-12-31": "44.20%", "2008-09-30": "12.18%", "2008-06-30": "14.81%", "2008-03-31": "22.04%", "2007-12-31": "26.72%", "2007-09-30": "11.26%", "2007-06-30": "-5.99%", "2007-03-31": "-24.86%", "2006-12-31": "-38.15%", "2006-09-30": "-18.09%", "2006-06-30": "-9.52%", "2006-03-31": "-5.36%", "2005-12-31": "2.17%"}, "return on assets": {"2020-12-31": "41.19%", "2020-09-30": "46.61%", "2020-06-30": "52.98%", "2020-03-31": "67.69%", "2019-12-31": "18.79%", "2019-09-30": "18.66%", "2019-06-30": "19.49%", "2019-03-31": "18.50%", "2018-12-31": "20.83%", "2018-09-30": "16.89%", "2018-06-30": "16.43%", "2018-03-31": "15.14%", "2017-12-31": "14.23%", "2017-09-30": "17.63%", "2017-06-30": "16.44%", "2017-03-31": "15.96%", "2016-12-31": "14.58%", "2016-09-30": "15.35%", "2016-06-30": "14.30%", "2016-03-31": "13.32%", "2015-12-31": "13.41%", "2015-09-30": "13.09%", "2015-06-30": "14.53%", "2015-03-31": "15.59%", "2014-12-31": "15.75%", "2014-09-30": "16.67%", "2014-06-30": "17.25%", "2014-03-31": "17.35%", "2013-12-31": "8.47%", "2013-09-30": "4.35%", "2013-06-30": "-0.41%", "2013-03-31": "-0.53%", "2012-12-31": "8.03%", "2012-09-30": "9.75%", "2012-06-30": "13.29%", "2012-03-31": "11.58%", "2011-12-31": "11.58%", "2011-09-30": "10.63%", "2011-06-30": "10.99%", "2011-03-31": "16.63%", "2010-12-31": "17.60%", "2010-09-30": "19.20%", "2010-06-30": "2.45%", "2010-03-31": "-5.56%", "2009-12-31": "-9.66%", "2009-09-30": "7.62%", "2009-06-30": "28.55%", "2009-03-31": "30.74%", "2008-12-31": "33.47%", "2008-09-30": "9.01%", "2008-06-30": "10.93%", "2008-03-31": "16.13%", "2007-12-31": "18.73%", "2007-09-30": "7.45%", "2007-06-30": "-3.70%", "2007-03-31": "-15.13%", "2006-12-31": "-23.49%", "2006-09-30": "-11.60%", "2006-06-30": "-6.27%", "2006-03-31": "-3.47%", "2005-12-31": "1.41%"}, "return on investments": {"2020-12-31": "inf%", "2020-09-30": "inf%", "2020-06-30": "inf%", "2020-03-31": "inf%", "2019-12-31": "inf%", "2019-09-30": "inf%", "2019-06-30": "inf%", "2019-03-31": "inf%", "2018-12-31": "inf%", "2018-09-30": "inf%", "2018-06-30": "inf%", "2018-03-31": "inf%", "2017-12-31": "inf%", "2017-09-30": "inf%", "2017-06-30": "inf%", "2017-03-31": "inf%", "2016-12-31": "inf%", "2016-09-30": "inf%", "2016-06-30": "inf%", "2016-03-31": "inf%", "2015-12-31": "inf%", "2015-09-30": "inf%", "2015-06-30": "inf%", "2015-03-31": "inf%", "2014-12-31": "inf%", "2014-09-30": "inf%", "2014-06-30": "inf%", "2014-03-31": "inf%", "2013-12-31": "inf%", "2013-09-30": "inf%", "2013-06-30": "inf%", "2013-03-31": "inf%", "2012-12-31": "inf%", "2012-09-30": "inf%", "2012-06-30": "inf%", "2012-03-31": "inf%", "2011-12-31": "inf%", "2011-09-30": "inf%", "2011-06-30": "inf%", "2011-03-31": "inf%", "2010-12-31": "inf%", "2010-09-30": "inf%", "2010-06-30": "inf%", "2010-03-31": "inf%", "2009-12-31": "inf%", "2009-09-30": "inf%", "2009-06-30": "inf%", "2009-03-31": "inf%", "2008-12-31": "inf%", "2008-09-30": "inf%", "2008-06-30": "inf%", "2008-03-31": "inf%", "2007-12-31": "inf%", "2007-09-30": "inf%", "2007-06-30": "inf%", "2007-03-31": "inf%", "2006-12-31": "inf%", "2006-09-30": "inf%", "2006-06-30": "inf%", "2006-03-31": "inf%", "2005-12-31": "inf%"}, "return on tangible equity": {"2020-09-30": "78.70%", "2020-06-30": "89.76%", "2020-03-31": "114.96%", "2019-12-31": "35.66%", "2019-09-30": "34.41%", "2019-06-30": "35.12%", "2019-03-31": "32.77%", "2018-12-31": "35.92%", "2018-09-30": "28.79%", "2018-06-30": "27.25%", "2018-03-31": "24.67%", "2017-12-31": "22.56%", "2017-09-30": "27.28%", "2017-06-30": "25.34%", "2017-03-31": "24.36%", "2016-12-31": "22.09%", "2016-09-30": "23.17%", "2016-06-30": "21.49%", "2016-03-31": "19.93%", "2015-12-31": "19.94%", "2015-09-30": "19.35%", "2015-06-30": "21.39%", "2015-03-31": "22.94%", "2014-12-31": "23.22%", "2014-09-30": "24.74%", "2014-06-30": "25.86%", "2014-03-31": "26.47%", "2013-12-31": "13.13%", "2013-09-30": "6.97%", "2013-06-30": "-0.67%", "2013-03-31": "-0.91%", "2012-12-31": "14.56%", "2012-09-30": "18.52%", "2012-06-30": "26.73%", "2012-03-31": "24.57%", "2011-12-31": "21.67%", "2011-09-30": "17.39%", "2011-06-30": "15.73%", "2011-03-31": "20.81%", "2010-12-31": "22.17%", "2010-09-30": "24.40%", "2010-06-30": "3.15%", "2010-03-31": "-7.29%", "2009-12-31": "-12.77%", "2009-09-30": "10.08%", "2009-06-30": "38.42%", "2009-03-31": "42.13%", "2008-12-31": "46.61%", "2008-09-30": "12.94%", "2008-06-30": "15.84%", "2008-03-31": "23.78%", "2007-12-31": "29.33%", "2007-09-30": "12.68%", "2007-06-30": "-6.67%", "2007-03-31": "-27.06%", "2006-12-31": "-40.11%", "2006-09-30": "-18.28%", "2006-06-30": "-9.63%", "2006-03-31": "-5.42%", "2005-12-31": "2.20%"}, "dividend yield history": {"last payout": "$0.00", "last yield": "0.00%"}}