{"ticker": "ALK", "price": {"title": "Alaska Air Historical Annual Stock Price Data", "value": 57.69, "historical": {"2021": {"Average Stock Price": "52.7975", "Year Open": "49.2400", "Year High": "57.6900", "Year Low": "48.8300", "Year Close": "57.6900", "Annual % Change": "10.94%"}, "2020": {"Average Stock Price": "42.2858", "Year Open": "68.1700", "Year High": "68.1700", "Year Low": "23.5600", "Year Close": "52.0000", "Annual % Change": "-23.25%"}, "2019": {"Average Stock Price": "63.3329", "Year Open": "61.5200", "Year High": "71.9100", "Year Low": "53.6000", "Year Close": "67.7500", "Annual % Change": "11.34%"}, "2018": {"Average Stock Price": "64.4144", "Year Open": "75.0100", "Year High": "75.0100", "Year Low": "57.5800", "Year Close": "60.8500", "Annual % Change": "-17.22%"}, "2017": {"Average Stock Price": "83.7441", "Year Open": "88.0000", "Year High": "100.2400", "Year Low": "61.6800", "Year Close": "73.5100", "Annual % Change": "-17.15%"}, "2016": {"Average Stock Price": "71.8277", "Year Open": "78.4000", "Year High": "91.5600", "Year Low": "55.6600", "Year Close": "88.7300", "Annual % Change": "10.21%"}, "2015": {"Average Stock Price": "71.3325", "Year Open": "60.3300", "Year High": "86.3300", "Year Low": "58.7700", "Year Close": "80.5100", "Annual % Change": "34.72%"}, "2014": {"Average Stock Price": "47.1032", "Year Open": "36.5900", "Year High": "59.7700", "Year Low": "36.5900", "Year Close": "59.7600", "Annual % Change": "62.90%"}, "2013": {"Average Stock Price": "30.2189", "Year Open": "21.9700", "Year High": "39.0950", "Year Low": "21.9700", "Year Close": "36.6850", "Annual % Change": "70.27%"}, "2012": {"Average Stock Price": "18.2598", "Year Open": "18.4875", "Year High": "22.4600", "Year Low": "16.1000", "Year Close": "21.5450", "Annual % Change": "14.77%"}, "2011": {"Average Stock Price": "15.7877", "Year Open": "14.4700", "Year High": "19.1275", "Year Low": "12.8300", "Year Close": "18.7725", "Annual % Change": "32.46%"}, "2010": {"Average Stock Price": "11.5463", "Year Open": "8.7175", "Year High": "14.7650", "Year Low": "7.8350", "Year Close": "14.1725", "Annual % Change": "64.03%"}, "2009": {"Average Stock Price": "5.9051", "Year Open": "7.3975", "Year High": "9.0350", "Year Low": "3.4850", "Year Close": "8.6400", "Annual % Change": "18.15%"}, "2008": {"Average Stock Price": "5.3600", "Year Open": "5.9125", "Year High": "7.3125", "Year Low": "2.7000", "Year Close": "7.3125", "Annual % Change": "16.95%"}, "2007": {"Average Stock Price": "7.5938", "Year Open": "10.2525", "Year High": "11.1175", "Year Low": "5.4500", "Year Close": "6.2525", "Annual % Change": "-36.68%"}, "2006": {"Average Stock Price": "9.2444", "Year Open": "8.8125", "Year High": "11.1400", "Year Low": "7.5125", "Year Close": "9.8750", "Annual % Change": "10.58%"}, "2005": {"Average Stock Price": "7.7801", "Year Open": "8.2000", "Year High": "9.3400", "Year Low": "6.6425", "Year Close": "8.9300", "Annual % Change": "6.66%"}, "2004": {"Average Stock Price": "6.2470", "Year Open": "6.9500", "Year High": "8.3725", "Year Low": "4.7200", "Year Close": "8.3725", "Annual % Change": "22.72%"}, "2003": {"Average Stock Price": "5.7455", "Year Open": "5.5200", "Year High": "7.9175", "Year Low": "3.9150", "Year Close": "6.8225", "Annual % Change": "26.05%"}, "2002": {"Average Stock Price": "6.4209", "Year Open": "7.2425", "Year High": "8.4325", "Year Low": "3.5275", "Year Close": "5.4125", "Annual % Change": "-25.60%"}, "2001": {"Average Stock Price": "7.0160", "Year Open": "7.3900", "Year High": "8.5000", "Year Low": "4.4250", "Year Close": "7.2750", "Annual % Change": "-2.18%"}, "2000": {"Average Stock Price": "7.0003", "Year Open": "8.7500", "Year High": "9.0150", "Year Low": "5.1875", "Year Close": "7.4375", "Annual % Change": "-15.31%"}, "1999": {"Average Stock Price": "10.8913", "Year Open": "10.8600", "Year High": "13.4850", "Year Low": "8.3900", "Year Close": "8.7825", "Annual % Change": "-20.61%"}, "1998": {"Average Stock Price": "11.5042", "Year Open": "9.5950", "Year High": "15.6250", "Year Low": "7.0000", "Year Close": "11.0625", "Annual % Change": "14.19%"}, "1997": {"Average Stock Price": "7.0010", "Year Open": "5.2825", "Year High": "10.0150", "Year Low": "5.2200", "Year Close": "9.6875", "Annual % Change": "84.52%"}, "1996": {"Average Stock Price": "5.8677", "Year Open": "4.0300", "Year High": "7.5000", "Year Low": "4.0300", "Year Close": "5.2500", "Annual % Change": "29.23%"}, "1995": {"Average Stock Price": "4.1444", "Year Open": "3.7200", "Year High": "5.1875", "Year Low": "3.4075", "Year Close": "4.0625", "Annual % Change": "8.33%"}, "1994": {"Average Stock Price": "4.0063", "Year Open": "3.5325", "Year High": "4.6575", "Year Low": "3.3750", "Year Close": "3.7500", "Annual % Change": "6.16%"}, "1993": {"Average Stock Price": "3.8332", "Year Open": "4.1875", "Year High": "4.5000", "Year Low": "3.0950", "Year Close": "3.5325", "Annual % Change": "-14.36%"}, "1992": {"Average Stock Price": "4.6827", "Year Open": "5.4375", "Year High": "5.8125", "Year Low": "3.7200", "Year Close": "4.1250", "Annual % Change": "-24.14%"}, "1991": {"Average Stock Price": "5.4912", "Year Open": "4.4700", "Year High": "6.3450", "Year Low": "4.4700", "Year Close": "5.4375", "Annual % Change": "24.29%"}, "1990": {"Average Stock Price": "5.0460", "Year Open": "5.3450", "Year High": "6.5000", "Year Low": "3.5950", "Year Close": "4.3750", "Annual % Change": "-15.13%"}, "1989": {"Average Stock Price": "6.3010", "Year Open": "5.0625", "Year High": "7.5625", "Year Low": "4.9700", "Year Close": "5.1550", "Annual % Change": "3.10%"}, "1988": {"Average Stock Price": "4.5951", "Year Open": "3.5000", "Year High": "5.5950", "Year Low": "3.4700", "Year Close": "5.0000", "Annual % Change": "48.15%"}, "1987": {"Average Stock Price": "5.1252", "Year Open": "5.0625", "Year High": "6.8125", "Year Low": "3.1875", "Year Close": "3.3750", "Annual % Change": "-32.50%"}, "1986": {"Average Stock Price": "4.6200", "Year Open": "4.0300", "Year High": "5.6550", "Year Low": "3.6250", "Year Close": "5.0000", "Annual % Change": "24.07%"}, "1985": {"Average Stock Price": "5.1358", "Year Open": "3.7200", "Year High": "6.5000", "Year Low": "3.6550", "Year Close": "4.0300", "Annual % Change": "6.61%"}, "1984": {"Average Stock Price": "3.2173", "Year Open": "3.4375", "Year High": "4.1250", "Year Low": "2.3125", "Year Close": "3.7800", "Annual % Change": "7.08%"}}}, "market cap": {"value": "$6.89B"}, "income statement": {"Revenue": {"2020-12-31": "3566.00000", "2019-12-31": "8781.00000", "2018-12-31": "8264.00000", "2017-12-31": "7894.00000", "2016-12-31": "5925.00000", "2015-12-31": "5598.00000", "2014-12-31": "5368.00000", "2013-12-31": "5156.00000", "2012-12-31": "4657.00000", "2011-12-31": "4318.00000", "2010-12-31": "3832.00000", "2009-12-31": "3399.80000", "2008-12-31": "3662.60000", "2007-12-31": "3506.00000", "2006-12-31": "3334.40000", "2005-12-31": "2975.30000"}, "Cost Of Goods Sold": {"2020-12-31": "", "2019-12-31": "", "2018-12-31": "", "2017-12-31": "", "2016-12-31": "", "2015-12-31": "", "2014-12-31": "", "2013-12-31": "", "2012-12-31": "", "2011-12-31": "", "2010-12-31": "", "2009-12-31": "", "2008-12-31": "", "2007-12-31": "-0.00010", "2006-12-31": "", "2005-12-31": ""}, "Gross Profit": {"2020-12-31": "3566.00000", "2019-12-31": "8781.00000", "2018-12-31": "8264.00000", "2017-12-31": "7894.00000", "2016-12-31": "5925.00000", "2015-12-31": "5598.00000", "2014-12-31": "5368.00000", "2013-12-31": "5156.00000", "2012-12-31": "4657.00000", "2011-12-31": "4318.00000", "2010-12-31": "3832.00000", "2009-12-31": "3399.80000", "2008-12-31": "3662.60000", "2007-12-31": "3506.00000", "2006-12-31": "3334.40000", "2005-12-31": "2975.30000"}, "Research And Development Expenses": {"2020-12-31": "", "2019-12-31": "", "2018-12-31": "", "2017-12-31": "", "2016-12-31": "", "2015-12-31": "", "2014-12-31": "", "2013-12-31": "", "2012-12-31": "", "2011-12-31": "", "2010-12-31": "", "2009-12-31": "", "2008-12-31": "", "2007-12-31": "", "2006-12-31": "", "2005-12-31": ""}, "SG&A Expenses": {"2020-12-31": "4185.00000", "2019-12-31": "6363.00000", "2018-12-31": "6218.00000", "2017-12-31": "5380.00000", "2016-12-31": "3550.00000", "2015-12-31": "3400.00000", "2014-12-31": "3660.00000", "2013-12-31": "3620.00000", "2012-12-31": "3525.00000", "2011-12-31": "3276.00000", "2010-12-31": "2825.00000", "2009-12-31": "2578.70000", "2008-12-31": "3301.80000", "2007-12-31": "2852.30000", "2006-12-31": "2802.00000", "2005-12-31": "2417.80000"}, "Other Operating Income Or Expenses": {"2020-12-31": "-708.00000", "2019-12-31": "-888.00000", "2018-12-31": "-873.00000", "2017-12-31": "-818.00000", "2016-12-31": "-706.00000", "2015-12-31": "-580.00000", "2014-12-31": "-452.00000", "2013-12-31": "-428.00000", "2012-12-31": "-336.00000", "2011-12-31": "-346.00000", "2010-12-31": "-306.00000", "2009-12-31": "-334.50000", "2008-12-31": "-315.50000", "2007-12-31": "-265.40000", "2006-12-31": "-440.30000", "2005-12-31": "-227.20000"}, "Operating Expenses": {"2020-12-31": "5319.00000", "2019-12-31": "7718.00000", "2018-12-31": "7621.00000", "2017-12-31": "6686.00000", "2016-12-31": "4619.00000", "2015-12-31": "4300.00000", "2014-12-31": "4406.00000", "2013-12-31": "4318.00000", "2012-12-31": "4125.00000", "2011-12-31": "3869.00000", "2010-12-31": "3361.00000", "2009-12-31": "3132.40000", "2008-12-31": "3834.80000", "2007-12-31": "3295.10000", "2006-12-31": "3424.60000", "2005-12-31": "2808.80000"}, "Operating Income": {"2020-12-31": "-1753.00000", "2019-12-31": "1063.00000", "2018-12-31": "643.00000", "2017-12-31": "1208.00000", "2016-12-31": "1306.00000", "2015-12-31": "1298.00000", "2014-12-31": "962.00000", "2013-12-31": "838.00000", "2012-12-31": "532.00000", "2011-12-31": "449.00000", "2010-12-31": "471.00000", "2009-12-31": "267.40010", "2008-12-31": "-172.20000", "2007-12-31": "210.90040", "2006-12-31": "-90.20020", "2005-12-31": "166.50000"}, "Total Non-Operating Income/Expense": {"2020-12-31": "-65.00000", "2019-12-31": "-47.00000", "2018-12-31": "-58.00000", "2017-12-31": "-49.00000", "2016-12-31": "10.00000", "2015-12-31": "14.00000", "2014-12-31": "13.00000", "2013-12-31": "-22.00000", "2012-12-31": "-18.00000", "2011-12-31": "-55.00000", "2010-12-31": "-65.00000", "2009-12-31": "-64.50000", "2008-12-31": "-41.00000", "2007-12-31": "-10.40000", "2006-12-31": "-0.50000", "2005-12-31": "-29.30000"}, "Pre-Tax Income": {"2020-12-31": "-1818.00000", "2019-12-31": "1016.00000", "2018-12-31": "585.00000", "2017-12-31": "1159.00000", "2016-12-31": "1316.00000", "2015-12-31": "1312.00000", "2014-12-31": "975.00000", "2013-12-31": "816.00000", "2012-12-31": "514.00000", "2011-12-31": "394.00000", "2010-12-31": "406.00000", "2009-12-31": "202.90000", "2008-12-31": "-213.20000", "2007-12-31": "200.50000", "2006-12-31": "-90.70000", "2005-12-31": "137.20000"}, "Income Taxes": {"2020-12-31": "-511.00000", "2019-12-31": "247.00000", "2018-12-31": "148.00000", "2017-12-31": "199.00000", "2016-12-31": "519.00000", "2015-12-31": "464.00000", "2014-12-31": "370.00000", "2013-12-31": "308.00000", "2012-12-31": "198.00000", "2011-12-31": "149.00000", "2010-12-31": "155.00000", "2009-12-31": "81.30000", "2008-12-31": "-77.30000", "2007-12-31": "76.20000", "2006-12-31": "-36.20000", "2005-12-31": "52.70000"}, "Income After Taxes": {"2020-12-31": "-1307.00000", "2019-12-31": "769.00000", "2018-12-31": "437.00000", "2017-12-31": "960.00000", "2016-12-31": "797.00000", "2015-12-31": "848.00000", "2014-12-31": "605.00000", "2013-12-31": "508.00000", "2012-12-31": "316.00000", "2011-12-31": "245.00000", "2010-12-31": "251.00000", "2009-12-31": "121.60000", "2008-12-31": "-135.90000", "2007-12-31": "124.30000", "2006-12-31": "-54.50000", "2005-12-31": "84.50000"}, "Other Income": {"2020-12-31": "", "2019-12-31": "", "2018-12-31": "", "2017-12-31": "", "2016-12-31": "", "2015-12-31": "", "2014-12-31": "", "2013-12-31": "", "2012-12-31": "", "2011-12-31": "", "2010-12-31": "", "2009-12-31": "", "2008-12-31": "", "2007-12-31": "", "2006-12-31": "", "2005-12-31": ""}, "Income From Continuous Operations": {"2020-12-31": "-1307.00000", "2019-12-31": "769.00000", "2018-12-31": "437.00000", "2017-12-31": "960.00000", "2016-12-31": "797.00000", "2015-12-31": "848.00000", "2014-12-31": "605.00000", "2013-12-31": "508.00000", "2012-12-31": "316.00000", "2011-12-31": "245.00000", "2010-12-31": "251.00000", "2009-12-31": "121.60000", "2008-12-31": "-135.90000", "2007-12-31": "124.30000", "2006-12-31": "-54.50000", "2005-12-31": "84.50000"}, "Income From Discontinued Operations": {"2020-12-31": "", "2019-12-31": "", "2018-12-31": "", "2017-12-31": "", "2016-12-31": "", "2015-12-31": "", "2014-12-31": "", "2013-12-31": "", "2012-12-31": "", "2011-12-31": "", "2010-12-31": "", "2009-12-31": "", "2008-12-31": "", "2007-12-31": "", "2006-12-31": "", "2005-12-31": ""}, "Net Income": {"2020-12-31": "-1307.00000", "2019-12-31": "769.00000", "2018-12-31": "437.00000", "2017-12-31": "960.00000", "2016-12-31": "797.00000", "2015-12-31": "848.00000", "2014-12-31": "605.00000", "2013-12-31": "508.00000", "2012-12-31": "316.00000", "2011-12-31": "245.00000", "2010-12-31": "251.00000", "2009-12-31": "121.60000", "2008-12-31": "-135.90000", "2007-12-31": "124.30000", "2006-12-31": "-54.50000", "2005-12-31": "-5.90000"}, "EBITDA": {"2020-12-31": "-1753.00000", "2019-12-31": "1486.00000", "2018-12-31": "1041.00000", "2017-12-31": "1580.00000", "2016-12-31": "1669.00000", "2015-12-31": "1618.00000", "2014-12-31": "1256.00000", "2013-12-31": "1108.00000", "2012-12-31": "796.00000", "2011-12-31": "696.00000", "2010-12-31": "701.00000", "2009-12-31": "486.60020", "2008-12-31": "32.40010", "2007-12-31": "388.30040", "2006-12-31": "67.29980", "2005-12-31": "309.90000"}, "EBIT": {"2020-12-31": "-1753.00000", "2019-12-31": "1063.00000", "2018-12-31": "643.00000", "2017-12-31": "1208.00000", "2016-12-31": "1306.00000", "2015-12-31": "1298.00000", "2014-12-31": "962.00000", "2013-12-31": "838.00000", "2012-12-31": "532.00000", "2011-12-31": "449.00000", "2010-12-31": "471.00000", "2009-12-31": "267.40010", "2008-12-31": "-172.20000", "2007-12-31": "210.90040", "2006-12-31": "-90.20020", "2005-12-31": "166.50000"}, "Basic Shares Outstanding": {"2020-12-31": "123.45000", "2019-12-31": "123.27900", "2018-12-31": "123.23000", "2017-12-31": "123.21100", "2016-12-31": "123.55700", "2015-12-31": "128.37300", "2014-12-31": "135.44500", "2013-12-31": "139.91000", "2012-12-31": "141.41600", "2011-12-31": "143.51000", "2010-12-31": "143.28800", "2009-12-31": "143.26000", "2008-12-31": "145.37200", "2007-12-31": "160.50000", "2006-12-31": "151.75600", "2005-12-31": "110.43600"}, "Shares Outstanding": {"2020-12-31": "123.45000", "2019-12-31": "124.28900", "2018-12-31": "123.97500", "2017-12-31": "123.85400", "2016-12-31": "124.38900", "2015-12-31": "129.37200", "2014-12-31": "136.80100", "2013-12-31": "141.87800", "2012-12-31": "143.56800", "2011-12-31": "146.84200", "2010-12-31": "147.14200", "2009-12-31": "144.61600", "2008-12-31": "145.37200", "2007-12-31": "161.69600", "2006-12-31": "151.75600", "2005-12-31": "135.66800"}, "Basic EPS": {"2020-12-31": "-10.59000", "2019-12-31": "6.24000", "2018-12-31": "3.55000", "2017-12-31": "7.79000", "2016-12-31": "6.45000", "2015-12-31": "6.61000", "2014-12-31": "4.47000", "2013-12-31": "3.63000", "2012-12-31": "2.23000", "2011-12-31": "1.70500", "2010-12-31": "1.75000", "2009-12-31": "0.84750", "2008-12-31": "-0.93500", "2007-12-31": "0.77500", "2006-12-31": "-0.36000", "2005-12-31": "-0.05250"}, "EPS - Earnings Per Share": {"2020-12-31": "-10.59000", "2019-12-31": "6.19000", "2018-12-31": "3.52000", "2017-12-31": "7.75000", "2016-12-31": "6.41000", "2015-12-31": "6.56000", "2014-12-31": "4.42000", "2013-12-31": "3.58000", "2012-12-31": "2.20000", "2011-12-31": "1.66500", "2010-12-31": "1.70500", "2009-12-31": "0.84000", "2008-12-31": "-0.93500", "2007-12-31": "0.76750", "2006-12-31": "-0.36000", "2005-12-31": "-0.05250"}}, "income statement, quarterly": {"Revenue": {"2020-12-31": "808.00000", "2020-09-30": "701.00000", "2020-06-30": "421.00000", "2020-03-31": "1636.00000", "2019-12-31": "2228.00000", "2019-09-30": "2389.00000", "2019-06-30": "2288.00000", "2019-03-31": "1876.00000", "2018-12-31": "2064.00000", "2018-09-30": "2212.00000", "2018-06-30": "2156.00000", "2018-03-31": "1832.00000", "2017-12-31": "1942.00000", "2017-09-30": "2110.00000", "2017-06-30": "2102.00000", "2017-03-31": "1740.00000", "2016-12-31": "1518.00000", "2016-09-30": "1566.00000", "2016-06-30": "1494.00000", "2016-03-31": "1347.00000", "2015-12-31": "1377.00000", "2015-09-30": "1515.00000", "2015-06-30": "1437.00000", "2015-03-31": "1269.00000", "2014-12-31": "1306.00000", "2014-09-30": "1465.00000", "2014-06-30": "1375.00000", "2014-03-31": "1222.00000", "2013-12-31": "1210.00000", "2013-09-30": "1557.00000", "2013-06-30": "1256.00000", "2013-03-31": "1133.00000", "2012-12-31": "1132.00000", "2012-09-30": "1272.00000", "2012-06-30": "1214.00000", "2012-03-31": "1039.00000", "2011-12-31": "1044.50000", "2011-09-30": "1198.10000", "2011-06-30": "1110.20000", "2011-03-31": "965.20000", "2010-12-31": "958.20010", "2010-09-30": "1068.00000", "2010-06-30": "976.20000", "2010-03-31": "829.60000", "2009-12-31": "846.09990", "2009-09-30": "967.40000", "2009-06-30": "843.90000", "2009-03-31": "742.40000", "2008-12-31": "827.10010", "2008-09-30": "1065.20000", "2008-06-30": "930.80000", "2008-03-31": "839.50000", "2007-12-31": "853.39990", "2007-09-30": "988.80000", "2007-06-30": "904.40000", "2007-03-31": "759.40000", "2006-12-31": "790.29990", "2006-09-30": "935.70000", "2006-06-30": "873.00000", "2006-03-31": "735.40000", "2005-12-31": "730.60010", "2005-09-30": "845.70000", "2005-06-30": "756.50000", "2005-03-31": "642.50000"}, "Cost Of Goods Sold": {"2020-12-31": "", "2020-09-30": "", "2020-06-30": "", "2020-03-31": "", "2019-12-31": "", "2019-09-30": "", "2019-06-30": "", "2019-03-31": "", "2018-12-31": "", "2018-09-30": "", "2018-06-30": "", "2018-03-31": "", "2017-12-31": "", "2017-09-30": "", "2017-06-30": "", "2017-03-31": "", "2016-12-31": "", "2016-09-30": "", "2016-06-30": "", "2016-03-31": "", "2015-12-31": "", "2015-09-30": "", "2015-06-30": "", "2015-03-31": "", "2014-12-31": "", "2014-09-30": "", "2014-06-30": "", "2014-03-31": "", "2013-12-31": "", "2013-09-30": "", "2013-06-30": "", "2013-03-31": "", "2012-12-31": "", "2012-09-30": "", "2012-06-30": "", "2012-03-31": "", "2011-12-31": "", "2011-09-30": "", "2011-06-30": "", "2011-03-31": "", "2010-12-31": "", "2010-09-30": "", "2010-06-30": "", "2010-03-31": "", "2009-12-31": "", "2009-09-30": "", "2009-06-30": "", "2009-03-31": "", "2008-12-31": "", "2008-09-30": "", "2008-06-30": "", "2008-03-31": "", "2007-12-31": "", "2007-09-30": "", "2007-06-30": "", "2007-03-31": "", "2006-12-31": "", "2006-09-30": "", "2006-06-30": "", "2006-03-31": "", "2005-12-31": "", "2005-09-30": "", "2005-06-30": "", "2005-03-31": ""}, "Gross Profit": {"2020-12-31": "808.00000", "2020-09-30": "701.00000", "2020-06-30": "421.00000", "2020-03-31": "1636.00000", "2019-12-31": "2228.00000", "2019-09-30": "2389.00000", "2019-06-30": "2288.00000", "2019-03-31": "1876.00000", "2018-12-31": "2064.00000", "2018-09-30": "2212.00000", "2018-06-30": "2156.00000", "2018-03-31": "1832.00000", "2017-12-31": "1942.00000", "2017-09-30": "2110.00000", "2017-06-30": "2102.00000", "2017-03-31": "1740.00000", "2016-12-31": "1518.00000", "2016-09-30": "1566.00000", "2016-06-30": "1494.00000", "2016-03-31": "1347.00000", "2015-12-31": "1377.00000", "2015-09-30": "1515.00000", "2015-06-30": "1437.00000", "2015-03-31": "1269.00000", "2014-12-31": "1306.00000", "2014-09-30": "1465.00000", "2014-06-30": "1375.00000", "2014-03-31": "1222.00000", "2013-12-31": "1210.00000", "2013-09-30": "1557.00000", "2013-06-30": "1256.00000", "2013-03-31": "1133.00000", "2012-12-31": "1132.00000", "2012-09-30": "1272.00000", "2012-06-30": "1214.00000", "2012-03-31": "1039.00000", "2011-12-31": "1044.50000", "2011-09-30": "1198.10000", "2011-06-30": "1110.20000", "2011-03-31": "965.20000", "2010-12-31": "958.20010", "2010-09-30": "1068.00000", "2010-06-30": "976.20000", "2010-03-31": "829.60000", "2009-12-31": "846.09990", "2009-09-30": "967.40000", "2009-06-30": "843.90000", "2009-03-31": "742.40000", "2008-12-31": "827.10010", "2008-09-30": "1065.20000", "2008-06-30": "930.80000", "2008-03-31": "839.50000", "2007-12-31": "853.39990", "2007-09-30": "988.80000", "2007-06-30": "904.40000", "2007-03-31": "759.40000", "2006-12-31": "790.29990", "2006-09-30": "935.70000", "2006-06-30": "873.00000", "2006-03-31": "735.40000", "2005-12-31": "730.60010", "2005-09-30": "845.70000", "2005-06-30": "756.50000", "2005-03-31": "642.50000"}, "Research And Development Expenses": {"2020-12-31": "", "2020-09-30": "", "2020-06-30": "", "2020-03-31": "", "2019-12-31": "", "2019-09-30": "", "2019-06-30": "", "2019-03-31": "", "2018-12-31": "", "2018-09-30": "", "2018-06-30": "", "2018-03-31": "", "2017-12-31": "", "2017-09-30": "", "2017-06-30": "", "2017-03-31": "", "2016-12-31": "", "2016-09-30": "", "2016-06-30": "", "2016-03-31": "", "2015-12-31": "", "2015-09-30": "", "2015-06-30": "", "2015-03-31": "", "2014-12-31": "", "2014-09-30": "", "2014-06-30": "", "2014-03-31": "", "2013-12-31": "", "2013-09-30": "", "2013-06-30": "", "2013-03-31": "", "2012-12-31": "", "2012-09-30": "", "2012-06-30": "", "2012-03-31": "", "2011-12-31": "", "2011-09-30": "", "2011-06-30": "", "2011-03-31": "", "2010-12-31": "", "2010-09-30": "", "2010-06-30": "", "2010-03-31": "", "2009-12-31": "", "2009-09-30": "", "2009-06-30": "", "2009-03-31": "", "2008-12-31": "", "2008-09-30": "", "2008-06-30": "", "2008-03-31": "", "2007-12-31": "", "2007-09-30": "", "2007-06-30": "", "2007-03-31": "", "2006-12-31": "", "2006-09-30": "", "2006-06-30": "", "2006-03-31": "", "2005-12-31": "", "2005-09-30": "", "2005-06-30": "", "2005-03-31": ""}, "SG&A Expenses": {"2020-12-31": "492.00000", "2020-09-30": "961.00000", "2020-06-30": "774.00000", "2020-03-31": "1499.00000", "2019-12-31": "1638.00000", "2019-09-30": "1631.00000", "2019-06-30": "1589.00000", "2019-03-31": "1505.00000", "2018-12-31": "1638.00000", "2018-09-30": "1588.00000", "2018-06-30": "1531.00000", "2018-03-31": "1461.00000", "2017-12-31": "1463.00000", "2017-09-30": "1345.00000", "2017-06-30": "1307.00000", "2017-03-31": "1265.00000", "2016-12-31": "1002.00000", "2016-09-30": "895.00000", "2016-06-30": "833.00000", "2016-03-31": "820.00000", "2015-12-31": "859.00000", "2015-09-30": "867.00000", "2015-06-30": "843.00000", "2015-03-31": "831.00000", "2014-12-31": "849.00000", "2014-09-30": "977.00000", "2014-06-30": "929.00000", "2014-03-31": "905.00000", "2013-12-31": "855.00000", "2013-09-30": "925.00000", "2013-06-30": "928.00000", "2013-03-31": "912.00000", "2012-12-31": "899.00000", "2012-09-30": "854.00000", "2012-06-30": "949.00000", "2012-03-31": "823.00000", "2011-12-31": "787.30000", "2011-09-30": "916.99990", "2011-06-30": "887.79990", "2011-03-31": "683.90000", "2010-12-31": "697.00000", "2010-09-30": "710.70000", "2010-06-30": "735.30000", "2010-03-31": "682.00000", "2009-12-31": "655.50010", "2009-09-30": "679.50000", "2009-06-30": "613.10000", "2009-03-31": "630.60000", "2008-12-31": "755.10000", "2008-09-30": "1100.20000", "2008-06-30": "670.90000", "2008-03-31": "775.60000", "2007-12-31": "724.09990", "2007-09-30": "742.70000", "2007-06-30": "718.30000", "2007-03-31": "667.20010", "2006-12-31": "710.50000", "2006-09-30": "771.60000", "2006-06-30": "688.60000", "2006-03-31": "631.30000", "2005-12-31": "683.30000", "2005-09-30": "602.60000", "2005-06-30": "613.80000", "2005-03-31": "518.10000"}, "Other Operating Income Or Expenses": {"2020-12-31": "-329.00000", "2020-09-30": "117.00000", "2020-06-30": "242.00000", "2020-03-31": "-187.00000", "2019-12-31": "-227.00000", "2019-09-30": "-225.00000", "2019-06-30": "-222.00000", "2019-03-31": "-214.00000", "2018-12-31": "-193.00000", "2018-09-30": "-206.00000", "2018-06-30": "-257.00000", "2018-03-31": "-217.00000", "2017-12-31": "-191.00000", "2017-09-30": "-220.00000", "2017-06-30": "-218.00000", "2017-03-31": "-189.00000", "2016-12-31": "-236.00000", "2016-09-30": "-170.00000", "2016-06-30": "-151.00000", "2016-03-31": "-149.00000", "2015-12-31": "-179.00000", "2015-09-30": "-134.00000", "2015-06-30": "-143.00000", "2015-03-31": "-124.00000", "2014-12-31": "-139.00000", "2014-09-30": "-97.00000", "2014-06-30": "-110.00000", "2014-03-31": "-106.00000", "2013-12-31": "-159.00000", "2013-09-30": "-95.00000", "2013-06-30": "-86.00000", "2013-03-31": "-88.00000", "2012-12-31": "-90.00000", "2012-09-30": "-83.00000", "2012-06-30": "-83.00000", "2012-03-31": "-80.00000", "2011-12-31": "-80.20000", "2011-09-30": "-75.70000", "2011-06-30": "-102.90000", "2011-03-31": "-87.20000", "2010-12-31": "-84.50000", "2010-09-30": "-82.60000", "2010-06-30": "-73.20000", "2010-03-31": "-65.70000", "2009-12-31": "-80.90000", "2009-09-30": "-72.50000", "2009-06-30": "-110.20000", "2009-03-31": "-70.90000", "2008-12-31": "-117.80000", "2008-09-30": "-29.20000", "2008-06-30": "-101.90000", "2008-03-31": "-66.60000", "2007-12-31": "-69.90000", "2007-09-30": "-62.50000", "2007-06-30": "-64.60000", "2007-03-31": "-68.40000", "2006-12-31": "-65.10000", "2006-09-30": "-119.00000", "2006-06-30": "-63.80000", "2006-03-31": "-192.40000", "2005-12-31": "-60.50000", "2005-09-30": "-55.10000", "2005-06-30": "-56.10000", "2005-03-31": "-55.50000"}, "Operating Expenses": {"2020-12-31": "1381.00000", "2020-09-30": "1272.00000", "2020-06-30": "709.00000", "2020-03-31": "1957.00000", "2019-12-31": "1976.00000", "2019-09-30": "1967.00000", "2019-06-30": "1924.00000", "2019-03-31": "1851.00000", "2018-12-31": "2018.00000", "2018-09-30": "1915.00000", "2018-06-30": "1885.00000", "2018-03-31": "1803.00000", "2017-12-31": "1805.00000", "2017-09-30": "1683.00000", "2017-06-30": "1615.00000", "2017-03-31": "1583.00000", "2016-12-31": "1320.00000", "2016-09-30": "1166.00000", "2016-06-30": "1076.00000", "2016-03-31": "1057.00000", "2015-12-31": "1122.00000", "2015-09-30": "1082.00000", "2015-06-30": "1065.00000", "2015-03-31": "1031.00000", "2014-12-31": "1064.00000", "2014-09-30": "1149.00000", "2014-06-30": "1112.00000", "2014-03-31": "1081.00000", "2013-12-31": "1080.00000", "2013-09-30": "1087.00000", "2013-06-30": "1082.00000", "2013-03-31": "1069.00000", "2012-12-31": "1057.00000", "2012-09-30": "1003.00000", "2012-06-30": "1098.00000", "2012-03-31": "967.00000", "2011-12-31": "930.30010", "2011-09-30": "1054.90000", "2011-06-30": "1052.40000", "2011-03-31": "831.40000", "2010-12-31": "839.49990", "2010-09-30": "851.10000", "2010-06-30": "866.50010", "2010-03-31": "803.90000", "2009-12-31": "793.29980", "2009-09-30": "807.60000", "2009-06-30": "777.20000", "2009-03-31": "754.30000", "2008-12-31": "933.80000", "2008-09-30": "1185.20000", "2008-06-30": "824.30000", "2008-03-31": "891.50000", "2007-12-31": "839.09950", "2007-09-30": "851.80000", "2007-06-30": "826.70000", "2007-03-31": "777.50010", "2006-12-31": "811.40010", "2006-09-30": "959.70000", "2006-06-30": "792.90000", "2006-03-31": "860.60000", "2005-12-31": "781.10020", "2005-09-30": "692.60000", "2005-06-30": "719.90000", "2005-03-31": "615.20010"}, "Operating Income": {"2020-12-31": "-573.00000", "2020-09-30": "-571.00000", "2020-06-30": "-288.00000", "2020-03-31": "-321.00000", "2019-12-31": "252.00000", "2019-09-30": "422.00000", "2019-06-30": "364.00000", "2019-03-31": "25.00000", "2018-12-31": "46.00000", "2018-09-30": "297.00000", "2018-06-30": "271.00000", "2018-03-31": "29.00000", "2017-12-31": "137.00000", "2017-09-30": "427.00000", "2017-06-30": "487.00000", "2017-03-31": "157.00000", "2016-12-31": "198.00000", "2016-09-30": "400.00000", "2016-06-30": "418.00000", "2016-03-31": "290.00000", "2015-12-31": "255.00000", "2015-09-30": "433.00000", "2015-06-30": "372.00000", "2015-03-31": "238.00000", "2014-12-31": "242.00000", "2014-09-30": "316.00000", "2014-06-30": "263.00000", "2014-03-31": "141.00000", "2013-12-31": "130.00000", "2013-09-30": "470.00000", "2013-06-30": "174.00000", "2013-03-31": "64.00000", "2012-12-31": "75.00000", "2012-09-30": "269.00000", "2012-06-30": "116.00000", "2012-03-31": "72.00000", "2011-12-31": "114.19990", "2011-09-30": "143.20010", "2011-06-30": "57.79990", "2011-03-31": "133.80000", "2010-12-31": "118.70010", "2010-09-30": "216.90000", "2010-06-30": "109.70000", "2010-03-31": "25.70000", "2009-12-31": "52.80010", "2009-09-30": "159.80000", "2009-06-30": "66.70000", "2009-03-31": "-11.90000", "2008-12-31": "-106.70000", "2008-09-30": "-119.99990", "2008-06-30": "106.49990", "2008-03-31": "-52.00000", "2007-12-31": "14.30040", "2007-09-30": "136.99990", "2007-06-30": "77.70010", "2007-03-31": "-18.10000", "2006-12-31": "-21.10020", "2006-09-30": "-23.99990", "2006-06-30": "80.10000", "2006-03-31": "-125.20000", "2005-12-31": "-50.50010", "2005-09-30": "153.10000", "2005-06-30": "36.60000", "2005-03-31": "27.29990"}, "Total Non-Operating Income/Expense": {"2020-12-31": "-48.00000", "2020-09-30": "-18.00000", "2020-06-30": "-3.00000", "2020-03-31": "4.00000", "2019-12-31": "-9.00000", "2019-09-30": "-6.00000", "2019-06-30": "-13.00000", "2019-03-31": "-19.00000", "2018-12-31": "-10.00000", "2018-09-30": "-13.00000", "2018-06-30": "-12.00000", "2018-03-31": "-23.00000", "2017-12-31": "-11.00000", "2017-09-30": "-10.00000", "2017-06-30": "-13.00000", "2017-03-31": "-15.00000", "2016-12-31": "4.00000", "2016-09-30": "2.00000", "2016-06-30": "2.00000", "2016-03-31": "2.00000", "2015-12-31": "4.00000", "2015-09-30": "4.00000", "2015-06-30": "4.00000", "2015-03-31": "2.00000", "2014-12-31": "", "2014-09-30": "", "2014-06-30": "2.00000", "2014-03-31": "11.00000", "2013-12-31": "-5.00000", "2013-09-30": "-7.00000", "2013-06-30": "-5.00000", "2013-03-31": "-5.00000", "2012-12-31": "-1.00000", "2012-09-30": "-4.00000", "2012-06-30": "-7.00000", "2012-03-31": "-6.00000", "2011-12-31": "-13.20000", "2011-09-30": "-17.90000", "2011-06-30": "-10.80000", "2011-03-31": "-13.10000", "2010-12-31": "-15.10000", "2010-09-30": "-18.70000", "2010-06-30": "-15.70000", "2010-03-31": "-15.50000", "2009-12-31": "-10.80000", "2009-09-30": "-17.00000", "2009-06-30": "-19.00000", "2009-03-31": "-17.70000", "2008-12-31": "-13.30000", "2008-09-30": "-13.00000", "2008-06-30": "-8.30000", "2008-03-31": "-6.40000", "2007-12-31": "-5.80000", "2007-09-30": "-2.20000", "2007-06-30": "-2.70000", "2007-03-31": "0.30000", "2006-12-31": "1.60000", "2006-09-30": "1.10000", "2006-06-30": "1.00000", "2006-03-31": "-4.20000", "2005-12-31": "-5.80000", "2005-09-30": "-6.30000", "2005-06-30": "-6.90000", "2005-03-31": "-10.30000"}, "Pre-Tax Income": {"2020-12-31": "-621.00000", "2020-09-30": "-589.00000", "2020-06-30": "-291.00000", "2020-03-31": "-317.00000", "2019-12-31": "243.00000", "2019-09-30": "416.00000", "2019-06-30": "351.00000", "2019-03-31": "6.00000", "2018-12-31": "36.00000", "2018-09-30": "284.00000", "2018-06-30": "259.00000", "2018-03-31": "6.00000", "2017-12-31": "126.00000", "2017-09-30": "417.00000", "2017-06-30": "474.00000", "2017-03-31": "142.00000", "2016-12-31": "202.00000", "2016-09-30": "402.00000", "2016-06-30": "420.00000", "2016-03-31": "292.00000", "2015-12-31": "259.00000", "2015-09-30": "437.00000", "2015-06-30": "376.00000", "2015-03-31": "240.00000", "2014-12-31": "242.00000", "2014-09-30": "316.00000", "2014-06-30": "265.00000", "2014-03-31": "152.00000", "2013-12-31": "125.00000", "2013-09-30": "463.00000", "2013-06-30": "169.00000", "2013-03-31": "59.00000", "2012-12-31": "74.00000", "2012-09-30": "265.00000", "2012-06-30": "109.00000", "2012-03-31": "66.00000", "2011-12-31": "101.00000", "2011-09-30": "125.30000", "2011-06-30": "47.00000", "2011-03-31": "120.70000", "2010-12-31": "103.60000", "2010-09-30": "198.20000", "2010-06-30": "94.00000", "2010-03-31": "10.20000", "2009-12-31": "42.00000", "2009-09-30": "142.80000", "2009-06-30": "47.70000", "2009-03-31": "-29.60000", "2008-12-31": "-120.00000", "2008-09-30": "-133.00000", "2008-06-30": "98.20000", "2008-03-31": "-58.40000", "2007-12-31": "8.50000", "2007-09-30": "134.80000", "2007-06-30": "75.00000", "2007-03-31": "-17.80000", "2006-12-31": "-19.50000", "2006-09-30": "-22.90000", "2006-06-30": "81.10000", "2006-03-31": "-129.40000", "2005-12-31": "-56.30000", "2005-09-30": "146.80000", "2005-06-30": "29.70000", "2005-03-31": "17.00000"}, "Income Taxes": {"2020-12-31": "-191.00000", "2020-09-30": "-158.00000", "2020-06-30": "-77.00000", "2020-03-31": "-85.00000", "2019-12-31": "62.00000", "2019-09-30": "94.00000", "2019-06-30": "89.00000", "2019-03-31": "2.00000", "2018-12-31": "13.00000", "2018-09-30": "67.00000", "2018-06-30": "66.00000", "2018-03-31": "2.00000", "2017-12-31": "-189.00000", "2017-09-30": "158.00000", "2017-06-30": "181.00000", "2017-03-31": "49.00000", "2016-12-31": "105.00000", "2016-09-30": "146.00000", "2016-06-30": "160.00000", "2016-03-31": "108.00000", "2015-12-31": "68.00000", "2015-09-30": "163.00000", "2015-06-30": "142.00000", "2015-03-31": "91.00000", "2014-12-31": "94.00000", "2014-09-30": "118.00000", "2014-06-30": "100.00000", "2014-03-31": "58.00000", "2013-12-31": "47.00000", "2013-09-30": "174.00000", "2013-06-30": "65.00000", "2013-03-31": "22.00000", "2012-12-31": "30.00000", "2012-09-30": "102.00000", "2012-06-30": "41.00000", "2012-03-31": "25.00000", "2011-12-31": "36.50000", "2011-09-30": "47.80000", "2011-06-30": "18.20000", "2011-03-31": "46.50000", "2010-12-31": "38.90000", "2010-09-30": "75.80000", "2010-06-30": "35.40000", "2010-03-31": "4.90000", "2009-12-31": "17.90000", "2009-09-30": "55.20000", "2009-06-30": "18.60000", "2009-03-31": "-10.40000", "2008-12-31": "-44.80000", "2008-09-30": "-46.50000", "2008-06-30": "35.10000", "2008-03-31": "-21.10000", "2007-12-31": "1.80000", "2007-09-30": "53.00000", "2007-06-30": "28.90000", "2007-03-31": "-7.50000", "2006-12-31": "-6.00000", "2006-09-30": "-5.50000", "2006-06-30": "25.60000", "2006-03-31": "-50.30000", "2005-12-31": "-23.30000", "2005-09-30": "56.60000", "2005-06-30": "12.30000", "2005-03-31": "7.10000"}, "Income After Taxes": {"2020-12-31": "-430.00000", "2020-09-30": "-431.00000", "2020-06-30": "-214.00000", "2020-03-31": "-232.00000", "2019-12-31": "181.00000", "2019-09-30": "322.00000", "2019-06-30": "262.00000", "2019-03-31": "4.00000", "2018-12-31": "23.00000", "2018-09-30": "217.00000", "2018-06-30": "193.00000", "2018-03-31": "4.00000", "2017-12-31": "315.00000", "2017-09-30": "259.00000", "2017-06-30": "293.00000", "2017-03-31": "93.00000", "2016-12-31": "97.00000", "2016-09-30": "256.00000", "2016-06-30": "260.00000", "2016-03-31": "184.00000", "2015-12-31": "191.00000", "2015-09-30": "274.00000", "2015-06-30": "234.00000", "2015-03-31": "149.00000", "2014-12-31": "148.00000", "2014-09-30": "198.00000", "2014-06-30": "165.00000", "2014-03-31": "94.00000", "2013-12-31": "78.00000", "2013-09-30": "289.00000", "2013-06-30": "104.00000", "2013-03-31": "37.00000", "2012-12-31": "44.00000", "2012-09-30": "163.00000", "2012-06-30": "68.00000", "2012-03-31": "41.00000", "2011-12-31": "64.50000", "2011-09-30": "77.50000", "2011-06-30": "28.80000", "2011-03-31": "74.20000", "2010-12-31": "64.70000", "2010-09-30": "122.40000", "2010-06-30": "58.60000", "2010-03-31": "5.30000", "2009-12-31": "24.10000", "2009-09-30": "87.60000", "2009-06-30": "29.10000", "2009-03-31": "-19.20000", "2008-12-31": "-75.20000", "2008-09-30": "-86.50000", "2008-06-30": "63.10000", "2008-03-31": "-37.30000", "2007-12-31": "6.70000", "2007-09-30": "81.80000", "2007-06-30": "46.10000", "2007-03-31": "-10.30000", "2006-12-31": "-13.50000", "2006-09-30": "-17.40000", "2006-06-30": "55.50000", "2006-03-31": "-79.10000", "2005-12-31": "-33.00000", "2005-09-30": "90.20000", "2005-06-30": "17.40000", "2005-03-31": "9.90000"}, "Other Income": {"2020-12-31": "", "2020-09-30": "", "2020-06-30": "", "2020-03-31": "", "2019-12-31": "", "2019-09-30": "", "2019-06-30": "", "2019-03-31": "", "2018-12-31": "", "2018-09-30": "", "2018-06-30": "", "2018-03-31": "", "2017-12-31": "", "2017-09-30": "", "2017-06-30": "", "2017-03-31": "", "2016-12-31": "", "2016-09-30": "", "2016-06-30": "", "2016-03-31": "", "2015-12-31": "", "2015-09-30": "", "2015-06-30": "", "2015-03-31": "", "2014-12-31": "", "2014-09-30": "", "2014-06-30": "", "2014-03-31": "", "2013-12-31": "", "2013-09-30": "", "2013-06-30": "", "2013-03-31": "", "2012-12-31": "", "2012-09-30": "", "2012-06-30": "", "2012-03-31": "", "2011-12-31": "", "2011-09-30": "", "2011-06-30": "", "2011-03-31": "", "2010-12-31": "", "2010-09-30": "", "2010-06-30": "", "2010-03-31": "", "2009-12-31": "", "2009-09-30": "", "2009-06-30": "", "2009-03-31": "", "2008-12-31": "", "2008-09-30": "", "2008-06-30": "", "2008-03-31": "", "2007-12-31": "", "2007-09-30": "", "2007-06-30": "", "2007-03-31": "", "2006-12-31": "", "2006-09-30": "", "2006-06-30": "", "2006-03-31": "", "2005-12-31": "", "2005-09-30": "", "2005-06-30": "", "2005-03-31": ""}, "Income From Continuous Operations": {"2020-12-31": "-430.00000", "2020-09-30": "-431.00000", "2020-06-30": "-214.00000", "2020-03-31": "-232.00000", "2019-12-31": "181.00000", "2019-09-30": "322.00000", "2019-06-30": "262.00000", "2019-03-31": "4.00000", "2018-12-31": "23.00000", "2018-09-30": "217.00000", "2018-06-30": "193.00000", "2018-03-31": "4.00000", "2017-12-31": "315.00000", "2017-09-30": "259.00000", "2017-06-30": "293.00000", "2017-03-31": "93.00000", "2016-12-31": "97.00000", "2016-09-30": "256.00000", "2016-06-30": "260.00000", "2016-03-31": "184.00000", "2015-12-31": "191.00000", "2015-09-30": "274.00000", "2015-06-30": "234.00000", "2015-03-31": "149.00000", "2014-12-31": "148.00000", "2014-09-30": "198.00000", "2014-06-30": "165.00000", "2014-03-31": "94.00000", "2013-12-31": "78.00000", "2013-09-30": "289.00000", "2013-06-30": "104.00000", "2013-03-31": "37.00000", "2012-12-31": "44.00000", "2012-09-30": "163.00000", "2012-06-30": "68.00000", "2012-03-31": "41.00000", "2011-12-31": "64.50000", "2011-09-30": "77.50000", "2011-06-30": "28.80000", "2011-03-31": "74.20000", "2010-12-31": "64.70000", "2010-09-30": "122.40000", "2010-06-30": "58.60000", "2010-03-31": "5.30000", "2009-12-31": "24.10000", "2009-09-30": "87.60000", "2009-06-30": "29.10000", "2009-03-31": "-19.20000", "2008-12-31": "-75.20000", "2008-09-30": "-86.50000", "2008-06-30": "63.10000", "2008-03-31": "-37.30000", "2007-12-31": "6.70000", "2007-09-30": "81.80000", "2007-06-30": "46.10000", "2007-03-31": "-10.30000", "2006-12-31": "-13.50000", "2006-09-30": "-17.40000", "2006-06-30": "55.50000", "2006-03-31": "-79.10000", "2005-12-31": "-33.00000", "2005-09-30": "90.20000", "2005-06-30": "17.40000", "2005-03-31": "9.90000"}, "Income From Discontinued Operations": {"2020-12-31": "", "2020-09-30": "", "2020-06-30": "", "2020-03-31": "", "2019-12-31": "", "2019-09-30": "", "2019-06-30": "", "2019-03-31": "", "2018-12-31": "", "2018-09-30": "", "2018-06-30": "", "2018-03-31": "", "2017-12-31": "", "2017-09-30": "", "2017-06-30": "", "2017-03-31": "", "2016-12-31": "", "2016-09-30": "", "2016-06-30": "", "2016-03-31": "", "2015-12-31": "", "2015-09-30": "", "2015-06-30": "", "2015-03-31": "", "2014-12-31": "", "2014-09-30": "", "2014-06-30": "", "2014-03-31": "", "2013-12-31": "", "2013-09-30": "", "2013-06-30": "", "2013-03-31": "", "2012-12-31": "", "2012-09-30": "", "2012-06-30": "", "2012-03-31": "", "2011-12-31": "", "2011-09-30": "", "2011-06-30": "", "2011-03-31": "", "2010-12-31": "", "2010-09-30": "", "2010-06-30": "", "2010-03-31": "", "2009-12-31": "", "2009-09-30": "", "2009-06-30": "", "2009-03-31": "", "2008-12-31": "", "2008-09-30": "", "2008-06-30": "", "2008-03-31": "", "2007-12-31": "", "2007-09-30": "", "2007-06-30": "", "2007-03-31": "", "2006-12-31": "", "2006-09-30": "", "2006-06-30": "", "2006-03-31": "", "2005-12-31": "", "2005-09-30": "", "2005-06-30": "", "2005-03-31": ""}, "Net Income": {"2020-12-31": "-430.00000", "2020-09-30": "-431.00000", "2020-06-30": "-214.00000", "2020-03-31": "-232.00000", "2019-12-31": "181.00000", "2019-09-30": "322.00000", "2019-06-30": "262.00000", "2019-03-31": "4.00000", "2018-12-31": "23.00000", "2018-09-30": "217.00000", "2018-06-30": "193.00000", "2018-03-31": "4.00000", "2017-12-31": "315.00000", "2017-09-30": "259.00000", "2017-06-30": "293.00000", "2017-03-31": "93.00000", "2016-12-31": "97.00000", "2016-09-30": "256.00000", "2016-06-30": "260.00000", "2016-03-31": "184.00000", "2015-12-31": "191.00000", "2015-09-30": "274.00000", "2015-06-30": "234.00000", "2015-03-31": "149.00000", "2014-12-31": "148.00000", "2014-09-30": "198.00000", "2014-06-30": "165.00000", "2014-03-31": "94.00000", "2013-12-31": "78.00000", "2013-09-30": "289.00000", "2013-06-30": "104.00000", "2013-03-31": "37.00000", "2012-12-31": "44.00000", "2012-09-30": "163.00000", "2012-06-30": "68.00000", "2012-03-31": "41.00000", "2011-12-31": "64.50000", "2011-09-30": "77.50000", "2011-06-30": "28.80000", "2011-03-31": "74.20000", "2010-12-31": "64.70000", "2010-09-30": "122.40000", "2010-06-30": "58.60000", "2010-03-31": "5.30000", "2009-12-31": "24.10000", "2009-09-30": "87.60000", "2009-06-30": "29.10000", "2009-03-31": "-19.20000", "2008-12-31": "-75.20000", "2008-09-30": "-86.50000", "2008-06-30": "63.10000", "2008-03-31": "-37.30000", "2007-12-31": "6.70000", "2007-09-30": "81.80000", "2007-06-30": "46.10000", "2007-03-31": "-10.30000", "2006-12-31": "-13.50000", "2006-09-30": "-17.40000", "2006-06-30": "55.50000", "2006-03-31": "-79.10000", "2005-12-31": "-33.00000", "2005-09-30": "90.20000", "2005-06-30": "17.40000", "2005-03-31": "-80.50000"}, "EBITDA": {"2020-12-31": "", "2020-09-30": "-466.00000", "2020-06-30": "-181.00000", "2020-03-31": "-213.00000", "2019-12-31": "358.00000", "2019-09-30": "528.00000", "2019-06-30": "469.00000", "2019-03-31": "131.00000", "2018-12-31": "154.00000", "2018-09-30": "396.00000", "2018-06-30": "368.00000", "2018-03-31": "123.00000", "2017-12-31": "234.00000", "2017-09-30": "522.00000", "2017-06-30": "577.00000", "2017-03-31": "247.00000", "2016-12-31": "280.00000", "2016-09-30": "501.00000", "2016-06-30": "510.00000", "2016-03-31": "378.00000", "2015-12-31": "339.00000", "2015-09-30": "514.00000", "2015-06-30": "451.00000", "2015-03-31": "314.00000", "2014-12-31": "318.00000", "2014-09-30": "391.00000", "2014-06-30": "336.00000", "2014-03-31": "211.00000", "2013-12-31": "197.00000", "2013-09-30": "537.00000", "2013-06-30": "241.00000", "2013-03-31": "133.00000", "2012-12-31": "144.00000", "2012-09-30": "335.00000", "2012-06-30": "181.00000", "2012-03-31": "136.00000", "2011-12-31": "138.09990", "2011-09-30": "244.30010", "2011-06-30": "119.49990", "2011-03-31": "194.10010", "2010-12-31": "163.50010", "2010-09-30": "287.90000", "2010-06-30": "167.70000", "2010-03-31": "81.90000", "2009-12-31": "109.70000", "2009-09-30": "215.40010", "2009-06-30": "115.80000", "2009-03-31": "45.70000", "2008-12-31": "-54.99990", "2008-09-30": "-67.89990", "2008-06-30": "152.20000", "2008-03-31": "3.10000", "2007-12-31": "59.40030", "2007-09-30": "183.59990", "2007-06-30": "121.50010", "2007-03-31": "23.80000", "2006-12-31": "22.29980", "2006-09-30": "16.50010", "2006-06-30": "116.80000", "2006-03-31": "-88.30000", "2005-12-31": "-12.90010", "2005-09-30": "189.40000", "2005-06-30": "71.90000", "2005-03-31": "61.49990"}, "EBIT": {"2020-12-31": "-573.00000", "2020-09-30": "-571.00000", "2020-06-30": "-288.00000", "2020-03-31": "-321.00000", "2019-12-31": "252.00000", "2019-09-30": "422.00000", "2019-06-30": "364.00000", "2019-03-31": "25.00000", "2018-12-31": "46.00000", "2018-09-30": "297.00000", "2018-06-30": "271.00000", "2018-03-31": "29.00000", "2017-12-31": "137.00000", "2017-09-30": "427.00000", "2017-06-30": "487.00000", "2017-03-31": "157.00000", "2016-12-31": "198.00000", "2016-09-30": "400.00000", "2016-06-30": "418.00000", "2016-03-31": "290.00000", "2015-12-31": "255.00000", "2015-09-30": "433.00000", "2015-06-30": "372.00000", "2015-03-31": "238.00000", "2014-12-31": "242.00000", "2014-09-30": "316.00000", "2014-06-30": "263.00000", "2014-03-31": "141.00000", "2013-12-31": "130.00000", "2013-09-30": "470.00000", "2013-06-30": "174.00000", "2013-03-31": "64.00000", "2012-12-31": "75.00000", "2012-09-30": "269.00000", "2012-06-30": "116.00000", "2012-03-31": "72.00000", "2011-12-31": "114.20000", "2011-09-30": "143.20010", "2011-06-30": "57.79990", "2011-03-31": "133.80000", "2010-12-31": "118.70000", "2010-09-30": "216.90000", "2010-06-30": "109.70000", "2010-03-31": "25.70000", "2009-12-31": "52.80010", "2009-09-30": "159.80000", "2009-06-30": "66.70000", "2009-03-31": "-11.90000", "2008-12-31": "-106.70000", "2008-09-30": "-119.99990", "2008-06-30": "106.49990", "2008-03-31": "-52.00000", "2007-12-31": "14.30040", "2007-09-30": "136.99990", "2007-06-30": "77.70010", "2007-03-31": "-18.10000", "2006-12-31": "-21.10020", "2006-09-30": "-23.99990", "2006-06-30": "80.10000", "2006-03-31": "-125.20000", "2005-12-31": "-50.50000", "2005-09-30": "153.10000", "2005-06-30": "36.60000", "2005-03-31": "27.29990"}, "Basic Shares Outstanding": {"2020-12-31": "124.01300", "2020-09-30": "123.64700", "2020-06-30": "123.29600", "2020-03-31": "122.81800", "2019-12-31": "123.27900", "2019-09-30": "123.28000", "2019-06-30": "123.41800", "2019-03-31": "123.29100", "2018-12-31": "123.23000", "2018-09-30": "123.22400", "2018-06-30": "123.26800", "2018-03-31": "123.15500", "2017-12-31": "123.21100", "2017-09-30": "123.46700", "2017-06-30": "123.57300", "2017-03-31": "123.49500", "2016-12-31": "123.55700", "2016-09-30": "123.14900", "2016-06-30": "123.25000", "2016-03-31": "124.55000", "2015-12-31": "128.37300", "2015-09-30": "127.30800", "2015-06-30": "129.23600", "2015-03-31": "131.12000", "2014-12-31": "135.44500", "2014-09-30": "134.86500", "2014-06-30": "137.27400", "2014-03-31": "137.33400", "2013-12-31": "139.91000", "2013-09-30": "139.55900", "2013-06-30": "140.50400", "2013-03-31": "140.86200", "2012-12-31": "141.41600", "2012-09-30": "141.92600", "2012-06-30": "141.99200", "2012-03-31": "142.38400", "2011-12-31": "143.51000", "2011-09-30": "143.90800", "2011-06-30": "143.93000", "2011-03-31": "143.97600", "2010-12-31": "143.28800", "2010-09-30": "143.59200", "2010-06-30": "142.79200", "2010-03-31": "142.66800", "2009-12-31": "143.26000", "2009-09-30": "141.10000", "2009-06-30": "145.41600", "2009-03-31": "145.30400", "2008-12-31": "145.37200", "2008-09-30": "144.27600", "2008-06-30": "144.23600", "2008-03-31": "148.09600", "2007-12-31": "160.50000", "2007-09-30": "161.93200", "2007-06-30": "161.80000", "2007-03-31": "161.46000", "2006-12-31": "151.75600", "2006-09-30": "159.81600", "2006-06-30": "152.11200", "2006-03-31": "133.85600", "2005-12-31": "110.43600", "2005-09-30": "110.00800", "2005-06-30": "108.80000", "2005-03-31": "108.58800"}, "Shares Outstanding": {"2020-12-31": "124.01300", "2020-09-30": "123.64700", "2020-06-30": "123.96500", "2020-03-31": "124.12300", "2019-12-31": "124.28900", "2019-09-30": "124.06700", "2019-06-30": "124.30100", "2019-03-31": "123.91500", "2018-12-31": "123.97500", "2018-09-30": "123.86400", "2018-06-30": "124.03600", "2018-03-31": "123.63000", "2017-12-31": "123.85400", "2017-09-30": "124.22000", "2017-06-30": "124.33200", "2017-03-31": "124.29900", "2016-12-31": "124.38900", "2016-09-30": "123.83300", "2016-06-30": "123.98800", "2016-03-31": "125.32800", "2015-12-31": "129.37200", "2015-09-30": "128.20500", "2015-06-30": "130.25500", "2015-03-31": "132.23000", "2014-12-31": "136.80100", "2014-09-30": "136.15800", "2014-06-30": "138.71100", "2014-03-31": "138.82200", "2013-12-31": "141.87800", "2013-09-30": "141.38300", "2013-06-30": "142.31900", "2013-03-31": "142.82800", "2012-12-31": "143.56800", "2012-09-30": "143.76600", "2012-06-30": "144.40000", "2012-03-31": "145.31800", "2011-12-31": "146.84200", "2011-09-30": "146.47600", "2011-06-30": "146.94600", "2011-03-31": "147.36400", "2010-12-31": "147.14200", "2010-09-30": "147.32000", "2010-06-30": "146.78800", "2010-03-31": "145.57200", "2009-12-31": "144.61600", "2009-09-30": "142.72400", "2009-06-30": "146.36400", "2009-03-31": "145.30400", "2008-12-31": "145.37200", "2008-09-30": "144.27600", "2008-06-30": "145.02000", "2008-03-31": "148.09600", "2007-12-31": "161.69600", "2007-09-30": "163.10000", "2007-06-30": "163.12800", "2007-03-31": "161.46000", "2006-12-31": "151.75600", "2006-09-30": "159.81600", "2006-06-30": "160.30400", "2006-03-31": "133.85600", "2005-12-31": "135.66800", "2005-09-30": "135.42800", "2005-06-30": "133.09200", "2005-03-31": "132.63200"}, "Basic EPS": {"2020-12-31": "-3.47000", "2020-09-30": "-3.49000", "2020-06-30": "-1.74000", "2020-03-31": "-1.89000", "2019-12-31": "1.48000", "2019-09-30": "2.61000", "2019-06-30": "2.12000", "2019-03-31": "0.03000", "2018-12-31": "0.19000", "2018-09-30": "1.76000", "2018-06-30": "1.57000", "2018-03-31": "0.03000", "2017-12-31": "2.57000", "2017-09-30": "2.10000", "2017-06-30": "2.37000", "2017-03-31": "0.75000", "2016-12-31": "0.79000", "2016-09-30": "2.08000", "2016-06-30": "2.11000", "2016-03-31": "1.47000", "2015-12-31": "1.53000", "2015-09-30": "2.15000", "2015-06-30": "1.80000", "2015-03-31": "1.13000", "2014-12-31": "1.11000", "2014-09-30": "1.47000", "2014-06-30": "1.20000", "2014-03-31": "0.69000", "2013-12-31": "0.55000", "2013-09-30": "2.07000", "2013-06-30": "0.75000", "2013-03-31": "0.26000", "2012-12-31": "0.32000", "2012-09-30": "1.15000", "2012-06-30": "0.47500", "2012-03-31": "0.28500", "2011-12-31": "0.45000", "2011-09-30": "0.54000", "2011-06-30": "0.20000", "2011-03-31": "0.51500", "2010-12-31": "0.45000", "2010-09-30": "0.85250", "2010-06-30": "0.41000", "2010-03-31": "0.03750", "2009-12-31": "0.16000", "2009-09-30": "0.62000", "2009-06-30": "0.20000", "2009-03-31": "-0.13250", "2008-12-31": "-0.52000", "2008-09-30": "-0.60000", "2008-06-30": "0.43750", "2008-03-31": "-0.25250", "2007-12-31": "0.05000", "2007-09-30": "0.50500", "2007-06-30": "0.28500", "2007-03-31": "-0.06500", "2006-12-31": "-0.02500", "2006-09-30": "-0.11000", "2006-06-30": "0.36500", "2006-03-31": "-0.59000", "2005-12-31": "-0.29000", "2005-09-30": "0.82000", "2005-06-30": "0.16000", "2005-03-31": "-0.74250"}, "EPS - Earnings Per Share": {"2020-12-31": "-3.47000", "2020-09-30": "-3.49000", "2020-06-30": "-1.73000", "2020-03-31": "-1.87000", "2019-12-31": "1.45000", "2019-09-30": "2.60000", "2019-06-30": "2.11000", "2019-03-31": "0.03000", "2018-12-31": "0.18000", "2018-09-30": "1.75000", "2018-06-30": "1.56000", "2018-03-31": "0.03000", "2017-12-31": "2.55000", "2017-09-30": "2.09000", "2017-06-30": "2.36000", "2017-03-31": "0.75000", "2016-12-31": "0.78000", "2016-09-30": "2.07000", "2016-06-30": "2.10000", "2016-03-31": "1.46000", "2015-12-31": "1.51000", "2015-09-30": "2.14000", "2015-06-30": "1.79000", "2015-03-31": "1.12000", "2014-12-31": "1.10000", "2014-09-30": "1.45000", "2014-06-30": "1.19000", "2014-03-31": "0.68000", "2013-12-31": "0.54500", "2013-09-30": "2.04000", "2013-06-30": "0.74000", "2013-03-31": "0.25500", "2012-12-31": "0.32000", "2012-09-30": "1.13500", "2012-06-30": "0.46500", "2012-03-31": "0.28000", "2011-12-31": "0.43500", "2011-09-30": "0.53000", "2011-06-30": "0.19500", "2011-03-31": "0.50500", "2010-12-31": "0.43750", "2010-09-30": "0.83000", "2010-06-30": "0.40000", "2010-03-31": "0.03750", "2009-12-31": "0.16000", "2009-09-30": "0.61500", "2009-06-30": "0.19750", "2009-03-31": "-0.13250", "2008-12-31": "-0.51750", "2008-09-30": "-0.60000", "2008-06-30": "0.43500", "2008-03-31": "-0.25250", "2007-12-31": "0.04750", "2007-09-30": "0.50250", "2007-06-30": "0.28250", "2007-03-31": "-0.06500", "2006-12-31": "-0.00500", "2006-09-30": "-0.11000", "2006-06-30": "0.34500", "2006-03-31": "-0.59000", "2005-12-31": "-0.12750", "2005-09-30": "0.67750", "2005-06-30": "0.14000", "2005-03-31": "-0.74250"}}, "balance sheet": {"Cash On Hand": {"2020-12-31": "3346.00000", "2019-12-31": "1521.00000", "2018-12-31": "1236.00000", "2017-12-31": "1621.00000", "2016-12-31": "1580.00000", "2015-12-31": "1328.00000", "2014-12-31": "1217.00000", "2013-12-31": "1330.00000", "2012-12-31": "1252.00000", "2011-12-31": "1141.00000", "2010-12-31": "1208.20000", "2009-12-31": "1192.10000", "2008-12-31": "1077.40000", "2007-12-31": "822.80000", "2006-12-31": "1013.90000", "2005-12-31": "982.60000"}, "Receivables": {"2020-12-31": "", "2019-12-31": "323.00000", "2018-12-31": "366.00000", "2017-12-31": "341.00000", "2016-12-31": "302.00000", "2015-12-31": "212.00000", "2014-12-31": "259.00000", "2013-12-31": "152.00000", "2012-12-31": "130.00000", "2011-12-31": "136.00000", "2010-12-31": "120.10000", "2009-12-31": "111.80000", "2008-12-31": "116.70000", "2007-12-31": "138.00000", "2006-12-31": "134.20000", "2005-12-31": "124.20000"}, "Inventory": {"2020-12-31": "", "2019-12-31": "72.00000", "2018-12-31": "60.00000", "2017-12-31": "57.00000", "2016-12-31": "47.00000", "2015-12-31": "51.00000", "2014-12-31": "58.00000", "2013-12-31": "60.00000", "2012-12-31": "58.00000", "2011-12-31": "44.00000", "2010-12-31": "45.10000", "2009-12-31": "45.80000", "2008-12-31": "51.90000", "2007-12-31": "46.60000", "2006-12-31": "44.70000", "2005-12-31": "44.00000"}, "Pre-Paid Expenses": {"2020-12-31": "", "2019-12-31": "121.00000", "2018-12-31": "125.00000", "2017-12-31": "133.00000", "2016-12-31": "121.00000", "2015-12-31": "72.00000", "2014-12-31": "105.00000", "2013-12-31": "107.00000", "2012-12-31": "123.00000", "2011-12-31": "94.00000", "2010-12-31": "106.70000", "2009-12-31": "98.10000", "2008-12-31": "82.00000", "2007-12-31": "85.40000", "2006-12-31": "88.10000", "2005-12-31": "84.30000"}, "Other Current Assets": {"2020-12-31": "660.00000", "2019-12-31": "", "2018-12-31": "", "2017-12-31": "", "2016-12-31": "", "2015-12-31": "", "2014-12-31": "", "2013-12-31": "", "2012-12-31": "26.00000", "2011-12-31": "47.00000", "2010-12-31": "61.40000", "2009-12-31": "66.20000", "2008-12-31": "16.50000", "2007-12-31": "212.60000", "2006-12-31": "157.20000", "2005-12-31": "213.40000"}, "Total Current Assets": {"2020-12-31": "4006.00000", "2019-12-31": "2037.00000", "2018-12-31": "1787.00000", "2017-12-31": "2152.00000", "2016-12-31": "2050.00000", "2015-12-31": "1663.00000", "2014-12-31": "1639.00000", "2013-12-31": "1762.00000", "2012-12-31": "1737.00000", "2011-12-31": "1596.00000", "2010-12-31": "1662.00000", "2009-12-31": "1634.30000", "2008-12-31": "1508.90000", "2007-12-31": "1390.30000", "2006-12-31": "1572.30000", "2005-12-31": "1540.30000"}, "Property, Plant, And Equipment": {"2020-12-31": "6211.00000", "2019-12-31": "6902.00000", "2018-12-31": "6781.00000", "2017-12-31": "6284.00000", "2016-12-31": "5666.00000", "2015-12-31": "4802.00000", "2014-12-31": "4299.00000", "2013-12-31": "3893.00000", "2012-12-31": "3609.00000", "2011-12-31": "3373.00000", "2010-12-31": "3148.40000", "2009-12-31": "3167.90000", "2008-12-31": "3167.70000", "2007-12-31": "2962.30000", "2006-12-31": "2359.00000", "2005-12-31": "2032.20000"}, "Long-Term Investments": {"2020-12-31": "", "2019-12-31": "", "2018-12-31": "", "2017-12-31": "", "2016-12-31": "", "2015-12-31": "", "2014-12-31": "", "2013-12-31": "", "2012-12-31": "", "2011-12-31": "", "2010-12-31": "", "2009-12-31": "", "2008-12-31": "", "2007-12-31": "", "2006-12-31": "", "2005-12-31": ""}, "Goodwill And Intangible Assets": {"2020-12-31": "2050.00000", "2019-12-31": "2065.00000", "2018-12-31": "2070.00000", "2017-12-31": "2076.00000", "2016-12-31": "2077.00000", "2015-12-31": "", "2014-12-31": "", "2013-12-31": "", "2012-12-31": "", "2011-12-31": "", "2010-12-31": "", "2009-12-31": "", "2008-12-31": "", "2007-12-31": "", "2006-12-31": "", "2005-12-31": "33.60000"}, "Other Long-Term Assets": {"2020-12-31": "379.00000", "2019-12-31": "278.00000", "2018-12-31": "274.00000", "2017-12-31": "234.00000", "2016-12-31": "169.00000", "2015-12-31": "65.00000", "2014-12-31": "126.00000", "2013-12-31": "183.00000", "2012-12-31": "159.00000", "2011-12-31": "198.00000", "2010-12-31": "206.20000", "2009-12-31": "194.00000", "2008-12-31": "159.00000", "2007-12-31": "138.30000", "2006-12-31": "145.80000", "2005-12-31": "185.90000"}, "Total Long-Term Assets": {"2020-12-31": "8640.00000", "2019-12-31": "9245.00000", "2018-12-31": "9125.00000", "2017-12-31": "8594.00000", "2016-12-31": "7912.00000", "2015-12-31": "4867.00000", "2014-12-31": "4425.00000", "2013-12-31": "4076.00000", "2012-12-31": "3768.00000", "2011-12-31": "3571.00000", "2010-12-31": "3354.60000", "2009-12-31": "3361.90000", "2008-12-31": "3326.70000", "2007-12-31": "3100.60000", "2006-12-31": "2504.80000", "2005-12-31": "2251.70000"}, "Total Assets": {"2020-12-31": "14046.00000", "2019-12-31": "12993.00000", "2018-12-31": "10912.00000", "2017-12-31": "10746.00000", "2016-12-31": "9962.00000", "2015-12-31": "6530.00000", "2014-12-31": "6064.00000", "2013-12-31": "5838.00000", "2012-12-31": "5505.00000", "2011-12-31": "5167.00000", "2010-12-31": "5016.60000", "2009-12-31": "4996.20000", "2008-12-31": "4835.60000", "2007-12-31": "4490.90000", "2006-12-31": "4077.10000", "2005-12-31": "3792.00000"}, "Total Current Liabilities": {"2020-12-31": "4271.00000", "2019-12-31": "3201.00000", "2018-12-31": "2942.00000", "2017-12-31": "2686.00000", "2016-12-31": "2535.00000", "2015-12-31": "1805.00000", "2014-12-31": "1671.00000", "2013-12-31": "1580.00000", "2012-12-31": "1501.00000", "2011-12-31": "1510.00000", "2010-12-31": "1424.70000", "2009-12-31": "1269.50000", "2008-12-31": "1360.60000", "2007-12-31": "1373.70000", "2006-12-31": "1236.70000", "2005-12-31": "1165.60000"}, "Long Term Debt": {"2020-12-31": "2357.00000", "2019-12-31": "2703.00000", "2018-12-31": "1617.00000", "2017-12-31": "2262.00000", "2016-12-31": "2645.00000", "2015-12-31": "569.00000", "2014-12-31": "686.00000", "2013-12-31": "754.00000", "2012-12-31": "871.00000", "2011-12-31": "1099.00000", "2010-12-31": "1313.00000", "2009-12-31": "1699.20000", "2008-12-31": "1596.30000", "2007-12-31": "1124.60000", "2006-12-31": "1031.70000", "2005-12-31": "969.10000"}, "Other Non-Current Liabilities": {"2020-12-31": "3145.00000", "2019-12-31": "232.00000", "2018-12-31": "418.00000", "2017-12-31": "425.00000", "2016-12-31": "417.00000", "2015-12-31": "362.00000", "2014-12-31": "327.00000", "2013-12-31": "308.00000", "2012-12-31": "334.00000", "2011-12-31": "148.00000", "2010-12-31": "123.00000", "2009-12-31": "148.20000", "2008-12-31": "174.10000", "2007-12-31": "146.20000", "2006-12-31": "475.60000", "2005-12-31": "382.20000"}, "Total Long Term Liabilities": {"2020-12-31": "6770.00000", "2019-12-31": "5461.00000", "2018-12-31": "4219.00000", "2017-12-31": "4600.00000", "2016-12-31": "4496.00000", "2015-12-31": "2314.00000", "2014-12-31": "2266.00000", "2013-12-31": "2229.00000", "2012-12-31": "2583.00000", "2011-12-31": "2483.00000", "2010-12-31": "2486.50000", "2009-12-31": "2854.60000", "2008-12-31": "2813.10000", "2007-12-31": "2091.80000", "2006-12-31": "1954.90000", "2005-12-31": "1798.80000"}, "Total Liabilities": {"2020-12-31": "11041.00000", "2019-12-31": "8662.00000", "2018-12-31": "7161.00000", "2017-12-31": "7286.00000", "2016-12-31": "7031.00000", "2015-12-31": "4119.00000", "2014-12-31": "3937.00000", "2013-12-31": "3809.00000", "2012-12-31": "4084.00000", "2011-12-31": "3993.00000", "2010-12-31": "3911.20000", "2009-12-31": "4124.10000", "2008-12-31": "4173.70000", "2007-12-31": "3465.50000", "2006-12-31": "3191.60000", "2005-12-31": "2964.40000"}, "Common Stock Net": {"2020-12-31": "", "2019-12-31": "1.00000", "2018-12-31": "1.00000", "2017-12-31": "1.00000", "2016-12-31": "1.00000", "2015-12-31": "1.00000", "2014-12-31": "1.00000", "2013-12-31": "1.00000", "2012-12-31": "70.00000", "2011-12-31": "76.00000", "2010-12-31": "37.00000", "2009-12-31": "35.80000", "2008-12-31": "43.20000", "2007-12-31": "42.80000", "2006-12-31": "42.50000", "2005-12-31": "35.90000"}, "Retained Earnings (Accumulated Deficit)": {"2020-12-31": "", "2019-12-31": "5133.00000", "2018-12-31": "4534.00000", "2017-12-31": "4193.00000", "2016-12-31": "3568.00000", "2015-12-31": "2890.00000", "2014-12-31": "2144.00000", "2013-12-31": "1607.00000", "2012-12-31": "1127.00000", "2011-12-31": "811.00000", "2010-12-31": "566.10000", "2009-12-31": "315.00000", "2008-12-31": "193.40000", "2007-12-31": "329.30000", "2006-12-31": "206.90000", "2005-12-31": "278.10000"}, "Comprehensive Income": {"2020-12-31": "", "2019-12-31": "-465.00000", "2018-12-31": "-448.00000", "2017-12-31": "-380.00000", "2016-12-31": "-305.00000", "2015-12-31": "-303.00000", "2014-12-31": "-310.00000", "2013-12-31": "-183.00000", "2012-12-31": "-436.00000", "2011-12-31": "-390.00000", "2010-12-31": "-267.20000", "2009-12-31": "-240.00000", "2008-12-31": "-328.30000", "2007-12-31": "-133.30000", "2006-12-31": "-191.40000", "2005-12-31": "-132.00000"}, "Other Share Holders Equity": {"2020-12-31": "", "2019-12-31": "", "2018-12-31": "", "2017-12-31": "", "2016-12-31": "", "2015-12-31": "", "2014-12-31": "", "2013-12-31": "", "2012-12-31": "", "2011-12-31": "", "2010-12-31": "", "2009-12-31": "", "2008-12-31": "", "2007-12-31": "", "2006-12-31": "", "2005-12-31": ""}, "Share Holder Equity": {"2020-12-31": "3005.00000", "2019-12-31": "4331.00000", "2018-12-31": "3751.00000", "2017-12-31": "3460.00000", "2016-12-31": "2931.00000", "2015-12-31": "2411.00000", "2014-12-31": "2127.00000", "2013-12-31": "2029.00000", "2012-12-31": "1421.00000", "2011-12-31": "1174.00000", "2010-12-31": "1105.40000", "2009-12-31": "872.10000", "2008-12-31": "661.90000", "2007-12-31": "1025.40000", "2006-12-31": "885.50000", "2005-12-31": "827.60000"}, "Total Liabilities And Share Holders Equity": {"2020-12-31": "14046.00000", "2019-12-31": "12993.00000", "2018-12-31": "10912.00000", "2017-12-31": "10746.00000", "2016-12-31": "9962.00000", "2015-12-31": "6530.00000", "2014-12-31": "6064.00000", "2013-12-31": "5838.00000", "2012-12-31": "5505.00000", "2011-12-31": "5167.00000", "2010-12-31": "5016.60000", "2009-12-31": "4996.20000", "2008-12-31": "4835.60000", "2007-12-31": "4490.90000", "2006-12-31": "4077.10000", "2005-12-31": "3792.00000"}}, "balance sheet, quarterly": {"Cash On Hand": {"2020-12-31": "3346.00000", "2020-09-30": "3759.00000", "2020-06-30": "2803.00000", "2020-03-31": "2125.00000", "2019-12-31": "1521.00000", "2019-09-30": "1619.00000", "2019-06-30": "1627.00000", "2019-03-31": "1436.00000", "2018-12-31": "1236.00000", "2018-09-30": "1397.00000", "2018-06-30": "1568.00000", "2018-03-31": "1528.00000", "2017-12-31": "1621.00000", "2017-09-30": "1740.00000", "2017-06-30": "1922.00000", "2017-03-31": "1710.00000", "2016-12-31": "1580.00000", "2016-09-30": "3226.00000", "2016-06-30": "1607.00000", "2016-03-31": "1564.00000", "2015-12-31": "1328.00000", "2015-09-30": "1258.00000", "2015-06-30": "1192.00000", "2015-03-31": "1312.00000", "2014-12-31": "1217.00000", "2014-09-30": "1343.00000", "2014-06-30": "1510.00000", "2014-03-31": "1420.00000", "2013-12-31": "1330.00000", "2013-09-30": "1445.00000", "2013-06-30": "1429.00000", "2013-03-31": "1265.00000", "2012-12-31": "1252.00000", "2012-09-30": "1185.60000", "2012-06-30": "1185.40000", "2012-03-31": "1141.20000", "2011-12-31": "1141.00000", "2011-09-30": "1265.80000", "2011-06-30": "1153.50000", "2011-03-31": "1042.50000", "2010-12-31": "1208.20000", "2010-09-30": "1317.70000", "2010-06-30": "1272.70000", "2010-03-31": "1171.20000", "2009-12-31": "1192.10000", "2009-09-30": "1229.60000", "2009-06-30": "1121.80000", "2009-03-31": "1043.00000", "2008-12-31": "1077.40000", "2008-09-30": "1067.40000", "2008-06-30": "1006.00000", "2008-03-31": "921.80000", "2007-12-31": "822.80000", "2007-09-30": "888.00000", "2007-06-30": "987.70000", "2007-03-31": "970.10000", "2006-12-31": "1013.90000", "2006-09-30": "1107.70000", "2006-06-30": "1103.40000", "2006-03-31": "1011.60000", "2005-12-31": "982.60000", "2005-09-30": "822.20000", "2005-06-30": "726.10000", "2005-03-31": "763.50000"}, "Receivables": {"2020-12-31": "", "2020-09-30": "321.00000", "2020-06-30": "280.00000", "2020-03-31": "279.00000", "2019-12-31": "323.00000", "2019-09-30": "377.00000", "2019-06-30": "389.00000", "2019-03-31": "358.00000", "2018-12-31": "366.00000", "2018-09-30": "422.00000", "2018-06-30": "411.00000", "2018-03-31": "350.00000", "2017-12-31": "341.00000", "2017-09-30": "301.00000", "2017-06-30": "326.00000", "2017-03-31": "321.00000", "2016-12-31": "302.00000", "2016-09-30": "232.00000", "2016-06-30": "254.00000", "2016-03-31": "235.00000", "2015-12-31": "212.00000", "2015-09-30": "205.00000", "2015-06-30": "194.00000", "2015-03-31": "187.00000", "2014-12-31": "259.00000", "2014-09-30": "178.00000", "2014-06-30": "203.00000", "2014-03-31": "212.00000", "2013-12-31": "152.00000", "2013-09-30": "182.00000", "2013-06-30": "195.00000", "2013-03-31": "188.00000", "2012-12-31": "130.00000", "2012-09-30": "185.40000", "2012-06-30": "169.40000", "2012-03-31": "168.30000", "2011-12-31": "136.00000", "2011-09-30": "148.30000", "2011-06-30": "167.80000", "2011-03-31": "161.20000", "2010-12-31": "120.10000", "2010-09-30": "139.60000", "2010-06-30": "145.20000", "2010-03-31": "137.30000", "2009-12-31": "111.80000", "2009-09-30": "128.30000", "2009-06-30": "156.50000", "2009-03-31": "113.50000", "2008-12-31": "116.70000", "2008-09-30": "143.00000", "2008-06-30": "165.00000", "2008-03-31": "158.80000", "2007-12-31": "138.00000", "2007-09-30": "156.80000", "2007-06-30": "189.10000", "2007-03-31": "158.30000", "2006-12-31": "134.20000", "2006-09-30": "145.80000", "2006-06-30": "157.10000", "2006-03-31": "139.50000", "2005-12-31": "124.20000", "2005-09-30": "130.10000", "2005-06-30": "125.80000", "2005-03-31": "119.60000"}, "Inventory": {"2020-12-31": "", "2020-09-30": "57.00000", "2020-06-30": "56.00000", "2020-03-31": "68.00000", "2019-12-31": "72.00000", "2019-09-30": "63.00000", "2019-06-30": "55.00000", "2019-03-31": "58.00000", "2018-12-31": "60.00000", "2018-09-30": "57.00000", "2018-06-30": "57.00000", "2018-03-31": "62.00000", "2017-12-31": "57.00000", "2017-09-30": "57.00000", "2017-06-30": "52.00000", "2017-03-31": "50.00000", "2016-12-31": "47.00000", "2016-09-30": "44.00000", "2016-06-30": "45.00000", "2016-03-31": "45.00000", "2015-12-31": "51.00000", "2015-09-30": "52.00000", "2015-06-30": "58.00000", "2015-03-31": "52.00000", "2014-12-31": "58.00000", "2014-09-30": "64.00000", "2014-06-30": "61.00000", "2014-03-31": "58.00000", "2013-12-31": "60.00000", "2013-09-30": "60.00000", "2013-06-30": "59.00000", "2013-03-31": "61.00000", "2012-12-31": "58.00000", "2012-09-30": "52.50000", "2012-06-30": "47.80000", "2012-03-31": "45.30000", "2011-12-31": "44.00000", "2011-09-30": "44.30000", "2011-06-30": "52.60000", "2011-03-31": "45.70000", "2010-12-31": "45.10000", "2010-09-30": "41.60000", "2010-06-30": "48.50000", "2010-03-31": "49.10000", "2009-12-31": "45.80000", "2009-09-30": "47.40000", "2009-06-30": "43.60000", "2009-03-31": "43.40000", "2008-12-31": "51.90000", "2008-09-30": "83.50000", "2008-06-30": "59.70000", "2008-03-31": "47.00000", "2007-12-31": "46.60000", "2007-09-30": "51.80000", "2007-06-30": "55.10000", "2007-03-31": "47.80000", "2006-12-31": "44.70000", "2006-09-30": "52.40000", "2006-06-30": "43.40000", "2006-03-31": "44.40000", "2005-12-31": "44.00000", "2005-09-30": "48.10000", "2005-06-30": "46.10000", "2005-03-31": "43.70000"}, "Pre-Paid Expenses": {"2020-12-31": "", "2020-09-30": "328.00000", "2020-06-30": "105.00000", "2020-03-31": "100.00000", "2019-12-31": "121.00000", "2019-09-30": "143.00000", "2019-06-30": "147.00000", "2019-03-31": "149.00000", "2018-12-31": "125.00000", "2018-09-30": "180.00000", "2018-06-30": "180.00000", "2018-03-31": "174.00000", "2017-12-31": "133.00000", "2017-09-30": "116.00000", "2017-06-30": "125.00000", "2017-03-31": "132.00000", "2016-12-31": "121.00000", "2016-09-30": "98.00000", "2016-06-30": "97.00000", "2016-03-31": "79.00000", "2015-12-31": "72.00000", "2015-09-30": "74.00000", "2015-06-30": "87.00000", "2015-03-31": "102.00000", "2014-12-31": "105.00000", "2014-09-30": "100.00000", "2014-06-30": "134.00000", "2014-03-31": "124.00000", "2013-12-31": "107.00000", "2013-09-30": "105.00000", "2013-06-30": "114.00000", "2013-03-31": "132.00000", "2012-12-31": "123.00000", "2012-09-30": "116.10000", "2012-06-30": "121.70000", "2012-03-31": "100.90000", "2011-12-31": "94.00000", "2011-09-30": "106.70000", "2011-06-30": "104.00000", "2011-03-31": "111.40000", "2010-12-31": "106.70000", "2010-09-30": "99.70000", "2010-06-30": "103.70000", "2010-03-31": "102.10000", "2009-12-31": "98.10000", "2009-09-30": "98.20000", "2009-06-30": "74.40000", "2009-03-31": "82.30000", "2008-12-31": "82.00000", "2008-09-30": "84.70000", "2008-06-30": "95.30000", "2008-03-31": "98.40000", "2007-12-31": "85.40000", "2007-09-30": "109.70000", "2007-06-30": "93.90000", "2007-03-31": "110.60000", "2006-12-31": "88.10000", "2006-09-30": "102.00000", "2006-06-30": "119.30000", "2006-03-31": "99.70000", "2005-12-31": "84.30000", "2005-09-30": "105.20000", "2005-06-30": "102.00000", "2005-03-31": "102.70000"}, "Other Current Assets": {"2020-12-31": "660.00000", "2020-09-30": "", "2020-06-30": "", "2020-03-31": "", "2019-12-31": "", "2019-09-30": "", "2019-06-30": "", "2019-03-31": "", "2018-12-31": "", "2018-09-30": "", "2018-06-30": "", "2018-03-31": "", "2017-12-31": "", "2017-09-30": "", "2017-06-30": "", "2017-03-31": "", "2016-12-31": "", "2016-09-30": "", "2016-06-30": "", "2016-03-31": "", "2015-12-31": "", "2015-09-30": "", "2015-06-30": "", "2015-03-31": "", "2014-12-31": "", "2014-09-30": "", "2014-06-30": "", "2014-03-31": "", "2013-12-31": "", "2013-09-30": "20.00000", "2013-06-30": "14.00000", "2013-03-31": "21.00000", "2012-12-31": "26.00000", "2012-09-30": "35.40000", "2012-06-30": "22.00000", "2012-03-31": "58.70000", "2011-12-31": "47.00000", "2011-09-30": "31.00000", "2011-06-30": "71.40000", "2011-03-31": "118.90000", "2010-12-31": "61.40000", "2010-09-30": "39.90000", "2010-06-30": "31.70000", "2010-03-31": "58.90000", "2009-12-31": "66.20000", "2009-09-30": "43.60000", "2009-06-30": "39.40000", "2009-03-31": "13.40000", "2008-12-31": "16.50000", "2008-09-30": "169.90000", "2008-06-30": "344.60000", "2008-03-31": "210.80000", "2007-12-31": "212.60000", "2007-09-30": "170.50000", "2007-06-30": "159.50000", "2007-03-31": "167.60000", "2006-12-31": "157.20000", "2006-09-30": "166.50000", "2006-06-30": "206.00000", "2006-03-31": "207.60000", "2005-12-31": "213.40000", "2005-09-30": "140.70000", "2005-06-30": "123.60000", "2005-03-31": "124.40000"}, "Total Current Assets": {"2020-12-31": "4006.00000", "2020-09-30": "4465.00000", "2020-06-30": "3244.00000", "2020-03-31": "2572.00000", "2019-12-31": "2037.00000", "2019-09-30": "2202.00000", "2019-06-30": "2218.00000", "2019-03-31": "2001.00000", "2018-12-31": "1787.00000", "2018-09-30": "2056.00000", "2018-06-30": "2216.00000", "2018-03-31": "2114.00000", "2017-12-31": "2152.00000", "2017-09-30": "2214.00000", "2017-06-30": "2425.00000", "2017-03-31": "2213.00000", "2016-12-31": "2050.00000", "2016-09-30": "3600.00000", "2016-06-30": "2003.00000", "2016-03-31": "1923.00000", "2015-12-31": "1663.00000", "2015-09-30": "1715.00000", "2015-06-30": "1654.00000", "2015-03-31": "1776.00000", "2014-12-31": "1639.00000", "2014-09-30": "1799.00000", "2014-06-30": "2020.00000", "2014-03-31": "1934.00000", "2013-12-31": "1762.00000", "2013-09-30": "1935.00000", "2013-06-30": "1986.00000", "2013-03-31": "1839.00000", "2012-12-31": "1737.00000", "2012-09-30": "1716.50000", "2012-06-30": "1698.40000", "2012-03-31": "1656.90000", "2011-12-31": "1596.00000", "2011-09-30": "1726.30000", "2011-06-30": "1675.70000", "2011-03-31": "1596.00000", "2010-12-31": "1662.00000", "2010-09-30": "1768.30000", "2010-06-30": "1739.20000", "2010-03-31": "1651.60000", "2009-12-31": "1634.30000", "2009-09-30": "1685.80000", "2009-06-30": "1593.90000", "2009-03-31": "1465.90000", "2008-12-31": "1508.90000", "2008-09-30": "1678.70000", "2008-06-30": "1734.00000", "2008-03-31": "1541.80000", "2007-12-31": "1390.30000", "2007-09-30": "1468.30000", "2007-06-30": "1629.60000", "2007-03-31": "1594.10000", "2006-12-31": "1572.30000", "2006-09-30": "1697.30000", "2006-06-30": "1732.30000", "2006-03-31": "1601.30000", "2005-12-31": "1540.30000", "2005-09-30": "1308.10000", "2005-06-30": "1199.10000", "2005-03-31": "1234.10000"}, "Property, Plant, And Equipment": {"2020-12-31": "6211.00000", "2020-09-30": "6381.00000", "2020-06-30": "6795.00000", "2020-03-31": "6854.00000", "2019-12-31": "6902.00000", "2019-09-30": "6834.00000", "2019-06-30": "6744.00000", "2019-03-31": "6629.00000", "2018-12-31": "6781.00000", "2018-09-30": "6495.00000", "2018-06-30": "6493.00000", "2018-03-31": "6403.00000", "2017-12-31": "6284.00000", "2017-09-30": "6230.00000", "2017-06-30": "6002.00000", "2017-03-31": "5809.00000", "2016-12-31": "5666.00000", "2016-09-30": "5031.00000", "2016-06-30": "4959.00000", "2016-03-31": "4830.00000", "2015-12-31": "4802.00000", "2015-09-30": "4734.00000", "2015-06-30": "4705.00000", "2015-03-31": "4497.00000", "2014-12-31": "4299.00000", "2014-09-30": "4244.00000", "2014-06-30": "4102.00000", "2014-03-31": "3930.00000", "2013-12-31": "3893.00000", "2013-09-30": "3792.00000", "2013-06-30": "3725.00000", "2013-03-31": "3639.00000", "2012-12-31": "3609.00000", "2012-09-30": "3547.50000", "2012-06-30": "3547.40000", "2012-03-31": "3503.70000", "2011-12-31": "3373.00000", "2011-09-30": "3350.10000", "2011-06-30": "3249.90000", "2011-03-31": "3202.20000", "2010-12-31": "3148.40000", "2010-09-30": "3147.00000", "2010-06-30": "3163.90000", "2010-03-31": "3136.00000", "2009-12-31": "3167.90000", "2009-09-30": "3136.30000", "2009-06-30": "3154.20000", "2009-03-31": "3127.20000", "2008-12-31": "3167.70000", "2008-09-30": "3217.50000", "2008-06-30": "3141.80000", "2008-03-31": "3056.60000", "2007-12-31": "2962.30000", "2007-09-30": "2833.70000", "2007-06-30": "2693.80000", "2007-03-31": "2570.50000", "2006-12-31": "2359.00000", "2006-09-30": "2251.00000", "2006-06-30": "2130.50000", "2006-03-31": "2039.30000", "2005-12-31": "2032.20000", "2005-09-30": "1958.60000", "2005-06-30": "1932.00000", "2005-03-31": "1823.50000"}, "Long-Term Investments": {"2020-12-31": "", "2020-09-30": "", "2020-06-30": "", "2020-03-31": "", "2019-12-31": "", "2019-09-30": "", "2019-06-30": "", "2019-03-31": "", "2018-12-31": "", "2018-09-30": "", "2018-06-30": "", "2018-03-31": "", "2017-12-31": "", "2017-09-30": "", "2017-06-30": "", "2017-03-31": "", "2016-12-31": "", "2016-09-30": "", "2016-06-30": "", "2016-03-31": "", "2015-12-31": "", "2015-09-30": "", "2015-06-30": "", "2015-03-31": "", "2014-12-31": "", "2014-09-30": "", "2014-06-30": "", "2014-03-31": "", "2013-12-31": "", "2013-09-30": "", "2013-06-30": "", "2013-03-31": "", "2012-12-31": "", "2012-09-30": "", "2012-06-30": "", "2012-03-31": "", "2011-12-31": "", "2011-09-30": "", "2011-06-30": "", "2011-03-31": "", "2010-12-31": "", "2010-09-30": "", "2010-06-30": "", "2010-03-31": "", "2009-12-31": "", "2009-09-30": "", "2009-06-30": "", "2009-03-31": "", "2008-12-31": "", "2008-09-30": "", "2008-06-30": "", "2008-03-31": "", "2007-12-31": "", "2007-09-30": "", "2007-06-30": "", "2007-03-31": "", "2006-12-31": "", "2006-09-30": "", "2006-06-30": "", "2006-03-31": "", "2005-12-31": "", "2005-09-30": "", "2005-06-30": "", "2005-03-31": ""}, "Goodwill And Intangible Assets": {"2020-12-31": "2050.00000", "2020-09-30": "2050.00000", "2020-06-30": "2052.00000", "2020-03-31": "2053.00000", "2019-12-31": "2065.00000", "2019-09-30": "2066.00000", "2019-06-30": "2068.00000", "2019-03-31": "2070.00000", "2018-12-31": "2070.00000", "2018-09-30": "2071.00000", "2018-06-30": "2073.00000", "2018-03-31": "2075.00000", "2017-12-31": "2076.00000", "2017-09-30": "2069.00000", "2017-06-30": "2077.00000", "2017-03-31": "2081.00000", "2016-12-31": "2077.00000", "2016-09-30": "", "2016-06-30": "", "2016-03-31": "", "2015-12-31": "", "2015-09-30": "", "2015-06-30": "", "2015-03-31": "", "2014-12-31": "", "2014-09-30": "", "2014-06-30": "", "2014-03-31": "", "2013-12-31": "", "2013-09-30": "", "2013-06-30": "", "2013-03-31": "", "2012-12-31": "", "2012-09-30": "", "2012-06-30": "", "2012-03-31": "", "2011-12-31": "", "2011-09-30": "", "2011-06-30": "", "2011-03-31": "", "2010-12-31": "", "2010-09-30": "", "2010-06-30": "", "2010-03-31": "", "2009-12-31": "", "2009-09-30": "", "2009-06-30": "", "2009-03-31": "", "2008-12-31": "", "2008-09-30": "", "2008-06-30": "", "2008-03-31": "", "2007-12-31": "", "2007-09-30": "", "2007-06-30": "", "2007-03-31": "", "2006-12-31": "", "2006-09-30": "33.60000", "2006-06-30": "33.60000", "2006-03-31": "33.60000", "2005-12-31": "33.60000", "2005-09-30": "38.60000", "2005-06-30": "38.60000", "2005-03-31": "38.60000"}, "Other Long-Term Assets": {"2020-12-31": "379.00000", "2020-09-30": "337.00000", "2020-06-30": "339.00000", "2020-03-31": "300.00000", "2019-12-31": "278.00000", "2019-09-30": "234.00000", "2019-06-30": "225.00000", "2019-03-31": "225.00000", "2018-12-31": "274.00000", "2018-09-30": "271.00000", "2018-06-30": "273.00000", "2018-03-31": "256.00000", "2017-12-31": "234.00000", "2017-09-30": "226.00000", "2017-06-30": "216.00000", "2017-03-31": "199.00000", "2016-12-31": "169.00000", "2016-09-30": "68.00000", "2016-06-30": "73.00000", "2016-03-31": "76.00000", "2015-12-31": "65.00000", "2015-09-30": "115.00000", "2015-06-30": "121.00000", "2015-03-31": "137.00000", "2014-12-31": "126.00000", "2014-09-30": "193.00000", "2014-06-30": "192.00000", "2014-03-31": "197.00000", "2013-12-31": "183.00000", "2013-09-30": "135.00000", "2013-06-30": "141.00000", "2013-03-31": "166.00000", "2012-12-31": "159.00000", "2012-09-30": "172.10000", "2012-06-30": "177.80000", "2012-03-31": "221.40000", "2011-12-31": "198.00000", "2011-09-30": "183.80000", "2011-06-30": "308.20000", "2011-03-31": "313.20000", "2010-12-31": "206.20000", "2010-09-30": "204.80000", "2010-06-30": "203.90000", "2010-03-31": "228.10000", "2009-12-31": "194.00000", "2009-09-30": "183.90000", "2009-06-30": "193.20000", "2009-03-31": "185.90000", "2008-12-31": "159.00000", "2008-09-30": "169.70000", "2008-06-30": "219.70000", "2008-03-31": "178.70000", "2007-12-31": "138.30000", "2007-09-30": "154.90000", "2007-06-30": "156.00000", "2007-03-31": "178.50000", "2006-12-31": "145.80000", "2006-09-30": "157.80000", "2006-06-30": "195.40000", "2006-03-31": "214.00000", "2005-12-31": "185.90000", "2005-09-30": "204.40000", "2005-06-30": "200.80000", "2005-03-31": "204.40000"}, "Total Long-Term Assets": {"2020-12-31": "8640.00000", "2020-09-30": "8768.00000", "2020-06-30": "9186.00000", "2020-03-31": "9207.00000", "2019-12-31": "9245.00000", "2019-09-30": "9134.00000", "2019-06-30": "9037.00000", "2019-03-31": "8924.00000", "2018-12-31": "9125.00000", "2018-09-30": "8837.00000", "2018-06-30": "8839.00000", "2018-03-31": "8734.00000", "2017-12-31": "8594.00000", "2017-09-30": "8525.00000", "2017-06-30": "8295.00000", "2017-03-31": "8089.00000", "2016-12-31": "7912.00000", "2016-09-30": "5099.00000", "2016-06-30": "5032.00000", "2016-03-31": "4906.00000", "2015-12-31": "4867.00000", "2015-09-30": "4849.00000", "2015-06-30": "4826.00000", "2015-03-31": "4634.00000", "2014-12-31": "4425.00000", "2014-09-30": "4437.00000", "2014-06-30": "4294.00000", "2014-03-31": "4127.00000", "2013-12-31": "4076.00000", "2013-09-30": "3927.00000", "2013-06-30": "3866.00000", "2013-03-31": "3805.00000", "2012-12-31": "3768.00000", "2012-09-30": "3719.60000", "2012-06-30": "3725.20000", "2012-03-31": "3725.10000", "2011-12-31": "3571.00000", "2011-09-30": "3533.90000", "2011-06-30": "3558.10000", "2011-03-31": "3515.40000", "2010-12-31": "3354.60000", "2010-09-30": "3351.80000", "2010-06-30": "3367.80000", "2010-03-31": "3364.10000", "2009-12-31": "3361.90000", "2009-09-30": "3320.20000", "2009-06-30": "3347.40000", "2009-03-31": "3313.10000", "2008-12-31": "3326.70000", "2008-09-30": "3387.20000", "2008-06-30": "3361.50000", "2008-03-31": "3235.30000", "2007-12-31": "3100.60000", "2007-09-30": "2988.60000", "2007-06-30": "2849.80000", "2007-03-31": "2749.00000", "2006-12-31": "2504.80000", "2006-09-30": "2442.40000", "2006-06-30": "2359.50000", "2006-03-31": "2286.90000", "2005-12-31": "2251.70000", "2005-09-30": "2201.60000", "2005-06-30": "2171.40000", "2005-03-31": "2066.50000"}, "Total Assets": {"2020-12-31": "14046.00000", "2020-09-30": "14749.00000", "2020-06-30": "13998.00000", "2020-03-31": "13363.00000", "2019-12-31": "12993.00000", "2019-09-30": "12983.00000", "2019-06-30": "12951.00000", "2019-03-31": "12640.00000", "2018-12-31": "10912.00000", "2018-09-30": "10893.00000", "2018-06-30": "11055.00000", "2018-03-31": "10848.00000", "2017-12-31": "10746.00000", "2017-09-30": "10739.00000", "2017-06-30": "10720.00000", "2017-03-31": "10302.00000", "2016-12-31": "9962.00000", "2016-09-30": "8699.00000", "2016-06-30": "7035.00000", "2016-03-31": "6829.00000", "2015-12-31": "6530.00000", "2015-09-30": "6564.00000", "2015-06-30": "6480.00000", "2015-03-31": "6410.00000", "2014-12-31": "6064.00000", "2014-09-30": "6236.00000", "2014-06-30": "6314.00000", "2014-03-31": "6061.00000", "2013-12-31": "5838.00000", "2013-09-30": "5862.00000", "2013-06-30": "5852.00000", "2013-03-31": "5644.00000", "2012-12-31": "5505.00000", "2012-09-30": "5436.10000", "2012-06-30": "5423.60000", "2012-03-31": "5382.00000", "2011-12-31": "5167.00000", "2011-09-30": "5260.20000", "2011-06-30": "5233.80000", "2011-03-31": "5111.40000", "2010-12-31": "5016.60000", "2010-09-30": "5120.10000", "2010-06-30": "5107.00000", "2010-03-31": "5015.70000", "2009-12-31": "4996.20000", "2009-09-30": "5006.00000", "2009-06-30": "4941.30000", "2009-03-31": "4779.00000", "2008-12-31": "4835.60000", "2008-09-30": "5065.90000", "2008-06-30": "5095.50000", "2008-03-31": "4777.10000", "2007-12-31": "4490.90000", "2007-09-30": "4456.90000", "2007-06-30": "4479.40000", "2007-03-31": "4343.10000", "2006-12-31": "4077.10000", "2006-09-30": "4139.70000", "2006-06-30": "4091.80000", "2006-03-31": "3888.20000", "2005-12-31": "3792.00000", "2005-09-30": "3509.70000", "2005-06-30": "3370.50000", "2005-03-31": "3300.60000"}, "Total Current Liabilities": {"2020-12-31": "4271.00000", "2020-09-30": "4207.00000", "2020-06-30": "4120.00000", "2020-03-31": "3730.00000", "2019-12-31": "3201.00000", "2019-09-30": "3346.00000", "2019-06-30": "3534.00000", "2019-03-31": "3386.00000", "2018-12-31": "2942.00000", "2018-09-30": "2888.00000", "2018-06-30": "3036.00000", "2018-03-31": "2992.00000", "2017-12-31": "2686.00000", "2017-09-30": "2765.00000", "2017-06-30": "2974.00000", "2017-03-31": "2835.00000", "2016-12-31": "2535.00000", "2016-09-30": "2123.00000", "2016-06-30": "2061.00000", "2016-03-31": "2069.00000", "2015-12-31": "1805.00000", "2015-09-30": "1854.00000", "2015-06-30": "1927.00000", "2015-03-31": "1880.00000", "2014-12-31": "1671.00000", "2014-09-30": "1767.00000", "2014-06-30": "1864.00000", "2014-03-31": "1755.00000", "2013-12-31": "1580.00000", "2013-09-30": "1650.00000", "2013-06-30": "1756.00000", "2013-03-31": "1598.00000", "2012-12-31": "1501.00000", "2012-09-30": "1528.80000", "2012-06-30": "1664.30000", "2012-03-31": "1673.20000", "2011-12-31": "1510.00000", "2011-09-30": "1518.30000", "2011-06-30": "1628.00000", "2011-03-31": "1484.40000", "2010-12-31": "1424.70000", "2010-09-30": "1472.00000", "2010-06-30": "1440.70000", "2010-03-31": "1339.50000", "2009-12-31": "1269.50000", "2009-09-30": "1282.50000", "2009-06-30": "1340.40000", "2009-03-31": "1285.60000", "2008-12-31": "1360.60000", "2008-09-30": "1540.50000", "2008-06-30": "1649.80000", "2008-03-31": "1482.40000", "2007-12-31": "1373.70000", "2007-09-30": "1299.60000", "2007-06-30": "1408.50000", "2007-03-31": "1380.30000", "2006-12-31": "1236.70000", "2006-09-30": "1380.50000", "2006-06-30": "1423.20000", "2006-03-31": "1330.70000", "2005-12-31": "1165.60000", "2005-09-30": "1101.60000", "2005-06-30": "1085.90000", "2005-03-31": "1056.10000"}, "Long Term Debt": {"2020-12-31": "2357.00000", "2020-09-30": "2672.00000", "2020-06-30": "1549.00000", "2020-03-31": "1203.00000", "2019-12-31": "1264.00000", "2019-09-30": "1444.00000", "2019-06-30": "1538.00000", "2019-03-31": "1664.00000", "2018-12-31": "1617.00000", "2018-09-30": "1684.00000", "2018-06-30": "1998.00000", "2018-03-31": "2062.00000", "2017-12-31": "2262.00000", "2017-09-30": "2367.00000", "2017-06-30": "2469.00000", "2017-03-31": "2531.00000", "2016-12-31": "2645.00000", "2016-09-30": "1861.00000", "2016-06-30": "509.00000", "2016-03-31": "531.00000", "2015-12-31": "569.00000", "2015-09-30": "593.00000", "2015-06-30": "629.00000", "2015-03-31": "650.00000", "2014-12-31": "686.00000", "2014-09-30": "710.00000", "2014-06-30": "745.00000", "2014-03-31": "721.00000", "2013-12-31": "754.00000", "2013-09-30": "782.00000", "2013-06-30": "814.00000", "2013-03-31": "840.00000", "2012-12-31": "871.00000", "2012-09-30": "898.90000", "2012-06-30": "957.10000", "2012-03-31": "1036.90000", "2011-12-31": "1099.00000", "2011-09-30": "1178.80000", "2011-06-30": "1154.90000", "2011-03-31": "1275.20000", "2010-12-31": "1313.00000", "2010-09-30": "1390.10000", "2010-06-30": "1570.00000", "2010-03-31": "1657.20000", "2009-12-31": "1699.20000", "2009-09-30": "1657.50000", "2009-06-30": "1669.70000", "2009-03-31": "1619.30000", "2008-12-31": "1596.30000", "2008-09-30": "1613.10000", "2008-06-30": "1444.90000", "2008-03-31": "1380.00000", "2007-12-31": "1124.60000", "2007-09-30": "1151.80000", "2007-06-30": "1177.00000", "2007-03-31": "1171.30000", "2006-12-31": "1031.70000", "2006-09-30": "945.50000", "2006-06-30": "889.20000", "2006-03-31": "1027.40000", "2005-12-31": "969.10000", "2005-09-30": "970.00000", "2005-06-30": "979.50000", "2005-03-31": "980.40000"}, "Other Non-Current Liabilities": {"2020-12-31": "3145.00000", "2020-09-30": "476.00000", "2020-06-30": "373.00000", "2020-03-31": "253.00000", "2019-12-31": "232.00000", "2019-09-30": "213.00000", "2019-06-30": "197.00000", "2019-03-31": "210.00000", "2018-12-31": "418.00000", "2018-09-30": "428.00000", "2018-06-30": "417.00000", "2018-03-31": "423.00000", "2017-12-31": "425.00000", "2017-09-30": "429.00000", "2017-06-30": "427.00000", "2017-03-31": "438.00000", "2016-12-31": "417.00000", "2016-09-30": "355.00000", "2016-06-30": "366.00000", "2016-03-31": "359.00000", "2015-12-31": "362.00000", "2015-09-30": "341.00000", "2015-06-30": "339.00000", "2015-03-31": "332.00000", "2014-12-31": "327.00000", "2014-09-30": "312.00000", "2014-06-30": "315.00000", "2014-03-31": "309.00000", "2013-12-31": "308.00000", "2013-09-30": "318.00000", "2013-06-30": "318.00000", "2013-03-31": "332.00000", "2012-12-31": "334.00000", "2012-09-30": "213.00000", "2012-06-30": "204.80000", "2012-03-31": "184.10000", "2011-12-31": "148.00000", "2011-09-30": "170.30000", "2011-06-30": "148.60000", "2011-03-31": "108.60000", "2010-12-31": "123.00000", "2010-09-30": "132.60000", "2010-06-30": "131.80000", "2010-03-31": "131.60000", "2009-12-31": "148.20000", "2009-09-30": "162.20000", "2009-06-30": "159.10000", "2009-03-31": "165.50000", "2008-12-31": "174.10000", "2008-09-30": "427.00000", "2008-06-30": "420.00000", "2008-03-31": "395.40000", "2007-12-31": "146.20000", "2007-09-30": "461.20000", "2007-06-30": "462.10000", "2007-03-31": "478.00000", "2006-12-31": "475.60000", "2006-09-30": "375.80000", "2006-06-30": "353.10000", "2006-03-31": "368.90000", "2005-12-31": "382.20000", "2005-09-30": "285.70000", "2005-06-30": "253.20000", "2005-03-31": "241.10000"}, "Total Long Term Liabilities": {"2020-12-31": "6770.00000", "2020-09-30": "7088.00000", "2020-06-30": "6017.00000", "2020-03-31": "5618.00000", "2019-12-31": "5461.00000", "2019-09-30": "5385.00000", "2019-06-30": "5444.00000", "2019-03-31": "5508.00000", "2018-12-31": "4219.00000", "2018-09-30": "4214.00000", "2018-06-30": "4426.00000", "2018-03-31": "4417.00000", "2017-12-31": "4600.00000", "2017-09-30": "4483.00000", "2017-06-30": "4482.00000", "2017-03-31": "4453.00000", "2016-12-31": "4496.00000", "2016-09-30": "3712.00000", "2016-06-30": "2347.00000", "2016-03-31": "2305.00000", "2015-12-31": "2314.00000", "2015-09-30": "2345.00000", "2015-06-30": "2334.00000", "2015-03-31": "2364.00000", "2014-12-31": "2266.00000", "2014-09-30": "2240.00000", "2014-06-30": "2250.00000", "2014-03-31": "2211.00000", "2013-12-31": "2229.00000", "2013-09-30": "2410.00000", "2013-06-30": "2553.00000", "2013-03-31": "2584.00000", "2012-12-31": "2583.00000", "2012-09-30": "2468.10000", "2012-06-30": "2476.30000", "2012-03-31": "2490.80000", "2011-12-31": "2483.00000", "2011-09-30": "2477.60000", "2011-06-30": "2399.30000", "2011-03-31": "2456.90000", "2010-12-31": "2486.50000", "2010-09-30": "2574.60000", "2010-06-30": "2726.40000", "2010-03-31": "2790.80000", "2009-12-31": "2854.60000", "2009-09-30": "2949.70000", "2009-06-30": "2912.50000", "2009-03-31": "2836.10000", "2008-12-31": "2813.10000", "2008-09-30": "2599.70000", "2008-06-30": "2435.50000", "2008-03-31": "2337.60000", "2007-12-31": "2091.80000", "2007-09-30": "2129.90000", "2007-06-30": "2135.20000", "2007-03-31": "2076.50000", "2006-12-31": "1954.90000", "2006-09-30": "1794.20000", "2006-06-30": "1694.40000", "2006-03-31": "1806.00000", "2005-12-31": "1798.80000", "2005-09-30": "1708.50000", "2005-06-30": "1683.50000", "2005-03-31": "1660.00000"}, "Total Liabilities": {"2020-12-31": "11041.00000", "2020-09-30": "11295.00000", "2020-06-30": "10137.00000", "2020-03-31": "9348.00000", "2019-12-31": "8662.00000", "2019-09-30": "8731.00000", "2019-06-30": "8978.00000", "2019-03-31": "8894.00000", "2018-12-31": "7161.00000", "2018-09-30": "7102.00000", "2018-06-30": "7462.00000", "2018-03-31": "7409.00000", "2017-12-31": "7286.00000", "2017-09-30": "7248.00000", "2017-06-30": "7456.00000", "2017-03-31": "7288.00000", "2016-12-31": "7031.00000", "2016-09-30": "5835.00000", "2016-06-30": "4408.00000", "2016-03-31": "4374.00000", "2015-12-31": "4119.00000", "2015-09-30": "4199.00000", "2015-06-30": "4261.00000", "2015-03-31": "4244.00000", "2014-12-31": "3937.00000", "2014-09-30": "4007.00000", "2014-06-30": "4114.00000", "2014-03-31": "3966.00000", "2013-12-31": "3809.00000", "2013-09-30": "4060.00000", "2013-06-30": "4309.00000", "2013-03-31": "4182.00000", "2012-12-31": "4084.00000", "2012-09-30": "3996.90000", "2012-06-30": "4140.60000", "2012-03-31": "4164.00000", "2011-12-31": "3993.00000", "2011-09-30": "3995.90000", "2011-06-30": "4027.30000", "2011-03-31": "3941.30000", "2010-12-31": "3911.20000", "2010-09-30": "4046.60000", "2010-06-30": "4167.10000", "2010-03-31": "4130.30000", "2009-12-31": "4124.10000", "2009-09-30": "4232.20000", "2009-06-30": "4252.90000", "2009-03-31": "4121.70000", "2008-12-31": "4173.70000", "2008-09-30": "4140.20000", "2008-06-30": "4085.30000", "2008-03-31": "3820.00000", "2007-12-31": "3465.50000", "2007-09-30": "3429.50000", "2007-06-30": "3543.70000", "2007-03-31": "3456.80000", "2006-12-31": "3191.60000", "2006-09-30": "3174.70000", "2006-06-30": "3117.60000", "2006-03-31": "3136.70000", "2005-12-31": "2964.40000", "2005-09-30": "2810.10000", "2005-06-30": "2769.40000", "2005-03-31": "2716.10000"}, "Common Stock Net": {"2020-12-31": "", "2020-09-30": "1.00000", "2020-06-30": "1.00000", "2020-03-31": "1.00000", "2019-12-31": "1.00000", "2019-09-30": "1.00000", "2019-06-30": "1.00000", "2019-03-31": "1.00000", "2018-12-31": "1.00000", "2018-09-30": "1.00000", "2018-06-30": "1.00000", "2018-03-31": "1.00000", "2017-12-31": "1.00000", "2017-09-30": "1.00000", "2017-06-30": "1.00000", "2017-03-31": "1.00000", "2016-12-31": "1.00000", "2016-09-30": "1.00000", "2016-06-30": "1.00000", "2016-03-31": "1.00000", "2015-12-31": "1.00000", "2015-09-30": "1.00000", "2015-06-30": "1.00000", "2015-03-31": "1.00000", "2014-12-31": "1.00000", "2014-09-30": "1.00000", "2014-06-30": "1.00000", "2014-03-31": "69.00000", "2013-12-31": "1.00000", "2013-09-30": "70.00000", "2013-06-30": "70.00000", "2013-03-31": "70.00000", "2012-12-31": "70.00000", "2012-09-30": "70.20000", "2012-06-30": "70.70000", "2012-03-31": "71.20000", "2011-12-31": "76.00000", "2011-09-30": "37.80000", "2011-06-30": "37.70000", "2011-03-31": "37.40000", "2010-12-31": "37.00000", "2010-09-30": "36.80000", "2010-06-30": "36.50000", "2010-03-31": "36.20000", "2009-12-31": "35.80000", "2009-09-30": "43.50000", "2009-06-30": "43.30000", "2009-03-31": "43.30000", "2008-12-31": "43.20000", "2008-09-30": "43.10000", "2008-06-30": "42.90000", "2008-03-31": "42.90000", "2007-12-31": "42.80000", "2007-09-30": "42.70000", "2007-06-30": "42.70000", "2007-03-31": "42.60000", "2006-12-31": "42.50000", "2006-09-30": "42.30000", "2006-06-30": "42.20000", "2006-03-31": "36.00000", "2005-12-31": "35.90000", "2005-09-30": "30.10000", "2005-06-30": "29.90000", "2005-03-31": "29.80000"}, "Retained Earnings (Accumulated Deficit)": {"2020-12-31": "", "2020-09-30": "4211.00000", "2020-06-30": "4642.00000", "2020-03-31": "4856.00000", "2019-12-31": "5133.00000", "2019-09-30": "4996.00000", "2019-06-30": "4717.00000", "2019-03-31": "4498.00000", "2018-12-31": "4534.00000", "2018-09-30": "4550.00000", "2018-06-30": "4373.00000", "2018-03-31": "4219.00000", "2017-12-31": "4193.00000", "2017-09-30": "4117.00000", "2017-06-30": "3888.00000", "2017-03-31": "3629.00000", "2016-12-31": "3568.00000", "2016-09-30": "3488.00000", "2016-06-30": "3266.00000", "2016-03-31": "3039.00000", "2015-12-31": "2890.00000", "2015-09-30": "2724.00000", "2015-06-30": "2474.00000", "2015-03-31": "2266.00000", "2014-12-31": "2144.00000", "2014-09-30": "2012.00000", "2014-06-30": "1831.00000", "2014-03-31": "1684.00000", "2013-12-31": "1607.00000", "2013-09-30": "1542.00000", "2013-06-30": "1268.00000", "2013-03-31": "1164.00000", "2012-12-31": "1127.00000", "2012-09-30": "1082.30000", "2012-06-30": "918.90000", "2012-03-31": "851.40000", "2011-12-31": "811.00000", "2011-09-30": "746.60000", "2011-06-30": "669.10000", "2011-03-31": "640.30000", "2010-12-31": "566.10000", "2010-09-30": "501.30000", "2010-06-30": "378.90000", "2010-03-31": "320.30000", "2009-12-31": "315.00000", "2009-09-30": "290.90000", "2009-06-30": "203.30000", "2009-03-31": "174.20000", "2008-12-31": "193.40000", "2008-09-30": "268.60000", "2008-06-30": "359.10000", "2008-03-31": "296.00000", "2007-12-31": "329.30000", "2007-09-30": "328.50000", "2007-06-30": "242.70000", "2007-03-31": "196.60000", "2006-12-31": "206.90000", "2006-09-30": "237.10000", "2006-06-30": "254.50000", "2006-03-31": "199.00000", "2005-12-31": "278.10000", "2005-09-30": "311.10000", "2005-06-30": "220.90000", "2005-03-31": "203.50000"}, "Comprehensive Income": {"2020-12-31": "", "2020-09-30": "-450.00000", "2020-06-30": "-458.00000", "2020-03-31": "-482.00000", "2019-12-31": "-465.00000", "2019-09-30": "-421.00000", "2019-06-30": "-422.00000", "2019-03-31": "-433.00000", "2018-12-31": "-448.00000", "2018-09-30": "-428.00000", "2018-06-30": "-435.00000", "2018-03-31": "-440.00000", "2017-12-31": "-380.00000", "2017-09-30": "-289.00000", "2017-06-30": "-294.00000", "2017-03-31": "-299.00000", "2016-12-31": "-305.00000", "2016-09-30": "-284.00000", "2016-06-30": "-287.00000", "2016-03-31": "-294.00000", "2015-12-31": "-303.00000", "2015-09-30": "-303.00000", "2015-06-30": "-304.00000", "2015-03-31": "-305.00000", "2014-12-31": "-310.00000", "2014-09-30": "-178.00000", "2014-06-30": "-178.00000", "2014-03-31": "-181.00000", "2013-12-31": "-183.00000", "2013-09-30": "-414.00000", "2013-06-30": "-424.00000", "2013-03-31": "-429.00000", "2012-12-31": "-436.00000", "2012-09-30": "-373.60000", "2012-06-30": "-380.80000", "2012-03-31": "-382.40000", "2011-12-31": "-390.00000", "2011-09-30": "-256.00000", "2011-06-30": "-260.00000", "2011-03-31": "-263.70000", "2010-12-31": "-267.20000", "2010-09-30": "-237.90000", "2010-06-30": "-239.70000", "2010-03-31": "-237.00000", "2009-12-31": "-240.00000", "2009-09-30": "-303.00000", "2009-06-30": "-309.90000", "2009-03-31": "-320.90000", "2008-12-31": "-328.30000", "2008-09-30": "-135.70000", "2008-06-30": "-132.80000", "2008-03-31": "-127.80000", "2007-12-31": "-133.30000", "2007-09-30": "-181.60000", "2007-06-30": "-188.40000", "2007-03-31": "-187.90000", "2006-12-31": "-191.40000", "2006-09-30": "-130.20000", "2006-06-30": "-131.90000", "2006-03-31": "-132.30000", "2005-12-31": "-132.00000", "2005-09-30": "-87.70000", "2005-06-30": "-85.00000", "2005-03-31": "-82.70000"}, "Other Share Holders Equity": {"2020-12-31": "", "2020-09-30": "", "2020-06-30": "", "2020-03-31": "", "2019-12-31": "", "2019-09-30": "", "2019-06-30": "", "2019-03-31": "", "2018-12-31": "", "2018-09-30": "", "2018-06-30": "", "2018-03-31": "", "2017-12-31": "", "2017-09-30": "", "2017-06-30": "", "2017-03-31": "", "2016-12-31": "", "2016-09-30": "", "2016-06-30": "", "2016-03-31": "", "2015-12-31": "", "2015-09-30": "", "2015-06-30": "", "2015-03-31": "", "2014-12-31": "", "2014-09-30": "", "2014-06-30": "", "2014-03-31": "", "2013-12-31": "", "2013-09-30": "", "2013-06-30": "", "2013-03-31": "", "2012-12-31": "", "2012-09-30": "", "2012-06-30": "", "2012-03-31": "", "2011-12-31": "", "2011-09-30": "", "2011-06-30": "", "2011-03-31": "", "2010-12-31": "", "2010-09-30": "", "2010-06-30": "", "2010-03-31": "", "2009-12-31": "", "2009-09-30": "", "2009-06-30": "", "2009-03-31": "", "2008-12-31": "", "2008-09-30": "", "2008-06-30": "", "2008-03-31": "", "2007-12-31": "", "2007-09-30": "", "2007-06-30": "", "2007-03-31": "", "2006-12-31": "", "2006-09-30": "", "2006-06-30": "", "2006-03-31": "", "2005-12-31": "", "2005-09-30": "", "2005-06-30": "", "2005-03-31": ""}, "Share Holder Equity": {"2020-12-31": "3005.00000", "2020-09-30": "3454.00000", "2020-06-30": "3861.00000", "2020-03-31": "4015.00000", "2019-12-31": "4331.00000", "2019-09-30": "4252.00000", "2019-06-30": "3973.00000", "2019-03-31": "3746.00000", "2018-12-31": "3751.00000", "2018-09-30": "3791.00000", "2018-06-30": "3593.00000", "2018-03-31": "3439.00000", "2017-12-31": "3460.00000", "2017-09-30": "3491.00000", "2017-06-30": "3264.00000", "2017-03-31": "3014.00000", "2016-12-31": "2931.00000", "2016-09-30": "2864.00000", "2016-06-30": "2627.00000", "2016-03-31": "2455.00000", "2015-12-31": "2411.00000", "2015-09-30": "2365.00000", "2015-06-30": "2219.00000", "2015-03-31": "2166.00000", "2014-12-31": "2127.00000", "2014-09-30": "2229.00000", "2014-06-30": "2200.00000", "2014-03-31": "2095.00000", "2013-12-31": "2029.00000", "2013-09-30": "1802.00000", "2013-06-30": "1543.00000", "2013-03-31": "1462.00000", "2012-12-31": "1421.00000", "2012-09-30": "1439.20000", "2012-06-30": "1283.00000", "2012-03-31": "1218.00000", "2011-12-31": "1174.00000", "2011-09-30": "1264.30000", "2011-06-30": "1206.50000", "2011-03-31": "1170.10000", "2010-12-31": "1105.40000", "2010-09-30": "1073.50000", "2010-06-30": "939.90000", "2010-03-31": "885.40000", "2009-12-31": "872.10000", "2009-09-30": "773.80000", "2009-06-30": "688.40000", "2009-03-31": "657.30000", "2008-12-31": "661.90000", "2008-09-30": "925.70000", "2008-06-30": "1010.20000", "2008-03-31": "957.10000", "2007-12-31": "1025.40000", "2007-09-30": "1027.40000", "2007-06-30": "935.70000", "2007-03-31": "886.30000", "2006-12-31": "885.50000", "2006-09-30": "965.00000", "2006-06-30": "974.20000", "2006-03-31": "751.50000", "2005-12-31": "827.60000", "2005-09-30": "699.60000", "2005-06-30": "601.10000", "2005-03-31": "584.50000"}, "Total Liabilities And Share Holders Equity": {"2020-12-31": "14046.00000", "2020-09-30": "14749.00000", "2020-06-30": "13998.00000", "2020-03-31": "13363.00000", "2019-12-31": "12993.00000", "2019-09-30": "12983.00000", "2019-06-30": "12951.00000", "2019-03-31": "12640.00000", "2018-12-31": "10912.00000", "2018-09-30": "10893.00000", "2018-06-30": "11055.00000", "2018-03-31": "10848.00000", "2017-12-31": "10746.00000", "2017-09-30": "10739.00000", "2017-06-30": "10720.00000", "2017-03-31": "10302.00000", "2016-12-31": "9962.00000", "2016-09-30": "8699.00000", "2016-06-30": "7035.00000", "2016-03-31": "6829.00000", "2015-12-31": "6530.00000", "2015-09-30": "6564.00000", "2015-06-30": "6480.00000", "2015-03-31": "6410.00000", "2014-12-31": "6064.00000", "2014-09-30": "6236.00000", "2014-06-30": "6314.00000", "2014-03-31": "6061.00000", "2013-12-31": "5838.00000", "2013-09-30": "5862.00000", "2013-06-30": "5852.00000", "2013-03-31": "5644.00000", "2012-12-31": "5505.00000", "2012-09-30": "5436.10000", "2012-06-30": "5423.60000", "2012-03-31": "5382.00000", "2011-12-31": "5167.00000", "2011-09-30": "5260.20000", "2011-06-30": "5233.80000", "2011-03-31": "5111.40000", "2010-12-31": "5016.60000", "2010-09-30": "5120.10000", "2010-06-30": "5107.00000", "2010-03-31": "5015.70000", "2009-12-31": "4996.20000", "2009-09-30": "5006.00000", "2009-06-30": "4941.30000", "2009-03-31": "4779.00000", "2008-12-31": "4835.60000", "2008-09-30": "5065.90000", "2008-06-30": "5095.50000", "2008-03-31": "4777.10000", "2007-12-31": "4490.90000", "2007-09-30": "4456.90000", "2007-06-30": "4479.40000", "2007-03-31": "4343.10000", "2006-12-31": "4077.10000", "2006-09-30": "4139.70000", "2006-06-30": "4091.80000", "2006-03-31": "3888.20000", "2005-12-31": "3792.00000", "2005-09-30": "3509.70000", "2005-06-30": "3370.50000", "2005-03-31": "3300.60000"}}, "cash flow statement": {"Net Income/Loss": {"2020-12-31": "0.00000", "2019-12-31": "769.00000", "2018-12-31": "437.00000", "2017-12-31": "960.00000", "2016-12-31": "797.00000", "2015-12-31": "848.00000", "2014-12-31": "605.00000", "2013-12-31": "508.00000", "2012-12-31": "316.00000", "2011-12-31": "245.00000", "2010-12-31": "251.00000", "2009-12-31": "121.60000", "2008-12-31": "-135.90000", "2007-12-31": "124.30000", "2006-12-31": "-54.50000", "2005-12-31": "-5.90000"}, "Total Depreciation And Amortization - Cash Flow": {"2020-12-31": "", "2019-12-31": "423.00000", "2018-12-31": "398.00000", "2017-12-31": "372.00000", "2016-12-31": "363.00000", "2015-12-31": "320.00000", "2014-12-31": "294.00000", "2013-12-31": "270.00000", "2012-12-31": "264.00000", "2011-12-31": "247.00000", "2010-12-31": "230.00000", "2009-12-31": "219.20000", "2008-12-31": "204.60000", "2007-12-31": "177.40000", "2006-12-31": "157.50000", "2005-12-31": "143.40000"}, "Other Non-Cash Items": {"2020-12-31": "", "2019-12-31": "238.00000", "2018-12-31": "193.00000", "2017-12-31": "100.00000", "2016-12-31": "108.00000", "2015-12-31": "81.00000", "2014-12-31": "120.00000", "2013-12-31": "-14.00000", "2012-12-31": "104.00000", "2011-12-31": "162.00000", "2010-12-31": "167.00000", "2009-12-31": "121.30000", "2008-12-31": "36.50000", "2007-12-31": "87.10000", "2006-12-31": "190.00000", "2005-12-31": "164.30000"}, "Total Non-Cash Items": {"2020-12-31": "", "2019-12-31": "661.00000", "2018-12-31": "591.00000", "2017-12-31": "472.00000", "2016-12-31": "471.00000", "2015-12-31": "401.00000", "2014-12-31": "414.00000", "2013-12-31": "256.00000", "2012-12-31": "368.00000", "2011-12-31": "409.00000", "2010-12-31": "397.00000", "2009-12-31": "340.50000", "2008-12-31": "241.10000", "2007-12-31": "264.50000", "2006-12-31": "347.50000", "2005-12-31": "307.70000"}, "Change In Accounts Receivable": {"2020-12-31": "", "2019-12-31": "43.00000", "2018-12-31": "-25.00000", "2017-12-31": "-39.00000", "2016-12-31": "-46.00000", "2015-12-31": "47.00000", "2014-12-31": "-110.00000", "2013-12-31": "-19.00000", "2012-12-31": "9.00000", "2011-12-31": "", "2010-12-31": "", "2009-12-31": "", "2008-12-31": "21.30000", "2007-12-31": "-3.80000", "2006-12-31": "-10.00000", "2005-12-31": "-24.80000"}, "Change In Inventories": {"2020-12-31": "", "2019-12-31": "", "2018-12-31": "", "2017-12-31": "", "2016-12-31": "", "2015-12-31": "", "2014-12-31": "", "2013-12-31": "", "2012-12-31": "", "2011-12-31": "", "2010-12-31": "", "2009-12-31": "", "2008-12-31": "", "2007-12-31": "", "2006-12-31": "", "2005-12-31": ""}, "Change In Accounts Payable": {"2020-12-31": "", "2019-12-31": "", "2018-12-31": "", "2017-12-31": "", "2016-12-31": "", "2015-12-31": "", "2014-12-31": "", "2013-12-31": "", "2012-12-31": "", "2011-12-31": "", "2010-12-31": "", "2009-12-31": "", "2008-12-31": "", "2007-12-31": "", "2006-12-31": "", "2005-12-31": ""}, "Change In Assets/Liabilities": {"2020-12-31": "", "2019-12-31": "231.00000", "2018-12-31": "183.00000", "2017-12-31": "238.00000", "2016-12-31": "179.00000", "2015-12-31": "131.00000", "2014-12-31": "89.00000", "2013-12-31": "88.00000", "2012-12-31": "35.00000", "2011-12-31": "33.00000", "2010-12-31": "-112.00000", "2009-12-31": "-161.50000", "2008-12-31": "46.00000", "2007-12-31": "97.00000", "2006-12-31": "166.80000", "2005-12-31": "-6.90000"}, "Total Change In Assets/Liabilities": {"2020-12-31": "", "2019-12-31": "274.00000", "2018-12-31": "158.00000", "2017-12-31": "199.00000", "2016-12-31": "133.00000", "2015-12-31": "178.00000", "2014-12-31": "-21.00000", "2013-12-31": "69.00000", "2012-12-31": "44.00000", "2011-12-31": "33.00000", "2010-12-31": "-112.00000", "2009-12-31": "-161.50000", "2008-12-31": "67.30000", "2007-12-31": "93.20000", "2006-12-31": "156.80000", "2005-12-31": "-31.70000"}, "Cash Flow From Operating Activities": {"2020-12-31": "", "2019-12-31": "1722.00000", "2018-12-31": "1195.00000", "2017-12-31": "1590.00000", "2016-12-31": "1386.00000", "2015-12-31": "1584.00000", "2014-12-31": "1030.00000", "2013-12-31": "981.00000", "2012-12-31": "753.00000", "2011-12-31": "696.00000", "2010-12-31": "553.00000", "2009-12-31": "292.50000", "2008-12-31": "172.50000", "2007-12-31": "482.00000", "2006-12-31": "449.80000", "2005-12-31": "270.10000"}, "Net Change In Property, Plant, And Equipment": {"2020-12-31": "", "2019-12-31": "-655.00000", "2018-12-31": "-913.00000", "2017-12-31": "-948.00000", "2016-12-31": "-673.00000", "2015-12-31": "-778.00000", "2014-12-31": "-694.00000", "2013-12-31": "-569.00000", "2012-12-31": "-507.00000", "2011-12-31": "-366.00000", "2010-12-31": "-175.00000", "2009-12-31": "-439.80000", "2008-12-31": "-403.20000", "2007-12-31": "-770.99990", "2006-12-31": "-678.50000", "2005-12-31": "-418.00000"}, "Net Change In Intangible Assets": {"2020-12-31": "", "2019-12-31": "", "2018-12-31": "", "2017-12-31": "", "2016-12-31": "", "2015-12-31": "", "2014-12-31": "", "2013-12-31": "", "2012-12-31": "", "2011-12-31": "", "2010-12-31": "", "2009-12-31": "", "2008-12-31": "", "2007-12-31": "", "2006-12-31": "", "2005-12-31": ""}, "Net Acquisitions/Divestitures": {"2020-12-31": "", "2019-12-31": "", "2018-12-31": "", "2017-12-31": "", "2016-12-31": "-1951.00000", "2015-12-31": "", "2014-12-31": "", "2013-12-31": "", "2012-12-31": "", "2011-12-31": "", "2010-12-31": "", "2009-12-31": "", "2008-12-31": "", "2007-12-31": "", "2006-12-31": "", "2005-12-31": ""}, "Net Change In Short-term Investments": {"2020-12-31": "", "2019-12-31": "", "2018-12-31": "", "2017-12-31": "", "2016-12-31": "", "2015-12-31": "", "2014-12-31": "", "2013-12-31": "", "2012-12-31": "", "2011-12-31": "", "2010-12-31": "", "2009-12-31": "", "2008-12-31": "", "2007-12-31": "", "2006-12-31": "", "2005-12-31": "7.60000"}, "Net Change In Long-Term Investments": {"2020-12-31": "", "2019-12-31": "-136.00000", "2018-12-31": "282.00000", "2017-12-31": "-181.00000", "2016-12-31": "2.00000", "2015-12-31": "-152.00000", "2014-12-31": "143.00000", "2013-12-31": "-129.00000", "2012-12-31": "-82.00000", "2011-12-31": "72.00000", "2010-12-31": "-91.00000", "2009-12-31": "-217.60000", "2008-12-31": "-186.40000", "2007-12-31": "171.79990", "2006-12-31": "129.40000", "2005-12-31": "-63.10000"}, "Net Change In Investments - Total": {"2020-12-31": "", "2019-12-31": "-136.00000", "2018-12-31": "282.00000", "2017-12-31": "-181.00000", "2016-12-31": "2.00000", "2015-12-31": "-152.00000", "2014-12-31": "143.00000", "2013-12-31": "-129.00000", "2012-12-31": "-82.00000", "2011-12-31": "72.00000", "2010-12-31": "-91.00000", "2009-12-31": "-217.60000", "2008-12-31": "-186.40000", "2007-12-31": "171.79990", "2006-12-31": "129.40000", "2005-12-31": "-55.50000"}, "Investing Activities - Other": {"2020-12-31": "", "2019-12-31": "", "2018-12-31": "", "2017-12-31": "", "2016-12-31": "", "2015-12-31": "", "2014-12-31": "10.00000", "2013-12-31": "", "2012-12-31": "-56.00000", "2011-12-31": "-109.00000", "2010-12-31": "-29.00000", "2009-12-31": "", "2008-12-31": "8.30000", "2007-12-31": "-2.60000", "2006-12-31": "16.10000", "2005-12-31": "-7.60000"}, "Cash Flow From Investing Activities": {"2020-12-31": "", "2019-12-31": "-791.00000", "2018-12-31": "-631.00000", "2017-12-31": "-1129.00000", "2016-12-31": "-2622.00000", "2015-12-31": "-930.00000", "2014-12-31": "-541.00000", "2013-12-31": "-698.00000", "2012-12-31": "-645.00000", "2011-12-31": "-403.00000", "2010-12-31": "-295.00000", "2009-12-31": "-657.40000", "2008-12-31": "-581.30000", "2007-12-31": "-601.80000", "2006-12-31": "-533.00000", "2005-12-31": "-481.10000"}, "Net Long-Term Debt": {"2020-12-31": "", "2019-12-31": "-608.00000", "2018-12-31": "-468.00000", "2017-12-31": "-397.00000", "2016-12-31": "1795.00000", "2015-12-31": "-116.00000", "2014-12-31": "-68.00000", "2013-12-31": "-161.00000", "2012-12-31": "-275.00000", "2011-12-31": "-227.00000", "2010-12-31": "-321.00000", "2009-12-31": "14.00000", "2008-12-31": "540.70000", "2007-12-31": "149.70000", "2006-12-31": "205.80000", "2005-12-31": "39.60000"}, "Net Current Debt": {"2020-12-31": "", "2019-12-31": "", "2018-12-31": "", "2017-12-31": "", "2016-12-31": "", "2015-12-31": "", "2014-12-31": "", "2013-12-31": "", "2012-12-31": "", "2011-12-31": "", "2010-12-31": "", "2009-12-31": "", "2008-12-31": "", "2007-12-31": "", "2006-12-31": "", "2005-12-31": ""}, "Debt Issuance/Retirement Net - Total": {"2020-12-31": "", "2019-12-31": "-608.00000", "2018-12-31": "-468.00000", "2017-12-31": "-397.00000", "2016-12-31": "1795.00000", "2015-12-31": "-116.00000", "2014-12-31": "-68.00000", "2013-12-31": "-161.00000", "2012-12-31": "-275.00000", "2011-12-31": "-227.00000", "2010-12-31": "-321.00000", "2009-12-31": "14.00000", "2008-12-31": "540.70000", "2007-12-31": "149.70000", "2006-12-31": "205.80000", "2005-12-31": "39.60000"}, "Net Common Equity Issued/Repurchased": {"2020-12-31": "", "2019-12-31": "-75.00000", "2018-12-31": "-50.00000", "2017-12-31": "-75.00000", "2016-12-31": "-193.00000", "2015-12-31": "-505.00000", "2014-12-31": "-348.00000", "2013-12-31": "-159.00000", "2012-12-31": "-60.00000", "2011-12-31": "-80.00000", "2010-12-31": "-45.00000", "2009-12-31": "-23.80000", "2008-12-31": "-48.90000", "2007-12-31": "-62.80000", "2006-12-31": "34.50000", "2005-12-31": "215.20000"}, "Net Total Equity Issued/Repurchased": {"2020-12-31": "", "2019-12-31": "-75.00000", "2018-12-31": "-50.00000", "2017-12-31": "-75.00000", "2016-12-31": "-193.00000", "2015-12-31": "-505.00000", "2014-12-31": "-348.00000", "2013-12-31": "-159.00000", "2012-12-31": "-60.00000", "2011-12-31": "-80.00000", "2010-12-31": "-45.00000", "2009-12-31": "-23.80000", "2008-12-31": "-48.90000", "2007-12-31": "-62.80000", "2006-12-31": "34.50000", "2005-12-31": "215.20000"}, "Total Common And Preferred Stock Dividends Paid": {"2020-12-31": "", "2019-12-31": "-173.00000", "2018-12-31": "-158.00000", "2017-12-31": "-148.00000", "2016-12-31": "-136.00000", "2015-12-31": "-102.00000", "2014-12-31": "-68.00000", "2013-12-31": "-28.00000", "2012-12-31": "", "2011-12-31": "", "2010-12-31": "", "2009-12-31": "", "2008-12-31": "", "2007-12-31": "", "2006-12-31": "", "2005-12-31": ""}, "Financial Activities - Other": {"2020-12-31": "", "2019-12-31": "43.00000", "2018-12-31": "29.00000", "2017-12-31": "28.00000", "2016-12-31": "25.00000", "2015-12-31": "35.00000", "2014-12-31": "22.00000", "2013-12-31": "23.00000", "2012-12-31": "247.00000", "2011-12-31": "26.00000", "2010-12-31": "34.00000", "2009-12-31": "255.80000", "2008-12-31": "-4.20000", "2007-12-31": "6.50000", "2006-12-31": "", "2005-12-31": "1.80000"}, "Cash Flow From Financial Activities": {"2020-12-31": "", "2019-12-31": "-813.00000", "2018-12-31": "-647.00000", "2017-12-31": "-592.00000", "2016-12-31": "1491.00000", "2015-12-31": "-688.00000", "2014-12-31": "-462.00000", "2013-12-31": "-325.00000", "2012-12-31": "-88.00000", "2011-12-31": "-281.00000", "2010-12-31": "-332.00000", "2009-12-31": "246.00000", "2008-12-31": "487.60000", "2007-12-31": "93.40000", "2006-12-31": "240.30000", "2005-12-31": "256.60000"}, "Net Cash Flow": {"2020-12-31": "", "2019-12-31": "118.00000", "2018-12-31": "-83.00000", "2017-12-31": "-131.00000", "2016-12-31": "255.00000", "2015-12-31": "-34.00000", "2014-12-31": "27.00000", "2013-12-31": "-42.00000", "2012-12-31": "20.00000", "2011-12-31": "12.00000", "2010-12-31": "-74.00000", "2009-12-31": "-118.90000", "2008-12-31": "78.80000", "2007-12-31": "-26.40000", "2006-12-31": "157.10000", "2005-12-31": "45.60000"}, "Stock-Based Compensation": {"2020-12-31": "", "2019-12-31": "29.00000", "2018-12-31": "47.00000", "2017-12-31": "55.00000", "2016-12-31": "26.00000", "2015-12-31": "25.00000", "2014-12-31": "6.00000", "2013-12-31": "32.00000", "2012-12-31": "10.00000", "2011-12-31": "17.00000", "2010-12-31": "9.00000", "2009-12-31": "12.90000", "2008-12-31": "13.40000", "2007-12-31": "12.30000", "2006-12-31": "11.10000", "2005-12-31": "2.10000"}, "Common Stock Dividends Paid": {"2020-12-31": "", "2019-12-31": "-173.00000", "2018-12-31": "-158.00000", "2017-12-31": "-148.00000", "2016-12-31": "-136.00000", "2015-12-31": "-102.00000", "2014-12-31": "-68.00000", "2013-12-31": "-28.00000", "2012-12-31": "", "2011-12-31": "", "2010-12-31": "", "2009-12-31": "", "2008-12-31": "", "2007-12-31": "", "2006-12-31": "", "2005-12-31": ""}}, "cash flow statement, quarterly": {"Net Income/Loss": {"2020-12-31": 877, "2020-09-30": -431, "2020-06-30": -214, "2020-03-31": "-232.00000", "2019-12-31": 181, "2019-09-30": 322, "2019-06-30": 262, "2019-03-31": "4.00000", "2018-12-31": 23, "2018-09-30": 217, "2018-06-30": 193, "2018-03-31": "4.00000", "2017-12-31": 315, "2017-09-30": 259, "2017-06-30": 293, "2017-03-31": "93.00000", "2016-12-31": 97, "2016-09-30": 256, "2016-06-30": 260, "2016-03-31": "184.00000", "2015-12-31": 191, "2015-09-30": 274, "2015-06-30": 234, "2015-03-31": "149.00000", "2014-12-31": 148, "2014-09-30": 198, "2014-06-30": 165, "2014-03-31": "94.00000", "2013-12-31": 78, "2013-09-30": 289, "2013-06-30": 104, "2013-03-31": "37.00000", "2012-12-31": 44, "2012-09-30": 163, "2012-06-30": 68, "2012-03-31": "41.00000", "2011-12-31": 64.5, "2011-09-30": 77.5, "2011-06-30": 28.8, "2011-03-31": "74.20000", "2010-12-31": 64.7, "2010-09-30": 122.4, "2010-06-30": 58.6, "2010-03-31": "5.30000", "2009-12-31": 24.1, "2009-09-30": 87.6, "2009-06-30": 29.1, "2009-03-31": "-19.20000", "2008-12-31": -75.2, "2008-09-30": -86.5, "2008-06-30": 63.1, "2008-03-31": "-37.30000", "2007-12-31": 7.4, "2007-09-30": 81.1, "2007-06-30": 46.1, "2007-03-31": "-10.30000", "2006-12-31": -13.5, "2006-09-30": -17.4, "2006-06-30": 55.5, "2006-03-31": "-79.10000", "2005-12-31": -33, "2005-09-30": 90.2, "2005-06-30": 17.4, "2005-03-31": "-80.50000"}, "Total Depreciation And Amortization - Cash Flow": {"2020-12-31": -320, "2020-09-30": 105, "2020-06-30": 107, "2020-03-31": "108.00000", "2019-12-31": 106, "2019-09-30": 106, "2019-06-30": 105, "2019-03-31": "106.00000", "2018-12-31": 108, "2018-09-30": 99, "2018-06-30": 97, "2018-03-31": "94.00000", "2017-12-31": 97, "2017-09-30": 95, "2017-06-30": 90, "2017-03-31": "90.00000", "2016-12-31": 82, "2016-09-30": 101, "2016-06-30": 92, "2016-03-31": "88.00000", "2015-12-31": 84, "2015-09-30": 81, "2015-06-30": 79, "2015-03-31": "76.00000", "2014-12-31": 76, "2014-09-30": 75, "2014-06-30": 73, "2014-03-31": "70.00000", "2013-12-31": 67, "2013-09-30": 67, "2013-06-30": 67, "2013-03-31": "69.00000", "2012-12-31": 69, "2012-09-30": 66, "2012-06-30": 65, "2012-03-31": "64.00000", "2011-12-31": 23.9, "2011-09-30": 101.1, "2011-06-30": 61.7, "2011-03-31": "60.30000", "2010-12-31": 44.8, "2010-09-30": 71, "2010-06-30": 58, "2010-03-31": "56.20000", "2009-12-31": 56.9, "2009-09-30": 55.6, "2009-06-30": 49.1, "2009-03-31": "57.60000", "2008-12-31": 51.7, "2008-09-30": 52.1, "2008-06-30": 45.7, "2008-03-31": "55.10000", "2007-12-31": 45.1, "2007-09-30": 46.6, "2007-06-30": 43.8, "2007-03-31": "41.90000", "2006-12-31": 43.4, "2006-09-30": 40.5, "2006-06-30": 36.7, "2006-03-31": "36.90000", "2005-12-31": 37.6, "2005-09-30": 36.3, "2005-06-30": 35.3, "2005-03-31": "34.20000"}, "Other Non-Cash Items": {"2020-12-31": 294, "2020-09-30": -70, "2020-06-30": -349, "2020-03-31": "125.00000", "2019-12-31": 31, "2019-09-30": 129, "2019-06-30": 65, "2019-03-31": "13.00000", "2018-12-31": 37, "2018-09-30": 72, "2018-06-30": 74, "2018-03-31": "10.00000", "2017-12-31": -151, "2017-09-30": 99, "2017-06-30": 95, "2017-03-31": "57.00000", "2016-12-31": 42, "2016-09-30": 12, "2016-06-30": 53, "2016-03-31": "1.00000", "2015-12-31": 76, "2015-09-30": 35, "2015-06-30": -33, "2015-03-31": "3.00000", "2014-12-31": 66, "2014-09-30": 19, "2014-06-30": 22, "2014-03-31": "13.00000", "2013-12-31": -161, "2013-09-30": 114, "2013-06-30": 1, "2013-03-31": "32.00000", "2012-12-31": -5, "2012-09-30": 45, "2012-06-30": 33, "2012-03-31": "31.00000", "2011-12-31": 50.6, "2011-09-30": 9.4, "2011-06-30": 42, "2011-03-31": "60.00000", "2010-12-31": 156.4, "2010-09-30": -1.5, "2010-06-30": 7.1, "2010-03-31": "5.00000", "2009-12-31": 86.8, "2009-09-30": 1.4, "2009-06-30": 27.7, "2009-03-31": "5.40000", "2008-12-31": -15.6, "2008-09-30": -10.9, "2008-06-30": 57.5, "2008-03-31": "5.50000", "2007-12-31": -2.4, "2007-09-30": 54.6, "2007-06-30": 34.7, "2007-03-31": "0.20000", "2006-12-31": -4.4, "2006-09-30": 76.4, "2006-06-30": 32, "2006-03-31": "86.00000", "2005-12-31": -16.8, "2005-09-30": 49.7, "2005-06-30": 27.3, "2005-03-31": "104.10000"}, "Total Non-Cash Items": {"2020-12-31": -26, "2020-09-30": 35, "2020-06-30": -242, "2020-03-31": "233.00000", "2019-12-31": 137, "2019-09-30": 235, "2019-06-30": 170, "2019-03-31": "119.00000", "2018-12-31": 145, "2018-09-30": 171, "2018-06-30": 171, "2018-03-31": "104.00000", "2017-12-31": -54, "2017-09-30": 194, "2017-06-30": 185, "2017-03-31": "147.00000", "2016-12-31": 124, "2016-09-30": 113, "2016-06-30": 145, "2016-03-31": "89.00000", "2015-12-31": 160, "2015-09-30": 116, "2015-06-30": 46, "2015-03-31": "79.00000", "2014-12-31": 142, "2014-09-30": 94, "2014-06-30": 95, "2014-03-31": "83.00000", "2013-12-31": -94, "2013-09-30": 181, "2013-06-30": 68, "2013-03-31": "101.00000", "2012-12-31": 64, "2012-09-30": 111, "2012-06-30": 98, "2012-03-31": "95.00000", "2011-12-31": 74.5, "2011-09-30": 110.5, "2011-06-30": 103.7, "2011-03-31": "120.30000", "2010-12-31": 201.2, "2010-09-30": 69.5, "2010-06-30": 65.1, "2010-03-31": "61.20000", "2009-12-31": 143.7, "2009-09-30": 57, "2009-06-30": 76.8, "2009-03-31": "63.00000", "2008-12-31": 36.1, "2008-09-30": 41.2, "2008-06-30": 103.2, "2008-03-31": "60.60000", "2007-12-31": 42.7, "2007-09-30": 101.2, "2007-06-30": 78.5, "2007-03-31": "42.10000", "2006-12-31": 39, "2006-09-30": 116.9, "2006-06-30": 68.7, "2006-03-31": "122.90000", "2005-12-31": 20.8, "2005-09-30": 86, "2005-06-30": 62.6, "2005-03-31": "138.30000"}, "Change In Accounts Receivable": {"2020-12-31": 0, "2020-09-30": 0, "2020-06-30": 0, "2020-03-31": "", "2019-12-31": 43, "2019-09-30": 0, "2019-06-30": 0, "2019-03-31": "", "2018-12-31": -25, "2018-09-30": 0, "2018-06-30": 0, "2018-03-31": "", "2017-12-31": -39, "2017-09-30": 0, "2017-06-30": 0, "2017-03-31": "", "2016-12-31": -46, "2016-09-30": 0, "2016-06-30": 0, "2016-03-31": "", "2015-12-31": 47, "2015-09-30": 0, "2015-06-30": 0, "2015-03-31": "", "2014-12-31": -110, "2014-09-30": 0, "2014-06-30": 0, "2014-03-31": "", "2013-12-31": -19, "2013-09-30": 0, "2013-06-30": 0, "2013-03-31": "", "2012-12-31": 9, "2012-09-30": 0, "2012-06-30": 0, "2012-03-31": "", "2011-12-31": 0, "2011-09-30": 0, "2011-06-30": 0, "2011-03-31": "", "2010-12-31": 0, "2010-09-30": 0, "2010-06-30": 0, "2010-03-31": "", "2009-12-31": 0, "2009-09-30": 0, "2009-06-30": 0, "2009-03-31": "", "2008-12-31": 26.3, "2008-09-30": 22, "2008-06-30": -27, "2008-03-31": "", "2007-12-31": 18.8, "2007-09-30": 32.3, "2007-06-30": -30.8, "2007-03-31": "-24.10000", "2006-12-31": 11.6, "2006-09-30": 11.3, "2006-06-30": -17.6, "2006-03-31": "-15.30000", "2005-12-31": 5.9, "2005-09-30": -4.3, "2005-06-30": -6.2, "2005-03-31": "-20.20000"}, "Change In Inventories": {"2020-12-31": 0, "2020-09-30": 0, "2020-06-30": 0, "2020-03-31": "", "2019-12-31": 0, "2019-09-30": 0, "2019-06-30": 0, "2019-03-31": "", "2018-12-31": 0, "2018-09-30": 0, "2018-06-30": 0, "2018-03-31": "", "2017-12-31": 0, "2017-09-30": 0, "2017-06-30": 0, "2017-03-31": "", "2016-12-31": 0, "2016-09-30": 0, "2016-06-30": 0, "2016-03-31": "", "2015-12-31": 0, "2015-09-30": 0, "2015-06-30": 0, "2015-03-31": "", "2014-12-31": 0, "2014-09-30": 0, "2014-06-30": 0, "2014-03-31": "", "2013-12-31": 0, "2013-09-30": 0, "2013-06-30": 0, "2013-03-31": "", "2012-12-31": 0, "2012-09-30": 0, "2012-06-30": 0, "2012-03-31": "", "2011-12-31": 0, "2011-09-30": 0, "2011-06-30": 0, "2011-03-31": "", "2010-12-31": 0, "2010-09-30": 0, "2010-06-30": 0, "2010-03-31": "", "2009-12-31": 0, "2009-09-30": 0, "2009-06-30": 0, "2009-03-31": "", "2008-12-31": 0, "2008-09-30": 0, "2008-06-30": 0, "2008-03-31": "", "2007-12-31": 0, "2007-09-30": 0, "2007-06-30": 0, "2007-03-31": "", "2006-12-31": 0, "2006-09-30": 0, "2006-06-30": 0, "2006-03-31": "", "2005-12-31": 0, "2005-09-30": 0, "2005-06-30": 0, "2005-03-31": ""}, "Change In Accounts Payable": {"2020-12-31": 0, "2020-09-30": 0, "2020-06-30": 0, "2020-03-31": "", "2019-12-31": 0, "2019-09-30": 0, "2019-06-30": 0, "2019-03-31": "", "2018-12-31": 0, "2018-09-30": 0, "2018-06-30": 0, "2018-03-31": "", "2017-12-31": 0, "2017-09-30": 0, "2017-06-30": 0, "2017-03-31": "", "2016-12-31": 0, "2016-09-30": 0, "2016-06-30": 0, "2016-03-31": "", "2015-12-31": 0, "2015-09-30": 0, "2015-06-30": 0, "2015-03-31": "", "2014-12-31": 0, "2014-09-30": 0, "2014-06-30": 0, "2014-03-31": "", "2013-12-31": 0, "2013-09-30": 0, "2013-06-30": 0, "2013-03-31": "", "2012-12-31": 0, "2012-09-30": 0, "2012-06-30": 0, "2012-03-31": "", "2011-12-31": 0, "2011-09-30": 0, "2011-06-30": 0, "2011-03-31": "", "2010-12-31": 0, "2010-09-30": 0, "2010-06-30": 0, "2010-03-31": "", "2009-12-31": 0, "2009-09-30": 0, "2009-06-30": 0, "2009-03-31": "", "2008-12-31": 0, "2008-09-30": 0, "2008-06-30": 0, "2008-03-31": "", "2007-12-31": 0, "2007-09-30": 0, "2007-06-30": 0, "2007-03-31": "", "2006-12-31": 0, "2006-09-30": 0, "2006-06-30": 0, "2006-03-31": "", "2005-12-31": 0, "2005-09-30": 0, "2005-06-30": 0, "2005-03-31": ""}, "Change In Assets/Liabilities": {"2020-12-31": -1117, "2020-09-30": 79, "2020-06-30": 795, "2020-03-31": "243.00000", "2019-12-31": -45, "2019-09-30": -184, "2019-06-30": 91, "2019-03-31": "369.00000", "2018-12-31": -67, "2018-09-30": -108, "2018-06-30": 16, "2018-03-31": "342.00000", "2017-12-31": -115, "2017-09-30": -13, "2017-06-30": -29, "2017-03-31": "395.00000", "2016-12-31": 3, "2016-09-30": -73, "2016-06-30": 14, "2016-03-31": "235.00000", "2015-12-31": -40, "2015-09-30": -65, "2015-06-30": 45, "2015-03-31": "191.00000", "2014-12-31": -71, "2014-09-30": -90, "2014-06-30": 66, "2014-03-31": "184.00000", "2013-12-31": 142, "2013-09-30": -256, "2013-06-30": 47, "2013-03-31": "155.00000", "2012-12-31": -100, "2012-09-30": -97, "2012-06-30": 78, "2012-03-31": "154.00000", "2011-12-31": -138.2, "2011-09-30": 9.3, "2011-06-30": 118.2, "2011-03-31": "43.70000", "2010-12-31": -236.3, "2010-09-30": -19.1, "2010-06-30": 155.4, "2010-03-31": "-12.00000", "2009-12-31": -172.6, "2009-09-30": 37.6, "2009-06-30": 7.2, "2009-03-31": "-33.70000", "2008-12-31": 44.3, "2008-09-30": 60.2, "2008-06-30": -69.6, "2008-03-31": "11.10000", "2007-12-31": 39.7, "2007-09-30": -108.4, "2007-06-30": 109.3, "2007-03-31": "56.40000", "2006-12-31": 23.8, "2006-09-30": 40.7, "2006-06-30": 45.6, "2006-03-31": "56.70000", "2005-12-31": 97.4, "2005-09-30": -83.2, "2005-06-30": 19.8, "2005-03-31": "-40.90000"}, "Total Change In Assets/Liabilities": {"2020-12-31": -1117, "2020-09-30": 79, "2020-06-30": 795, "2020-03-31": "243.00000", "2019-12-31": -2, "2019-09-30": -184, "2019-06-30": 91, "2019-03-31": "369.00000", "2018-12-31": -92, "2018-09-30": -108, "2018-06-30": 16, "2018-03-31": "342.00000", "2017-12-31": -154, "2017-09-30": -13, "2017-06-30": -29, "2017-03-31": "395.00000", "2016-12-31": -43, "2016-09-30": -73, "2016-06-30": 14, "2016-03-31": "235.00000", "2015-12-31": 7, "2015-09-30": -65, "2015-06-30": 45, "2015-03-31": "191.00000", "2014-12-31": -181, "2014-09-30": -90, "2014-06-30": 66, "2014-03-31": "184.00000", "2013-12-31": 123, "2013-09-30": -256, "2013-06-30": 47, "2013-03-31": "155.00000", "2012-12-31": -91, "2012-09-30": -97, "2012-06-30": 78, "2012-03-31": "154.00000", "2011-12-31": -138.2, "2011-09-30": 9.3, "2011-06-30": 118.2, "2011-03-31": "43.70000", "2010-12-31": -236.3, "2010-09-30": -19.1, "2010-06-30": 155.4, "2010-03-31": "-12.00000", "2009-12-31": -172.6, "2009-09-30": 37.6, "2009-06-30": 7.2, "2009-03-31": "-33.70000", "2008-12-31": 70.6, "2008-09-30": 82.2, "2008-06-30": -96.6, "2008-03-31": "11.10000", "2007-12-31": 58.5, "2007-09-30": -76.1, "2007-06-30": 78.5, "2007-03-31": "32.30000", "2006-12-31": 35.4, "2006-09-30": 52, "2006-06-30": 28, "2006-03-31": "41.40000", "2005-12-31": 103.3, "2005-09-30": -87.5, "2005-06-30": 13.6, "2005-03-31": "-61.10000"}, "Cash Flow From Operating Activities": {"2020-12-31": -116, "2020-09-30": -205, "2020-06-30": 288, "2020-03-31": "33.00000", "2019-12-31": 341, "2019-09-30": 348, "2019-06-30": 565, "2019-03-31": "468.00000", "2018-12-31": 209, "2018-09-30": 260, "2018-06-30": 420, "2018-03-31": "306.00000", "2017-12-31": 233, "2017-09-30": 273, "2017-06-30": 614, "2017-03-31": "470.00000", "2016-12-31": 180, "2016-09-30": 307, "2016-06-30": 374, "2016-03-31": "525.00000", "2015-12-31": 355, "2015-09-30": 340, "2015-06-30": 375, "2015-03-31": "514.00000", "2014-12-31": 138, "2014-09-30": 257, "2014-06-30": 393, "2014-03-31": "242.00000", "2013-12-31": 159, "2013-09-30": 230, "2013-06-30": 380, "2013-03-31": "212.00000", "2012-12-31": 115, "2012-09-30": 183, "2012-06-30": 272, "2012-03-31": "183.00000", "2011-12-31": 87.2, "2011-09-30": 240.1, "2011-06-30": 249.9, "2011-03-31": "118.80000", "2010-12-31": 46.6, "2010-09-30": 172.8, "2010-06-30": 279.1, "2010-03-31": "54.50000", "2009-12-31": -12.9, "2009-09-30": 182.2, "2009-06-30": 113.1, "2009-03-31": "10.10000", "2008-12-31": 31.5, "2008-09-30": 36.9, "2008-06-30": 69.7, "2008-03-31": "34.40000", "2007-12-31": 108.6, "2007-09-30": 106.2, "2007-06-30": 203.1, "2007-03-31": "64.10000", "2006-12-31": 60.9, "2006-09-30": 151.5, "2006-06-30": 152.2, "2006-03-31": "85.20000", "2005-12-31": 91.1, "2005-09-30": 88.7, "2005-06-30": 93.6, "2005-03-31": "-3.30000"}, "Net Change In Property, Plant, And Equipment": {"2020-12-31": 204, "2020-09-30": -36, "2020-06-30": -49, "2020-03-31": "-119.00000", "2019-12-31": -128, "2019-09-30": -194, "2019-06-30": -218, "2019-03-31": "-115.00000", "2018-12-31": -359, "2018-09-30": -131, "2018-06-30": -188, "2018-03-31": "-235.00000", "2017-12-31": -107, "2017-09-30": -329, "2017-06-30": -296, "2017-03-31": "-216.00000", "2016-12-31": -164, "2016-09-30": -172, "2016-06-30": -218, "2016-03-31": "-119.00000", "2015-12-31": -109, "2015-09-30": -110, "2015-06-30": -282, "2015-03-31": "-277.00000", "2014-12-31": -131, "2014-09-30": -211, "2014-06-30": -266, "2014-03-31": "-86.00000", "2013-12-31": -171, "2013-09-30": -141, "2013-06-30": -147, "2013-03-31": "-110.00000", "2012-12-31": -168, "2012-09-30": -85, "2012-06-30": -157, "2012-03-31": "-97.00000", "2011-12-31": -92.3, "2011-09-30": -45.1, "2011-06-30": -62.4, "2011-03-31": "-166.20000", "2010-12-31": -25.8, "2010-09-30": -40.7, "2010-06-30": -84, "2010-03-31": "-24.50000", "2009-12-31": -97.6, "2009-09-30": -37.9, "2009-06-30": -80.4, "2009-03-31": "-223.90000", "2008-12-31": 1, "2008-09-30": -125.5, "2008-06-30": -140, "2008-03-31": "-138.70000", "2007-12-31": -171.6999, "2007-09-30": -180.2, "2007-06-30": -167, "2007-03-31": "-252.10000", "2006-12-31": -162.6, "2006-09-30": -216, "2006-06-30": -127.1, "2006-03-31": "-172.80000", "2005-12-31": -106.1, "2005-09-30": -67.6, "2005-06-30": -134.6, "2005-03-31": "-109.70000"}, "Net Change In Intangible Assets": {"2020-12-31": 0, "2020-09-30": 0, "2020-06-30": 0, "2020-03-31": "", "2019-12-31": 0, "2019-09-30": 0, "2019-06-30": 0, "2019-03-31": "", "2018-12-31": 0, "2018-09-30": 0, "2018-06-30": 0, "2018-03-31": "", "2017-12-31": 0, "2017-09-30": 0, "2017-06-30": 0, "2017-03-31": "", "2016-12-31": 0, "2016-09-30": 0, "2016-06-30": 0, "2016-03-31": "", "2015-12-31": 0, "2015-09-30": 0, "2015-06-30": 0, "2015-03-31": "", "2014-12-31": 0, "2014-09-30": 0, "2014-06-30": 0, "2014-03-31": "", "2013-12-31": 0, "2013-09-30": 0, "2013-06-30": 0, "2013-03-31": "", "2012-12-31": 0, "2012-09-30": 0, "2012-06-30": 0, "2012-03-31": "", "2011-12-31": 0, "2011-09-30": 0, "2011-06-30": 0, "2011-03-31": "", "2010-12-31": 0, "2010-09-30": 0, "2010-06-30": 0, "2010-03-31": "", "2009-12-31": 0, "2009-09-30": 0, "2009-06-30": 0, "2009-03-31": "", "2008-12-31": 0, "2008-09-30": 0, "2008-06-30": 0, "2008-03-31": "", "2007-12-31": 0, "2007-09-30": 0, "2007-06-30": 0, "2007-03-31": "", "2006-12-31": 0, "2006-09-30": 0, "2006-06-30": 0, "2006-03-31": "", "2005-12-31": 0, "2005-09-30": 0, "2005-06-30": 0, "2005-03-31": ""}, "Net Acquisitions/Divestitures": {"2020-12-31": 0, "2020-09-30": 0, "2020-06-30": 0, "2020-03-31": "", "2019-12-31": 0, "2019-09-30": 0, "2019-06-30": 0, "2019-03-31": "", "2018-12-31": 0, "2018-09-30": 0, "2018-06-30": 0, "2018-03-31": "", "2017-12-31": 0, "2017-09-30": 0, "2017-06-30": 0, "2017-03-31": "", "2016-12-31": -1951, "2016-09-30": 0, "2016-06-30": 0, "2016-03-31": "", "2015-12-31": 0, "2015-09-30": 0, "2015-06-30": 0, "2015-03-31": "", "2014-12-31": 0, "2014-09-30": 0, "2014-06-30": 0, "2014-03-31": "", "2013-12-31": 0, "2013-09-30": 0, "2013-06-30": 0, "2013-03-31": "", "2012-12-31": 0, "2012-09-30": 0, "2012-06-30": 0, "2012-03-31": "", "2011-12-31": 0, "2011-09-30": 0, "2011-06-30": 0, "2011-03-31": "", "2010-12-31": 0, "2010-09-30": 0, "2010-06-30": 0, "2010-03-31": "", "2009-12-31": 0, "2009-09-30": 0, "2009-06-30": 0, "2009-03-31": "", "2008-12-31": 0, "2008-09-30": 0, "2008-06-30": 0, "2008-03-31": "", "2007-12-31": 0, "2007-09-30": 0, "2007-06-30": 0, "2007-03-31": "", "2006-12-31": 0, "2006-09-30": 0, "2006-06-30": 0, "2006-03-31": "", "2005-12-31": 0, "2005-09-30": 0, "2005-06-30": 0, "2005-03-31": ""}, "Net Change In Short-term Investments": {"2020-12-31": 0, "2020-09-30": 0, "2020-06-30": 0, "2020-03-31": "", "2019-12-31": 0, "2019-09-30": 0, "2019-06-30": 0, "2019-03-31": "", "2018-12-31": 0, "2018-09-30": 0, "2018-06-30": 0, "2018-03-31": "", "2017-12-31": 0, "2017-09-30": 0, "2017-06-30": 0, "2017-03-31": "", "2016-12-31": 0, "2016-09-30": 0, "2016-06-30": 0, "2016-03-31": "", "2015-12-31": 0, "2015-09-30": 0, "2015-06-30": 0, "2015-03-31": "", "2014-12-31": 0, "2014-09-30": 0, "2014-06-30": 0, "2014-03-31": "", "2013-12-31": 0, "2013-09-30": 0, "2013-06-30": 0, "2013-03-31": "", "2012-12-31": 0, "2012-09-30": 0, "2012-06-30": 0, "2012-03-31": "", "2011-12-31": 0, "2011-09-30": 0, "2011-06-30": 0, "2011-03-31": "", "2010-12-31": 0, "2010-09-30": 0, "2010-06-30": 0, "2010-03-31": "", "2009-12-31": 0, "2009-09-30": 0, "2009-06-30": 0, "2009-03-31": "", "2008-12-31": 0, "2008-09-30": 0, "2008-06-30": 0, "2008-03-31": "", "2007-12-31": 0, "2007-09-30": 0, "2007-06-30": 0, "2007-03-31": "", "2006-12-31": 0, "2006-09-30": 0, "2006-06-30": 0, "2006-03-31": "", "2005-12-31": 0.1, "2005-09-30": 0, "2005-06-30": 0.3, "2005-03-31": "7.20000"}, "Net Change In Long-Term Investments": {"2020-12-31": 572, "2020-09-30": -606, "2020-06-30": 50, "2020-03-31": "-16.00000", "2019-12-31": 82, "2019-09-30": 4, "2019-06-30": -146, "2019-03-31": "-76.00000", "2018-12-31": 97, "2018-09-30": 240, "2018-06-30": -118, "2018-03-31": "63.00000", "2017-12-31": 158, "2017-09-30": 130, "2017-06-30": -197, "2017-03-31": "-272.00000", "2016-12-31": 139, "2016-09-30": 116, "2016-06-30": -35, "2016-03-31": "-218.00000", "2015-12-31": -94, "2015-09-30": -23, "2015-06-30": 109, "2015-03-31": "-144.00000", "2014-12-31": 198, "2014-09-30": 175, "2014-06-30": -152, "2014-03-31": "-78.00000", "2013-12-31": 153, "2013-09-30": -27, "2013-06-30": -214, "2013-03-31": "-41.00000", "2012-12-31": 28, "2012-09-30": -3, "2012-06-30": -55, "2012-03-31": "-52.00000", "2011-12-31": 156.5, "2011-09-30": -115.8, "2011-06-30": -101.1, "2011-03-31": "132.40000", "2010-12-31": 59.1, "2010-09-30": -18.2, "2010-06-30": -108.9, "2010-03-31": "-23.00000", "2009-12-31": 28.4, "2009-09-30": -92, "2009-06-30": -145.4, "2009-03-31": "-8.60000", "2008-12-31": 23.3, "2008-09-30": 1.8, "2008-06-30": -127.4, "2008-03-31": "-84.10000", "2007-12-31": 193.5999, "2007-09-30": 28.1, "2007-06-30": -25.9, "2007-03-31": "-24.00000", "2006-12-31": 171.8, "2006-09-30": 10.1, "2006-06-30": -90.6, "2006-03-31": "38.10000", "2005-12-31": -191.0999, "2005-09-30": -25.0001, "2005-06-30": -94.8, "2005-03-31": "247.80000"}, "Net Change In Investments - Total": {"2020-12-31": 572, "2020-09-30": -606, "2020-06-30": 50, "2020-03-31": "-16.00000", "2019-12-31": 82, "2019-09-30": 4, "2019-06-30": -146, "2019-03-31": "-76.00000", "2018-12-31": 97, "2018-09-30": 240, "2018-06-30": -118, "2018-03-31": "63.00000", "2017-12-31": 158, "2017-09-30": 130, "2017-06-30": -197, "2017-03-31": "-272.00000", "2016-12-31": 139, "2016-09-30": 116, "2016-06-30": -35, "2016-03-31": "-218.00000", "2015-12-31": -94, "2015-09-30": -23, "2015-06-30": 109, "2015-03-31": "-144.00000", "2014-12-31": 198, "2014-09-30": 175, "2014-06-30": -152, "2014-03-31": "-78.00000", "2013-12-31": 153, "2013-09-30": -27, "2013-06-30": -214, "2013-03-31": "-41.00000", "2012-12-31": 28, "2012-09-30": -3, "2012-06-30": -55, "2012-03-31": "-52.00000", "2011-12-31": 156.5, "2011-09-30": -115.8, "2011-06-30": -101.1, "2011-03-31": "132.40000", "2010-12-31": 59.1, "2010-09-30": -18.2, "2010-06-30": -108.9, "2010-03-31": "-23.00000", "2009-12-31": 28.4, "2009-09-30": -92, "2009-06-30": -145.4, "2009-03-31": "-8.60000", "2008-12-31": 23.3, "2008-09-30": 1.8, "2008-06-30": -127.4, "2008-03-31": "-84.10000", "2007-12-31": 193.5999, "2007-09-30": 28.1, "2007-06-30": -25.9, "2007-03-31": "-24.00000", "2006-12-31": 171.8, "2006-09-30": 10.1, "2006-06-30": -90.6, "2006-03-31": "38.10000", "2005-12-31": -190.9999, "2005-09-30": -25.0001, "2005-06-30": -94.5, "2005-03-31": "255.00000"}, "Investing Activities - Other": {"2020-12-31": -9, "2020-09-30": -1, "2020-06-30": 2, "2020-03-31": "8.00000", "2019-12-31": -37, "2019-09-30": 12, "2019-06-30": 20, "2019-03-31": "5.00000", "2018-12-31": -36, "2018-09-30": 26, "2018-06-30": 2, "2018-03-31": "8.00000", "2017-12-31": -38, "2017-09-30": 28, "2017-06-30": 10, "2017-03-31": "", "2016-12-31": -5, "2016-09-30": 5, "2016-06-30": -1, "2016-03-31": "1.00000", "2015-12-31": 0, "2015-09-30": 0, "2015-06-30": 0, "2015-03-31": "", "2014-12-31": 10, "2014-09-30": 0, "2014-06-30": 0, "2014-03-31": "", "2013-12-31": 0, "2013-09-30": 0, "2013-06-30": 0, "2013-03-31": "", "2012-12-31": 9, "2012-09-30": -15, "2012-06-30": -26, "2012-03-31": "-24.00000", "2011-12-31": -28.6, "2011-09-30": -35.8, "2011-06-30": -44.6, "2011-03-31": "", "2010-12-31": -29.3, "2010-09-30": -0.2, "2010-06-30": 0.9, "2010-03-31": "-0.40000", "2009-12-31": 5.1, "2009-09-30": -0.8, "2009-06-30": -1, "2009-03-31": "-3.30000", "2008-12-31": 1.2, "2008-09-30": 5.6, "2008-06-30": 0.3, "2008-03-31": "1.20000", "2007-12-31": -0.9, "2007-09-30": 7.3, "2007-06-30": -8.6, "2007-03-31": "-0.40000", "2006-12-31": -3.2, "2006-09-30": 15.6, "2006-06-30": 1.8, "2006-03-31": "1.90000", "2005-12-31": -4, "2005-09-30": -4.6, "2005-06-30": -0.1, "2005-03-31": "1.10000"}, "Cash Flow From Investing Activities": {"2020-12-31": 767, "2020-09-30": -643, "2020-06-30": 3, "2020-03-31": "-127.00000", "2019-12-31": -83, "2019-09-30": -178, "2019-06-30": -344, "2019-03-31": "-186.00000", "2018-12-31": -298, "2018-09-30": 135, "2018-06-30": -304, "2018-03-31": "-164.00000", "2017-12-31": 13, "2017-09-30": -171, "2017-06-30": -483, "2017-03-31": "-488.00000", "2016-12-31": -1981, "2016-09-30": -51, "2016-06-30": -254, "2016-03-31": "-336.00000", "2015-12-31": -203, "2015-09-30": -133, "2015-06-30": -173, "2015-03-31": "-421.00000", "2014-12-31": 77, "2014-09-30": -36, "2014-06-30": -418, "2014-03-31": "-164.00000", "2013-12-31": -18, "2013-09-30": -168, "2013-06-30": -361, "2013-03-31": "-151.00000", "2012-12-31": -131, "2012-09-30": -103, "2012-06-30": -238, "2012-03-31": "-173.00000", "2011-12-31": 35.6, "2011-09-30": -196.7, "2011-06-30": -208.1, "2011-03-31": "-33.80000", "2010-12-31": 4, "2010-09-30": -59.1, "2010-06-30": -192, "2010-03-31": "-47.90000", "2009-12-31": -64.1, "2009-09-30": -130.7, "2009-06-30": -226.8, "2009-03-31": "-235.80000", "2008-12-31": 25.5, "2008-09-30": -118.1, "2008-06-30": -267.1, "2008-03-31": "-221.60000", "2007-12-31": 21, "2007-09-30": -144.8, "2007-06-30": -201.5, "2007-03-31": "-276.50000", "2006-12-31": 6, "2006-09-30": -190.3, "2006-06-30": -215.9, "2006-03-31": "-132.80000", "2005-12-31": -301.1, "2005-09-30": -97.2, "2005-06-30": -229.2, "2005-03-31": "146.40000"}, "Net Long-Term Debt": {"2020-12-31": -2343, "2020-09-30": 2468, "2020-06-30": -890, "2020-03-31": "765.00000", "2019-12-31": -835, "2019-09-30": 759, "2019-06-30": -393, "2019-03-31": "-139.00000", "2018-12-31": 76, "2018-09-30": -286, "2018-06-30": -138, "2018-03-31": "-120.00000", "2017-12-31": -132, "2017-09-30": -106, "2017-06-30": -58, "2017-03-31": "-101.00000", "2016-12-31": 342, "2016-09-30": 1510, "2016-06-30": -21, "2016-03-31": "-36.00000", "2015-12-31": -23, "2015-09-30": -35, "2015-06-30": -23, "2015-03-31": "-35.00000", "2014-12-31": -22, "2014-09-30": -33, "2014-06-30": 24, "2014-03-31": "-37.00000", "2013-12-31": -22, "2013-09-30": -30, "2013-06-30": -21, "2013-03-31": "-88.00000", "2012-12-31": -35, "2012-09-30": -75, "2012-06-30": -106, "2012-03-31": "-59.00000", "2011-12-31": -85.2, "2011-09-30": -16.4, "2011-06-30": -36.2, "2011-03-31": "-89.20000", "2010-12-31": -89.7, "2010-09-30": -100.4, "2010-06-30": -91.1, "2010-03-31": "-39.80000", "2009-12-31": 49.2, "2009-09-30": -31, "2009-06-30": 53.3, "2009-03-31": "-57.50000", "2008-12-31": -26.4, "2008-09-30": 160.5, "2008-06-30": 172.1, "2008-03-31": "234.50000", "2007-12-31": 51.5, "2007-09-30": -35.3, "2007-06-30": -5, "2007-03-31": "138.50000", "2006-12-31": 1.9, "2006-09-30": 46.1, "2006-06-30": 44.7, "2006-03-31": "113.10000", "2005-12-31": 55, "2005-09-30": -8.9, "2005-06-30": 2.1, "2005-03-31": "-8.60000"}, "Net Current Debt": {"2020-12-31": 0, "2020-09-30": 0, "2020-06-30": 0, "2020-03-31": "", "2019-12-31": 0, "2019-09-30": 0, "2019-06-30": 0, "2019-03-31": "", "2018-12-31": 0, "2018-09-30": 0, "2018-06-30": 0, "2018-03-31": "", "2017-12-31": 0, "2017-09-30": 0, "2017-06-30": 0, "2017-03-31": "", "2016-12-31": 0, "2016-09-30": 0, "2016-06-30": 0, "2016-03-31": "", "2015-12-31": 0, "2015-09-30": 0, "2015-06-30": 0, "2015-03-31": "", "2014-12-31": 0, "2014-09-30": 0, "2014-06-30": 0, "2014-03-31": "", "2013-12-31": 0, "2013-09-30": 0, "2013-06-30": 0, "2013-03-31": "", "2012-12-31": 0, "2012-09-30": 0, "2012-06-30": 0, "2012-03-31": "", "2011-12-31": 0, "2011-09-30": 0, "2011-06-30": 0, "2011-03-31": "", "2010-12-31": 0, "2010-09-30": 0, "2010-06-30": 0, "2010-03-31": "", "2009-12-31": 0, "2009-09-30": 0, "2009-06-30": 0, "2009-03-31": "", "2008-12-31": 0, "2008-09-30": 0, "2008-06-30": 0, "2008-03-31": "", "2007-12-31": 0, "2007-09-30": 0, "2007-06-30": 0, "2007-03-31": "", "2006-12-31": 0, "2006-09-30": 0, "2006-06-30": 0, "2006-03-31": "", "2005-12-31": 0, "2005-09-30": 0, "2005-06-30": 0, "2005-03-31": ""}, "Debt Issuance/Retirement Net - Total": {"2020-12-31": -2343, "2020-09-30": 2468, "2020-06-30": -890, "2020-03-31": "765.00000", "2019-12-31": -835, "2019-09-30": 759, "2019-06-30": -393, "2019-03-31": "-139.00000", "2018-12-31": 76, "2018-09-30": -286, "2018-06-30": -138, "2018-03-31": "-120.00000", "2017-12-31": -132, "2017-09-30": -106, "2017-06-30": -58, "2017-03-31": "-101.00000", "2016-12-31": 342, "2016-09-30": 1510, "2016-06-30": -21, "2016-03-31": "-36.00000", "2015-12-31": -23, "2015-09-30": -35, "2015-06-30": -23, "2015-03-31": "-35.00000", "2014-12-31": -22, "2014-09-30": -33, "2014-06-30": 24, "2014-03-31": "-37.00000", "2013-12-31": -22, "2013-09-30": -30, "2013-06-30": -21, "2013-03-31": "-88.00000", "2012-12-31": -35, "2012-09-30": -75, "2012-06-30": -106, "2012-03-31": "-59.00000", "2011-12-31": -85.2, "2011-09-30": -16.4, "2011-06-30": -36.2, "2011-03-31": "-89.20000", "2010-12-31": -89.7, "2010-09-30": -100.4, "2010-06-30": -91.1, "2010-03-31": "-39.80000", "2009-12-31": 49.2, "2009-09-30": -31, "2009-06-30": 53.3, "2009-03-31": "-57.50000", "2008-12-31": -26.4, "2008-09-30": 160.5, "2008-06-30": 172.1, "2008-03-31": "234.50000", "2007-12-31": 51.5, "2007-09-30": -35.3, "2007-06-30": -5, "2007-03-31": "138.50000", "2006-12-31": 1.9, "2006-09-30": 46.1, "2006-06-30": 44.7, "2006-03-31": "113.10000", "2005-12-31": 55, "2005-09-30": -8.9, "2005-06-30": 2.1, "2005-03-31": "-8.60000"}, "Net Common Equity Issued/Repurchased": {"2020-12-31": 31, "2020-09-30": -1265, "2020-06-30": 1265, "2020-03-31": "-31.00000", "2019-12-31": 677, "2019-09-30": -981, "2019-06-30": 242, "2019-03-31": "-13.00000", "2018-12-31": -13, "2018-09-30": -12, "2018-06-30": -12, "2018-03-31": "-13.00000", "2017-12-31": -25, "2017-09-30": -28, "2017-06-30": -22, "2017-03-31": "", "2016-12-31": 0, "2016-09-30": 0, "2016-06-30": -66, "2016-03-31": "-127.00000", "2015-12-31": -124, "2015-09-30": -119, "2015-06-30": -160, "2015-03-31": "-102.00000", "2014-12-31": -106, "2014-09-30": -159, "2014-06-30": -53, "2014-03-31": "-30.00000", "2013-12-31": -76, "2013-09-30": -32, "2013-06-30": -32, "2013-03-31": "-19.00000", "2012-12-31": -8, "2012-09-30": -26, "2012-06-30": -17, "2012-03-31": "-9.00000", "2011-12-31": -18.4, "2011-09-30": -43.2, "2011-06-30": 7.9, "2011-03-31": "-26.30000", "2010-12-31": -13.8, "2010-09-30": -25.9, "2010-06-30": 5.2, "2010-03-31": "-10.50000", "2009-12-31": 0, "2009-09-30": -12, "2009-06-30": -13.8, "2009-03-31": "2.00000", "2008-12-31": 0, "2008-09-30": -1.7, "2008-06-30": -7.5, "2008-03-31": "-39.70000", "2007-12-31": -63.6, "2007-09-30": 0.8, "2007-06-30": -3.7, "2007-03-31": "3.70000", "2006-12-31": 12.6, "2006-09-30": 4, "2006-06-30": 16.5, "2006-03-31": "1.40000", "2005-12-31": 201.3, "2005-09-30": 11.7, "2005-06-30": 1.2, "2005-03-31": "1.00000"}, "Net Total Equity Issued/Repurchased": {"2020-12-31": 31, "2020-09-30": -1265, "2020-06-30": 1265, "2020-03-31": "-31.00000", "2019-12-31": 677, "2019-09-30": -981, "2019-06-30": 242, "2019-03-31": "-13.00000", "2018-12-31": -13, "2018-09-30": -12, "2018-06-30": -12, "2018-03-31": "-13.00000", "2017-12-31": -25, "2017-09-30": -28, "2017-06-30": -22, "2017-03-31": "", "2016-12-31": 0, "2016-09-30": 0, "2016-06-30": -66, "2016-03-31": "-127.00000", "2015-12-31": -124, "2015-09-30": -119, "2015-06-30": -160, "2015-03-31": "-102.00000", "2014-12-31": -106, "2014-09-30": -159, "2014-06-30": -53, "2014-03-31": "-30.00000", "2013-12-31": -76, "2013-09-30": -32, "2013-06-30": -32, "2013-03-31": "-19.00000", "2012-12-31": -8, "2012-09-30": -26, "2012-06-30": -17, "2012-03-31": "-9.00000", "2011-12-31": -18.4, "2011-09-30": -43.2, "2011-06-30": 7.9, "2011-03-31": "-26.30000", "2010-12-31": -13.8, "2010-09-30": -25.9, "2010-06-30": 5.2, "2010-03-31": "-10.50000", "2009-12-31": 0, "2009-09-30": -12, "2009-06-30": -13.8, "2009-03-31": "2.00000", "2008-12-31": 0, "2008-09-30": -1.7, "2008-06-30": -7.5, "2008-03-31": "-39.70000", "2007-12-31": -63.6, "2007-09-30": 0.8, "2007-06-30": -3.7, "2007-03-31": "3.70000", "2006-12-31": 12.6, "2006-09-30": 4, "2006-06-30": 16.5, "2006-03-31": "1.40000", "2005-12-31": 201.3, "2005-09-30": 11.7, "2005-06-30": 1.2, "2005-03-31": "1.00000"}, "Total Common And Preferred Stock Dividends Paid": {"2020-12-31": 45, "2020-09-30": 0, "2020-06-30": 0, "2020-03-31": "-45.00000", "2019-12-31": -120, "2019-09-30": 33, "2019-06-30": -43, "2019-03-31": "-43.00000", "2018-12-31": -40, "2018-09-30": -39, "2018-06-30": -39, "2018-03-31": "-40.00000", "2017-12-31": -37, "2017-09-30": -37, "2017-06-30": -37, "2017-03-31": "-37.00000", "2016-12-31": -34, "2016-09-30": -34, "2016-06-30": -34, "2016-03-31": "-34.00000", "2015-12-31": -24, "2015-09-30": -26, "2015-06-30": -26, "2015-03-31": "-26.00000", "2014-12-31": -17, "2014-09-30": -17, "2014-06-30": -17, "2014-03-31": "-17.00000", "2013-12-31": -14, "2013-09-30": -14, "2013-06-30": 0, "2013-03-31": "", "2012-12-31": 0, "2012-09-30": 0, "2012-06-30": 0, "2012-03-31": "", "2011-12-31": 0, "2011-09-30": 0, "2011-06-30": 0, "2011-03-31": "", "2010-12-31": 0, "2010-09-30": 0, "2010-06-30": 0, "2010-03-31": "", "2009-12-31": 0, "2009-09-30": 0, "2009-06-30": 0, "2009-03-31": "", "2008-12-31": 0, "2008-09-30": 0, "2008-06-30": 0, "2008-03-31": "", "2007-12-31": 0, "2007-09-30": 0, "2007-06-30": 0, "2007-03-31": "", "2006-12-31": 0, "2006-09-30": 0, "2006-06-30": 0, "2006-03-31": "", "2005-12-31": 0, "2005-09-30": 0, "2005-06-30": 0, "2005-03-31": ""}, "Financial Activities - Other": {"2020-12-31": -19, "2020-09-30": -8, "2020-06-30": 32, "2020-03-31": "-5.00000", "2019-12-31": 3, "2019-09-30": 14, "2019-06-30": 2, "2019-03-31": "24.00000", "2018-12-31": -4, "2018-09-30": 18, "2018-06-30": -2, "2018-03-31": "17.00000", "2017-12-31": 1, "2017-09-30": 15, "2017-06-30": 1, "2017-03-31": "11.00000", "2016-12-31": 3, "2016-09-30": 5, "2016-06-30": 4, "2016-03-31": "13.00000", "2015-12-31": 4, "2015-09-30": 16, "2015-06-30": 1, "2015-03-31": "14.00000", "2014-12-31": 3, "2014-09-30": 0, "2014-06-30": 3, "2014-03-31": "16.00000", "2013-12-31": 10, "2013-09-30": -2, "2013-06-30": -4, "2013-03-31": "19.00000", "2012-12-31": 154, "2012-09-30": 13, "2012-06-30": 76, "2012-03-31": "4.00000", "2011-12-31": 14.8, "2011-09-30": 16.7, "2011-06-30": -6.7, "2011-03-31": "1.20000", "2010-12-31": 13.9, "2010-09-30": 33.7, "2010-06-30": -10.8, "2010-03-31": "-2.80000", "2009-12-31": 22, "2009-09-30": -1.8, "2009-06-30": 0.4, "2009-03-31": "235.20000", "2008-12-31": -6.8, "2008-09-30": 2.6, "2008-06-30": 0, "2008-03-31": "", "2007-12-31": 6.5, "2007-09-30": -4.8, "2007-06-30": 4.3, "2007-03-31": "0.50000", "2006-12-31": -3, "2006-09-30": 0.5, "2006-06-30": 2.5, "2006-03-31": "", "2005-12-31": 0.6, "2005-09-30": 1.2, "2005-06-30": 0, "2005-03-31": ""}, "Cash Flow From Financial Activities": {"2020-12-31": -2286, "2020-09-30": 1195, "2020-06-30": 407, "2020-03-31": "684.00000", "2019-12-31": -275, "2019-09-30": -175, "2019-06-30": -192, "2019-03-31": "-171.00000", "2018-12-31": 19, "2018-09-30": -319, "2018-06-30": -191, "2018-03-31": "-156.00000", "2017-12-31": -193, "2017-09-30": -156, "2017-06-30": -116, "2017-03-31": "-127.00000", "2016-12-31": 311, "2016-09-30": 1481, "2016-06-30": -117, "2016-03-31": "-184.00000", "2015-12-31": -167, "2015-09-30": -164, "2015-06-30": -208, "2015-03-31": "-149.00000", "2014-12-31": -142, "2014-09-30": -209, "2014-06-30": -43, "2014-03-31": "-68.00000", "2013-12-31": -102, "2013-09-30": -78, "2013-06-30": -57, "2013-03-31": "-88.00000", "2012-12-31": 111, "2012-09-30": -88, "2012-06-30": -47, "2012-03-31": "-64.00000", "2011-12-31": -88.8, "2011-09-30": -42.9, "2011-06-30": -35, "2011-03-31": "-114.30000", "2010-12-31": -89.6, "2010-09-30": -92.6, "2010-06-30": -96.7, "2010-03-31": "-53.10000", "2009-12-31": 71.2, "2009-09-30": -44.8, "2009-06-30": 39.9, "2009-03-31": "179.70000", "2008-12-31": -33.2, "2008-09-30": 161.4, "2008-06-30": 164.6, "2008-03-31": "194.80000", "2007-12-31": -5.6, "2007-09-30": -39.3, "2007-06-30": -4.4, "2007-03-31": "142.70000", "2006-12-31": 11.5, "2006-09-30": 50.6, "2006-06-30": 63.7, "2006-03-31": "114.50000", "2005-12-31": 256.9, "2005-09-30": 4, "2005-06-30": 3.3, "2005-03-31": "-7.60000"}, "Net Cash Flow": {"2020-12-31": -1635, "2020-09-30": 347, "2020-06-30": 698, "2020-03-31": "590.00000", "2019-12-31": -17, "2019-09-30": -5, "2019-06-30": 29, "2019-03-31": "111.00000", "2018-12-31": -70, "2018-09-30": 76, "2018-06-30": -75, "2018-03-31": "-14.00000", "2017-12-31": 53, "2017-09-30": -54, "2017-06-30": 15, "2017-03-31": "-145.00000", "2016-12-31": -1490, "2016-09-30": 1737, "2016-06-30": 3, "2016-03-31": "5.00000", "2015-12-31": -15, "2015-09-30": 43, "2015-06-30": -6, "2015-03-31": "-56.00000", "2014-12-31": 73, "2014-09-30": 12, "2014-06-30": -68, "2014-03-31": "10.00000", "2013-12-31": 39, "2013-09-30": -16, "2013-06-30": -38, "2013-03-31": "-27.00000", "2012-12-31": 95, "2012-09-30": -8, "2012-06-30": -13, "2012-03-31": "-54.00000", "2011-12-31": 34, "2011-09-30": 0.5, "2011-06-30": 6.8, "2011-03-31": "-29.30000", "2010-12-31": -39, "2010-09-30": 21.1, "2010-06-30": -9.6, "2010-03-31": "-46.50000", "2009-12-31": -5.8, "2009-09-30": 6.7, "2009-06-30": -73.8, "2009-03-31": "-46.00000", "2008-12-31": 23.8, "2008-09-30": 80.2, "2008-06-30": -32.8, "2008-03-31": "7.60000", "2007-12-31": 124, "2007-09-30": -77.9, "2007-06-30": -2.8, "2007-03-31": "-69.70000", "2006-12-31": 78.4, "2006-09-30": 11.8, "2006-06-30": 0, "2006-03-31": "66.90000", "2005-12-31": 46.9, "2005-09-30": -4.5, "2005-06-30": -132.3, "2005-03-31": "135.50000"}, "Stock-Based Compensation": {"2020-12-31": -14, "2020-09-30": 7, "2020-06-30": -2, "2020-03-31": "9.00000", "2019-12-31": 9, "2019-09-30": 4, "2019-06-30": 5, "2019-03-31": "11.00000", "2018-12-31": 13, "2018-09-30": 17, "2018-06-30": 9, "2018-03-31": "8.00000", "2017-12-31": 12, "2017-09-30": 18, "2017-06-30": 12, "2017-03-31": "13.00000", "2016-12-31": 7, "2016-09-30": 6, "2016-06-30": 4, "2016-03-31": "9.00000", "2015-12-31": 3, "2015-09-30": 8, "2015-06-30": 5, "2015-03-31": "9.00000", "2014-12-31": -21, "2014-09-30": 6, "2014-06-30": 17, "2014-03-31": "4.00000", "2013-12-31": 6, "2013-09-30": 9, "2013-06-30": 3, "2013-03-31": "14.00000", "2012-12-31": 2, "2012-09-30": 2, "2012-06-30": 1, "2012-03-31": "5.00000", "2011-12-31": 7.5, "2011-09-30": 2.2, "2011-06-30": 0.6, "2011-03-31": "6.70000", "2010-12-31": -1.6, "2010-09-30": 1.9, "2010-06-30": 3.7, "2010-03-31": "5.00000", "2009-12-31": 2.7, "2009-09-30": 2.6, "2009-06-30": 2.2, "2009-03-31": "5.40000", "2008-12-31": 2.6, "2008-09-30": 2.8, "2008-06-30": 2.5, "2008-03-31": "5.50000", "2007-12-31": 2.7, "2007-09-30": 4.2, "2007-06-30": 2.9, "2007-03-31": "2.50000", "2006-12-31": 5.3, "2006-09-30": 1.9, "2006-06-30": 2, "2006-03-31": "1.90000", "2005-12-31": 1, "2005-09-30": 0.5, "2005-06-30": 0.3, "2005-03-31": "0.30000"}, "Common Stock Dividends Paid": {"2020-12-31": 45, "2020-09-30": 0, "2020-06-30": 0, "2020-03-31": "-45.00000", "2019-12-31": -120, "2019-09-30": 33, "2019-06-30": -43, "2019-03-31": "-43.00000", "2018-12-31": -40, "2018-09-30": -39, "2018-06-30": -39, "2018-03-31": "-40.00000", "2017-12-31": -37, "2017-09-30": -37, "2017-06-30": -37, "2017-03-31": "-37.00000", "2016-12-31": -34, "2016-09-30": -34, "2016-06-30": -34, "2016-03-31": "-34.00000", "2015-12-31": -24, "2015-09-30": -26, "2015-06-30": -26, "2015-03-31": "-26.00000", "2014-12-31": -17, "2014-09-30": -17, "2014-06-30": -17, "2014-03-31": "-17.00000", "2013-12-31": -14, "2013-09-30": -14, "2013-06-30": 0, "2013-03-31": "", "2012-12-31": 0, "2012-09-30": 0, "2012-06-30": 0, "2012-03-31": "", "2011-12-31": 0, "2011-09-30": 0, "2011-06-30": 0, "2011-03-31": "", "2010-12-31": 0, "2010-09-30": 0, "2010-06-30": 0, "2010-03-31": "", "2009-12-31": 0, "2009-09-30": 0, "2009-06-30": 0, "2009-03-31": "", "2008-12-31": 0, "2008-09-30": 0, "2008-06-30": 0, "2008-03-31": "", "2007-12-31": 0, "2007-09-30": 0, "2007-06-30": 0, "2007-03-31": "", "2006-12-31": 0, "2006-09-30": 0, "2006-06-30": 0, "2006-03-31": "", "2005-12-31": 0, "2005-09-30": 0, "2005-06-30": 0, "2005-03-31": ""}}, "financial ratios": {"Current Ratio": {"2019-12-31": "0.63640", "2018-12-31": "0.60740", "2017-12-31": "0.80120", "2016-12-31": "0.80870", "2015-12-31": "0.92130", "2014-12-31": "0.98080", "2013-12-31": "1.11520", "2012-12-31": "1.15720", "2011-12-31": "1.05700", "2010-12-31": "1.16660", "2009-12-31": "1.28740", "2008-12-31": "1.10900", "2007-12-31": "1.01210", "2006-12-31": "1.27140", "2005-12-31": "1.32150"}, "Long-term Debt / Capital": {"2019-12-31": "0.38430", "2018-12-31": "0.30120", "2017-12-31": "0.39530", "2016-12-31": "0.47440", "2015-12-31": "0.19090", "2014-12-31": "0.24390", "2013-12-31": "0.27090", "2012-12-31": "0.38000", "2011-12-31": "0.48350", "2010-12-31": "0.54290", "2009-12-31": "0.66080", "2008-12-31": "0.70690", "2007-12-31": "0.52310", "2006-12-31": "0.53810", "2005-12-31": "0.53940"}, "Debt/Equity Ratio": {"2019-12-31": "0.67840", "2018-12-31": "0.56070", "2017-12-31": "0.74250", "2016-12-31": "1.01130", "2015-12-31": "0.28330", "2014-12-31": "0.37750", "2013-12-31": "0.42930", "2012-12-31": "0.72620", "2011-12-31": "1.11330", "2010-12-31": "1.38790", "2009-12-31": "2.12730", "2008-12-31": "2.78170", "2007-12-31": "1.26830", "2006-12-31": "1.29960", "2005-12-31": "1.30810"}, "Gross Margin": {"2019-12-31": "100.00000", "2018-12-31": "100.00000", "2017-12-31": "100.00000", "2016-12-31": "100.00000", "2015-12-31": "100.00000", "2014-12-31": "100.00000", "2013-12-31": "100.00000", "2012-12-31": "100.00000", "2011-12-31": "100.00000", "2010-12-31": "100.00000", "2009-12-31": "100.00000", "2008-12-31": "100.00000", "2007-12-31": "100.00000", "2006-12-31": "100.00000", "2005-12-31": "100.00000"}, "Operating Margin": {"2019-12-31": "12.10570", "2018-12-31": "7.78070", "2017-12-31": "15.30280", "2016-12-31": "22.04220", "2015-12-31": "23.18690", "2014-12-31": "17.92100", "2013-12-31": "16.25290", "2012-12-31": "11.42370", "2011-12-31": "10.39830", "2010-12-31": "12.29120", "2009-12-31": "7.86520", "2008-12-31": "-4.70160", "2007-12-31": "6.01540", "2006-12-31": "-2.70510", "2005-12-31": "5.59610"}, "EBIT Margin": {"2019-12-31": "12.10570", "2018-12-31": "7.78070", "2017-12-31": "15.30280", "2016-12-31": "22.04220", "2015-12-31": "23.18690", "2014-12-31": "17.92100", "2013-12-31": "16.25290", "2012-12-31": "11.42370", "2011-12-31": "10.39830", "2010-12-31": "12.29120", "2009-12-31": "7.86520", "2008-12-31": "-4.70160", "2007-12-31": "6.01540", "2006-12-31": "-2.70510", "2005-12-31": "5.59610"}, "EBITDA Margin": {"2019-12-31": "16.92290", "2018-12-31": "12.59680", "2017-12-31": "20.01520", "2016-12-31": "28.16880", "2015-12-31": "28.90320", "2014-12-31": "23.39790", "2013-12-31": "21.48950", "2012-12-31": "17.09260", "2011-12-31": "16.11860", "2010-12-31": "18.29330", "2009-12-31": "14.31260", "2008-12-31": "0.88460", "2007-12-31": "11.07530", "2006-12-31": "2.01830", "2005-12-31": "10.41580"}, "Pre-Tax Profit Margin": {"2019-12-31": "11.57040", "2018-12-31": "7.07890", "2017-12-31": "14.68200", "2016-12-31": "22.21100", "2015-12-31": "23.43690", "2014-12-31": "18.16320", "2013-12-31": "15.82620", "2012-12-31": "11.03720", "2011-12-31": "9.12460", "2010-12-31": "10.59500", "2009-12-31": "5.96800", "2008-12-31": "-5.82100", "2007-12-31": "5.71880", "2006-12-31": "-2.72010", "2005-12-31": "4.61130"}, "Net Profit Margin": {"2019-12-31": "8.75750", "2018-12-31": "5.28800", "2017-12-31": "12.16110", "2016-12-31": "13.45150", "2015-12-31": "15.14830", "2014-12-31": "11.27050", "2013-12-31": "9.85260", "2012-12-31": "6.78550", "2011-12-31": "5.67390", "2010-12-31": "6.55010", "2009-12-31": "3.57670", "2008-12-31": "-3.71050", "2007-12-31": "3.54540", "2006-12-31": "-1.63450", "2005-12-31": "-0.19830"}, "Asset Turnover": {"2019-12-31": "0.67580", "2018-12-31": "0.75730", "2017-12-31": "0.73460", "2016-12-31": "0.59480", "2015-12-31": "0.85730", "2014-12-31": "0.88520", "2013-12-31": "0.88320", "2012-12-31": "0.84600", "2011-12-31": "0.83570", "2010-12-31": "0.76390", "2009-12-31": "0.68050", "2008-12-31": "0.75740", "2007-12-31": "0.78070", "2006-12-31": "0.81780", "2005-12-31": "0.78460"}, "Inventory Turnover Ratio": {"2019-12-31": "", "2018-12-31": "", "2017-12-31": "", "2016-12-31": "", "2015-12-31": "", "2014-12-31": "", "2013-12-31": "", "2012-12-31": "", "2011-12-31": "", "2010-12-31": "", "2009-12-31": "", "2008-12-31": "", "2007-12-31": "0.00000", "2006-12-31": "", "2005-12-31": ""}, "Receiveable Turnover": {"2019-12-31": "27.18580", "2018-12-31": "22.57920", "2017-12-31": "23.14960", "2016-12-31": "19.61920", "2015-12-31": "26.40570", "2014-12-31": "20.72590", "2013-12-31": "33.92110", "2012-12-31": "35.82310", "2011-12-31": "31.75000", "2010-12-31": "31.90670", "2009-12-31": "30.40970", "2008-12-31": "31.38480", "2007-12-31": "25.40580", "2006-12-31": "24.84650", "2005-12-31": "23.95570"}, "Days Sales In Receivables": {"2019-12-31": "13.42620", "2018-12-31": "16.16530", "2017-12-31": "15.76700", "2016-12-31": "18.60420", "2015-12-31": "13.82280", "2014-12-31": "17.61080", "2013-12-31": "10.76030", "2012-12-31": "10.18900", "2011-12-31": "11.49610", "2010-12-31": "11.43960", "2009-12-31": "12.00280", "2008-12-31": "11.62990", "2007-12-31": "14.36680", "2006-12-31": "14.69020", "2005-12-31": "15.23650"}, "ROE - Return On Equity": {"2019-12-31": "17.75570", "2018-12-31": "11.65020", "2017-12-31": "27.74570", "2016-12-31": "27.19210", "2015-12-31": "35.17210", "2014-12-31": "28.44380", "2013-12-31": "25.03700", "2012-12-31": "22.23790", "2011-12-31": "20.86880", "2010-12-31": "22.70670", "2009-12-31": "13.94340", "2008-12-31": "-20.53180", "2007-12-31": "12.12210", "2006-12-31": "-6.15470", "2005-12-31": "10.21030"}, "Return On Tangible Equity": {"2019-12-31": "33.93650", "2018-12-31": "25.99640", "2017-12-31": "69.36420", "2016-12-31": "93.32550", "2015-12-31": "35.17210", "2014-12-31": "28.44380", "2013-12-31": "25.03700", "2012-12-31": "22.23790", "2011-12-31": "20.86880", "2010-12-31": "22.70670", "2009-12-31": "13.94340", "2008-12-31": "-20.53180", "2007-12-31": "12.12210", "2006-12-31": "-6.15470", "2005-12-31": "10.64230"}, "ROA - Return On Assets": {"2019-12-31": "5.91860", "2018-12-31": "4.00480", "2017-12-31": "8.93360", "2016-12-31": "8.00040", "2015-12-31": "12.98620", "2014-12-31": "9.97690", "2013-12-31": "8.70160", "2012-12-31": "5.74020", "2011-12-31": "4.74160", "2010-12-31": "5.00340", "2009-12-31": "2.43390", "2008-12-31": "-2.81040", "2007-12-31": "2.76780", "2006-12-31": "-1.33670", "2005-12-31": "2.22840"}, "ROI - Return On Investment": {"2019-12-31": "10.93260", "2018-12-31": "8.14080", "2017-12-31": "16.77740", "2016-12-31": "14.29340", "2015-12-31": "28.45640", "2014-12-31": "21.50730", "2013-12-31": "18.25370", "2012-12-31": "13.78710", "2011-12-31": "10.77870", "2010-12-31": "10.37880", "2009-12-31": "4.72910", "2008-12-31": "-6.01810", "2007-12-31": "5.78140", "2006-12-31": "-2.84270", "2005-12-31": "4.70310"}, "Book Value Per Share": {"2019-12-31": "35.21140", "2018-12-31": "30.44790", "2017-12-31": "28.11610", "2016-12-31": "23.76590", "2015-12-31": "19.26100", "2014-12-31": "16.17720", "2013-12-31": "14.75720", "2012-12-31": "10.09560", "2011-12-31": "8.27340", "2010-12-31": "7.69260", "2009-12-31": "6.12580", "2008-12-31": "4.56170", "2007-12-31": "6.73700", "2006-12-31": "5.49400", "2005-12-31": "6.18460"}, "Operating Cash Flow Per Share": {"2019-12-31": 4.2158, "2018-12-31": -3.1987, "2017-12-31": 1.6952, "2016-12-31": -1.1013, "2015-12-31": 4.7146, "2014-12-31": 0.6148, "2013-12-31": 1.6695, "2012-12-31": 0.5051, "2011-12-31": 0.9815, "2010-12-31": 1.7357, "2009-12-31": 0.836, "2008-12-31": -1.7943, "2007-12-31": 0.0169, "2006-12-31": 0.9731, "2005-12-31": 1.9909}, "Free Cash Flow Per Share": {"2019-12-31": 6.3101, "2018-12-31": -2.9088, "2017-12-31": -0.5485, "2016-12-31": -0.4981, "2015-12-31": 3.774, "2014-12-31": -0.4478, "2013-12-31": 1.1904, "2012-12-31": -0.5338, "2011-12-31": -0.3216, "2010-12-31": 3.5875, "2009-12-31": 0.5684, "2008-12-31": 0.2003, "2007-12-31": -0.2803, "2006-12-31": -0.4168, "2005-12-31": -1.0902}}, "financial ratios, quarterly": {"Current Ratio": {"2020-09-30": "1.06130", "2020-06-30": "0.78740", "2020-03-31": "0.68950", "2019-12-31": "0.63640", "2019-09-30": "0.65810", "2019-06-30": "0.62760", "2019-03-31": "0.59100", "2018-12-31": "0.60740", "2018-09-30": "0.71190", "2018-06-30": "0.72990", "2018-03-31": "0.70660", "2017-12-31": "0.80120", "2017-09-30": "0.80070", "2017-06-30": "0.81540", "2017-03-31": "0.78060", "2016-12-31": "0.80870", "2016-09-30": "1.69570", "2016-06-30": "0.97190", "2016-03-31": "0.92940", "2015-12-31": "0.92130", "2015-09-30": "0.92500", "2015-06-30": "0.85830", "2015-03-31": "0.94470", "2014-12-31": "0.98080", "2014-09-30": "1.01810", "2014-06-30": "1.08370", "2014-03-31": "1.10200", "2013-12-31": "1.11520", "2013-09-30": "1.17270", "2013-06-30": "1.13100", "2013-03-31": "1.15080", "2012-12-31": "1.15720", "2012-09-30": "1.12280", "2012-06-30": "1.02050", "2012-03-31": "0.99030", "2011-12-31": "1.05700", "2011-09-30": "1.13700", "2011-06-30": "1.02930", "2011-03-31": "1.07520", "2010-12-31": "1.16660", "2010-09-30": "1.20130", "2010-06-30": "1.20720", "2010-03-31": "1.23300", "2009-12-31": "1.28740", "2009-09-30": "1.31450", "2009-06-30": "1.18910", "2009-03-31": "1.14020", "2008-12-31": "1.10900", "2008-09-30": "1.08970", "2008-06-30": "1.05100", "2008-03-31": "1.04010", "2007-12-31": "1.01210", "2007-09-30": "1.12980", "2007-06-30": "1.15700", "2007-03-31": "1.15490", "2006-12-31": "1.27140", "2006-09-30": "1.22950", "2006-06-30": "1.21720", "2006-03-31": "1.20340", "2005-12-31": "1.32150", "2005-09-30": "1.18750", "2005-06-30": "1.10420", "2005-03-31": "1.16850"}, "Long-term Debt / Capital": {"2020-09-30": "0.43620", "2020-06-30": "0.28630", "2020-03-31": "0.23050", "2019-12-31": "0.22590", "2019-09-30": "0.25350", "2019-06-30": "0.27910", "2019-03-31": "0.30760", "2018-12-31": "0.30120", "2018-09-30": "0.30760", "2018-06-30": "0.35740", "2018-03-31": "0.37480", "2017-12-31": "0.39530", "2017-09-30": "0.40410", "2017-06-30": "0.43070", "2017-03-31": "0.45640", "2016-12-31": "0.47440", "2016-09-30": "0.39390", "2016-06-30": "0.16230", "2016-03-31": "0.17780", "2015-12-31": "0.19090", "2015-09-30": "0.20050", "2015-06-30": "0.22090", "2015-03-31": "0.23080", "2014-12-31": "0.24390", "2014-09-30": "0.24160", "2014-06-30": "0.25300", "2014-03-31": "0.25600", "2013-12-31": "0.27090", "2013-09-30": "0.30260", "2013-06-30": "0.34540", "2013-03-31": "0.36490", "2012-12-31": "0.38000", "2012-09-30": "0.38450", "2012-06-30": "0.42730", "2012-03-31": "0.45980", "2011-12-31": "0.48350", "2011-09-30": "0.48250", "2011-06-30": "0.48910", "2011-03-31": "0.52150", "2010-12-31": "0.54290", "2010-09-30": "0.56430", "2010-06-30": "0.62550", "2010-03-31": "0.65180", "2009-12-31": "0.66080", "2009-09-30": "0.68170", "2009-06-30": "0.70810", "2009-03-31": "0.71130", "2008-12-31": "0.70690", "2008-09-30": "0.63540", "2008-06-30": "0.58850", "2008-03-31": "0.59050", "2007-12-31": "0.52310", "2007-09-30": "0.52850", "2007-06-30": "0.55710", "2007-03-31": "0.56930", "2006-12-31": "0.53810", "2006-09-30": "0.49490", "2006-06-30": "0.47720", "2006-03-31": "0.57750", "2005-12-31": "0.53940", "2005-09-30": "0.58100", "2005-06-30": "0.61970", "2005-03-31": "0.62650"}, "Debt/Equity Ratio": {"2020-09-30": "1.10650", "2020-06-30": "0.68270", "2020-03-31": "0.56340", "2019-12-31": "0.34610", "2019-09-30": "0.40190", "2019-06-30": "0.45960", "2019-03-31": "0.52430", "2018-12-31": "0.56070", "2018-09-30": "0.53520", "2018-06-30": "0.64350", "2018-03-31": "0.71210", "2017-12-31": "0.74250", "2017-09-30": "0.77370", "2017-06-30": "0.85970", "2017-03-31": "0.94990", "2016-12-31": "1.01130", "2016-09-30": "0.74580", "2016-06-30": "0.23830", "2016-03-31": "0.26350", "2015-12-31": "0.28330", "2015-09-30": "0.30020", "2015-06-30": "0.33570", "2015-03-31": "0.35460", "2014-12-31": "0.37750", "2014-09-30": "0.37010", "2014-06-30": "0.39050", "2014-03-31": "0.39810", "2013-12-31": "0.42930", "2013-09-30": "0.49560", "2013-06-30": "0.59880", "2013-03-31": "0.64710", "2012-12-31": "0.72620", "2012-09-30": "0.74080", "2012-06-30": "0.88890", "2012-03-31": "1.02380", "2011-12-31": "1.11330", "2011-09-30": "1.10130", "2011-06-30": "1.16770", "2011-03-31": "1.23490", "2010-12-31": "1.38790", "2010-09-30": "1.51270", "2010-06-30": "1.83460", "2010-03-31": "2.05040", "2009-12-31": "2.12730", "2009-09-30": "2.33390", "2009-06-30": "2.66850", "2009-03-31": "2.71370", "2008-12-31": "2.78170", "2008-09-30": "2.01750", "2008-06-30": "1.68990", "2008-03-31": "1.60380", "2007-12-31": "1.26830", "2007-09-30": "1.21570", "2007-06-30": "1.37260", "2007-03-31": "1.45470", "2006-12-31": "1.29960", "2006-09-30": "1.19080", "2006-06-30": "1.11930", "2006-03-31": "1.59110", "2005-12-31": "1.30810", "2005-09-30": "1.46880", "2005-06-30": "1.72430", "2005-03-31": "1.76970"}, "Gross Margin": {"2020-09-30": "100.00000", "2020-06-30": "100.00000", "2020-03-31": "100.00000", "2019-12-31": "100.00000", "2019-09-30": "100.00000", "2019-06-30": "100.00000", "2019-03-31": "100.00000", "2018-12-31": "100.00000", "2018-09-30": "100.00000", "2018-06-30": "100.00000", "2018-03-31": "100.00000", "2017-12-31": "100.00000", "2017-09-30": "100.00000", "2017-06-30": "100.00000", "2017-03-31": "100.00000", "2016-12-31": "100.00000", "2016-09-30": "100.00000", "2016-06-30": "100.00000", "2016-03-31": "100.00000", "2015-12-31": "100.00000", "2015-09-30": "100.00000", "2015-06-30": "100.00000", "2015-03-31": "100.00000", "2014-12-31": "100.00000", "2014-09-30": "100.00000", "2014-06-30": "100.00000", "2014-03-31": "100.00000", "2013-12-31": "100.00000", "2013-09-30": "100.00000", "2013-06-30": "100.00000", "2013-03-31": "100.00000", "2012-12-31": "100.00000", "2012-09-30": "100.00000", "2012-06-30": "100.00000", "2012-03-31": "100.00000", "2011-12-31": "100.00000", "2011-09-30": "100.00000", "2011-06-30": "100.00000", "2011-03-31": "100.00000", "2010-12-31": "100.00000", "2010-09-30": "100.00000", "2010-06-30": "100.00000", "2010-03-31": "100.00000", "2009-12-31": "100.00000", "2009-09-30": "100.00000", "2009-06-30": "100.00000", "2009-03-31": "100.00000", "2008-12-31": "100.00000", "2008-09-30": "100.00000", "2008-06-30": "100.00000", "2008-03-31": "100.00000", "2007-12-31": "100.00000", "2007-09-30": "100.00000", "2007-06-30": "100.00000", "2007-03-31": "100.00000", "2006-12-31": "100.00000", "2006-09-30": "100.00000", "2006-06-30": "100.00000", "2006-03-31": "100.00000", "2005-12-31": "100.00000", "2005-09-30": "100.00000", "2005-06-30": "100.00000", "2005-03-31": "100.00000"}, "Operating Margin": {"2020-09-30": "-81.45510", "2020-06-30": "-68.40860", "2020-03-31": "-19.62100", "2019-12-31": "11.31060", "2019-09-30": "17.66430", "2019-06-30": "15.90910", "2019-03-31": "1.33260", "2018-12-31": "2.22870", "2018-09-30": "13.42680", "2018-06-30": "12.56960", "2018-03-31": "1.58300", "2017-12-31": "7.05460", "2017-09-30": "20.23700", "2017-06-30": "23.16840", "2017-03-31": "9.02300", "2016-12-31": "13.04350", "2016-09-30": "25.54280", "2016-06-30": "27.97860", "2016-03-31": "21.52930", "2015-12-31": "18.51850", "2015-09-30": "28.58090", "2015-06-30": "25.88730", "2015-03-31": "18.75490", "2014-12-31": "18.52990", "2014-09-30": "21.57000", "2014-06-30": "19.12730", "2014-03-31": "11.53850", "2013-12-31": "10.74380", "2013-09-30": "30.18630", "2013-06-30": "13.85350", "2013-03-31": "5.64870", "2012-12-31": "6.62540", "2012-09-30": "21.14780", "2012-06-30": "9.55520", "2012-03-31": "6.92970", "2011-12-31": "10.93350", "2011-09-30": "11.95230", "2011-06-30": "5.20630", "2011-03-31": "13.86240", "2010-12-31": "12.38780", "2010-09-30": "20.30900", "2010-06-30": "11.23750", "2010-03-31": "3.09790", "2009-12-31": "6.24040", "2009-09-30": "16.51850", "2009-06-30": "7.90380", "2009-03-31": "-1.60290", "2008-12-31": "-12.90050", "2008-09-30": "-11.26550", "2008-06-30": "11.44180", "2008-03-31": "-6.19420", "2007-12-31": "1.67570", "2007-09-30": "13.85520", "2007-06-30": "8.59130", "2007-03-31": "-2.38350", "2006-12-31": "-2.66990", "2006-09-30": "-2.56490", "2006-06-30": "9.17530", "2006-03-31": "-17.02480", "2005-12-31": "-6.91210", "2005-09-30": "18.10340", "2005-06-30": "4.83810", "2005-03-31": "4.24900"}, "EBIT Margin": {"2020-09-30": "-81.45510", "2020-06-30": "-68.40860", "2020-03-31": "-19.62100", "2019-12-31": "11.31060", "2019-09-30": "17.66430", "2019-06-30": "15.90910", "2019-03-31": "1.33260", "2018-12-31": "2.22870", "2018-09-30": "13.42680", "2018-06-30": "12.56960", "2018-03-31": "1.58300", "2017-12-31": "7.05460", "2017-09-30": "20.23700", "2017-06-30": "23.16840", "2017-03-31": "9.02300", "2016-12-31": "13.04350", "2016-09-30": "25.54280", "2016-06-30": "27.97860", "2016-03-31": "21.52930", "2015-12-31": "18.51850", "2015-09-30": "28.58090", "2015-06-30": "25.88730", "2015-03-31": "18.75490", "2014-12-31": "18.52990", "2014-09-30": "21.57000", "2014-06-30": "19.12730", "2014-03-31": "11.53850", "2013-12-31": "10.74380", "2013-09-30": "30.18630", "2013-06-30": "13.85350", "2013-03-31": "5.64870", "2012-12-31": "6.62540", "2012-09-30": "21.14780", "2012-06-30": "9.55520", "2012-03-31": "6.92970", "2011-12-31": "10.93350", "2011-09-30": "11.95230", "2011-06-30": "5.20630", "2011-03-31": "13.86240", "2010-12-31": "12.38780", "2010-09-30": "20.30900", "2010-06-30": "11.23750", "2010-03-31": "3.09790", "2009-12-31": "6.24040", "2009-09-30": "16.51850", "2009-06-30": "7.90380", "2009-03-31": "-1.60290", "2008-12-31": "-12.90050", "2008-09-30": "-11.26550", "2008-06-30": "11.44180", "2008-03-31": "-6.19420", "2007-12-31": "1.67570", "2007-09-30": "13.85520", "2007-06-30": "8.59130", "2007-03-31": "-2.38350", "2006-12-31": "-2.66990", "2006-09-30": "-2.56490", "2006-06-30": "9.17530", "2006-03-31": "-17.02480", "2005-12-31": "-6.91210", "2005-09-30": "18.10340", "2005-06-30": "4.83810", "2005-03-31": "4.24900"}, "EBITDA Margin": {"2020-09-30": "", "2020-06-30": "", "2020-03-31": "", "2019-12-31": "", "2019-09-30": "", "2019-06-30": "", "2019-03-31": "", "2018-12-31": "", "2018-09-30": "", "2018-06-30": "", "2018-03-31": "", "2017-12-31": "", "2017-09-30": "", "2017-06-30": "", "2017-03-31": "", "2016-12-31": "", "2016-09-30": "", "2016-06-30": "", "2016-03-31": "", "2015-12-31": "", "2015-09-30": "", "2015-06-30": "", "2015-03-31": "", "2014-12-31": "", "2014-09-30": "", "2014-06-30": "", "2014-03-31": "", "2013-12-31": "", "2013-09-30": "", "2013-06-30": "", "2013-03-31": "", "2012-12-31": "", "2012-09-30": "", "2012-06-30": "", "2012-03-31": "", "2011-12-31": "", "2011-09-30": "", "2011-06-30": "", "2011-03-31": "", "2010-12-31": "", "2010-09-30": "", "2010-06-30": "", "2010-03-31": "", "2009-12-31": "", "2009-09-30": "", "2009-06-30": "", "2009-03-31": "", "2008-12-31": "", "2008-09-30": "", "2008-06-30": "", "2008-03-31": "", "2007-12-31": "", "2007-09-30": "", "2007-06-30": "", "2007-03-31": "", "2006-12-31": "", "2006-09-30": "", "2006-06-30": "", "2006-03-31": "", "2005-12-31": "", "2005-09-30": "", "2005-06-30": "", "2005-03-31": ""}, "Pre-Tax Profit Margin": {"2020-09-30": "-84.02280", "2020-06-30": "-69.12110", "2020-03-31": "-19.37650", "2019-12-31": "10.90660", "2019-09-30": "17.41310", "2019-06-30": "15.34090", "2019-03-31": "0.31980", "2018-12-31": "1.74420", "2018-09-30": "12.83910", "2018-06-30": "12.01300", "2018-03-31": "0.32750", "2017-12-31": "6.48820", "2017-09-30": "19.76300", "2017-06-30": "22.55000", "2017-03-31": "8.16090", "2016-12-31": "13.30700", "2016-09-30": "25.67050", "2016-06-30": "28.11250", "2016-03-31": "21.67780", "2015-12-31": "18.80900", "2015-09-30": "28.84490", "2015-06-30": "26.16560", "2015-03-31": "18.91250", "2014-12-31": "18.52990", "2014-09-30": "21.57000", "2014-06-30": "19.27270", "2014-03-31": "12.43860", "2013-12-31": "10.33060", "2013-09-30": "29.73670", "2013-06-30": "13.45540", "2013-03-31": "5.20740", "2012-12-31": "6.53710", "2012-09-30": "20.83330", "2012-06-30": "8.97860", "2012-03-31": "6.35230", "2011-12-31": "9.66970", "2011-09-30": "10.45820", "2011-06-30": "4.23350", "2011-03-31": "12.50520", "2010-12-31": "10.81190", "2010-09-30": "18.55810", "2010-06-30": "9.62920", "2010-03-31": "1.22950", "2009-12-31": "4.96400", "2009-09-30": "14.76120", "2009-06-30": "5.65230", "2009-03-31": "-3.98710", "2008-12-31": "-14.50850", "2008-09-30": "-12.48590", "2008-06-30": "10.55010", "2008-03-31": "-6.95650", "2007-12-31": "0.99600", "2007-09-30": "13.63270", "2007-06-30": "8.29280", "2007-03-31": "-2.34400", "2006-12-31": "-2.46740", "2006-09-30": "-2.44740", "2006-06-30": "9.28980", "2006-03-31": "-17.59590", "2005-12-31": "-7.70600", "2005-09-30": "17.35840", "2005-06-30": "3.92600", "2005-03-31": "2.64590"}, "Net Profit Margin": {"2020-09-30": "-61.48360", "2020-06-30": "-50.83140", "2020-03-31": "-14.18090", "2019-12-31": "8.12390", "2019-09-30": "13.47840", "2019-06-30": "11.45110", "2019-03-31": "0.21320", "2018-12-31": "1.11430", "2018-09-30": "9.81010", "2018-06-30": "8.95180", "2018-03-31": "0.21830", "2017-12-31": "16.22040", "2017-09-30": "12.27490", "2017-06-30": "13.93910", "2017-03-31": "5.34480", "2016-12-31": "6.39000", "2016-09-30": "16.34740", "2016-06-30": "17.40290", "2016-03-31": "13.66000", "2015-12-31": "13.87070", "2015-09-30": "18.08580", "2015-06-30": "16.28390", "2015-03-31": "11.74150", "2014-12-31": "11.33230", "2014-09-30": "13.51540", "2014-06-30": "12.00000", "2014-03-31": "7.69230", "2013-12-31": "6.44630", "2013-09-30": "18.56130", "2013-06-30": "8.28030", "2013-03-31": "3.26570", "2012-12-31": "3.88690", "2012-09-30": "12.81450", "2012-06-30": "5.60130", "2012-03-31": "3.94610", "2011-12-31": "6.17520", "2011-09-30": "6.46860", "2011-06-30": "2.59410", "2011-03-31": "7.68750", "2010-12-31": "6.75220", "2010-09-30": "11.46070", "2010-06-30": "6.00290", "2010-03-31": "0.63890", "2009-12-31": "2.84840", "2009-09-30": "9.05520", "2009-06-30": "3.44830", "2009-03-31": "-2.58620", "2008-12-31": "-9.09200", "2008-09-30": "-8.12050", "2008-06-30": "6.77910", "2008-03-31": "-4.44310", "2007-12-31": "0.78510", "2007-09-30": "8.27270", "2007-06-30": "5.09730", "2007-03-31": "-1.35630", "2006-12-31": "-1.70820", "2006-09-30": "-1.85960", "2006-06-30": "6.35740", "2006-03-31": "-10.75610", "2005-12-31": "-4.51680", "2005-09-30": "10.66570", "2005-06-30": "2.30010", "2005-03-31": "-12.52920"}, "Asset Turnover": {"2020-09-30": "0.04750", "2020-06-30": "0.03010", "2020-03-31": "0.12240", "2019-12-31": "0.17150", "2019-09-30": "0.18400", "2019-06-30": "0.17670", "2019-03-31": "0.14840", "2018-12-31": "0.18910", "2018-09-30": "0.20310", "2018-06-30": "0.19500", "2018-03-31": "0.16890", "2017-12-31": "0.18070", "2017-09-30": "0.19650", "2017-06-30": "0.19610", "2017-03-31": "0.16890", "2016-12-31": "0.15240", "2016-09-30": "0.18000", "2016-06-30": "0.21240", "2016-03-31": "0.19720", "2015-12-31": "0.21090", "2015-09-30": "0.23080", "2015-06-30": "0.22180", "2015-03-31": "0.19800", "2014-12-31": "0.21540", "2014-09-30": "0.23490", "2014-06-30": "0.21780", "2014-03-31": "0.20160", "2013-12-31": "0.20730", "2013-09-30": "0.26560", "2013-06-30": "0.21460", "2013-03-31": "0.20070", "2012-12-31": "0.20560", "2012-09-30": "0.23400", "2012-06-30": "0.22380", "2012-03-31": "0.19310", "2011-12-31": "0.20210", "2011-09-30": "0.22780", "2011-06-30": "0.21210", "2011-03-31": "0.18880", "2010-12-31": "0.19100", "2010-09-30": "0.20860", "2010-06-30": "0.19110", "2010-03-31": "0.16540", "2009-12-31": "0.16930", "2009-09-30": "0.19320", "2009-06-30": "0.17080", "2009-03-31": "0.15530", "2008-12-31": "0.17100", "2008-09-30": "0.21030", "2008-06-30": "0.18270", "2008-03-31": "0.17570", "2007-12-31": "0.19000", "2007-09-30": "0.22190", "2007-06-30": "0.20190", "2007-03-31": "0.17490", "2006-12-31": "0.19380", "2006-09-30": "0.22600", "2006-06-30": "0.21340", "2006-03-31": "0.18910", "2005-12-31": "0.19270", "2005-09-30": "0.24100", "2005-06-30": "0.22440", "2005-03-31": "0.19470"}, "Inventory Turnover Ratio": {"2020-09-30": "", "2020-06-30": "", "2020-03-31": "", "2019-12-31": "", "2019-09-30": "", "2019-06-30": "", "2019-03-31": "", "2018-12-31": "", "2018-09-30": "", "2018-06-30": "", "2018-03-31": "", "2017-12-31": "", "2017-09-30": "", "2017-06-30": "", "2017-03-31": "", "2016-12-31": "", "2016-09-30": "", "2016-06-30": "", "2016-03-31": "", "2015-12-31": "", "2015-09-30": "", "2015-06-30": "", "2015-03-31": "", "2014-12-31": "", "2014-09-30": "", "2014-06-30": "", "2014-03-31": "", "2013-12-31": "", "2013-09-30": "", "2013-06-30": "", "2013-03-31": "", "2012-12-31": "", "2012-09-30": "", "2012-06-30": "", "2012-03-31": "", "2011-12-31": "", "2011-09-30": "", "2011-06-30": "", "2011-03-31": "", "2010-12-31": "", "2010-09-30": "", "2010-06-30": "", "2010-03-31": "", "2009-12-31": "", "2009-09-30": "", "2009-06-30": "", "2009-03-31": "", "2008-12-31": "", "2008-09-30": "", "2008-06-30": "", "2008-03-31": "", "2007-12-31": "", "2007-09-30": "", "2007-06-30": "", "2007-03-31": "", "2006-12-31": "", "2006-09-30": "", "2006-06-30": "", "2006-03-31": "", "2005-12-31": "", "2005-09-30": "", "2005-06-30": "", "2005-03-31": ""}, "Receiveable Turnover": {"2020-09-30": "2.18380", "2020-06-30": "1.50360", "2020-03-31": "5.86380", "2019-12-31": "6.89780", "2019-09-30": "6.33690", "2019-06-30": "5.88170", "2019-03-31": "5.24020", "2018-12-31": "5.63930", "2018-09-30": "5.24170", "2018-06-30": "5.24570", "2018-03-31": "5.23430", "2017-12-31": "5.69500", "2017-09-30": "7.01000", "2017-06-30": "6.44790", "2017-03-31": "5.42060", "2016-12-31": "5.02650", "2016-09-30": "6.75000", "2016-06-30": "5.88190", "2016-03-31": "5.73190", "2015-12-31": "6.49530", "2015-09-30": "7.39020", "2015-06-30": "7.40720", "2015-03-31": "6.78610", "2014-12-31": "5.04250", "2014-09-30": "8.23030", "2014-06-30": "6.77340", "2014-03-31": "5.76420", "2013-12-31": "7.96050", "2013-09-30": "8.55490", "2013-06-30": "6.44100", "2013-03-31": "6.02660", "2012-12-31": "8.70770", "2012-09-30": "6.86080", "2012-06-30": "7.16650", "2012-03-31": "6.17350", "2011-12-31": "7.68010", "2011-09-30": "8.07890", "2011-06-30": "6.61620", "2011-03-31": "5.98760", "2010-12-31": "7.97840", "2010-09-30": "7.65040", "2010-06-30": "6.72310", "2010-03-31": "6.04220", "2009-12-31": "7.56800", "2009-09-30": "7.54010", "2009-06-30": "5.39230", "2009-03-31": "6.54100", "2008-12-31": "7.08740", "2008-09-30": "7.44900", "2008-06-30": "5.64120", "2008-03-31": "5.28650", "2007-12-31": "6.18410", "2007-09-30": "6.30610", "2007-06-30": "4.78270", "2007-03-31": "4.79720", "2006-12-31": "5.88900", "2006-09-30": "6.41770", "2006-06-30": "5.55700", "2006-03-31": "5.27170", "2005-12-31": "5.88240", "2005-09-30": "6.50040", "2005-06-30": "6.01350", "2005-03-31": "5.37210"}, "Days Sales In Receivables": {"2020-09-30": "41.21260", "2020-06-30": "59.85750", "2020-03-31": "15.34840", "2019-12-31": "13.04760", "2019-09-30": "14.20260", "2019-06-30": "15.30160", "2019-03-31": "17.17480", "2018-12-31": "15.95930", "2018-09-30": "17.17000", "2018-06-30": "17.15680", "2018-03-31": "17.19430", "2017-12-31": "15.80330", "2017-09-30": "12.83890", "2017-06-30": "13.95810", "2017-03-31": "16.60350", "2016-12-31": "17.90510", "2016-09-30": "13.33330", "2016-06-30": "15.30120", "2016-03-31": "15.70160", "2015-12-31": "13.85620", "2015-09-30": "12.17820", "2015-06-30": "12.15030", "2015-03-31": "13.26240", "2014-12-31": "17.84840", "2014-09-30": "10.93520", "2014-06-30": "13.28730", "2014-03-31": "15.61380", "2013-12-31": "11.30580", "2013-09-30": "10.52020", "2013-06-30": "13.97290", "2013-03-31": "14.93380", "2012-12-31": "10.33570", "2012-09-30": "13.11790", "2012-06-30": "12.55850", "2012-03-31": "14.57840", "2011-12-31": "11.71850", "2011-09-30": "11.14010", "2011-06-30": "13.60300", "2011-03-31": "15.03110", "2010-12-31": "11.28050", "2010-09-30": "11.76410", "2010-06-30": "13.38660", "2010-03-31": "14.89510", "2009-12-31": "11.89220", "2009-09-30": "11.93610", "2009-06-30": "16.69040", "2009-03-31": "13.75940", "2008-12-31": "12.69860", "2008-09-30": "12.08220", "2008-06-30": "15.95400", "2008-03-31": "17.02440", "2007-12-31": "14.55360", "2007-09-30": "14.27180", "2007-06-30": "18.81800", "2007-03-31": "18.76090", "2006-12-31": "15.28280", "2006-09-30": "14.02370", "2006-06-30": "16.19590", "2006-03-31": "17.07230", "2005-12-31": "15.29980", "2005-09-30": "13.84530", "2005-06-30": "14.96630", "2005-03-31": "16.75330"}, "ROE - Return On Equity": {"2020-09-30": "-12.47830", "2020-06-30": "-5.54260", "2020-03-31": "-5.77830", "2019-12-31": "4.17920", "2019-09-30": "7.57290", "2019-06-30": "6.59450", "2019-03-31": "0.10680", "2018-12-31": "0.61320", "2018-09-30": "5.72410", "2018-06-30": "5.37160", "2018-03-31": "0.11630", "2017-12-31": "9.10400", "2017-09-30": "7.41910", "2017-06-30": "8.97670", "2017-03-31": "3.08560", "2016-12-31": "3.30950", "2016-09-30": "8.93850", "2016-06-30": "9.89720", "2016-03-31": "7.49490", "2015-12-31": "7.92200", "2015-09-30": "11.58560", "2015-06-30": "10.54530", "2015-03-31": "6.87900", "2014-12-31": "6.95820", "2014-09-30": "8.88290", "2014-06-30": "7.50000", "2014-03-31": "4.48690", "2013-12-31": "3.84430", "2013-09-30": "16.03770", "2013-06-30": "6.74010", "2013-03-31": "2.53080", "2012-12-31": "3.09640", "2012-09-30": "11.32570", "2012-06-30": "5.30010", "2012-03-31": "3.36620", "2011-12-31": "5.49400", "2011-09-30": "6.12990", "2011-06-30": "2.38710", "2011-03-31": "6.34130", "2010-12-31": "5.85310", "2010-09-30": "11.40200", "2010-06-30": "6.23470", "2010-03-31": "0.59860", "2009-12-31": "2.76340", "2009-09-30": "11.32080", "2009-06-30": "4.22720", "2009-03-31": "-2.92100", "2008-12-31": "-11.36120", "2008-09-30": "-9.34430", "2008-06-30": "6.24630", "2008-03-31": "-3.89720", "2007-12-31": "0.65340", "2007-09-30": "7.96180", "2007-06-30": "4.92680", "2007-03-31": "-1.16210", "2006-12-31": "-1.52460", "2006-09-30": "-1.80310", "2006-06-30": "5.69700", "2006-03-31": "-10.52560", "2005-12-31": "-3.98740", "2005-09-30": "12.89310", "2005-06-30": "2.89470", "2005-03-31": "1.69380"}, "Return On Tangible Equity": {"2020-09-30": "-30.69800", "2020-06-30": "-11.82970", "2020-03-31": "-11.82470", "2019-12-31": "7.98760", "2019-09-30": "14.73010", "2019-06-30": "13.75330", "2019-03-31": "0.23870", "2018-12-31": "1.36820", "2018-09-30": "12.61630", "2018-06-30": "12.69740", "2018-03-31": "0.29330", "2017-12-31": "22.76010", "2017-09-30": "18.21380", "2017-06-30": "24.68410", "2017-03-31": "9.96780", "2016-12-31": "11.35830", "2016-09-30": "8.93850", "2016-06-30": "9.89720", "2016-03-31": "7.49490", "2015-12-31": "7.92200", "2015-09-30": "11.58560", "2015-06-30": "10.54530", "2015-03-31": "6.87900", "2014-12-31": "6.95820", "2014-09-30": "8.88290", "2014-06-30": "7.50000", "2014-03-31": "4.48690", "2013-12-31": "3.84430", "2013-09-30": "16.03770", "2013-06-30": "6.74010", "2013-03-31": "2.53080", "2012-12-31": "3.09640", "2012-09-30": "11.32570", "2012-06-30": "5.30010", "2012-03-31": "3.36620", "2011-12-31": "5.49400", "2011-09-30": "6.12990", "2011-06-30": "2.38710", "2011-03-31": "6.34130", "2010-12-31": "5.85310", "2010-09-30": "11.40200", "2010-06-30": "6.23470", "2010-03-31": "0.59860", "2009-12-31": "2.76340", "2009-09-30": "11.32080", "2009-06-30": "4.22720", "2009-03-31": "-2.92100", "2008-12-31": "-11.36120", "2008-09-30": "-9.34430", "2008-06-30": "6.24630", "2008-03-31": "-3.89720", "2007-12-31": "0.65340", "2007-09-30": "7.96180", "2007-06-30": "4.92680", "2007-03-31": "-1.16210", "2006-12-31": "-1.52460", "2006-09-30": "-1.86820", "2006-06-30": "5.90050", "2006-03-31": "-11.01830", "2005-12-31": "-4.15620", "2005-09-30": "13.64600", "2005-06-30": "3.09330", "2005-03-31": "1.81350"}, "ROA - Return On Assets": {"2020-09-30": "-2.92220", "2020-06-30": "-1.52880", "2020-03-31": "-1.73610", "2019-12-31": "1.39310", "2019-09-30": "2.48020", "2019-06-30": "2.02300", "2019-03-31": "0.03160", "2018-12-31": "0.21080", "2018-09-30": "1.99210", "2018-06-30": "1.74580", "2018-03-31": "0.03690", "2017-12-31": "2.93130", "2017-09-30": "2.41180", "2017-06-30": "2.73320", "2017-03-31": "0.90270", "2016-12-31": "0.97370", "2016-09-30": "2.94290", "2016-06-30": "3.69580", "2016-03-31": "2.69440", "2015-12-31": "2.92500", "2015-09-30": "4.17430", "2015-06-30": "3.61110", "2015-03-31": "2.32450", "2014-12-31": "2.44060", "2014-09-30": "3.17510", "2014-06-30": "2.61320", "2014-03-31": "1.55090", "2013-12-31": "1.33610", "2013-09-30": "4.93010", "2013-06-30": "1.77720", "2013-03-31": "0.65560", "2012-12-31": "0.79930", "2012-09-30": "2.99850", "2012-06-30": "1.25380", "2012-03-31": "0.76180", "2011-12-31": "1.24830", "2011-09-30": "1.47330", "2011-06-30": "0.55030", "2011-03-31": "1.45170", "2010-12-31": "1.28970", "2010-09-30": "2.39060", "2010-06-30": "1.14740", "2010-03-31": "0.10570", "2009-12-31": "0.48240", "2009-09-30": "1.74990", "2009-06-30": "0.58890", "2009-03-31": "-0.40180", "2008-12-31": "-1.55510", "2008-09-30": "-1.70750", "2008-06-30": "1.23830", "2008-03-31": "-0.78080", "2007-12-31": "0.14920", "2007-09-30": "1.83540", "2007-06-30": "1.02920", "2007-03-31": "-0.23720", "2006-12-31": "-0.33110", "2006-09-30": "-0.42030", "2006-06-30": "1.35640", "2006-03-31": "-2.03440", "2005-12-31": "-0.87030", "2005-09-30": "2.57000", "2005-06-30": "0.51620", "2005-03-31": "0.29990"}, "ROI - Return On Investment": {"2020-09-30": "-7.03560", "2020-06-30": "-3.95560", "2020-03-31": "-4.44610", "2019-12-31": "3.23500", "2019-09-30": "5.65310", "2019-06-30": "4.75410", "2019-03-31": "0.07390", "2018-12-31": "0.42850", "2018-09-30": "3.96350", "2018-06-30": "3.45200", "2018-03-31": "0.07270", "2017-12-31": "5.50510", "2017-09-30": "4.42130", "2017-06-30": "5.11080", "2017-03-31": "1.67720", "2016-12-31": "1.73960", "2016-09-30": "5.41800", "2016-06-30": "8.29080", "2016-03-31": "6.16210", "2015-12-31": "6.40940", "2015-09-30": "9.26300", "2015-06-30": "8.21630", "2015-03-31": "5.29120", "2014-12-31": "5.26130", "2014-09-30": "6.73700", "2014-06-30": "5.60270", "2014-03-31": "3.33810", "2013-12-31": "2.80270", "2013-09-30": "11.18420", "2013-06-30": "4.41240", "2013-03-31": "1.60730", "2012-12-31": "1.91970", "2012-09-30": "6.97150", "2012-06-30": "3.03560", "2012-03-31": "1.81830", "2011-12-31": "2.83770", "2011-09-30": "3.17220", "2011-06-30": "1.21960", "2011-03-31": "3.03440", "2010-12-31": "2.67530", "2010-09-30": "4.96830", "2010-06-30": "2.33480", "2010-03-31": "0.20840", "2009-12-31": "0.93730", "2009-09-30": "3.60300", "2009-06-30": "1.23400", "2009-03-31": "-0.84340", "2008-12-31": "-3.33010", "2008-09-30": "-3.40710", "2008-06-30": "2.57020", "2008-03-31": "-1.59600", "2007-12-31": "0.31160", "2007-09-30": "3.75370", "2007-06-30": "2.18200", "2007-03-31": "-0.50060", "2006-12-31": "-0.70420", "2006-09-30": "-0.91080", "2006-06-30": "2.97840", "2006-03-31": "-4.44660", "2005-12-31": "-1.83670", "2005-09-30": "5.40250", "2005-06-30": "1.10080", "2005-03-31": "0.63260"}, "Book Value Per Share": {"2020-09-30": "27.93120", "2020-06-30": "31.22800", "2020-03-31": "32.75280", "2019-12-31": "35.21140", "2019-09-30": "34.49120", "2019-06-30": "32.21230", "2019-03-31": "30.33100", "2018-12-31": "30.44790", "2018-09-30": "30.73090", "2018-06-30": "29.16300", "2018-03-31": "27.88000", "2017-12-31": "28.11610", "2017-09-30": "28.29310", "2017-06-30": "26.42470", "2017-03-31": "24.35970", "2016-12-31": "23.76590", "2016-09-30": "23.23430", "2016-06-30": "21.34380", "2016-03-31": "19.81230", "2015-12-31": "19.26100", "2015-09-30": "18.66600", "2015-06-30": "17.33260", "2015-03-31": "16.60480", "2014-12-31": "16.17720", "2014-09-30": "16.70050", "2014-06-30": "16.08920", "2014-03-31": "15.22770", "2013-12-31": "14.75720", "2013-09-30": "12.93590", "2013-06-30": "11.02000", "2013-03-31": "10.36980", "2012-12-31": "10.09560", "2012-09-30": "10.25580", "2012-06-30": "9.07050", "2012-03-31": "8.55390", "2011-12-31": "8.27340", "2011-09-30": "8.86730", "2011-06-30": "8.36380", "2011-03-31": "8.15400", "2010-12-31": "7.69260", "2010-09-30": "7.46540", "2010-06-30": "6.57990", "2010-03-31": "6.19400", "2009-12-31": "6.12580", "2009-09-30": "5.48780", "2009-06-30": "4.81520", "2009-03-31": "4.51620", "2008-12-31": "4.56170", "2008-09-30": "6.39140", "2008-06-30": "7.01140", "2008-03-31": "6.57350", "2007-12-31": "6.73700", "2007-09-30": "6.37160", "2007-06-30": "5.77920", "2007-03-31": "5.47920", "2006-12-31": "5.49400", "2006-09-30": "6.02780", "2006-06-30": "6.10710", "2006-03-31": "5.60700", "2005-12-31": "6.18460", "2005-09-30": "6.33630", "2005-06-30": "5.51830", "2005-03-31": "5.37560"}, "Operating Cash Flow Per Share": {"2020-09-30": -1.6512, "2020-06-30": 2.3235, "2020-03-31": "0.26590", "2019-12-31": 2.7237, "2019-09-30": 2.8206, "2019-06-30": 4.5337, "2019-03-31": "3.77680", "2018-12-31": 1.6787, "2018-09-30": 2.1072, "2018-06-30": 3.378, "2018-03-31": "2.47510", "2017-12-31": 1.9135, "2017-09-30": 2.2056, "2017-06-30": 4.9374, "2017-03-31": "3.78120", "2016-12-31": 1.4036, "2016-09-30": 2.4882, "2016-06-30": 3.0617, "2016-03-31": "4.18900", "2015-12-31": 2.6576, "2015-09-30": 2.7611, "2015-06-30": 2.9379, "2015-03-31": "3.88720", "2014-12-31": 0.978, "2014-09-30": 1.9733, "2014-06-30": 2.8347, "2014-03-31": "1.74320", "2013-12-31": 1.1004, "2013-09-30": 1.6543, "2013-06-30": 2.6754, "2013-03-31": "1.48430", "2012-12-31": 0.8071, "2012-09-30": 1.2868, "2012-06-30": 1.8917, "2012-03-31": "1.25930", "2011-12-31": 0.5835, "2011-09-30": 1.6472, "2011-06-30": 1.7029, "2011-03-31": "0.80620", "2010-12-31": 0.3209, "2010-09-30": 1.1647, "2010-06-30": 1.8983, "2010-03-31": "0.37440", "2009-12-31": -0.1172, "2009-09-30": 1.2981, "2009-06-30": 0.7722, "2009-03-31": "0.06950", "2008-12-31": 0.2093, "2008-09-30": 0.2595, "2008-06-30": 0.4855, "2008-03-31": "0.23230", "2007-12-31": 0.6915, "2007-09-30": 0.6514, "2007-06-30": 1.241, "2007-03-31": "0.39700", "2006-12-31": 0.5306, "2006-09-30": 0.9525, "2006-06-30": 0.8444, "2006-03-31": "0.63650", "2005-12-31": 0.6692, "2005-09-30": 0.6432, "2005-06-30": 0.7034, "2005-03-31": "-0.02490"}, "Free Cash Flow Per Share": {"2020-09-30": -1.9459, "2020-06-30": 1.9271, "2020-03-31": "-0.69290", "2019-12-31": 1.7014, "2019-09-30": 1.2519, "2019-06-30": 2.7828, "2019-03-31": "2.84870", "2018-12-31": -1.213, "2018-09-30": 1.0449, "2018-06-30": 1.8685, "2018-03-31": "0.57430", "2017-12-31": 1.0296, "2017-09-30": -0.4467, "2017-06-30": 2.5571, "2017-03-31": "2.04350", "2016-12-31": 0.1035, "2016-09-30": 1.0958, "2016-06-30": 1.2932, "2016-03-31": "3.23950", "2015-12-31": 1.8621, "2015-09-30": 1.8345, "2015-06-30": 0.7412, "2015-03-31": "1.79230", "2014-12-31": 0.0398, "2014-09-30": 0.3761, "2014-06-30": 0.9165, "2014-03-31": "1.12370", "2013-12-31": -0.095, "2013-09-30": 0.645, "2013-06-30": 1.6398, "2013-03-31": "0.71410", "2012-12-31": -0.3663, "2012-09-30": 0.6878, "2012-06-30": 0.8002, "2012-03-31": "0.59180", "2011-12-31": -0.0404, "2011-09-30": 1.3343, "2011-06-30": 1.2751, "2011-03-31": "-0.32170", "2010-12-31": 0.1442, "2010-09-30": 0.8912, "2010-06-30": 1.3274, "2010-03-31": "0.20610", "2009-12-31": -0.7608, "2009-09-30": 0.9795, "2009-06-30": 0.2341, "2009-03-31": "-1.47140", "2008-12-31": 0.2373, "2008-09-30": -0.6203, "2008-06-30": -0.4997, "2008-03-31": "-0.70430", "2007-12-31": -0.4023, "2007-09-30": -0.4538, "2007-06-30": 0.2332, "2007-03-31": "-1.16440", "2006-12-31": -0.7123, "2006-09-30": -0.4048, "2006-06-30": 0.2645, "2006-03-31": "-0.65440", "2005-12-31": -0.1089, "2005-09-30": 0.1758, "2005-06-30": -0.3051, "2005-03-31": "-0.85200"}}, "revenue": {"Alaska Air Annual Revenue (Millions of US $)": {"2020": "$3,566", "2019": "$8,781", "2018": "$8,264", "2017": "$7,894", "2016": "$5,925", "2015": "$5,598", "2014": "$5,368", "2013": "$5,156", "2012": "$4,657", "2011": "$4,318", "2010": "$3,832", "2009": "$3,400", "2008": "$3,663", "2007": "$3,506", "2006": "$3,334", "2005": "$2,975"}, "Alaska Air Quarterly Revenue (Millions of US $)": {"2020-12-31": "$808", "2020-09-30": "$701", "2020-06-30": "$421", "2020-03-31": "$1,636", "2019-12-31": "$2,228", "2019-09-30": "$2,389", "2019-06-30": "$2,288", "2019-03-31": "$1,876", "2018-12-31": "$2,064", "2018-09-30": "$2,212", "2018-06-30": "$2,156", "2018-03-31": "$1,832", "2017-12-31": "$1,942", "2017-09-30": "$2,110", "2017-06-30": "$2,102", "2017-03-31": "$1,740", "2016-12-31": "$1,518", "2016-09-30": "$1,566", "2016-06-30": "$1,494", "2016-03-31": "$1,347", "2015-12-31": "$1,377", "2015-09-30": "$1,515", "2015-06-30": "$1,437", "2015-03-31": "$1,269", "2014-12-31": "$1,306", "2014-09-30": "$1,465", "2014-06-30": "$1,375", "2014-03-31": "$1,222", "2013-12-31": "$1,210", "2013-09-30": "$1,557", "2013-06-30": "$1,256", "2013-03-31": "$1,133", "2012-12-31": "$1,132", "2012-09-30": "$1,272", "2012-06-30": "$1,214", "2012-03-31": "$1,039", "2011-12-31": "$1,045", "2011-09-30": "$1,198", "2011-06-30": "$1,110", "2011-03-31": "$965", "2010-12-31": "$958", "2010-09-30": "$1,068", "2010-06-30": "$976", "2010-03-31": "$830", "2009-12-31": "$846", "2009-09-30": "$967", "2009-06-30": "$844", "2009-03-31": "$742", "2008-12-31": "$827", "2008-09-30": "$1,065", "2008-06-30": "$931", "2008-03-31": "$840", "2007-12-31": "$853", "2007-09-30": "$989", "2007-06-30": "$904", "2007-03-31": "$759", "2006-12-31": "$790", "2006-09-30": "$936", "2006-06-30": "$873", "2006-03-31": "$735", "2005-12-31": "$731", "2005-09-30": "$846", "2005-06-30": "$757", "2005-03-31": "$643"}}, "gross-profit": {"Alaska Air Annual Gross Profit (Millions of US $)": {"2020": "$3,566", "2019": "$8,781", "2018": "$8,264", "2017": "$7,894", "2016": "$5,925", "2015": "$5,598", "2014": "$5,368", "2013": "$5,156", "2012": "$4,657", "2011": "$4,318", "2010": "$3,832", "2009": "$3,400", "2008": "$3,663", "2007": "$3,506", "2006": "$3,334", "2005": "$2,975"}, "Alaska Air Quarterly Gross Profit (Millions of US $)": {"2020-12-31": "$808", "2020-09-30": "$701", "2020-06-30": "$421", "2020-03-31": "$1,636", "2019-12-31": "$2,228", "2019-09-30": "$2,389", "2019-06-30": "$2,288", "2019-03-31": "$1,876", "2018-12-31": "$2,064", "2018-09-30": "$2,212", "2018-06-30": "$2,156", "2018-03-31": "$1,832", "2017-12-31": "$1,942", "2017-09-30": "$2,110", "2017-06-30": "$2,102", "2017-03-31": "$1,740", "2016-12-31": "$1,518", "2016-09-30": "$1,566", "2016-06-30": "$1,494", "2016-03-31": "$1,347", "2015-12-31": "$1,377", "2015-09-30": "$1,515", "2015-06-30": "$1,437", "2015-03-31": "$1,269", "2014-12-31": "$1,306", "2014-09-30": "$1,465", "2014-06-30": "$1,375", "2014-03-31": "$1,222", "2013-12-31": "$1,210", "2013-09-30": "$1,557", "2013-06-30": "$1,256", "2013-03-31": "$1,133", "2012-12-31": "$1,132", "2012-09-30": "$1,272", "2012-06-30": "$1,214", "2012-03-31": "$1,039", "2011-12-31": "$1,045", "2011-09-30": "$1,198", "2011-06-30": "$1,110", "2011-03-31": "$965", "2010-12-31": "$958", "2010-09-30": "$1,068", "2010-06-30": "$976", "2010-03-31": "$830", "2009-12-31": "$846", "2009-09-30": "$967", "2009-06-30": "$844", "2009-03-31": "$742", "2008-12-31": "$827", "2008-09-30": "$1,065", "2008-06-30": "$931", "2008-03-31": "$840", "2007-12-31": "$853", "2007-09-30": "$989", "2007-06-30": "$904", "2007-03-31": "$759", "2006-12-31": "$790", "2006-09-30": "$936", "2006-06-30": "$873", "2006-03-31": "$735", "2005-12-31": "$731", "2005-09-30": "$846", "2005-06-30": "$757", "2005-03-31": "$643"}}, "operating-income": {"Alaska Air Annual Operating Income (Millions of US $)": {"2020": "$-1,753", "2019": "$1,063", "2018": "$643", "2017": "$1,208", "2016": "$1,306", "2015": "$1,298", "2014": "$962", "2013": "$838", "2012": "$532", "2011": "$449", "2010": "$471", "2009": "$267", "2008": "$-172", "2007": "$211", "2006": "$-90", "2005": "$167"}, "Alaska Air Quarterly Operating Income (Millions of US $)": {"2020-12-31": "$-573", "2020-09-30": "$-571", "2020-06-30": "$-288", "2020-03-31": "$-321", "2019-12-31": "$252", "2019-09-30": "$422", "2019-06-30": "$364", "2019-03-31": "$25", "2018-12-31": "$46", "2018-09-30": "$297", "2018-06-30": "$271", "2018-03-31": "$29", "2017-12-31": "$137", "2017-09-30": "$427", "2017-06-30": "$487", "2017-03-31": "$157", "2016-12-31": "$198", "2016-09-30": "$400", "2016-06-30": "$418", "2016-03-31": "$290", "2015-12-31": "$255", "2015-09-30": "$433", "2015-06-30": "$372", "2015-03-31": "$238", "2014-12-31": "$242", "2014-09-30": "$316", "2014-06-30": "$263", "2014-03-31": "$141", "2013-12-31": "$130", "2013-09-30": "$470", "2013-06-30": "$174", "2013-03-31": "$64", "2012-12-31": "$75", "2012-09-30": "$269", "2012-06-30": "$116", "2012-03-31": "$72", "2011-12-31": "$114", "2011-09-30": "$143", "2011-06-30": "$58", "2011-03-31": "$134", "2010-12-31": "$119", "2010-09-30": "$217", "2010-06-30": "$110", "2010-03-31": "$26", "2009-12-31": "$53", "2009-09-30": "$160", "2009-06-30": "$67", "2009-03-31": "$-12", "2008-12-31": "$-107", "2008-09-30": "$-120", "2008-06-30": "$107", "2008-03-31": "$-52", "2007-12-31": "$14", "2007-09-30": "$137", "2007-06-30": "$78", "2007-03-31": "$-18", "2006-12-31": "$-21", "2006-09-30": "$-24", "2006-06-30": "$80", "2006-03-31": "$-125", "2005-12-31": "$-51", "2005-09-30": "$153", "2005-06-30": "$37", "2005-03-31": "$27"}}, "ebitda": {"Alaska Air Annual EBITDA (Millions of US $)": {"2019": "$1,486", "2018": "$1,041", "2017": "$1,580", "2016": "$1,669", "2015": "$1,618", "2014": "$1,256", "2013": "$1,108", "2012": "$796", "2011": "$696", "2010": "$701", "2009": "$487", "2008": "$32", "2007": "$388", "2006": "$67", "2005": "$310"}, "Alaska Air Quarterly EBITDA (Millions of US $)": {"2020-09-30": "$-466", "2020-06-30": "$-181", "2020-03-31": "$-213", "2019-12-31": "$358", "2019-09-30": "$528", "2019-06-30": "$469", "2019-03-31": "$131", "2018-12-31": "$154", "2018-09-30": "$396", "2018-06-30": "$368", "2018-03-31": "$123", "2017-12-31": "$234", "2017-09-30": "$522", "2017-06-30": "$577", "2017-03-31": "$247", "2016-12-31": "$280", "2016-09-30": "$501", "2016-06-30": "$510", "2016-03-31": "$378", "2015-12-31": "$339", "2015-09-30": "$514", "2015-06-30": "$451", "2015-03-31": "$314", "2014-12-31": "$318", "2014-09-30": "$391", "2014-06-30": "$336", "2014-03-31": "$211", "2013-12-31": "$197", "2013-09-30": "$537", "2013-06-30": "$241", "2013-03-31": "$133", "2012-12-31": "$144", "2012-09-30": "$335", "2012-06-30": "$181", "2012-03-31": "$136", "2011-12-31": "$138", "2011-09-30": "$244", "2011-06-30": "$120", "2011-03-31": "$194", "2010-12-31": "$164", "2010-09-30": "$288", "2010-06-30": "$168", "2010-03-31": "$82", "2009-12-31": "$110", "2009-09-30": "$215", "2009-06-30": "$116", "2009-03-31": "$46", "2008-12-31": "$-55", "2008-09-30": "$-68", "2008-06-30": "$152", "2008-03-31": "$3", "2007-12-31": "$59", "2007-09-30": "$184", "2007-06-30": "$122", "2007-03-31": "$24", "2006-12-31": "$22", "2006-09-30": "$17", "2006-06-30": "$117", "2006-03-31": "$-88", "2005-12-31": "$-13", "2005-09-30": "$189", "2005-06-30": "$72", "2005-03-31": "$62"}}, "net-income": {"Alaska Air Annual Net Income (Millions of US $)": {"2020": "$-1,307", "2019": "$769", "2018": "$437", "2017": "$960", "2016": "$797", "2015": "$848", "2014": "$605", "2013": "$508", "2012": "$316", "2011": "$245", "2010": "$251", "2009": "$122", "2008": "$-136", "2007": "$124", "2006": "$-55", "2005": "$-6"}, "Alaska Air Quarterly Net Income (Millions of US $)": {"2020-12-31": "$-430", "2020-09-30": "$-431", "2020-06-30": "$-214", "2020-03-31": "$-232", "2019-12-31": "$181", "2019-09-30": "$322", "2019-06-30": "$262", "2019-03-31": "$4", "2018-12-31": "$23", "2018-09-30": "$217", "2018-06-30": "$193", "2018-03-31": "$4", "2017-12-31": "$315", "2017-09-30": "$259", "2017-06-30": "$293", "2017-03-31": "$93", "2016-12-31": "$97", "2016-09-30": "$256", "2016-06-30": "$260", "2016-03-31": "$184", "2015-12-31": "$191", "2015-09-30": "$274", "2015-06-30": "$234", "2015-03-31": "$149", "2014-12-31": "$148", "2014-09-30": "$198", "2014-06-30": "$165", "2014-03-31": "$94", "2013-12-31": "$78", "2013-09-30": "$289", "2013-06-30": "$104", "2013-03-31": "$37", "2012-12-31": "$44", "2012-09-30": "$163", "2012-06-30": "$68", "2012-03-31": "$41", "2011-12-31": "$65", "2011-09-30": "$78", "2011-06-30": "$29", "2011-03-31": "$74", "2010-12-31": "$65", "2010-09-30": "$122", "2010-06-30": "$59", "2010-03-31": "$5", "2009-12-31": "$24", "2009-09-30": "$88", "2009-06-30": "$29", "2009-03-31": "$-19", "2008-12-31": "$-75", "2008-09-30": "$-87", "2008-06-30": "$63", "2008-03-31": "$-37", "2007-12-31": "$7", "2007-09-30": "$82", "2007-06-30": "$46", "2007-03-31": "$-10", "2006-12-31": "$-14", "2006-09-30": "$-17", "2006-06-30": "$56", "2006-03-31": "$-79", "2005-12-31": "$-33", "2005-09-30": "$90", "2005-06-30": "$17", "2005-03-31": "$-81"}}, "eps-earnings-per-share-diluted": {"Alaska Air Annual EPS": {"2020": "$-10.59", "2019": "$6.19", "2018": "$3.52", "2017": "$7.75", "2016": "$6.41", "2015": "$6.56", "2014": "$4.42", "2013": "$3.58", "2012": "$2.20", "2011": "$1.67", "2010": "$1.71", "2009": "$0.84", "2008": "$-0.94", "2007": "$0.77", "2006": "$-0.36", "2005": "$-0.05"}, "Alaska Air Quarterly EPS": {"2020-12-31": "$-3.47", "2020-09-30": "$-3.49", "2020-06-30": "$-1.73", "2020-03-31": "$-1.87", "2019-12-31": "$1.45", "2019-09-30": "$2.60", "2019-06-30": "$2.11", "2019-03-31": "$0.03", "2018-12-31": "$0.18", "2018-09-30": "$1.75", "2018-06-30": "$1.56", "2018-03-31": "$0.03", "2017-12-31": "$2.55", "2017-09-30": "$2.09", "2017-06-30": "$2.36", "2017-03-31": "$0.75", "2016-12-31": "$0.78", "2016-09-30": "$2.07", "2016-06-30": "$2.10", "2016-03-31": "$1.46", "2015-12-31": "$1.51", "2015-09-30": "$2.14", "2015-06-30": "$1.79", "2015-03-31": "$1.12", "2014-12-31": "$1.10", "2014-09-30": "$1.45", "2014-06-30": "$1.19", "2014-03-31": "$0.68", "2013-12-31": "$0.55", "2013-09-30": "$2.04", "2013-06-30": "$0.74", "2013-03-31": "$0.26", "2012-12-31": "$0.32", "2012-09-30": "$1.14", "2012-06-30": "$0.47", "2012-03-31": "$0.28", "2011-12-31": "$0.44", "2011-09-30": "$0.53", "2011-06-30": "$0.20", "2011-03-31": "$0.51", "2010-12-31": "$0.44", "2010-09-30": "$0.83", "2010-06-30": "$0.40", "2010-03-31": "$0.04", "2009-12-31": "$0.16", "2009-09-30": "$0.62", "2009-06-30": "$0.20", "2009-03-31": "$-0.13", "2008-12-31": "$-0.52", "2008-09-30": "$-0.60", "2008-06-30": "$0.44", "2008-03-31": "$-0.25", "2007-12-31": "$0.05", "2007-09-30": "$0.50", "2007-06-30": "$0.28", "2007-03-31": "$-0.07", "2006-12-31": "$-0.01", "2006-09-30": "$-0.11", "2006-06-30": "$0.35", "2006-03-31": "$-0.59", "2005-12-31": "$-0.13", "2005-09-30": "$0.68", "2005-06-30": "$0.14", "2005-03-31": "$-0.74"}}, "shares-outstanding": {"Alaska Air Annual Shares Outstanding (Millions of Shares)": {"2020": "123", "2019": "124", "2018": "124", "2017": "124", "2016": "124", "2015": "129", "2014": "137", "2013": "142", "2012": "144", "2011": "147", "2010": "147", "2009": "145", "2008": "145", "2007": "162", "2006": "152", "2005": "136"}, "Alaska Air Quarterly Shares Outstanding (Millions of Shares)": {"2020-12-31": "124", "2020-09-30": "124", "2020-06-30": "124", "2020-03-31": "124", "2019-12-31": "124", "2019-09-30": "124", "2019-06-30": "124", "2019-03-31": "124", "2018-12-31": "124", "2018-09-30": "124", "2018-06-30": "124", "2018-03-31": "124", "2017-12-31": "124", "2017-09-30": "124", "2017-06-30": "124", "2017-03-31": "124", "2016-12-31": "124", "2016-09-30": "124", "2016-06-30": "124", "2016-03-31": "125", "2015-12-31": "129", "2015-09-30": "128", "2015-06-30": "130", "2015-03-31": "132", "2014-12-31": "137", "2014-09-30": "136", "2014-06-30": "139", "2014-03-31": "139", "2013-12-31": "142", "2013-09-30": "141", "2013-06-30": "142", "2013-03-31": "143", "2012-12-31": "144", "2012-09-30": "144", "2012-06-30": "144", "2012-03-31": "145", "2011-12-31": "147", "2011-09-30": "146", "2011-06-30": "147", "2011-03-31": "147", "2010-12-31": "147", "2010-09-30": "147", "2010-06-30": "147", "2010-03-31": "146", "2009-12-31": "145", "2009-09-30": "143", "2009-06-30": "146", "2009-03-31": "145", "2008-12-31": "145", "2008-09-30": "144", "2008-06-30": "145", "2008-03-31": "148", "2007-12-31": "162", "2007-09-30": "163", "2007-06-30": "163", "2007-03-31": "161", "2006-12-31": "152", "2006-09-30": "160", "2006-06-30": "160", "2006-03-31": "134", "2005-12-31": "136", "2005-09-30": "135", "2005-06-30": "133", "2005-03-31": "133"}}, "total-assets": {"Alaska Air Annual Total Assets (Millions of US $)": {"2019": "$12,993", "2018": "$10,912", "2017": "$10,746", "2016": "$9,962", "2015": "$6,530", "2014": "$6,064", "2013": "$5,838", "2012": "$5,505", "2011": "$5,167", "2010": "$5,017", "2009": "$4,996", "2008": "$4,836", "2007": "$4,491", "2006": "$4,077", "2005": "$3,792"}, "Alaska Air Quarterly Total Assets (Millions of US $)": {"2020-09-30": "$14,749", "2020-06-30": "$13,998", "2020-03-31": "$13,363", "2019-12-31": "$12,993", "2019-09-30": "$12,983", "2019-06-30": "$12,951", "2019-03-31": "$12,640", "2018-12-31": "$10,912", "2018-09-30": "$10,893", "2018-06-30": "$11,055", "2018-03-31": "$10,848", "2017-12-31": "$10,746", "2017-09-30": "$10,739", "2017-06-30": "$10,720", "2017-03-31": "$10,302", "2016-12-31": "$9,962", "2016-09-30": "$8,699", "2016-06-30": "$7,035", "2016-03-31": "$6,829", "2015-12-31": "$6,530", "2015-09-30": "$6,564", "2015-06-30": "$6,480", "2015-03-31": "$6,410", "2014-12-31": "$6,064", "2014-09-30": "$6,236", "2014-06-30": "$6,314", "2014-03-31": "$6,061", "2013-12-31": "$5,838", "2013-09-30": "$5,862", "2013-06-30": "$5,852", "2013-03-31": "$5,644", "2012-12-31": "$5,505", "2012-09-30": "$5,436", "2012-06-30": "$5,424", "2012-03-31": "$5,382", "2011-12-31": "$5,167", "2011-09-30": "$5,260", "2011-06-30": "$5,234", "2011-03-31": "$5,111", "2010-12-31": "$5,017", "2010-09-30": "$5,120", "2010-06-30": "$5,107", "2010-03-31": "$5,016", "2009-12-31": "$4,996", "2009-09-30": "$5,006", "2009-06-30": "$4,941", "2009-03-31": "$4,779", "2008-12-31": "$4,836", "2008-09-30": "$5,066", "2008-06-30": "$5,096", "2008-03-31": "$4,777", "2007-12-31": "$4,491", "2007-09-30": "$4,457", "2007-06-30": "$4,479", "2007-03-31": "$4,343", "2006-12-31": "$4,077", "2006-09-30": "$4,140", "2006-06-30": "$4,092", "2006-03-31": "$3,888", "2005-12-31": "$3,792", "2005-09-30": "$3,510", "2005-06-30": "$3,371", "2005-03-31": "$3,301"}}, "cash-on-hand": {"Alaska Air Annual Cash on Hand (Millions of US $)": {"2019": "$1,521", "2018": "$1,236", "2017": "$1,621", "2016": "$1,580", "2015": "$1,328", "2014": "$1,217", "2013": "$1,330", "2012": "$1,252", "2011": "$1,141", "2010": "$1,208", "2009": "$1,192", "2008": "$1,077", "2007": "$823", "2006": "$1,014", "2005": "$983"}, "Alaska Air Quarterly Cash on Hand (Millions of US $)": {"2020-09-30": "$3,759", "2020-06-30": "$2,803", "2020-03-31": "$2,125", "2019-12-31": "$1,521", "2019-09-30": "$1,619", "2019-06-30": "$1,627", "2019-03-31": "$1,436", "2018-12-31": "$1,236", "2018-09-30": "$1,397", "2018-06-30": "$1,568", "2018-03-31": "$1,528", "2017-12-31": "$1,621", "2017-09-30": "$1,740", "2017-06-30": "$1,922", "2017-03-31": "$1,710", "2016-12-31": "$1,580", "2016-09-30": "$3,226", "2016-06-30": "$1,607", "2016-03-31": "$1,564", "2015-12-31": "$1,328", "2015-09-30": "$1,258", "2015-06-30": "$1,192", "2015-03-31": "$1,312", "2014-12-31": "$1,217", "2014-09-30": "$1,343", "2014-06-30": "$1,510", "2014-03-31": "$1,420", "2013-12-31": "$1,330", "2013-09-30": "$1,445", "2013-06-30": "$1,429", "2013-03-31": "$1,265", "2012-12-31": "$1,252", "2012-09-30": "$1,186", "2012-06-30": "$1,185", "2012-03-31": "$1,141", "2011-12-31": "$1,141", "2011-09-30": "$1,266", "2011-06-30": "$1,154", "2011-03-31": "$1,043", "2010-12-31": "$1,208", "2010-09-30": "$1,318", "2010-06-30": "$1,273", "2010-03-31": "$1,171", "2009-12-31": "$1,192", "2009-09-30": "$1,230", "2009-06-30": "$1,122", "2009-03-31": "$1,043", "2008-12-31": "$1,077", "2008-09-30": "$1,067", "2008-06-30": "$1,006", "2008-03-31": "$922", "2007-12-31": "$823", "2007-09-30": "$888", "2007-06-30": "$988", "2007-03-31": "$970", "2006-12-31": "$1,014", "2006-09-30": "$1,108", "2006-06-30": "$1,103", "2006-03-31": "$1,012", "2005-12-31": "$983", "2005-09-30": "$822", "2005-06-30": "$726", "2005-03-31": "$764"}}, "long-term-debt": {"Alaska Air Annual Long Term Debt (Millions of US $)": {"2019": "$2,703", "2018": "$1,617", "2017": "$2,262", "2016": "$2,645", "2015": "$569", "2014": "$686", "2013": "$754", "2012": "$871", "2011": "$1,099", "2010": "$1,313", "2009": "$1,699", "2008": "$1,596", "2007": "$1,125", "2006": "$1,032", "2005": "$969"}, "Alaska Air Quarterly Long Term Debt (Millions of US $)": {"2020-09-30": "$2,672", "2020-06-30": "$1,549", "2020-03-31": "$1,203", "2019-12-31": "$1,264", "2019-09-30": "$1,444", "2019-06-30": "$1,538", "2019-03-31": "$1,664", "2018-12-31": "$1,617", "2018-09-30": "$1,684", "2018-06-30": "$1,998", "2018-03-31": "$2,062", "2017-12-31": "$2,262", "2017-09-30": "$2,367", "2017-06-30": "$2,469", "2017-03-31": "$2,531", "2016-12-31": "$2,645", "2016-09-30": "$1,861", "2016-06-30": "$509", "2016-03-31": "$531", "2015-12-31": "$569", "2015-09-30": "$593", "2015-06-30": "$629", "2015-03-31": "$650", "2014-12-31": "$686", "2014-09-30": "$710", "2014-06-30": "$745", "2014-03-31": "$721", "2013-12-31": "$754", "2013-09-30": "$782", "2013-06-30": "$814", "2013-03-31": "$840", "2012-12-31": "$871", "2012-09-30": "$899", "2012-06-30": "$957", "2012-03-31": "$1,037", "2011-12-31": "$1,099", "2011-09-30": "$1,179", "2011-06-30": "$1,155", "2011-03-31": "$1,275", "2010-12-31": "$1,313", "2010-09-30": "$1,390", "2010-06-30": "$1,570", "2010-03-31": "$1,657", "2009-12-31": "$1,699", "2009-09-30": "$1,658", "2009-06-30": "$1,670", "2009-03-31": "$1,619", "2008-12-31": "$1,596", "2008-09-30": "$1,613", "2008-06-30": "$1,445", "2008-03-31": "$1,380", "2007-12-31": "$1,125", "2007-09-30": "$1,152", "2007-06-30": "$1,177", "2007-03-31": "$1,171", "2006-12-31": "$1,032", "2006-09-30": "$946", "2006-06-30": "$889", "2006-03-31": "$1,027", "2005-12-31": "$969", "2005-09-30": "$970", "2005-06-30": "$980", "2005-03-31": "$980"}}, "total-liabilities": {"Alaska Air Annual Total Liabilities (Millions of US $)": {"2019": "$8,662", "2018": "$7,161", "2017": "$7,286", "2016": "$7,031", "2015": "$4,119", "2014": "$3,937", "2013": "$3,809", "2012": "$4,084", "2011": "$3,993", "2010": "$3,911", "2009": "$4,124", "2008": "$4,174", "2007": "$3,466", "2006": "$3,192", "2005": "$2,964"}, "Alaska Air Quarterly Total Liabilities (Millions of US $)": {"2020-09-30": "$11,295", "2020-06-30": "$10,137", "2020-03-31": "$9,348", "2019-12-31": "$8,662", "2019-09-30": "$8,731", "2019-06-30": "$8,978", "2019-03-31": "$8,894", "2018-12-31": "$7,161", "2018-09-30": "$7,102", "2018-06-30": "$7,462", "2018-03-31": "$7,409", "2017-12-31": "$7,286", "2017-09-30": "$7,248", "2017-06-30": "$7,456", "2017-03-31": "$7,288", "2016-12-31": "$7,031", "2016-09-30": "$5,835", "2016-06-30": "$4,408", "2016-03-31": "$4,374", "2015-12-31": "$4,119", "2015-09-30": "$4,199", "2015-06-30": "$4,261", "2015-03-31": "$4,244", "2014-12-31": "$3,937", "2014-09-30": "$4,007", "2014-06-30": "$4,114", "2014-03-31": "$3,966", "2013-12-31": "$3,809", "2013-09-30": "$4,060", "2013-06-30": "$4,309", "2013-03-31": "$4,182", "2012-12-31": "$4,084", "2012-09-30": "$3,997", "2012-06-30": "$4,141", "2012-03-31": "$4,164", "2011-12-31": "$3,993", "2011-09-30": "$3,996", "2011-06-30": "$4,027", "2011-03-31": "$3,941", "2010-12-31": "$3,911", "2010-09-30": "$4,047", "2010-06-30": "$4,167", "2010-03-31": "$4,130", "2009-12-31": "$4,124", "2009-09-30": "$4,232", "2009-06-30": "$4,253", "2009-03-31": "$4,122", "2008-12-31": "$4,174", "2008-09-30": "$4,140", "2008-06-30": "$4,085", "2008-03-31": "$3,820", "2007-12-31": "$3,466", "2007-09-30": "$3,430", "2007-06-30": "$3,544", "2007-03-31": "$3,457", "2006-12-31": "$3,192", "2006-09-30": "$3,175", "2006-06-30": "$3,118", "2006-03-31": "$3,137", "2005-12-31": "$2,964", "2005-09-30": "$2,810", "2005-06-30": "$2,769", "2005-03-31": "$2,716"}}, "total-share-holder-equity": {"Alaska Air Annual Share Holder Equity (Millions of US $)": {"2019": "$4,331", "2018": "$3,751", "2017": "$3,460", "2016": "$2,931", "2015": "$2,411", "2014": "$2,127", "2013": "$2,029", "2012": "$1,421", "2011": "$1,174", "2010": "$1,105", "2009": "$872", "2008": "$662", "2007": "$1,025", "2006": "$886", "2005": "$828"}, "Alaska Air Quarterly Share Holder Equity (Millions of US $)": {"2020-09-30": "$3,454", "2020-06-30": "$3,861", "2020-03-31": "$4,015", "2019-12-31": "$4,331", "2019-09-30": "$4,252", "2019-06-30": "$3,973", "2019-03-31": "$3,746", "2018-12-31": "$3,751", "2018-09-30": "$3,791", "2018-06-30": "$3,593", "2018-03-31": "$3,439", "2017-12-31": "$3,460", "2017-09-30": "$3,491", "2017-06-30": "$3,264", "2017-03-31": "$3,014", "2016-12-31": "$2,931", "2016-09-30": "$2,864", "2016-06-30": "$2,627", "2016-03-31": "$2,455", "2015-12-31": "$2,411", "2015-09-30": "$2,365", "2015-06-30": "$2,219", "2015-03-31": "$2,166", "2014-12-31": "$2,127", "2014-09-30": "$2,229", "2014-06-30": "$2,200", "2014-03-31": "$2,095", "2013-12-31": "$2,029", "2013-09-30": "$1,802", "2013-06-30": "$1,543", "2013-03-31": "$1,462", "2012-12-31": "$1,421", "2012-09-30": "$1,439", "2012-06-30": "$1,283", "2012-03-31": "$1,218", "2011-12-31": "$1,174", "2011-09-30": "$1,264", "2011-06-30": "$1,207", "2011-03-31": "$1,170", "2010-12-31": "$1,105", "2010-09-30": "$1,074", "2010-06-30": "$940", "2010-03-31": "$885", "2009-12-31": "$872", "2009-09-30": "$774", "2009-06-30": "$688", "2009-03-31": "$657", "2008-12-31": "$662", "2008-09-30": "$926", "2008-06-30": "$1,010", "2008-03-31": "$957", "2007-12-31": "$1,025", "2007-09-30": "$1,027", "2007-06-30": "$936", "2007-03-31": "$886", "2006-12-31": "$886", "2006-09-30": "$965", "2006-06-30": "$974", "2006-03-31": "$752", "2005-12-31": "$828", "2005-09-30": "$700", "2005-06-30": "$601", "2005-03-31": "$585"}}, "profit-margins": {"current": "-36.65%"}, "gross margin": {"2020-12-31": "100.00%", "2020-09-30": "100.00%", "2020-06-30": "100.00%", "2020-03-31": "100.00%", "2019-12-31": "100.00%", "2019-09-30": "100.00%", "2019-06-30": "100.00%", "2019-03-31": "100.00%", "2018-12-31": "100.00%", "2018-09-30": "100.00%", "2018-06-30": "100.00%", "2018-03-31": "100.00%", "2017-12-31": "100.00%", "2017-09-30": "100.00%", "2017-06-30": "100.00%", "2017-03-31": "100.00%", "2016-12-31": "100.00%", "2016-09-30": "100.00%", "2016-06-30": "100.00%", "2016-03-31": "100.00%", "2015-12-31": "100.00%", "2015-09-30": "100.00%", "2015-06-30": "100.00%", "2015-03-31": "100.00%", "2014-12-31": "100.00%", "2014-09-30": "100.00%", "2014-06-30": "100.00%", "2014-03-31": "100.00%", "2013-12-31": "100.00%", "2013-09-30": "100.00%", "2013-06-30": "100.00%", "2013-03-31": "100.00%", "2012-12-31": "100.00%", "2012-09-30": "100.00%", "2012-06-30": "100.00%", "2012-03-31": "100.00%", "2011-12-31": "100.00%", "2011-09-30": "100.00%", "2011-06-30": "100.00%", "2011-03-31": "100.00%", "2010-12-31": "100.00%", "2010-09-30": "100.00%", "2010-06-30": "100.00%", "2010-03-31": "100.00%", "2009-12-31": "100.00%", "2009-09-30": "100.00%", "2009-06-30": "100.00%", "2009-03-31": "100.00%", "2008-12-31": "100.00%", "2008-09-30": "100.00%", "2008-06-30": "100.00%", "2008-03-31": "100.00%", "2007-12-31": "100.00%", "2007-09-30": "100.00%", "2007-06-30": "100.00%", "2007-03-31": "100.00%", "2006-12-31": "100.00%", "2006-09-30": "100.00%", "2006-06-30": "100.00%", "2006-03-31": "100.00%", "2005-12-31": "100.00%"}, "operating margin": {"2020-12-31": "-49.16%", "2020-09-30": "-18.61%", "2020-06-30": "0.97%", "2020-03-31": "8.39%", "2019-12-31": "12.11%", "2019-09-30": "9.95%", "2019-06-30": "8.67%", "2019-03-31": "7.69%", "2018-12-31": "7.78%", "2018-09-30": "9.01%", "2018-06-30": "10.75%", "2018-03-31": "13.52%", "2017-12-31": "15.30%", "2017-09-30": "16.99%", "2017-06-30": "17.93%", "2017-03-31": "18.57%", "2016-12-31": "22.04%", "2016-09-30": "23.57%", "2016-06-30": "24.35%", "2016-03-31": "23.78%", "2015-12-31": "23.19%", "2015-09-30": "23.25%", "2015-06-30": "21.33%", "2015-03-31": "19.56%", "2014-12-31": "17.92%", "2014-09-30": "16.12%", "2014-06-30": "18.72%", "2014-03-31": "17.45%", "2013-12-31": "16.25%", "2013-09-30": "15.42%", "2013-06-30": "12.14%", "2013-03-31": "11.03%", "2012-12-31": "11.42%", "2012-09-30": "12.49%", "2012-06-30": "9.90%", "2012-03-31": "8.81%", "2011-12-31": "10.40%", "2011-09-30": "10.73%", "2011-06-30": "12.87%", "2011-03-31": "14.62%", "2010-12-31": "12.32%", "2010-09-30": "10.91%", "2010-06-30": "9.64%", "2010-03-31": "8.78%", "2009-12-31": "7.88%", "2009-09-30": "3.20%", "2009-06-30": "-4.95%", "2009-03-31": "-3.73%", "2008-12-31": "-4.72%", "2008-09-30": "-1.41%", "2008-06-30": "5.67%", "2008-03-31": "4.94%", "2007-12-31": "6.02%", "2007-09-30": "5.11%", "2007-06-30": "0.44%", "2007-03-31": "0.51%", "2006-12-31": "-2.70%", "2006-09-30": "-3.66%", "2006-06-30": "1.79%", "2006-03-31": "0.46%", "2005-12-31": "5.58%"}, "ebitda margin": {"2020-09-30": "-10.07%", "2020-06-30": "7.37%", "2020-03-31": "13.37%", "2019-12-31": "16.92%", "2019-09-30": "14.88%", "2019-06-30": "13.63%", "2019-03-31": "12.63%", "2018-12-31": "12.60%", "2018-09-30": "13.77%", "2018-06-30": "15.51%", "2018-03-31": "18.23%", "2017-12-31": "20.02%", "2017-09-30": "21.77%", "2017-06-30": "23.17%", "2017-03-31": "24.34%", "2016-12-31": "28.17%", "2016-09-30": "29.88%", "2016-06-30": "30.37%", "2016-03-31": "29.63%", "2015-12-31": "28.90%", "2015-09-30": "28.89%", "2015-06-30": "26.91%", "2015-03-31": "25.10%", "2014-12-31": "23.40%", "2014-09-30": "21.53%", "2014-06-30": "23.88%", "2014-03-31": "22.61%", "2013-12-31": "21.49%", "2013-09-30": "20.78%", "2013-06-30": "17.80%", "2013-03-31": "16.69%", "2012-12-31": "17.09%", "2012-09-30": "17.29%", "2012-06-30": "15.55%", "2012-03-31": "14.50%", "2011-12-31": "16.10%", "2011-09-30": "17.04%", "2011-06-30": "18.65%", "2011-03-31": "20.52%", "2010-12-31": "18.32%", "2010-09-30": "17.42%", "2010-06-30": "15.89%", "2010-03-31": "15.00%", "2009-12-31": "14.33%", "2009-09-30": "9.53%", "2009-06-30": "1.12%", "2009-03-31": "2.10%", "2008-12-31": "0.87%", "2008-09-30": "3.96%", "2008-06-30": "11.02%", "2008-03-31": "10.26%", "2007-12-31": "11.10%", "2007-09-30": "10.23%", "2007-06-30": "5.46%", "2007-03-31": "5.36%", "2006-12-31": "2.04%", "2006-09-30": "1.01%", "2006-06-30": "6.44%", "2006-03-31": "5.21%", "2005-12-31": "10.38%"}, "pre tax profit margin": {"2020-12-31": "-50.98%", "2020-09-30": "-19.13%", "2020-06-30": "0.76%", "2020-03-31": "8.11%", "2019-12-31": "11.57%", "2019-09-30": "9.39%", "2019-06-30": "8.02%", "2019-03-31": "7.04%", "2018-12-31": "7.08%", "2018-09-30": "8.29%", "2018-06-30": "10.05%", "2018-03-31": "12.81%", "2017-12-31": "14.68%", "2017-09-30": "16.53%", "2017-06-30": "17.61%", "2017-03-31": "18.46%", "2016-12-31": "22.21%", "2016-09-30": "23.74%", "2016-06-30": "24.56%", "2016-03-31": "24.03%", "2015-12-31": "23.44%", "2015-09-30": "23.43%", "2015-06-30": "21.44%", "2015-03-31": "19.63%", "2014-12-31": "18.16%", "2014-09-30": "16.27%", "2014-06-30": "18.74%", "2014-03-31": "17.33%", "2013-12-31": "15.83%", "2013-09-30": "15.06%", "2013-06-30": "11.83%", "2013-03-31": "10.67%", "2012-12-31": "11.04%", "2012-09-30": "11.84%", "2012-06-30": "8.92%", "2012-03-31": "7.72%", "2011-12-31": "9.12%", "2011-09-30": "9.38%", "2011-06-30": "11.46%", "2011-03-31": "13.03%", "2010-12-31": "10.59%", "2010-09-30": "9.25%", "2010-06-30": "7.99%", "2010-03-31": "6.97%", "2009-12-31": "5.97%", "2009-09-30": "1.21%", "2009-06-30": "-6.76%", "2009-03-31": "-5.19%", "2008-12-31": "-5.81%", "2008-09-30": "-2.28%", "2008-06-30": "5.09%", "2008-03-31": "4.49%", "2007-12-31": "5.73%", "2007-09-30": "5.00%", "2007-06-30": "0.41%", "2007-03-31": "0.60%", "2006-12-31": "-2.73%", "2006-09-30": "-3.88%", "2006-06-30": "1.35%", "2006-03-31": "-0.26%", "2005-12-31": "4.64%"}, "net profit margin": {"2020-12-31": "-36.65%", "2020-09-30": "-13.96%", "2020-06-30": "0.85%", "2020-03-31": "6.24%", "2019-12-31": "8.76%", "2019-09-30": "7.09%", "2019-06-30": "6.00%", "2019-03-31": "5.26%", "2018-12-31": "5.29%", "2018-09-30": "8.95%", "2018-06-30": "9.59%", "2018-03-31": "10.91%", "2017-12-31": "12.16%", "2017-09-30": "9.93%", "2017-06-30": "10.67%", "2017-03-31": "11.17%", "2016-12-31": "13.45%", "2016-09-30": "15.40%", "2016-06-30": "15.86%", "2016-03-31": "15.56%", "2015-12-31": "15.15%", "2015-09-30": "14.56%", "2015-06-30": "13.31%", "2015-03-31": "12.19%", "2014-12-31": "11.27%", "2014-09-30": "10.15%", "2014-06-30": "11.67%", "2014-03-31": "10.77%", "2013-12-31": "9.85%", "2013-09-30": "9.33%", "2013-06-30": "7.26%", "2013-03-31": "6.57%", "2012-12-31": "6.79%", "2012-09-30": "7.37%", "2012-06-30": "5.60%", "2012-03-31": "4.85%", "2011-12-31": "5.70%", "2011-09-30": "5.81%", "2011-06-30": "7.07%", "2011-03-31": "8.07%", "2010-12-31": "6.55%", "2010-09-30": "5.65%", "2010-06-30": "4.86%", "2010-03-31": "4.19%", "2009-12-31": "3.59%", "2009-09-30": "0.68%", "2009-06-30": "-4.37%", "2009-03-31": "-3.31%", "2008-12-31": "-3.71%", "2008-09-30": "-1.46%", "2008-06-30": "3.18%", "2008-03-31": "2.73%", "2007-12-31": "3.57%", "2007-09-30": "3.02%", "2007-06-30": "0.15%", "2007-03-31": "0.45%", "2006-12-31": "-1.62%", "2006-09-30": "-2.23%", "2006-06-30": "1.07%", "2006-03-31": "-0.16%", "2005-12-31": "-0.24%"}, "pe ratio": {"current": "0.00", "2021-02-11": "0.00", "2020-12-31": "0.00", "2020-09-30": "0.00", "2020-06-30": "78.83", "2020-03-31": "6.62", "2019-12-31": "10.87", "2019-09-30": "13.03", "2019-06-30": "15.41", "2019-03-31": "15.55", "2018-12-31": "16.77", "2018-09-30": "10.57", "2018-06-30": "8.69", "2018-03-31": "7.90", "2017-12-31": "8.47", "2017-09-30": "11.62", "2017-06-30": "13.78", "2017-03-31": "14.78", "2016-12-31": "12.73", "2016-09-30": "8.64", "2016-06-30": "7.54", "2016-03-31": "11.04", "2015-12-31": "11.35", "2015-09-30": "11.90", "2015-06-30": "10.84", "2015-03-31": "12.47", "2014-12-31": "12.34", "2014-09-30": "10.24", "2014-06-30": "12.54", "2014-03-31": "14.14", "2013-12-31": "12.92", "2013-09-30": "12.21", "2013-06-30": "9.63", "2013-03-31": "13.32", "2012-12-31": "8.87", "2012-09-30": "6.80", "2012-06-30": "9.42", "2012-03-31": "11.15", "2011-12-31": "10.13", "2011-09-30": "7.60", "2011-06-30": "7.84", "2011-03-31": "6.57", "2010-12-31": "7.48", "2010-09-30": "8.00", "2010-06-30": "8.29", "2010-03-31": "9.09", "2009-12-31": "9.14", "2009-09-30": "37.08", "2009-06-30": "0.00", "2009-03-31": "0.00", "2008-12-31": "0.00", "2008-09-30": "0.00", "2008-06-30": "4.50", "2008-03-31": "7.18", "2007-12-31": "7.10", "2007-09-30": "7.72", "2007-06-30": "179.03", "2007-03-31": "87.89", "2006-12-31": "0.00"}, "price sales": {"2021-02-11": "2.01", "2020-12-31": "1.81", "2020-09-30": "0.91", "2020-06-30": "0.67", "2020-03-31": "0.41", "2019-12-31": "0.95", "2019-09-30": "0.92", "2019-06-30": "0.92", "2019-03-31": "0.82", "2018-12-31": "0.89", "2018-09-30": "1.01", "2018-06-30": "0.90", "2018-03-31": "0.92", "2017-12-31": "1.10", "2017-09-30": "1.21", "2017-06-30": "1.52", "2017-03-31": "1.71", "2016-12-31": "1.75", "2016-09-30": "1.34", "2016-06-30": "1.20", "2016-03-31": "1.72", "2015-12-31": "1.73", "2015-09-30": "1.75", "2015-06-30": "1.45", "2015-03-31": "1.52", "2014-12-31": "1.40", "2014-09-30": "1.05", "2014-06-30": "1.13", "2014-03-31": "1.14", "2013-12-31": "0.91", "2013-09-30": "0.79", "2013-06-30": "0.70", "2013-03-31": "0.87", "2012-12-31": "0.60", "2012-09-30": "0.50", "2012-06-30": "0.52", "2012-03-31": "0.54", "2011-12-31": "0.57", "2011-09-30": "0.44", "2011-06-30": "0.55", "2011-03-31": "0.53", "2010-12-31": "0.49", "2010-09-30": "0.45", "2010-06-30": "0.40", "2010-03-31": "0.38", "2009-12-31": "0.33", "2009-09-30": "0.26", "2009-06-30": "0.17", "2009-03-31": "0.16", "2008-12-31": "0.26", "2008-09-30": "0.19", "2008-06-30": "0.15", "2008-03-31": "0.20", "2007-12-31": "0.26", "2007-09-30": "0.24", "2007-06-30": "0.29", "2007-03-31": "0.40", "2006-12-31": "0.40"}, "price book": {"current": "2.29", "2021-02-11": "2.07", "2020-09-30": "1.31", "2020-06-30": "1.16", "2020-03-31": "0.87", "2019-12-31": "1.91", "2019-09-30": "1.86", "2019-06-30": "1.95", "2019-03-31": "1.81", "2018-12-31": "1.94", "2018-09-30": "2.17", "2018-06-30": "2.00", "2018-03-31": "2.13", "2017-12-31": "2.49", "2017-09-30": "2.56", "2017-06-30": "3.21", "2017-03-31": "3.57", "2016-12-31": "3.51", "2016-09-30": "2.65", "2016-06-30": "2.55", "2016-03-31": "3.84", "2015-12-31": "3.87", "2015-09-30": "3.93", "2015-06-30": "3.42", "2015-03-31": "3.66", "2014-12-31": "3.38", "2014-09-30": "2.38", "2014-06-30": "2.69", "2014-03-31": "2.78", "2013-12-31": "2.25", "2013-09-30": "2.18", "2013-06-30": "2.12", "2013-03-31": "2.77", "2012-12-31": "1.92", "2012-09-30": "1.54", "2012-06-30": "1.78", "2012-03-31": "1.88", "2011-12-31": "2.04", "2011-09-30": "1.43", "2011-06-30": "1.84", "2011-03-31": "1.75", "2010-12-31": "1.66", "2010-09-30": "1.54", "2010-06-30": "1.54", "2010-03-31": "1.50", "2009-12-31": "1.27", "2009-09-30": "1.10", "2009-06-30": "0.85", "2009-03-31": "0.88", "2008-12-31": "1.44", "2008-09-30": "0.72", "2008-06-30": "0.49", "2008-03-31": "0.67", "2007-12-31": "0.83", "2007-09-30": "0.82", "2007-06-30": "1.08", "2007-03-31": "1.56", "2006-12-31": "1.62", "2006-09-30": "1.42", "2006-06-30": "1.45", "2006-03-31": "1.42"}, "price fcf": {"2021-02-11": "", "2020-09-30": "$0.99", "2020-06-30": "$4.19", "2020-03-31": "$5.04", "2019-12-31": "$8.58", "2019-09-30": "$5.67", "2019-06-30": "$5.46", "2019-03-31": "$4.55", "2018-12-31": "$2.27", "2018-09-30": "$4.52", "2018-06-30": "$3.03", "2018-03-31": "$3.71", "2017-12-31": "$5.18", "2017-09-30": "$4.26", "2017-06-30": "$5.80", "2017-03-31": "$4.54", "2016-12-31": "$5.73", "2016-09-30": "$7.49", "2016-06-30": "$8.23", "2016-03-31": "$7.68", "2015-12-31": "$6.23", "2015-09-30": "$4.41", "2015-06-30": "$2.95", "2015-03-31": "$3.12", "2014-12-31": "$2.46", "2014-09-30": "$2.32", "2014-06-30": "$2.59", "2014-03-31": "$3.31", "2013-12-31": "$2.90", "2013-09-30": "$2.63", "2013-06-30": "$2.68", "2013-03-31": "$1.84", "2012-12-31": "$1.71", "2012-09-30": "$2.04", "2012-06-30": "$2.69", "2012-03-31": "$3.16", "2011-12-31": "$2.25", "2011-09-30": "$2.43", "2011-06-30": "$1.99", "2011-03-31": "$2.04", "2010-12-31": "$2.57", "2010-09-30": "$1.66", "2010-06-30": "$1.75", "2010-03-31": "$0.66", "2009-12-31": "$-1.02", "2009-09-30": "$-0.02", "2009-06-30": "$-1.62", "2009-03-31": "$-2.35", "2008-12-31": "$-1.59", "2008-09-30": "$-2.23", "2008-06-30": "$-2.06", "2008-03-31": "$-1.33", "2007-12-31": "$-1.79", "2007-09-30": "$-2.10", "2007-06-30": "$-2.05", "2007-03-31": "$-2.02", "2006-12-31": "$-1.51"}, "net worth": {"value": "$6.89B"}, "current ratio": {"2020-12-31": "0.94", "2020-09-30": "1.06", "2020-06-30": "0.79", "2020-03-31": "0.69", "2019-12-31": "0.64", "2019-09-30": "0.66", "2019-06-30": "0.63", "2019-03-31": "0.59", "2018-12-31": "0.61", "2018-09-30": "0.71", "2018-06-30": "0.73", "2018-03-31": "0.71", "2017-12-31": "0.80", "2017-09-30": "0.80", "2017-06-30": "0.82", "2017-03-31": "0.78", "2016-12-31": "0.81", "2016-09-30": "1.70", "2016-06-30": "0.97", "2016-03-31": "0.93", "2015-12-31": "0.92", "2015-09-30": "0.93", "2015-06-30": "0.86", "2015-03-31": "0.95", "2014-12-31": "0.98", "2014-09-30": "1.02", "2014-06-30": "1.08", "2014-03-31": "1.10", "2013-12-31": "1.12", "2013-09-30": "1.17", "2013-06-30": "1.13", "2013-03-31": "1.15", "2012-12-31": "1.16", "2012-09-30": "1.12", "2012-06-30": "1.02", "2012-03-31": "0.99", "2011-12-31": "1.06", "2011-09-30": "1.14", "2011-06-30": "1.03", "2011-03-31": "1.08", "2010-12-31": "1.17", "2010-09-30": "1.20", "2010-06-30": "1.21", "2010-03-31": "1.23", "2009-12-31": "1.29", "2009-09-30": "1.31", "2009-06-30": "1.19", "2009-03-31": "1.14", "2008-12-31": "1.11", "2008-09-30": "1.09", "2008-06-30": "1.05", "2008-03-31": "1.04", "2007-12-31": "1.01", "2007-09-30": "1.13", "2007-06-30": "1.16", "2007-03-31": "1.16", "2006-12-31": "1.27", "2006-09-30": "1.23", "2006-06-30": "1.22", "2006-03-31": "1.20", "2005-12-31": "1.32", "2005-09-30": "1.19", "2005-06-30": "1.10", "2005-03-31": "1.17"}, "quick ratio": {"2020-12-31": "0.00", "2020-09-30": "1.05", "2020-06-30": "0.77", "2020-03-31": "0.67", "2019-12-31": "0.61", "2019-09-30": "0.64", "2019-06-30": "0.61", "2019-03-31": "0.57", "2018-12-31": "0.59", "2018-09-30": "0.69", "2018-06-30": "0.71", "2018-03-31": "0.69", "2017-12-31": "0.78", "2017-09-30": "0.78", "2017-06-30": "0.80", "2017-03-31": "0.76", "2016-12-31": "0.79", "2016-09-30": "1.68", "2016-06-30": "0.95", "2016-03-31": "0.91", "2015-12-31": "0.89", "2015-09-30": "0.90", "2015-06-30": "0.83", "2015-03-31": "0.92", "2014-12-31": "0.95", "2014-09-30": "0.98", "2014-06-30": "1.05", "2014-03-31": "1.07", "2013-12-31": "1.08", "2013-09-30": "1.14", "2013-06-30": "1.10", "2013-03-31": "1.11", "2012-12-31": "1.12", "2012-09-30": "1.09", "2012-06-30": "0.99", "2012-03-31": "0.96", "2011-12-31": "1.03", "2011-09-30": "1.11", "2011-06-30": "1.00", "2011-03-31": "1.04", "2010-12-31": "1.14", "2010-09-30": "1.17", "2010-06-30": "1.17", "2010-03-31": "1.20", "2009-12-31": "1.25", "2009-09-30": "1.28", "2009-06-30": "1.16", "2009-03-31": "1.11", "2008-12-31": "1.07", "2008-09-30": "1.04", "2008-06-30": "1.02", "2008-03-31": "1.01", "2007-12-31": "0.98", "2007-09-30": "1.09", "2007-06-30": "1.12", "2007-03-31": "1.12", "2006-12-31": "1.24", "2006-09-30": "1.19", "2006-06-30": "1.19", "2006-03-31": "1.17", "2005-12-31": "1.28", "2005-09-30": "1.14", "2005-06-30": "1.06", "2005-03-31": "1.13"}, "debt equity ratio": {"current": "0.78", "2020-12-31": "3.67", "2020-09-30": "3.27", "2020-06-30": "2.63", "2020-03-31": "2.33", "2019-12-31": "2.00", "2019-09-30": "2.05", "2019-06-30": "2.26", "2019-03-31": "2.37", "2018-12-31": "1.91", "2018-09-30": "1.87", "2018-06-30": "2.08", "2018-03-31": "2.15", "2017-12-31": "2.11", "2017-09-30": "2.08", "2017-06-30": "2.28", "2017-03-31": "2.42", "2016-12-31": "2.40", "2016-09-30": "2.04", "2016-06-30": "1.68", "2016-03-31": "1.78", "2015-12-31": "1.71", "2015-09-30": "1.78", "2015-06-30": "1.92", "2015-03-31": "1.96", "2014-12-31": "1.85", "2014-09-30": "1.80", "2014-06-30": "1.87", "2014-03-31": "1.89", "2013-12-31": "1.88", "2013-09-30": "2.25", "2013-06-30": "2.79", "2013-03-31": "2.86", "2012-12-31": "2.87", "2012-09-30": "2.78", "2012-06-30": "3.23", "2012-03-31": "3.42", "2011-12-31": "3.40", "2011-09-30": "3.16", "2011-06-30": "3.34", "2011-03-31": "3.37", "2010-12-31": "3.54", "2010-09-30": "3.77", "2010-06-30": "4.43", "2010-03-31": "4.67", "2009-12-31": "4.73", "2009-09-30": "5.47", "2009-06-30": "6.18", "2009-03-31": "6.27", "2008-12-31": "6.31", "2008-09-30": "4.47", "2008-06-30": "4.04", "2008-03-31": "3.99", "2007-12-31": "3.38", "2007-09-30": "3.34", "2007-06-30": "3.79", "2007-03-31": "3.90", "2006-12-31": "3.60", "2006-09-30": "3.29", "2006-06-30": "3.20", "2006-03-31": "4.17", "2005-12-31": "3.58", "2005-09-30": "4.02", "2005-06-30": "4.61", "2005-03-31": "4.65"}, "return on equity": {"2020-12-31": "-36.47%", "2020-09-30": "-17.78%", "2020-06-30": "1.39%", "2020-03-31": "12.87%", "2019-12-31": "18.87%", "2019-09-30": "15.55%", "2019-06-30": "13.26%", "2019-03-31": "11.75%", "2018-12-31": "11.99%", "2018-09-30": "20.42%", "2018-06-30": "22.06%", "2018-03-31": "25.52%", "2017-12-31": "29.03%", "2017-09-30": "23.37%", "2017-06-30": "24.48%", "2017-03-31": "24.69%", "2016-12-31": "29.31%", "2016-09-30": "34.41%", "2016-06-30": "36.88%", "2016-03-31": "37.38%", "2015-12-31": "37.03%", "2015-09-30": "36.27%", "2015-06-30": "33.36%", "2015-03-31": "30.27%", "2014-12-31": "27.97%", "2014-09-30": "25.02%", "2014-06-30": "30.81%", "2014-03-31": "30.26%", "2013-12-31": "29.72%", "2013-09-30": "30.44%", "2013-06-30": "23.73%", "2013-03-31": "22.27%", "2012-12-31": "23.58%", "2012-09-30": "26.36%", "2012-06-30": "20.41%", "2012-03-31": "17.52%", "2011-12-31": "20.44%", "2011-09-30": "20.73%", "2011-06-30": "25.46%", "2011-03-31": "29.84%", "2010-12-31": "25.07%", "2010-09-30": "22.28%", "2010-06-30": "20.28%", "2010-03-31": "18.14%", "2009-12-31": "16.32%", "2009-09-30": "3.31%", "2009-06-30": "-20.73%", "2009-03-31": "-14.50%", "2008-12-31": "-15.30%", "2008-09-30": "-5.51%", "2008-06-30": "11.45%", "2008-03-31": "9.94%", "2007-12-31": "12.91%", "2007-09-30": "11.14%", "2007-06-30": "0.54%", "2007-03-31": "1.62%", "2006-12-31": "-6.04%", "2006-09-30": "-8.30%", "2006-06-30": "4.18%", "2006-03-31": "-0.69%", "2005-12-31": "-1.03%"}, "return on assets": {"2020-12-31": "-9.31%", "2020-09-30": "-5.05%", "2020-06-30": "0.43%", "2020-03-31": "4.08%", "2019-12-31": "5.97%", "2019-09-30": "4.94%", "2019-06-30": "4.27%", "2019-03-31": "3.84%", "2018-12-31": "4.00%", "2018-09-30": "6.70%", "2018-06-30": "7.11%", "2018-03-31": "8.09%", "2017-12-31": "9.03%", "2017-09-30": "7.11%", "2017-06-30": "7.45%", "2017-03-31": "7.84%", "2016-12-31": "9.80%", "2016-09-30": "12.25%", "2016-06-30": "13.49%", "2016-03-31": "13.38%", "2015-12-31": "13.05%", "2015-09-30": "12.62%", "2015-06-30": "11.58%", "2015-03-31": "10.55%", "2014-12-31": "9.81%", "2014-09-30": "8.75%", "2014-06-30": "10.40%", "2014-03-31": "9.57%", "2013-12-31": "8.76%", "2013-09-30": "8.29%", "2013-06-30": "6.20%", "2013-03-31": "5.67%", "2012-12-31": "5.81%", "2012-09-30": "6.30%", "2012-06-30": "4.75%", "2012-03-31": "4.05%", "2011-12-31": "4.74%", "2011-09-30": "4.77%", "2011-06-30": "5.66%", "2011-03-31": "6.29%", "2010-12-31": "4.96%", "2010-09-30": "4.15%", "2010-06-30": "3.50%", "2010-03-31": "2.93%", "2009-12-31": "2.47%", "2009-09-30": "0.47%", "2009-06-30": "-3.10%", "2009-03-31": "-2.39%", "2008-12-31": "-2.75%", "2008-09-30": "-1.11%", "2008-06-30": "2.44%", "2008-03-31": "2.15%", "2007-12-31": "2.81%", "2007-09-30": "2.40%", "2007-06-30": "0.12%", "2007-03-31": "0.36%", "2006-12-31": "-1.33%", "2006-09-30": "-1.84%", "2006-06-30": "0.89%", "2006-03-31": "-0.14%", "2005-12-31": "-0.20%"}, "return on investments": {"2020-12-31": "-31.71%", "2020-09-30": "-16.61%", "2020-06-30": "1.19%", "2020-03-31": "13.02%", "2019-12-31": "19.14%", "2019-09-30": "15.59%", "2019-06-30": "13.45%", "2019-03-31": "11.70%", "2018-12-31": "11.73%", "2018-09-30": "13.17%", "2018-06-30": "15.24%", "2018-03-31": "18.94%", "2017-12-31": "21.14%", "2017-09-30": "22.35%", "2017-06-30": "23.02%", "2017-03-31": "24.72%", "2016-12-31": "31.81%", "2016-09-30": "39.43%", "2016-06-30": "46.30%", "2016-03-31": "45.87%", "2015-12-31": "44.75%", "2015-09-30": "44.95%", "2015-06-30": "40.93%", "2015-03-31": "36.79%", "2014-12-31": "33.42%", "2014-09-30": "29.61%", "2014-06-30": "36.09%", "2014-03-31": "34.72%", "2013-12-31": "33.43%", "2013-09-30": "32.85%", "2013-06-30": "25.06%", "2013-03-31": "22.85%", "2012-12-31": "23.32%", "2012-09-30": "25.08%", "2012-06-30": "19.32%", "2012-03-31": "16.59%", "2011-12-31": "18.86%", "2011-09-30": "18.79%", "2011-06-30": "21.80%", "2011-03-31": "23.58%", "2010-12-31": "19.00%", "2010-09-30": "16.10%", "2010-06-30": "13.88%", "2010-03-31": "12.36%", "2009-12-31": "11.12%", "2009-09-30": "4.63%", "2009-06-30": "-7.29%", "2009-03-31": "-5.58%", "2008-12-31": "-7.22%", "2008-09-30": "-2.19%", "2008-06-30": "8.99%", "2008-03-31": "8.06%", "2007-12-31": "9.93%", "2007-09-30": "8.52%", "2007-06-30": "0.75%", "2007-03-31": "0.88%", "2006-12-31": "-4.82%", "2006-09-30": "-6.53%", "2006-06-30": "3.21%", "2006-03-31": "0.82%", "2005-12-31": "10.04%"}, "return on tangible equity": {"2020-09-30": "-37.41%", "2020-06-30": "2.77%", "2020-03-31": "25.63%", "2019-12-31": "38.29%", "2019-09-30": "32.81%", "2019-06-30": "28.99%", "2019-03-31": "26.50%", "2018-12-31": "27.81%", "2018-09-30": "48.70%", "2018-06-30": "54.20%", "2018-03-31": "65.04%", "2017-12-31": "77.95%", "2017-09-30": "67.52%", "2017-06-30": "50.63%", "2017-03-31": "38.80%", "2016-12-31": "36.23%", "2016-09-30": "34.41%", "2016-06-30": "36.88%", "2016-03-31": "37.38%", "2015-12-31": "37.03%", "2015-09-30": "36.27%", "2015-06-30": "33.36%", "2015-03-31": "30.27%", "2014-12-31": "27.97%", "2014-09-30": "25.02%", "2014-06-30": "30.81%", "2014-03-31": "30.26%", "2013-12-31": "29.72%", "2013-09-30": "30.44%", "2013-06-30": "23.73%", "2013-03-31": "22.27%", "2012-12-31": "23.58%", "2012-09-30": "26.36%", "2012-06-30": "20.41%", "2012-03-31": "17.52%", "2011-12-31": "20.44%", "2011-09-30": "20.73%", "2011-06-30": "25.46%", "2011-03-31": "29.84%", "2010-12-31": "25.07%", "2010-09-30": "22.28%", "2010-06-30": "20.28%", "2010-03-31": "18.14%", "2009-12-31": "16.32%", "2009-09-30": "3.31%", "2009-06-30": "-20.73%", "2009-03-31": "-14.50%", "2008-12-31": "-15.30%", "2008-09-30": "-5.51%", "2008-06-30": "11.45%", "2008-03-31": "9.94%", "2007-12-31": "12.91%", "2007-09-30": "11.14%", "2007-06-30": "0.55%", "2007-03-31": "1.65%", "2006-12-31": "-6.21%", "2006-09-30": "-8.63%", "2006-06-30": "4.37%", "2006-03-31": "-0.73%", "2005-12-31": "-1.09%"}, "dividend yield history": {"last payout": "$0.00", "last yield": "0.00%"}}