{"ticker": "ALKS", "price": {"title": "Alkermes Historical Annual Stock Price Data", "value": 22.33, "historical": {"2021": {"Average Stock Price": "21.5252", "Year Open": "19.7400", "Year High": "22.8700", "Year Low": "19.5000", "Year Close": "22.3300", "Annual % Change": "11.93%"}, "2020": {"Average Stock Price": "17.6377", "Year Open": "19.7600", "Year High": "22.1000", "Year Low": "13.0600", "Year Close": "19.9500", "Annual % Change": "-2.21%"}, "2019": {"Average Stock Price": "25.4200", "Year Open": "29.1100", "Year High": "37.3300", "Year Low": "17.2900", "Year Close": "20.4000", "Annual % Change": "-30.87%"}, "2018": {"Average Stock Price": "45.9911", "Year Open": "55.2200", "Year High": "67.2600", "Year Low": "27.9400", "Year Close": "29.5100", "Annual % Change": "-46.08%"}, "2017": {"Average Stock Price": "54.8201", "Year Open": "56.1000", "Year High": "61.6600", "Year Low": "47.6900", "Year Close": "54.7300", "Annual % Change": "-1.53%"}, "2016": {"Average Stock Price": "45.4797", "Year Open": "74.8300", "Year High": "75.2700", "Year Low": "29.0500", "Year Close": "55.5800", "Annual % Change": "-29.98%"}, "2015": {"Average Stock Price": "66.3880", "Year Open": "58.2400", "Year High": "80.1400", "Year Low": "55.0800", "Year Close": "79.3800", "Annual % Change": "35.55%"}, "2014": {"Average Stock Price": "47.3686", "Year Open": "40.2400", "Year High": "58.8800", "Year Low": "40.0700", "Year Close": "58.5600", "Annual % Change": "44.02%"}, "2013": {"Average Stock Price": "30.2678", "Year Open": "19.2800", "Year High": "41.1200", "Year Low": "19.2800", "Year Close": "40.6600", "Annual % Change": "119.55%"}, "2012": {"Average Stock Price": "18.1842", "Year Open": "17.3400", "Year High": "20.8800", "Year Low": "15.1200", "Year Close": "18.5200", "Annual % Change": "6.68%"}, "2011": {"Average Stock Price": "15.4301", "Year Open": "12.5500", "Year High": "19.5200", "Year Low": "12.1400", "Year Close": "17.3600", "Annual % Change": "41.37%"}, "2010": {"Average Stock Price": "12.4457", "Year Open": "9.7100", "Year High": "15.9200", "Year Low": "9.6900", "Year Close": "12.2800", "Annual % Change": "30.50%"}, "2009": {"Average Stock Price": "9.6079", "Year Open": "10.7100", "Year High": "13.1300", "Year Low": "7.5600", "Year Close": "9.4100", "Annual % Change": "-11.64%"}, "2008": {"Average Stock Price": "12.2140", "Year Open": "15.1000", "Year High": "16.8900", "Year Low": "6.1000", "Year Close": "10.6500", "Annual % Change": "-31.69%"}, "2007": {"Average Stock Price": "15.7875", "Year Open": "13.0900", "Year High": "18.5600", "Year Low": "12.7600", "Year Close": "15.5900", "Annual % Change": "16.60%"}, "2006": {"Average Stock Price": "18.9792", "Year Open": "20.5200", "Year High": "26.7100", "Year Low": "13.1800", "Year Close": "13.3700", "Annual % Change": "-30.07%"}, "2005": {"Average Stock Price": "14.4015", "Year Open": "14.0100", "Year High": "19.6600", "Year Low": "10.0100", "Year Close": "19.1200", "Annual % Change": "35.70%"}, "2004": {"Average Stock Price": "13.3925", "Year Open": "13.9700", "Year High": "16.8600", "Year Low": "8.5100", "Year Close": "14.0900", "Annual % Change": "4.37%"}, "2003": {"Average Stock Price": "11.0874", "Year Open": "6.6600", "Year High": "15.5600", "Year Low": "6.5200", "Year Close": "13.5000", "Annual % Change": "115.31%"}, "2002": {"Average Stock Price": "15.1033", "Year Open": "25.7500", "Year High": "30.3400", "Year Low": "3.7800", "Year Close": "6.2700", "Annual % Change": "-76.21%"}, "2001": {"Average Stock Price": "26.8799", "Year Open": "27.6300", "Year High": "37.1000", "Year Low": "17.5000", "Year Close": "26.3600", "Annual % Change": "-16.00%"}, "2000": {"Average Stock Price": "41.5542", "Year Open": "25.5000", "Year High": "98.0500", "Year Low": "23.6250", "Year Close": "31.3800", "Annual % Change": "27.74%"}, "1999": {"Average Stock Price": "15.7511", "Year Open": "11.6900", "Year High": "26.8150", "Year Low": "11.4400", "Year Close": "24.5650", "Annual % Change": "121.41%"}, "1998": {"Average Stock Price": "9.9991", "Year Open": "9.9400", "Year High": "13.3750", "Year Low": "5.3150", "Year Close": "11.0950", "Annual % Change": "11.62%"}, "1997": {"Average Stock Price": "9.5169", "Year Open": "11.1900", "Year High": "14.6900", "Year Low": "5.1900", "Year Close": "9.9400", "Annual % Change": "-14.49%"}, "1996": {"Average Stock Price": "6.2174", "Year Open": "3.7500", "Year High": "12.1250", "Year Low": "3.7500", "Year Close": "11.6250", "Annual % Change": "192.89%"}, "1995": {"Average Stock Price": "2.4000", "Year Open": "1.0315", "Year High": "4.3125", "Year Low": "1.0000", "Year Close": "3.9690", "Annual % Change": "273.55%"}, "1994": {"Average Stock Price": "2.4714", "Year Open": "3.6875", "Year High": "4.5000", "Year Low": "1.0625", "Year Close": "1.0625", "Annual % Change": "-69.64%"}, "1993": {"Average Stock Price": "4.1401", "Year Open": "4.5000", "Year High": "5.5000", "Year Low": "3.1250", "Year Close": "3.5000", "Annual % Change": "-17.65%"}, "1992": {"Average Stock Price": "6.0673", "Year Open": "9.0000", "Year High": "14.1900", "Year Low": "2.7500", "Year Close": "4.2500", "Annual % Change": "-52.78%"}}}, "market cap": {"value": "$3.55B"}, "income statement": {"Revenue": {"2019-12-31": "1170.94700", "2018-12-31": "1094.27400", "2017-12-31": "903.37400", "2016-12-31": "745.69400", "2015-12-31": "628.33500", "2014-12-31": "618.78900", "2013-12-31": "432.91100", "2013-03-31": "575.54800", "2012-03-31": "389.97700", "2011-03-31": "186.64000", "2010-03-31": "178.28100", "2009-03-31": "326.83900", "2008-03-31": "240.71700", "2007-03-31": "239.96500", "2006-03-31": "166.60100", "2005-03-31": "76.12600"}, "Cost Of Goods Sold": {"2019-12-31": "180.38500", "2018-12-31": "176.42000", "2017-12-31": "154.74800", "2016-12-31": "132.12200", "2015-12-31": "138.98900", "2014-12-31": "175.83200", "2013-12-31": "134.30600", "2013-03-31": "170.46600", "2012-03-31": "127.57800", "2011-03-31": "52.18500", "2010-03-31": "49.43800", "2009-03-31": "43.39600", "2008-03-31": "40.67700", "2007-03-31": "45.20900", "2006-03-31": "23.48900", "2005-03-31": "16.83400"}, "Gross Profit": {"2019-12-31": "990.56200", "2018-12-31": "917.85410", "2017-12-31": "748.62600", "2016-12-31": "613.57200", "2015-12-31": "489.34600", "2014-12-31": "442.95700", "2013-12-31": "298.60500", "2013-03-31": "405.08200", "2012-03-31": "262.39900", "2011-03-31": "134.45500", "2010-03-31": "128.84300", "2009-03-31": "283.44300", "2008-03-31": "200.04000", "2007-03-31": "194.75600", "2006-03-31": "143.11200", "2005-03-31": "59.29200"}, "Research And Development Expenses": {"2019-12-31": "512.83300", "2018-12-31": "425.40600", "2017-12-31": "412.88900", "2016-12-31": "387.14800", "2015-12-31": "344.40400", "2014-12-31": "272.04300", "2013-12-31": "128.12500", "2013-03-31": "140.01300", "2012-03-31": "141.89300", "2011-03-31": "97.23900", "2010-03-31": "95.36300", "2009-03-31": "89.47800", "2008-03-31": "125.26800", "2007-03-31": "117.31500", "2006-03-31": "89.06800", "2005-03-31": "91.64100"}, "SG&A Expenses": {"2019-12-31": "599.44900", "2018-12-31": "526.40800", "2017-12-31": "421.57800", "2016-12-31": "374.13000", "2015-12-31": "311.55800", "2014-12-31": "199.90500", "2013-12-31": "116.55800", "2013-03-31": "125.75800", "2012-03-31": "137.63200", "2011-03-31": "82.84700", "2010-03-31": "76.51400", "2009-03-31": "59.00800", "2008-03-31": "59.50800", "2007-03-31": "66.39900", "2006-03-31": "40.38300", "2005-03-31": "29.49900"}, "Other Operating Income Or Expenses": {"2019-12-31": "", "2018-12-31": "", "2017-12-31": "", "2016-12-31": "", "2015-12-31": "", "2014-12-31": "", "2013-12-31": "", "2013-03-31": "-3.34600", "2012-03-31": "-45.80000", "2011-03-31": "", "2010-03-31": "", "2009-03-31": "", "2008-03-31": "-11.63000", "2007-03-31": "", "2006-03-31": "", "2005-03-31": ""}, "Operating Expenses": {"2019-12-31": "1346.42600", "2018-12-31": "1193.40200", "2017-12-31": "1051.27400", "2016-12-31": "954.35900", "2015-12-31": "852.63600", "2014-12-31": "705.93300", "2013-12-31": "417.41700", "2013-03-31": "493.73500", "2012-03-31": "478.25800", "2011-03-31": "232.27100", "2010-03-31": "221.31500", "2009-03-31": "191.88200", "2008-03-31": "243.50600", "2007-03-31": "228.92300", "2006-03-31": "152.94000", "2005-03-31": "149.50100"}, "Operating Income": {"2019-12-31": "-175.47890", "2018-12-31": "-99.12810", "2017-12-31": "-147.90000", "2016-12-31": "-208.66500", "2015-12-31": "-224.30100", "2014-12-31": "-87.14400", "2013-12-31": "15.49400", "2013-03-31": "81.81300", "2012-03-31": "-88.28100", "2011-03-31": "-45.63100", "2010-03-31": "-43.03400", "2009-03-31": "134.95700", "2008-03-31": "-2.78900", "2007-03-31": "11.04200", "2006-03-31": "13.66100", "2005-03-31": "-73.37500"}, "Total Non-Operating Income/Expense": {"2019-12-31": "-21.57700", "2018-12-31": "-27.83900", "2017-12-31": "4.62600", "2016-12-31": "-5.72200", "2015-12-31": "0.29600", "2014-12-31": "73.11500", "2013-12-31": "-10.09700", "2013-03-31": "-46.37200", "2012-03-31": "-26.11100", "2011-03-31": "-0.86000", "2010-03-31": "-1.66700", "2009-03-31": "-3.94500", "2008-03-31": "175.61900", "2007-03-31": "-0.49900", "2006-03-31": "-9.84300", "2005-03-31": "-1.79300"}, "Pre-Tax Income": {"2019-12-31": "-197.05600", "2018-12-31": "-126.96700", "2017-12-31": "-143.27400", "2016-12-31": "-214.38700", "2015-12-31": "-224.00500", "2014-12-31": "-14.02900", "2013-12-31": "5.39700", "2013-03-31": "35.44100", "2012-03-31": "-114.39200", "2011-03-31": "-46.49100", "2010-03-31": "-44.70100", "2009-03-31": "131.01200", "2008-03-31": "172.83000", "2007-03-31": "10.54300", "2006-03-31": "3.81800", "2005-03-31": "-75.16800"}, "Income Taxes": {"2019-12-31": "-0.43600", "2018-12-31": "12.34400", "2017-12-31": "14.67100", "2016-12-31": "-5.94300", "2015-12-31": "3.15800", "2014-12-31": "16.03200", "2013-12-31": "-12.25200", "2013-03-31": "10.45800", "2012-03-31": "-0.71400", "2011-03-31": "-0.95100", "2010-03-31": "-5.07500", "2009-03-31": "0.50700", "2008-03-31": "5.85100", "2007-03-31": "1.09800", "2006-03-31": "", "2005-03-31": ""}, "Income After Taxes": {"2019-12-31": "-196.62000", "2018-12-31": "-139.31100", "2017-12-31": "-157.94500", "2016-12-31": "-208.44400", "2015-12-31": "-227.16300", "2014-12-31": "-30.06100", "2013-12-31": "17.64900", "2013-03-31": "24.98300", "2012-03-31": "-113.67800", "2011-03-31": "-45.54000", "2010-03-31": "-39.62600", "2009-03-31": "130.50500", "2008-03-31": "166.97900", "2007-03-31": "9.44500", "2006-03-31": "3.81800", "2005-03-31": "-75.16800"}, "Other Income": {"2019-12-31": "", "2018-12-31": "", "2017-12-31": "", "2016-12-31": "", "2015-12-31": "", "2014-12-31": "", "2013-12-31": "", "2013-03-31": "", "2012-03-31": "", "2011-03-31": "", "2010-03-31": "", "2009-03-31": "", "2008-03-31": "", "2007-03-31": "", "2006-03-31": "", "2005-03-31": ""}, "Income From Continuous Operations": {"2019-12-31": "-196.62000", "2018-12-31": "-139.31100", "2017-12-31": "-157.94500", "2016-12-31": "-208.44400", "2015-12-31": "-227.16300", "2014-12-31": "-30.06100", "2013-12-31": "17.64900", "2013-03-31": "24.98300", "2012-03-31": "-113.67800", "2011-03-31": "-45.54000", "2010-03-31": "-39.62600", "2009-03-31": "130.50500", "2008-03-31": "166.97900", "2007-03-31": "9.44500", "2006-03-31": "3.81800", "2005-03-31": "-75.16800"}, "Income From Discontinued Operations": {"2019-12-31": "", "2018-12-31": "", "2017-12-31": "", "2016-12-31": "", "2015-12-31": "", "2014-12-31": "", "2013-12-31": "", "2013-03-31": "", "2012-03-31": "", "2011-03-31": "", "2010-03-31": "", "2009-03-31": "", "2008-03-31": "", "2007-03-31": "", "2006-03-31": "", "2005-03-31": ""}, "Net Income": {"2019-12-31": "-196.62000", "2018-12-31": "-139.31100", "2017-12-31": "-157.94500", "2016-12-31": "-208.44400", "2015-12-31": "-227.16300", "2014-12-31": "-30.06100", "2013-12-31": "17.64900", "2013-03-31": "24.98300", "2012-03-31": "-113.67800", "2011-03-31": "-45.54000", "2010-03-31": "-39.62600", "2009-03-31": "130.50500", "2008-03-31": "166.97900", "2007-03-31": "9.44500", "2006-03-31": "3.81800", "2005-03-31": "-75.16800"}, "EBITDA": {"2019-12-31": "-95.06590", "2018-12-31": "4.53200", "2017-12-31": "-49.37700", "2016-12-31": "-114.40900", "2015-12-31": "-138.70500", "2014-12-31": "10.94300", "2013-12-31": "86.25900", "2013-03-31": "155.56400", "2012-03-31": "-40.39700", "2011-03-31": "-36.97900", "2010-03-31": "-18.00800", "2009-03-31": "145.22200", "2008-03-31": "9.34900", "2007-03-31": "23.03300", "2006-03-31": "24.54000", "2005-03-31": "-62.75700"}, "EBIT": {"2019-12-31": "-175.47890", "2018-12-31": "-99.12810", "2017-12-31": "-147.90000", "2016-12-31": "-208.66500", "2015-12-31": "-224.30100", "2014-12-31": "-87.14400", "2013-12-31": "15.49400", "2013-03-31": "81.81300", "2012-03-31": "-88.28100", "2011-03-31": "-45.63100", "2010-03-31": "-43.03400", "2009-03-31": "134.95700", "2008-03-31": "-2.78900", "2007-03-31": "11.04200", "2006-03-31": "13.66100", "2005-03-31": "-73.37500"}, "Basic Shares Outstanding": {"2019-12-31": "157.05100", "2018-12-31": "155.11200", "2017-12-31": "153.41500", "2016-12-31": "151.48400", "2015-12-31": "149.20600", "2014-12-31": "145.27400", "2013-12-31": "135.96000", "2013-03-31": "131.71300", "2012-03-31": "114.70200", "2011-03-31": "95.61000", "2010-03-31": "94.83900", "2009-03-31": "95.16100", "2008-03-31": "100.74200", "2007-03-31": "99.24200", "2006-03-31": "91.02200", "2005-03-31": "90.09400"}, "Shares Outstanding": {"2019-12-31": "157.05100", "2018-12-31": "155.11200", "2017-12-31": "153.41500", "2016-12-31": "151.48400", "2015-12-31": "149.20600", "2014-12-31": "145.27400", "2013-12-31": "144.96100", "2013-03-31": "137.10000", "2012-03-31": "114.70200", "2011-03-31": "95.61000", "2010-03-31": "94.83900", "2009-03-31": "96.25200", "2008-03-31": "102.92300", "2007-03-31": "103.35100", "2006-03-31": "97.37700", "2005-03-31": "90.09400"}, "Basic EPS": {"2019-12-31": "-1.25000", "2018-12-31": "-0.90000", "2017-12-31": "-1.03000", "2016-12-31": "-1.38000", "2015-12-31": "-1.52000", "2014-12-31": "-0.21000", "2013-12-31": "0.13000", "2013-03-31": "0.19000", "2012-03-31": "-0.99000", "2011-03-31": "-0.48000", "2010-03-31": "-0.42000", "2009-03-31": "1.37000", "2008-03-31": "1.66000", "2007-03-31": "0.10000", "2006-03-31": "0.04000", "2005-03-31": "-0.83000"}, "EPS - Earnings Per Share": {"2019-12-31": "-1.25000", "2018-12-31": "-0.90000", "2017-12-31": "-1.03000", "2016-12-31": "-1.38000", "2015-12-31": "-1.52000", "2014-12-31": "-0.21000", "2013-12-31": "0.12000", "2013-03-31": "0.18000", "2012-03-31": "-0.99000", "2011-03-31": "-0.48000", "2010-03-31": "-0.42000", "2009-03-31": "1.36000", "2008-03-31": "1.62000", "2007-03-31": "0.09000", "2006-03-31": "0.04000", "2005-03-31": "-0.83000"}}, "income statement, quarterly": {"Revenue": {"2020-09-30": "265.01200", "2020-06-30": "247.52900", "2020-03-31": "246.22000", "2019-12-31": "412.73000", "2019-09-30": "255.24300", "2019-06-30": "279.87200", "2019-03-31": "223.10200", "2018-12-31": "315.76210", "2018-09-30": "248.72000", "2018-06-30": "304.64200", "2018-03-31": "225.15000", "2017-12-31": "275.37000", "2017-09-30": "217.38500", "2017-06-30": "218.84100", "2017-03-31": "191.77800", "2016-12-31": "213.51400", "2016-09-30": "180.24100", "2016-06-30": "195.16500", "2016-03-31": "156.77400", "2015-12-31": "163.09800", "2015-09-30": "152.65300", "2015-06-30": "151.37000", "2015-03-31": "161.21400", "2014-12-31": "175.16100", "2014-09-30": "159.99200", "2014-06-30": "153.42400", "2014-03-31": "130.21200", "2013-12-31": "154.47800", "2013-09-30": "139.80200", "2013-06-30": "138.63100", "2013-03-31": "163.42200", "2012-12-31": "135.90900", "2012-09-30": "123.97800", "2012-06-30": "152.23900", "2012-03-31": "130.47300", "2011-12-31": "125.64300", "2011-09-30": "71.97800", "2011-06-30": "61.88300", "2011-03-31": "", "2010-12-31": "43.97500", "2010-09-30": "49.24700", "2010-06-30": "42.28000", "2010-03-31": "", "2009-12-31": "44.15200", "2009-09-30": "48.15700", "2009-06-30": "47.49600", "2009-03-31": "", "2008-12-31": "155.66100", "2008-09-30": "47.31100", "2008-06-30": "79.99200", "2008-03-31": "", "2007-12-31": "50.77100", "2007-09-30": "58.60000", "2007-06-30": "68.93800", "2007-03-31": "", "2006-12-31": "62.41300", "2006-09-30": "61.17000", "2006-06-30": "51.53800", "2006-03-31": "", "2005-12-31": "41.41800", "2005-09-30": "46.68800", "2005-06-30": "24.83800", "2005-03-31": ""}, "Cost Of Goods Sold": {"2020-09-30": "43.12900", "2020-06-30": "45.05300", "2020-03-31": "47.21100", "2019-12-31": "46.48200", "2019-09-30": "42.31900", "2019-06-30": "46.22300", "2019-03-31": "45.36100", "2018-12-31": "49.11700", "2018-09-30": "39.41000", "2018-06-30": "43.41700", "2018-03-31": "44.47600", "2017-12-31": "38.50700", "2017-09-30": "36.05400", "2017-06-30": "39.77500", "2017-03-31": "40.41200", "2016-12-31": "34.95700", "2016-09-30": "35.45600", "2016-06-30": "33.99800", "2016-03-31": "27.71100", "2015-12-31": "34.79100", "2015-09-30": "33.80600", "2015-06-30": "30.41800", "2015-03-31": "39.97400", "2014-12-31": "46.36800", "2014-09-30": "47.33500", "2014-06-30": "43.29000", "2014-03-31": "38.83900", "2013-12-31": "42.89200", "2013-09-30": "45.42300", "2013-06-30": "45.99100", "2013-03-31": "47.99100", "2012-12-31": "38.91400", "2012-09-30": "41.49100", "2012-06-30": "42.07000", "2012-03-31": "51.07700", "2011-12-31": "42.75200", "2011-09-30": "17.53000", "2011-06-30": "16.21900", "2011-03-31": "", "2010-12-31": "12.86000", "2010-09-30": "13.91100", "2010-06-30": "12.66500", "2010-03-31": "", "2009-12-31": "10.07200", "2009-09-30": "15.09200", "2009-06-30": "12.66600", "2009-03-31": "", "2008-12-31": "5.53600", "2008-09-30": "12.07100", "2008-06-30": "14.31400", "2008-03-31": "", "2007-12-31": "7.49900", "2007-09-30": "9.21800", "2007-06-30": "10.14500", "2007-03-31": "", "2006-12-31": "12.98900", "2006-09-30": "11.82200", "2006-06-30": "9.33800", "2006-03-31": "", "2005-12-31": "6.07700", "2005-09-30": "4.36000", "2005-06-30": "4.51700", "2005-03-31": ""}, "Gross Profit": {"2020-09-30": "221.88300", "2020-06-30": "202.47600", "2020-03-31": "199.00900", "2019-12-31": "366.24800", "2019-09-30": "212.92400", "2019-06-30": "233.64900", "2019-03-31": "177.74100", "2018-12-31": "266.64510", "2018-09-30": "209.31000", "2018-06-30": "261.22500", "2018-03-31": "180.67400", "2017-12-31": "236.86300", "2017-09-30": "181.33100", "2017-06-30": "179.06600", "2017-03-31": "151.36600", "2016-12-31": "178.55700", "2016-09-30": "144.78500", "2016-06-30": "161.16700", "2016-03-31": "129.06300", "2015-12-31": "128.30700", "2015-09-30": "118.84700", "2015-06-30": "120.95200", "2015-03-31": "121.24000", "2014-12-31": "128.79300", "2014-09-30": "112.65700", "2014-06-30": "110.13400", "2014-03-31": "91.37300", "2013-12-31": "111.58600", "2013-09-30": "94.37900", "2013-06-30": "92.64000", "2013-03-31": "115.43100", "2012-12-31": "96.99500", "2012-09-30": "82.48700", "2012-06-30": "110.16900", "2012-03-31": "79.39600", "2011-12-31": "82.89100", "2011-09-30": "54.44800", "2011-06-30": "45.66400", "2011-03-31": "", "2010-12-31": "31.11500", "2010-09-30": "35.33600", "2010-06-30": "29.61500", "2010-03-31": "", "2009-12-31": "34.08000", "2009-09-30": "33.06500", "2009-06-30": "34.83000", "2009-03-31": "", "2008-12-31": "150.12500", "2008-09-30": "35.24000", "2008-06-30": "65.67800", "2008-03-31": "", "2007-12-31": "43.27200", "2007-09-30": "49.38200", "2007-06-30": "58.79300", "2007-03-31": "", "2006-12-31": "49.42400", "2006-09-30": "49.34800", "2006-06-30": "42.20000", "2006-03-31": "", "2005-12-31": "35.34100", "2005-09-30": "42.32800", "2005-06-30": "20.32100", "2005-03-31": ""}, "Research And Development Expenses": {"2020-09-30": "94.98000", "2020-06-30": "94.22200", "2020-03-31": "93.27900", "2019-12-31": "198.15700", "2019-09-30": "107.67100", "2019-06-30": "104.43500", "2019-03-31": "102.57000", "2018-12-31": "108.97200", "2018-09-30": "101.26500", "2018-06-30": "106.82300", "2018-03-31": "108.34600", "2017-12-31": "104.49000", "2017-09-30": "104.41100", "2017-06-30": "99.15300", "2017-03-31": "104.83500", "2016-12-31": "89.62600", "2016-09-30": "99.44400", "2016-06-30": "97.00600", "2016-03-31": "101.07200", "2015-12-31": "93.68600", "2015-09-30": "92.55800", "2015-06-30": "87.88200", "2015-03-31": "70.27800", "2014-12-31": "74.43300", "2014-09-30": "78.26300", "2014-06-30": "67.20700", "2014-03-31": "52.14000", "2013-12-31": "48.71600", "2013-09-30": "45.94700", "2013-06-30": "33.46200", "2013-03-31": "35.80000", "2012-12-31": "31.31900", "2012-09-30": "35.08800", "2012-06-30": "37.80600", "2012-03-31": "45.19000", "2011-12-31": "40.49300", "2011-09-30": "28.16000", "2011-06-30": "28.05000", "2011-03-31": "", "2010-12-31": "22.50300", "2010-09-30": "23.93200", "2010-06-30": "22.97700", "2010-03-31": "", "2009-12-31": "22.57700", "2009-09-30": "20.66400", "2009-06-30": "25.58600", "2009-03-31": "", "2008-12-31": "22.66900", "2008-09-30": "19.71000", "2008-06-30": "22.26100", "2008-03-31": "", "2007-12-31": "30.39500", "2007-09-30": "28.31700", "2007-06-30": "32.61900", "2007-03-31": "", "2006-12-31": "29.90800", "2006-09-30": "29.81700", "2006-06-30": "25.86300", "2006-03-31": "", "2005-12-31": "22.50100", "2005-09-30": "19.37000", "2005-06-30": "21.62200", "2005-03-31": ""}, "SG&A Expenses": {"2020-09-30": "127.65300", "2020-06-30": "132.02500", "2020-03-31": "133.37200", "2019-12-31": "154.45300", "2019-09-30": "148.70100", "2019-06-30": "155.07500", "2019-03-31": "141.22000", "2018-12-31": "141.22700", "2018-09-30": "128.77700", "2018-06-30": "138.25700", "2018-03-31": "118.14700", "2017-12-31": "110.89600", "2017-09-30": "99.63300", "2017-06-30": "108.95000", "2017-03-31": "102.09900", "2016-12-31": "97.14500", "2016-09-30": "91.14500", "2016-06-30": "96.12100", "2016-03-31": "89.71900", "2015-12-31": "87.47200", "2015-09-30": "89.49700", "2015-06-30": "71.53900", "2015-03-31": "63.05000", "2014-12-31": "54.80400", "2014-09-30": "51.88800", "2014-06-30": "50.66300", "2014-03-31": "42.55000", "2013-12-31": "44.17100", "2013-09-30": "39.45400", "2013-06-30": "32.93300", "2013-03-31": "34.67900", "2012-12-31": "29.86700", "2012-09-30": "31.42800", "2012-06-30": "29.78400", "2012-03-31": "34.43200", "2011-12-31": "", "2011-09-30": "36.23400", "2011-06-30": "31.49700", "2011-03-31": "", "2010-12-31": "", "2010-09-30": "18.43600", "2010-06-30": "19.72600", "2010-03-31": "", "2009-12-31": "", "2009-09-30": "20.62500", "2009-06-30": "19.26800", "2009-03-31": "", "2008-12-31": "", "2008-09-30": "11.67900", "2008-06-30": "11.92600", "2008-03-31": "", "2007-12-31": "", "2007-09-30": "14.48700", "2007-06-30": "15.40000", "2007-03-31": "", "2006-12-31": "", "2006-09-30": "15.67700", "2006-06-30": "16.53000", "2006-03-31": "", "2005-12-31": "", "2005-09-30": "9.10900", "2005-06-30": "8.95200", "2005-03-31": ""}, "Other Operating Income Or Expenses": {"2020-09-30": "", "2020-06-30": "", "2020-03-31": "", "2019-12-31": "", "2019-09-30": "", "2019-06-30": "", "2019-03-31": "", "2018-12-31": "", "2018-09-30": "", "2018-06-30": "", "2018-03-31": "", "2017-12-31": "", "2017-09-30": "", "2017-06-30": "", "2017-03-31": "", "2016-12-31": "", "2016-09-30": "", "2016-06-30": "", "2016-03-31": "", "2015-12-31": "", "2015-09-30": "", "2015-06-30": "", "2015-03-31": "", "2014-12-31": "", "2014-09-30": "", "2014-06-30": "", "2014-03-31": "", "2013-12-31": "", "2013-09-30": "", "2013-06-30": "", "2013-03-31": "-3.34600", "2012-12-31": "", "2012-09-30": "", "2012-06-30": "", "2012-03-31": "-45.80000", "2011-12-31": "", "2011-09-30": "", "2011-06-30": "", "2011-03-31": "", "2010-12-31": "", "2010-09-30": "", "2010-06-30": "", "2010-03-31": "", "2009-12-31": "", "2009-09-30": "", "2009-06-30": "", "2009-03-31": "", "2008-12-31": "", "2008-09-30": "", "2008-06-30": "", "2008-03-31": "", "2007-12-31": "", "2007-09-30": "", "2007-06-30": "", "2007-03-31": "", "2006-12-31": "", "2006-09-30": "", "2006-06-30": "", "2006-03-31": "", "2005-12-31": "", "2005-09-30": "", "2005-06-30": "", "2005-03-31": ""}, "Operating Expenses": {"2020-09-30": "275.67900", "2020-06-30": "281.19000", "2020-03-31": "283.59000", "2019-12-31": "422.66390", "2019-09-30": "308.86400", "2019-06-30": "315.79500", "2019-03-31": "299.10300", "2018-12-31": "315.74210", "2018-09-30": "285.87800", "2018-06-30": "304.74400", "2018-03-31": "287.03800", "2017-12-31": "269.53510", "2017-09-30": "255.74100", "2017-06-30": "263.35000", "2017-03-31": "262.64800", "2016-12-31": "237.05110", "2016-09-30": "241.36800", "2016-06-30": "242.28200", "2016-03-31": "233.65800", "2015-12-31": "230.15500", "2015-09-30": "230.06800", "2015-06-30": "203.89100", "2015-03-31": "188.52200", "2014-12-31": "190.84900", "2014-09-30": "192.73000", "2014-06-30": "176.24900", "2014-03-31": "146.10500", "2013-12-31": "148.63500", "2013-09-30": "143.68000", "2013-06-30": "125.10200", "2013-03-31": "144.43800", "2012-12-31": "110.64900", "2012-09-30": "118.55400", "2012-06-30": "120.09400", "2012-03-31": "188.14100", "2011-12-31": "", "2011-09-30": "83.74100", "2011-06-30": "75.76600", "2011-03-31": "", "2010-12-31": "", "2010-09-30": "56.27900", "2010-06-30": "55.36800", "2010-03-31": "", "2009-12-31": "", "2009-09-30": "56.38100", "2009-06-30": "57.52000", "2009-03-31": "", "2008-12-31": "", "2008-09-30": "43.46000", "2008-06-30": "48.50100", "2008-03-31": "", "2007-12-31": "", "2007-09-30": "52.02200", "2007-06-30": "58.16400", "2007-03-31": "", "2006-12-31": "", "2006-09-30": "57.31600", "2006-06-30": "51.73100", "2006-03-31": "", "2005-12-31": "", "2005-09-30": "32.83900", "2005-06-30": "35.09100", "2005-03-31": ""}, "Operating Income": {"2020-09-30": "-10.66700", "2020-06-30": "-33.66100", "2020-03-31": "-37.37000", "2019-12-31": "-9.93390", "2019-09-30": "-53.62100", "2019-06-30": "-35.92300", "2019-03-31": "-76.00100", "2018-12-31": "0.02010", "2018-09-30": "-37.15800", "2018-06-30": "-0.10200", "2018-03-31": "-61.88800", "2017-12-31": "5.83490", "2017-09-30": "-38.35600", "2017-06-30": "-44.50900", "2017-03-31": "-70.87000", "2016-12-31": "-23.53700", "2016-09-30": "-61.12700", "2016-06-30": "-47.11700", "2016-03-31": "-76.88400", "2015-12-31": "-67.05700", "2015-09-30": "-77.41500", "2015-06-30": "-52.52100", "2015-03-31": "-27.30800", "2014-12-31": "-15.68800", "2014-09-30": "-32.73800", "2014-06-30": "-22.82500", "2014-03-31": "-15.89300", "2013-12-31": "5.84300", "2013-09-30": "-3.87800", "2013-06-30": "13.52900", "2013-03-31": "18.98400", "2012-12-31": "25.26000", "2012-09-30": "5.42400", "2012-06-30": "32.14500", "2012-03-31": "-57.66800", "2011-12-31": "125.64300", "2011-09-30": "-11.76300", "2011-06-30": "-13.88300", "2011-03-31": "", "2010-12-31": "43.97500", "2010-09-30": "-7.03200", "2010-06-30": "-13.08800", "2010-03-31": "", "2009-12-31": "44.15200", "2009-09-30": "-8.22400", "2009-06-30": "-10.02400", "2009-03-31": "", "2008-12-31": "155.66100", "2008-09-30": "3.85100", "2008-06-30": "31.49100", "2008-03-31": "", "2007-12-31": "50.77100", "2007-09-30": "6.57800", "2007-06-30": "10.77400", "2007-03-31": "", "2006-12-31": "62.41300", "2006-09-30": "3.85400", "2006-06-30": "-0.19300", "2006-03-31": "", "2005-12-31": "41.41800", "2005-09-30": "13.84900", "2005-06-30": "-10.25300", "2005-03-31": ""}, "Total Non-Operating Income/Expense": {"2020-09-30": "12.85900", "2020-06-30": "7.90300", "2020-03-31": "6.04500", "2019-12-31": "7.37700", "2019-09-30": "-0.24000", "2019-06-30": "-4.46300", "2019-03-31": "-24.25100", "2018-12-31": "-1.71100", "2018-09-30": "3.32500", "2018-06-30": "-24.34300", "2018-03-31": "-5.11000", "2017-12-31": "4.95100", "2017-09-30": "2.56600", "2017-06-30": "-1.17100", "2017-03-31": "-1.72000", "2016-12-31": "-0.77600", "2016-09-30": "-4.21500", "2016-06-30": "-0.59600", "2016-03-31": "-0.13500", "2015-12-31": "-5.73600", "2015-09-30": "-0.60500", "2015-06-30": "9.47600", "2015-03-31": "-2.83900", "2014-12-31": "56.46800", "2014-09-30": "-3.69500", "2014-06-30": "25.03700", "2014-03-31": "-4.69500", "2013-12-31": "-2.96900", "2013-09-30": "-3.65100", "2013-06-30": "-3.47700", "2013-03-31": "-11.11800", "2012-12-31": "-4.59700", "2012-09-30": "-21.70900", "2012-06-30": "-8.94800", "2012-03-31": "-10.09700", "2011-12-31": "", "2011-09-30": "-6.84200", "2011-06-30": "0.59100", "2011-03-31": "", "2010-12-31": "", "2010-09-30": "-1.57700", "2010-06-30": "-0.37900", "2010-03-31": "", "2009-12-31": "", "2009-09-30": "-0.54500", "2009-06-30": "-0.21100", "2009-03-31": "", "2008-12-31": "", "2008-09-30": "-2.21600", "2008-06-30": "-0.77400", "2008-03-31": "", "2007-12-31": "", "2007-09-30": "1.32000", "2007-06-30": "0.35500", "2007-03-31": "", "2006-12-31": "", "2006-09-30": "0.03600", "2006-06-30": "-0.35100", "2006-03-31": "", "2005-12-31": "", "2005-09-30": "-2.09700", "2005-06-30": "-3.48400", "2005-03-31": ""}, "Pre-Tax Income": {"2020-09-30": "2.19200", "2020-06-30": "-25.75800", "2020-03-31": "-31.32500", "2019-12-31": "-2.55700", "2019-09-30": "-53.86100", "2019-06-30": "-40.38600", "2019-03-31": "-100.25200", "2018-12-31": "-1.69100", "2018-09-30": "-33.83300", "2018-06-30": "-24.44500", "2018-03-31": "-66.99800", "2017-12-31": "10.78600", "2017-09-30": "-35.79000", "2017-06-30": "-45.68000", "2017-03-31": "-72.59000", "2016-12-31": "-24.31300", "2016-09-30": "-65.34200", "2016-06-30": "-47.71300", "2016-03-31": "-77.01900", "2015-12-31": "-72.79300", "2015-09-30": "-78.02000", "2015-06-30": "-43.04500", "2015-03-31": "-30.14700", "2014-12-31": "40.78000", "2014-09-30": "-36.43300", "2014-06-30": "2.21200", "2014-03-31": "-20.58800", "2013-12-31": "2.87400", "2013-09-30": "-7.52900", "2013-06-30": "10.05200", "2013-03-31": "7.86600", "2012-12-31": "20.66300", "2012-09-30": "-16.28500", "2012-06-30": "23.19700", "2012-03-31": "-67.76500", "2011-12-31": "-14.73000", "2011-09-30": "-18.60500", "2011-06-30": "-13.29200", "2011-03-31": "", "2010-12-31": "-11.34200", "2010-09-30": "-8.60900", "2010-06-30": "-13.46700", "2010-03-31": "", "2009-12-31": "-6.80200", "2009-09-30": "-8.76900", "2009-06-30": "-10.23500", "2009-03-31": "", "2008-12-31": "112.38500", "2008-09-30": "1.63500", "2008-06-30": "30.71700", "2008-03-31": "", "2007-12-31": "172.07000", "2007-09-30": "7.89800", "2007-06-30": "11.12900", "2007-03-31": "", "2006-12-31": "3.35900", "2006-09-30": "3.89000", "2006-06-30": "-0.54400", "2006-03-31": "", "2005-12-31": "1.40700", "2005-09-30": "11.75200", "2005-06-30": "-13.73700", "2005-03-31": ""}, "Income Taxes": {"2020-09-30": "2.32600", "2020-06-30": "3.67300", "2020-03-31": "7.32900", "2019-12-31": "2.79700", "2019-09-30": "-0.98300", "2019-06-30": "1.60400", "2019-03-31": "-3.85400", "2018-12-31": "8.02200", "2018-09-30": "0.61100", "2018-06-30": "8.20400", "2018-03-31": "-4.49300", "2017-12-31": "20.57500", "2017-09-30": "0.48600", "2017-06-30": "-2.68100", "2017-03-31": "-3.70900", "2016-12-31": "-3.17200", "2016-09-30": "-2.65500", "2016-06-30": "-0.52000", "2016-03-31": "0.40400", "2015-12-31": "-3.41100", "2015-09-30": "2.99500", "2015-06-30": "3.06400", "2015-03-31": "0.51000", "2014-12-31": "10.26600", "2014-09-30": "3.52300", "2014-06-30": "-1.52300", "2014-03-31": "3.76600", "2013-12-31": "-15.20300", "2013-09-30": "0.23300", "2013-06-30": "2.71800", "2013-03-31": "4.86700", "2012-12-31": "4.40500", "2012-09-30": "0.42200", "2012-06-30": "0.76400", "2012-03-31": "-4.40800", "2011-12-31": "0.09800", "2011-09-30": "3.65000", "2011-06-30": "-0.05400", "2011-03-31": "", "2010-12-31": "0.04100", "2010-09-30": "-0.94300", "2010-06-30": "-0.05800", "2010-03-31": "", "2009-12-31": "0.01500", "2009-09-30": "-0.06000", "2009-06-30": "-0.07000", "2009-03-31": "", "2008-12-31": "-0.33000", "2008-09-30": "-0.06300", "2008-06-30": "1.03000", "2008-03-31": "", "2007-12-31": "3.18900", "2007-09-30": "0.20000", "2007-06-30": "2.38200", "2007-03-31": "", "2006-12-31": "0.42600", "2006-09-30": "0.16400", "2006-06-30": "0.17100", "2006-03-31": "", "2005-12-31": "", "2005-09-30": "", "2005-06-30": "", "2005-03-31": ""}, "Income After Taxes": {"2020-09-30": "-0.13400", "2020-06-30": "-29.43100", "2020-03-31": "-38.65400", "2019-12-31": "-5.35400", "2019-09-30": "-52.87800", "2019-06-30": "-41.99000", "2019-03-31": "-96.39800", "2018-12-31": "-9.71300", "2018-09-30": "-34.44400", "2018-06-30": "-32.64900", "2018-03-31": "-62.50500", "2017-12-31": "-9.78900", "2017-09-30": "-36.27600", "2017-06-30": "-42.99900", "2017-03-31": "-68.88100", "2016-12-31": "-21.14100", "2016-09-30": "-62.68700", "2016-06-30": "-47.19300", "2016-03-31": "-77.42300", "2015-12-31": "-69.38200", "2015-09-30": "-81.01500", "2015-06-30": "-46.10900", "2015-03-31": "-30.65700", "2014-12-31": "30.51400", "2014-09-30": "-39.95600", "2014-06-30": "3.73500", "2014-03-31": "-24.35400", "2013-12-31": "18.07700", "2013-09-30": "-7.76200", "2013-06-30": "7.33400", "2013-03-31": "2.99900", "2012-12-31": "16.25800", "2012-09-30": "-16.70700", "2012-06-30": "22.43300", "2012-03-31": "-63.35700", "2011-12-31": "", "2011-09-30": "-22.25500", "2011-06-30": "-13.23800", "2011-03-31": "", "2010-12-31": "", "2010-09-30": "-7.66600", "2010-06-30": "-13.40900", "2010-03-31": "", "2009-12-31": "", "2009-09-30": "-8.70900", "2009-06-30": "-10.16500", "2009-03-31": "", "2008-12-31": "", "2008-09-30": "1.69800", "2008-06-30": "29.68700", "2008-03-31": "", "2007-12-31": "", "2007-09-30": "7.69800", "2007-06-30": "8.74700", "2007-03-31": "", "2006-12-31": "", "2006-09-30": "3.72600", "2006-06-30": "-0.71500", "2006-03-31": "", "2005-12-31": "", "2005-09-30": "11.75200", "2005-06-30": "-13.73700", "2005-03-31": ""}, "Other Income": {"2020-09-30": "", "2020-06-30": "", "2020-03-31": "", "2019-12-31": "", "2019-09-30": "", "2019-06-30": "", "2019-03-31": "", "2018-12-31": "", "2018-09-30": "", "2018-06-30": "", "2018-03-31": "", "2017-12-31": "", "2017-09-30": "", "2017-06-30": "", "2017-03-31": "", "2016-12-31": "", "2016-09-30": "", "2016-06-30": "", "2016-03-31": "", "2015-12-31": "", "2015-09-30": "", "2015-06-30": "", "2015-03-31": "", "2014-12-31": "", "2014-09-30": "", "2014-06-30": "", "2014-03-31": "", "2013-12-31": "", "2013-09-30": "", "2013-06-30": "", "2013-03-31": "", "2012-12-31": "", "2012-09-30": "", "2012-06-30": "", "2012-03-31": "", "2011-12-31": "", "2011-09-30": "", "2011-06-30": "", "2011-03-31": "", "2010-12-31": "", "2010-09-30": "", "2010-06-30": "", "2010-03-31": "", "2009-12-31": "", "2009-09-30": "", "2009-06-30": "", "2009-03-31": "", "2008-12-31": "", "2008-09-30": "", "2008-06-30": "", "2008-03-31": "", "2007-12-31": "", "2007-09-30": "", "2007-06-30": "", "2007-03-31": "", "2006-12-31": "", "2006-09-30": "", "2006-06-30": "", "2006-03-31": "", "2005-12-31": "", "2005-09-30": "", "2005-06-30": "", "2005-03-31": ""}, "Income From Continuous Operations": {"2020-09-30": "-0.13400", "2020-06-30": "-29.43100", "2020-03-31": "-38.65400", "2019-12-31": "-5.35400", "2019-09-30": "-52.87800", "2019-06-30": "-41.99000", "2019-03-31": "-96.39800", "2018-12-31": "-9.71300", "2018-09-30": "-34.44400", "2018-06-30": "-32.64900", "2018-03-31": "-62.50500", "2017-12-31": "-9.78900", "2017-09-30": "-36.27600", "2017-06-30": "-42.99900", "2017-03-31": "-68.88100", "2016-12-31": "-21.14100", "2016-09-30": "-62.68700", "2016-06-30": "-47.19300", "2016-03-31": "-77.42300", "2015-12-31": "-69.38200", "2015-09-30": "-81.01500", "2015-06-30": "-46.10900", "2015-03-31": "-30.65700", "2014-12-31": "30.51400", "2014-09-30": "-39.95600", "2014-06-30": "3.73500", "2014-03-31": "-24.35400", "2013-12-31": "18.07700", "2013-09-30": "-7.76200", "2013-06-30": "7.33400", "2013-03-31": "2.99900", "2012-12-31": "16.25800", "2012-09-30": "-16.70700", "2012-06-30": "22.43300", "2012-03-31": "-63.35700", "2011-12-31": "", "2011-09-30": "-22.25500", "2011-06-30": "-13.23800", "2011-03-31": "", "2010-12-31": "", "2010-09-30": "-7.66600", "2010-06-30": "-13.40900", "2010-03-31": "", "2009-12-31": "", "2009-09-30": "-8.70900", "2009-06-30": "-10.16500", "2009-03-31": "", "2008-12-31": "", "2008-09-30": "1.69800", "2008-06-30": "29.68700", "2008-03-31": "", "2007-12-31": "", "2007-09-30": "7.69800", "2007-06-30": "8.74700", "2007-03-31": "", "2006-12-31": "", "2006-09-30": "3.72600", "2006-06-30": "-0.71500", "2006-03-31": "", "2005-12-31": "", "2005-09-30": "11.75200", "2005-06-30": "-13.73700", "2005-03-31": ""}, "Income From Discontinued Operations": {"2020-09-30": "", "2020-06-30": "", "2020-03-31": "", "2019-12-31": "", "2019-09-30": "", "2019-06-30": "", "2019-03-31": "", "2018-12-31": "", "2018-09-30": "", "2018-06-30": "", "2018-03-31": "", "2017-12-31": "", "2017-09-30": "", "2017-06-30": "", "2017-03-31": "", "2016-12-31": "", "2016-09-30": "", "2016-06-30": "", "2016-03-31": "", "2015-12-31": "", "2015-09-30": "", "2015-06-30": "", "2015-03-31": "", "2014-12-31": "", "2014-09-30": "", "2014-06-30": "", "2014-03-31": "", "2013-12-31": "", "2013-09-30": "", "2013-06-30": "", "2013-03-31": "", "2012-12-31": "", "2012-09-30": "", "2012-06-30": "", "2012-03-31": "", "2011-12-31": "", "2011-09-30": "", "2011-06-30": "", "2011-03-31": "", "2010-12-31": "", "2010-09-30": "", "2010-06-30": "", "2010-03-31": "", "2009-12-31": "", "2009-09-30": "", "2009-06-30": "", "2009-03-31": "", "2008-12-31": "", "2008-09-30": "", "2008-06-30": "", "2008-03-31": "", "2007-12-31": "", "2007-09-30": "", "2007-06-30": "", "2007-03-31": "", "2006-12-31": "", "2006-09-30": "", "2006-06-30": "", "2006-03-31": "", "2005-12-31": "", "2005-09-30": "", "2005-06-30": "", "2005-03-31": ""}, "Net Income": {"2020-09-30": "-0.13400", "2020-06-30": "-29.43100", "2020-03-31": "-38.65400", "2019-12-31": "-5.35400", "2019-09-30": "-52.87800", "2019-06-30": "-41.99000", "2019-03-31": "-96.39800", "2018-12-31": "-9.71300", "2018-09-30": "-34.44400", "2018-06-30": "-32.64900", "2018-03-31": "-62.50500", "2017-12-31": "-9.78900", "2017-09-30": "-36.27600", "2017-06-30": "-42.99900", "2017-03-31": "-68.88100", "2016-12-31": "-21.14100", "2016-09-30": "-62.68700", "2016-06-30": "-47.19300", "2016-03-31": "-77.42300", "2015-12-31": "-69.38200", "2015-09-30": "-81.01500", "2015-06-30": "-46.10900", "2015-03-31": "-30.65700", "2014-12-31": "30.51400", "2014-09-30": "-39.95600", "2014-06-30": "3.73500", "2014-03-31": "-24.35400", "2013-12-31": "18.07700", "2013-09-30": "-7.76200", "2013-06-30": "7.33400", "2013-03-31": "2.99900", "2012-12-31": "16.25800", "2012-09-30": "-16.70700", "2012-06-30": "22.43300", "2012-03-31": "-63.35700", "2011-12-31": "-14.82800", "2011-09-30": "-22.25500", "2011-06-30": "-13.23800", "2011-03-31": "", "2010-12-31": "-11.38300", "2010-09-30": "-7.66600", "2010-06-30": "-13.40900", "2010-03-31": "", "2009-12-31": "-6.81700", "2009-09-30": "-8.70900", "2009-06-30": "-10.16500", "2009-03-31": "", "2008-12-31": "112.71500", "2008-09-30": "1.69800", "2008-06-30": "29.68700", "2008-03-31": "", "2007-12-31": "168.88100", "2007-09-30": "7.69800", "2007-06-30": "8.74700", "2007-03-31": "", "2006-12-31": "2.93300", "2006-09-30": "3.72600", "2006-06-30": "-0.71500", "2006-03-31": "", "2005-12-31": "1.40700", "2005-09-30": "11.75200", "2005-06-30": "-13.73700", "2005-03-31": ""}, "EBITDA": {"2020-09-30": "9.91200", "2020-06-30": "-13.32300", "2020-03-31": "-16.76200", "2019-12-31": "10.57810", "2019-09-30": "-33.27600", "2019-06-30": "-16.00900", "2019-03-31": "-56.35900", "2018-12-31": "25.92210", "2018-09-30": "-10.89100", "2018-06-30": "25.66700", "2018-03-31": "-36.16600", "2017-12-31": "31.05290", "2017-09-30": "-13.32000", "2017-06-30": "-20.00300", "2017-03-31": "-47.10700", "2016-12-31": "1.11400", "2016-09-30": "-37.30800", "2016-06-30": "-24.03400", "2016-03-31": "-54.18100", "2015-12-31": "-45.27600", "2015-09-30": "-56.70800", "2015-06-30": "-31.90000", "2015-03-31": "-4.82100", "2014-12-31": "9.68000", "2014-09-30": "-7.50500", "2014-06-30": "2.10800", "2014-03-31": "6.66000", "2013-12-31": "10.88600", "2013-09-30": "19.79600", "2013-06-30": "37.25600", "2013-03-31": "37.30500", "2012-12-31": "43.86100", "2012-09-30": "24.23500", "2012-06-30": "32.14500", "2012-03-31": "-57.66800", "2011-12-31": "146.51700", "2011-09-30": "-7.29400", "2011-06-30": "-13.88300", "2011-03-31": "", "2010-12-31": "46.12300", "2010-09-30": "-5.07500", "2010-06-30": "-13.08800", "2010-03-31": "", "2009-12-31": "48.98400", "2009-09-30": "-2.69000", "2009-06-30": "-10.02400", "2009-03-31": "", "2008-12-31": "158.26100", "2008-09-30": "6.23500", "2008-06-30": "31.49100", "2008-03-31": "", "2007-12-31": "54.03700", "2007-09-30": "9.76200", "2007-06-30": "10.77400", "2007-03-31": "", "2006-12-31": "65.48400", "2006-09-30": "6.79500", "2006-06-30": "-0.19300", "2006-03-31": "", "2005-12-31": "44.09100", "2005-09-30": "16.45400", "2005-06-30": "-10.25300", "2005-03-31": ""}, "EBIT": {"2020-09-30": "-10.66700", "2020-06-30": "-33.66100", "2020-03-31": "-37.37000", "2019-12-31": "-9.93390", "2019-09-30": "-53.62100", "2019-06-30": "-35.92300", "2019-03-31": "-76.00100", "2018-12-31": "0.02000", "2018-09-30": "-37.15800", "2018-06-30": "-0.10200", "2018-03-31": "-61.88800", "2017-12-31": "5.83500", "2017-09-30": "-38.35600", "2017-06-30": "-44.50900", "2017-03-31": "-70.87000", "2016-12-31": "-23.53710", "2016-09-30": "-61.12700", "2016-06-30": "-47.11700", "2016-03-31": "-76.88400", "2015-12-31": "-67.05700", "2015-09-30": "-77.41500", "2015-06-30": "-52.52100", "2015-03-31": "-27.30800", "2014-12-31": "-15.68800", "2014-09-30": "-32.73800", "2014-06-30": "-22.82500", "2014-03-31": "-15.89300", "2013-12-31": "5.84300", "2013-09-30": "-3.87800", "2013-06-30": "13.52900", "2013-03-31": "18.98400", "2012-12-31": "25.26000", "2012-09-30": "5.42400", "2012-06-30": "32.14500", "2012-03-31": "-57.66800", "2011-12-31": "", "2011-09-30": "-11.76300", "2011-06-30": "-13.88300", "2011-03-31": "", "2010-12-31": "", "2010-09-30": "-7.03200", "2010-06-30": "-13.08800", "2010-03-31": "", "2009-12-31": "", "2009-09-30": "-8.22400", "2009-06-30": "-10.02400", "2009-03-31": "", "2008-12-31": "", "2008-09-30": "3.85100", "2008-06-30": "31.49100", "2008-03-31": "", "2007-12-31": "", "2007-09-30": "6.57800", "2007-06-30": "10.77400", "2007-03-31": "", "2006-12-31": "", "2006-09-30": "3.85400", "2006-06-30": "-0.19300", "2006-03-31": "", "2005-12-31": "", "2005-09-30": "13.84900", "2005-06-30": "-10.25300", "2005-03-31": ""}, "Basic Shares Outstanding": {"2020-09-30": "159.06200", "2020-06-30": "158.89500", "2020-03-31": "158.09500", "2019-12-31": "157.05100", "2019-09-30": "157.19900", "2019-06-30": "156.99100", "2019-03-31": "156.33600", "2018-12-31": "155.11200", "2018-09-30": "155.32800", "2018-06-30": "155.17600", "2018-03-31": "154.42400", "2017-12-31": "153.41500", "2017-09-30": "153.68400", "2017-06-30": "153.39200", "2017-03-31": "152.70400", "2016-12-31": "151.48400", "2016-09-30": "151.65200", "2016-06-30": "151.30100", "2016-03-31": "150.82500", "2015-12-31": "149.20600", "2015-09-30": "149.51200", "2015-06-30": "148.86700", "2015-03-31": "148.08900", "2014-12-31": "145.27400", "2014-09-30": "145.89600", "2014-06-30": "144.91300", "2014-03-31": "143.35800", "2013-12-31": "137.15800", "2013-09-30": "136.10600", "2013-06-30": "134.60200", "2013-03-31": "133.27200", "2012-12-31": "132.09700", "2012-09-30": "131.06700", "2012-06-30": "130.43400", "2012-03-31": "129.98600", "2011-12-31": "129.67000", "2011-09-30": "102.47400", "2011-06-30": "96.64900", "2011-03-31": "", "2010-12-31": "95.66700", "2010-09-30": "95.51100", "2010-06-30": "95.32600", "2010-03-31": "", "2009-12-31": "94.78400", "2009-09-30": "94.88600", "2009-06-30": "94.88300", "2009-03-31": "", "2008-12-31": "95.31600", "2008-09-30": "95.63700", "2008-06-30": "95.36100", "2008-03-31": "", "2007-12-31": "101.70300", "2007-09-30": "101.59500", "2007-06-30": "101.32400", "2007-03-31": "", "2006-12-31": "100.89600", "2006-09-30": "101.33100", "2006-06-30": "93.78400", "2006-03-31": "", "2005-12-31": "91.50500", "2005-09-30": "90.55800", "2005-06-30": "90.41000", "2005-03-31": ""}, "Shares Outstanding": {"2020-09-30": "159.06200", "2020-06-30": "158.89500", "2020-03-31": "158.09500", "2019-12-31": "157.05100", "2019-09-30": "157.19900", "2019-06-30": "156.99100", "2019-03-31": "156.33600", "2018-12-31": "155.11200", "2018-09-30": "155.32800", "2018-06-30": "155.17600", "2018-03-31": "154.42400", "2017-12-31": "153.41500", "2017-09-30": "153.68400", "2017-06-30": "153.39200", "2017-03-31": "152.70400", "2016-12-31": "151.48400", "2016-09-30": "151.65200", "2016-06-30": "151.30100", "2016-03-31": "150.82500", "2015-12-31": "149.20600", "2015-09-30": "149.51200", "2015-06-30": "148.86700", "2015-03-31": "148.08900", "2014-12-31": "145.27400", "2014-09-30": "145.89600", "2014-06-30": "154.30000", "2014-03-31": "143.35800", "2013-12-31": "146.30400", "2013-09-30": "136.10600", "2013-06-30": "143.36900", "2013-03-31": "139.67700", "2012-12-31": "137.49700", "2012-09-30": "131.06700", "2012-06-30": "134.94500", "2012-03-31": "129.98600", "2011-12-31": "129.67000", "2011-09-30": "102.47400", "2011-06-30": "96.64900", "2011-03-31": "", "2010-12-31": "95.66700", "2010-09-30": "95.51100", "2010-06-30": "95.32600", "2010-03-31": "", "2009-12-31": "94.78400", "2009-09-30": "94.88600", "2009-06-30": "94.88300", "2009-03-31": "", "2008-12-31": "95.81800", "2008-09-30": "97.35600", "2008-06-30": "96.63100", "2008-03-31": "", "2007-12-31": "103.91400", "2007-09-30": "104.31500", "2007-06-30": "104.19100", "2007-03-31": "", "2006-12-31": "104.74600", "2006-09-30": "105.54300", "2006-06-30": "93.78400", "2006-03-31": "", "2005-12-31": "96.72000", "2005-09-30": "96.59900", "2005-06-30": "90.41000", "2005-03-31": ""}, "Basic EPS": {"2020-09-30": "0.00000", "2020-06-30": "-0.19000", "2020-03-31": "-0.24000", "2019-12-31": "-0.02000", "2019-09-30": "-0.34000", "2019-06-30": "-0.27000", "2019-03-31": "-0.62000", "2018-12-31": "-0.07000", "2018-09-30": "-0.22000", "2018-06-30": "-0.21000", "2018-03-31": "-0.40000", "2017-12-31": "-0.06000", "2017-09-30": "-0.24000", "2017-06-30": "-0.28000", "2017-03-31": "-0.45000", "2016-12-31": "-0.15000", "2016-09-30": "-0.41000", "2016-06-30": "-0.31000", "2016-03-31": "-0.51000", "2015-12-31": "-0.46000", "2015-09-30": "-0.54000", "2015-06-30": "-0.31000", "2015-03-31": "-0.21000", "2014-12-31": "0.20000", "2014-09-30": "-0.27000", "2014-06-30": "0.03000", "2014-03-31": "-0.17000", "2013-12-31": "0.13000", "2013-09-30": "-0.06000", "2013-06-30": "0.05000", "2013-03-31": "0.02000", "2012-12-31": "0.12000", "2012-09-30": "-0.13000", "2012-06-30": "0.17000", "2012-03-31": "-0.49000", "2011-12-31": "-0.11000", "2011-09-30": "-0.22000", "2011-06-30": "-0.14000", "2011-03-31": "", "2010-12-31": "-0.12000", "2010-09-30": "-0.08000", "2010-06-30": "-0.14000", "2010-03-31": "", "2009-12-31": "-0.07000", "2009-09-30": "-0.09000", "2009-06-30": "-0.11000", "2009-03-31": "", "2008-12-31": "1.18000", "2008-09-30": "0.02000", "2008-06-30": "0.31000", "2008-03-31": "", "2007-12-31": "1.66000", "2007-09-30": "0.08000", "2007-06-30": "0.09000", "2007-03-31": "", "2006-12-31": "0.03000", "2006-09-30": "0.04000", "2006-06-30": "-0.01000", "2006-03-31": "", "2005-12-31": "0.02000", "2005-09-30": "0.13000", "2005-06-30": "-0.15000", "2005-03-31": ""}, "EPS - Earnings Per Share": {"2020-09-30": "0.00000", "2020-06-30": "-0.19000", "2020-03-31": "-0.24000", "2019-12-31": "-0.02000", "2019-09-30": "-0.34000", "2019-06-30": "-0.27000", "2019-03-31": "-0.62000", "2018-12-31": "-0.07000", "2018-09-30": "-0.22000", "2018-06-30": "-0.21000", "2018-03-31": "-0.40000", "2017-12-31": "-0.06000", "2017-09-30": "-0.24000", "2017-06-30": "-0.28000", "2017-03-31": "-0.45000", "2016-12-31": "-0.15000", "2016-09-30": "-0.41000", "2016-06-30": "-0.31000", "2016-03-31": "-0.51000", "2015-12-31": "-0.46000", "2015-09-30": "-0.54000", "2015-06-30": "-0.31000", "2015-03-31": "-0.21000", "2014-12-31": "0.21000", "2014-09-30": "-0.27000", "2014-06-30": "0.02000", "2014-03-31": "-0.17000", "2013-12-31": "0.12000", "2013-09-30": "-0.06000", "2013-06-30": "0.05000", "2013-03-31": "0.02000", "2012-12-31": "0.12000", "2012-09-30": "-0.13000", "2012-06-30": "0.17000", "2012-03-31": "-0.49000", "2011-12-31": "-0.11000", "2011-09-30": "-0.22000", "2011-06-30": "-0.14000", "2011-03-31": "0.00000", "2010-12-31": "-0.12000", "2010-09-30": "-0.08000", "2010-06-30": "-0.14000", "2010-03-31": "0.00000", "2009-12-31": "-0.07000", "2009-09-30": "-0.09000", "2009-06-30": "-0.11000", "2009-03-31": "0.00000", "2008-12-31": "1.18000", "2008-09-30": "0.02000", "2008-06-30": "0.31000", "2008-03-31": "0.00000", "2007-12-31": "1.63000", "2007-09-30": "0.07000", "2007-06-30": "0.08000", "2007-03-31": "0.00000", "2006-12-31": "0.03000", "2006-09-30": "0.04000", "2006-06-30": "-0.01000", "2006-03-31": "0.00000", "2005-12-31": "0.01000", "2005-09-30": "0.12000", "2005-06-30": "-0.15000", "2005-03-31": "0.00000"}}, "balance sheet": {"Cash On Hand": {"2019-12-31": "534.97900", "2018-12-31": "539.29500", "2017-12-31": "433.50400", "2016-12-31": "497.23400", "2015-12-31": "534.77800", "2014-12-31": "631.16600", "2013-12-31": "362.23100", "2013-03-31": "221.35200", "2012-03-31": "190.44700", "2011-03-31": "201.32200", "2010-03-31": "281.37700", "2009-03-31": "323.66100", "2008-03-31": "341.30500", "2007-03-31": "351.58200", "2006-03-31": "297.96700", "2005-03-31": "202.56700"}, "Receivables": {"2019-12-31": "257.08600", "2018-12-31": "292.22300", "2017-12-31": "233.59000", "2016-12-31": "191.10200", "2015-12-31": "155.48700", "2014-12-31": "151.55100", "2013-12-31": "134.15400", "2013-03-31": "124.62000", "2012-03-31": "96.38100", "2011-03-31": "22.96900", "2010-03-31": "25.31600", "2009-03-31": "24.58800", "2008-03-31": "47.24900", "2007-03-31": "56.04900", "2006-03-31": "39.80200", "2005-03-31": "18.81500"}, "Inventory": {"2019-12-31": "101.80300", "2018-12-31": "90.19600", "2017-12-31": "93.27500", "2016-12-31": "62.99800", "2015-12-31": "38.41100", "2014-12-31": "51.35700", "2013-12-31": "46.21800", "2013-03-31": "43.48300", "2012-03-31": "39.75900", "2011-03-31": "20.42500", "2010-03-31": "20.65300", "2009-03-31": "20.29700", "2008-03-31": "18.88400", "2007-03-31": "18.19000", "2006-03-31": "7.34100", "2005-03-31": "3.76600"}, "Pre-Paid Expenses": {"2019-12-31": "59.71600", "2018-12-31": "53.30800", "2017-12-31": "48.47500", "2016-12-31": "39.34400", "2015-12-31": "26.28600", "2014-12-31": "29.28900", "2013-12-31": "14.75800", "2013-03-31": "19.13300", "2012-03-31": "12.56600", "2011-03-31": "8.24400", "2010-03-31": "10.93600", "2009-03-31": "7.50000", "2008-03-31": "5.72000", "2007-03-31": "7.05400", "2006-03-31": "2.78200", "2005-03-31": "2.58000"}, "Other Current Assets": {"2019-12-31": "8.38600", "2018-12-31": "8.23000", "2017-12-31": "", "2016-12-31": "", "2015-12-31": "", "2014-12-31": "", "2013-12-31": "", "2013-03-31": "", "2012-03-31": "", "2011-03-31": "", "2010-03-31": "", "2009-03-31": "", "2008-03-31": "", "2007-03-31": "", "2006-03-31": "", "2005-03-31": ""}, "Total Current Assets": {"2019-12-31": "961.97000", "2018-12-31": "983.25200", "2017-12-31": "808.84400", "2016-12-31": "790.67800", "2015-12-31": "754.96200", "2014-12-31": "876.79300", "2013-12-31": "570.13800", "2013-03-31": "408.58800", "2012-03-31": "339.15300", "2011-03-31": "252.96000", "2010-03-31": "338.28200", "2009-03-31": "376.04600", "2008-03-31": "413.15800", "2007-03-31": "432.87500", "2006-03-31": "347.89200", "2005-03-31": "227.72800"}, "Property, Plant, And Equipment": {"2019-12-31": "362.16800", "2018-12-31": "309.98700", "2017-12-31": "284.73600", "2016-12-31": "264.78500", "2015-12-31": "254.81900", "2014-12-31": "265.74000", "2013-12-31": "274.49000", "2013-03-31": "288.43500", "2012-03-31": "302.99500", "2011-03-31": "95.02000", "2010-03-31": "96.90500", "2009-03-31": "106.46100", "2008-03-31": "112.53900", "2007-03-31": "123.59500", "2006-03-31": "112.91700", "2005-03-31": "95.18800"}, "Long-Term Investments": {"2019-12-31": "79.39100", "2018-12-31": "80.74400", "2017-12-31": "157.21200", "2016-12-31": "121.93100", "2015-12-31": "264.07100", "2014-12-31": "170.48000", "2013-12-31": "87.76400", "2013-03-31": "82.82700", "2012-03-31": "55.69100", "2011-03-31": "93.40800", "2010-03-31": "68.81600", "2009-03-31": "80.82100", "2008-03-31": "119.05600", "2007-03-31": "5.88400", "2006-03-31": "5.14500", "2005-03-31": "4.90300"}, "Goodwill And Intangible Assets": {"2019-12-31": "243.51600", "2018-12-31": "283.87400", "2017-12-31": "349.04100", "2016-12-31": "411.10000", "2015-12-31": "472.05900", "2014-12-31": "573.62400", "2013-12-31": "630.30500", "2013-03-31": "668.73300", "2012-03-31": "710.58500", "2011-03-31": "", "2010-03-31": "", "2009-03-31": "", "2008-03-31": "", "2007-03-31": "", "2006-03-31": "", "2005-03-31": ""}, "Other Long-Term Assets": {"2019-12-31": "49.42100", "2018-12-31": "81.34300", "2017-12-31": "98.83400", "2016-12-31": "90.16100", "2015-12-31": "68.97700", "2014-12-31": "24.12700", "2013-12-31": "14.89100", "2013-03-31": "21.70800", "2012-03-31": "26.79300", "2011-03-31": "11.06000", "2010-03-31": "11.59700", "2009-03-31": "3.15800", "2008-03-31": "11.55800", "2007-03-31": "6.26700", "2006-03-31": "11.20900", "2005-03-31": "11.05500"}, "Total Long-Term Assets": {"2019-12-31": "843.43300", "2018-12-31": "841.75510", "2017-12-31": "988.38300", "2016-12-31": "935.74500", "2015-12-31": "1100.78200", "2014-12-31": "1042.26500", "2013-12-31": "1007.45000", "2013-03-31": "1061.70300", "2012-03-31": "1096.06400", "2011-03-31": "199.48800", "2010-03-31": "177.31800", "2009-03-31": "190.44000", "2008-03-31": "243.15300", "2007-03-31": "135.74600", "2006-03-31": "129.27100", "2005-03-31": "111.14600"}, "Total Assets": {"2019-12-31": "1805.40300", "2018-12-31": "1825.00700", "2017-12-31": "1797.22700", "2016-12-31": "1726.42300", "2015-12-31": "1855.74400", "2014-12-31": "1919.05800", "2013-12-31": "1577.58800", "2013-03-31": "1470.29100", "2012-03-31": "1435.21700", "2011-03-31": "452.44800", "2010-03-31": "515.60000", "2009-03-31": "566.48600", "2008-03-31": "656.31100", "2007-03-31": "568.62100", "2006-03-31": "477.16300", "2005-03-31": "338.87400"}, "Total Current Liabilities": {"2019-12-31": "391.11200", "2018-12-31": "339.77400", "2017-12-31": "291.12200", "2016-12-31": "211.99300", "2015-12-31": "236.20700", "2014-12-31": "130.58200", "2013-12-31": "100.89700", "2013-03-31": "85.93000", "2012-03-31": "89.16400", "2011-03-31": "48.05700", "2010-03-31": "91.14400", "2009-03-31": "68.99000", "2008-03-31": "42.02000", "2007-03-31": "62.06000", "2006-03-31": "125.66000", "2005-03-31": "23.66800"}, "Long Term Debt": {"2019-12-31": "274.29500", "2018-12-31": "276.46500", "2017-12-31": "278.43600", "2016-12-31": "280.66600", "2015-12-31": "284.20700", "2014-12-31": "349.00600", "2013-12-31": "357.54300", "2013-03-31": "362.25800", "2012-03-31": "441.36000", "2011-03-31": "", "2010-03-31": "", "2009-03-31": "50.22100", "2008-03-31": "160.32400", "2007-03-31": "156.85100", "2006-03-31": "279.51800", "2005-03-31": "276.48500"}, "Other Non-Current Liabilities": {"2019-12-31": "27.14400", "2018-12-31": "27.95800", "2017-12-31": "19.20400", "2016-12-31": "17.16100", "2015-12-31": "13.08000", "2014-12-31": "11.91400", "2013-12-31": "12.58000", "2013-03-31": "23.26000", "2012-03-31": "8.75100", "2011-03-31": "7.53600", "2010-03-31": "6.73500", "2009-03-31": "7.14900", "2008-03-31": "9.08600", "2007-03-31": "6.79600", "2006-03-31": "6.82100", "2005-03-31": "4.60900"}, "Total Long Term Liabilities": {"2019-12-31": "328.84900", "2018-12-31": "313.94800", "2017-12-31": "303.29700", "2016-12-31": "304.94900", "2015-12-31": "305.26200", "2014-12-31": "391.63900", "2013-12-31": "411.50500", "2013-03-31": "431.98700", "2012-03-31": "492.20100", "2011-03-31": "12.37300", "2010-03-31": "11.84000", "2009-03-31": "62.60800", "2008-03-31": "308.97700", "2007-03-31": "303.10000", "2006-03-31": "303.28700", "2005-03-31": "281.09400"}, "Total Liabilities": {"2019-12-31": "719.96100", "2018-12-31": "653.72200", "2017-12-31": "594.41900", "2016-12-31": "516.94200", "2015-12-31": "541.46900", "2014-12-31": "522.22100", "2013-12-31": "512.40200", "2013-03-31": "517.91700", "2012-03-31": "581.36500", "2011-03-31": "60.43000", "2010-03-31": "102.98400", "2009-03-31": "131.59800", "2008-03-31": "350.99700", "2007-03-31": "365.16000", "2006-03-31": "428.94700", "2005-03-31": "304.76200"}, "Common Stock Net": {"2019-12-31": "1.60200", "2018-12-31": "1.57900", "2017-12-31": "1.55700", "2016-12-31": "1.53900", "2015-12-31": "1.51800", "2014-12-31": "1.48200", "2013-12-31": "1.38200", "2013-03-31": "1.33800", "2012-03-31": "1.30000", "2011-03-31": "1.05900", "2010-03-31": "1.05100", "2009-03-31": "1.04400", "2008-03-31": "1.03400", "2007-03-31": "1.01900", "2006-03-31": "0.92100", "2005-03-31": "0.90400"}, "Retained Earnings (Accumulated Deficit)": {"2019-12-31": "-1381.98800", "2018-12-31": "-1185.36800", "2017-12-31": "-1044.36500", "2016-12-31": "-947.94200", "2015-12-31": "-739.49800", "2014-12-31": "-512.33500", "2013-12-31": "-482.27400", "2013-03-31": "-499.92300", "2012-03-31": "-524.90600", "2011-03-31": "-411.22800", "2010-03-31": "-365.68800", "2009-03-31": "-326.06200", "2008-03-31": "-456.56700", "2007-03-31": "-623.54600", "2006-03-31": "-632.99100", "2005-03-31": "-627.06300"}, "Comprehensive Income": {"2019-12-31": "-1.81600", "2018-12-31": "-3.28000", "2017-12-31": "-3.79200", "2016-12-31": "-3.27400", "2015-12-31": "-3.79500", "2014-12-31": "-3.13600", "2013-12-31": "10.57400", "2013-03-31": "-2.51800", "2012-03-31": "-2.71300", "2011-03-31": "-3.01300", "2010-03-31": "-3.39200", "2009-03-31": "-6.48400", "2008-03-31": "-1.52600", "2007-03-31": "0.75300", "2006-03-31": "1.06400", "2005-03-31": "-0.22100"}, "Other Share Holders Equity": {"2019-12-31": "", "2018-12-31": "", "2017-12-31": "", "2016-12-31": "", "2015-12-31": "", "2014-12-31": "", "2013-12-31": "", "2013-03-31": "", "2012-03-31": "", "2011-03-31": "", "2010-03-31": "", "2009-03-31": "", "2008-03-31": "", "2007-03-31": "", "2006-03-31": "", "2005-03-31": ""}, "Share Holder Equity": {"2019-12-31": "1085.44200", "2018-12-31": "1171.28500", "2017-12-31": "1202.80800", "2016-12-31": "1209.48100", "2015-12-31": "1314.27500", "2014-12-31": "1396.83700", "2013-12-31": "1065.18600", "2013-03-31": "952.37400", "2012-03-31": "853.85200", "2011-03-31": "392.01800", "2010-03-31": "412.61600", "2009-03-31": "434.88800", "2008-03-31": "305.31400", "2007-03-31": "203.46100", "2006-03-31": "48.21600", "2005-03-31": "34.11200"}, "Total Liabilities And Share Holders Equity": {"2019-12-31": "1805.40300", "2018-12-31": "1825.00700", "2017-12-31": "1797.22700", "2016-12-31": "1726.42300", "2015-12-31": "1855.74400", "2014-12-31": "1919.05800", "2013-12-31": "1577.58800", "2013-03-31": "1470.29100", "2012-03-31": "1435.21700", "2011-03-31": "452.44800", "2010-03-31": "515.60000", "2009-03-31": "566.48600", "2008-03-31": "656.31100", "2007-03-31": "568.62100", "2006-03-31": "477.16300", "2005-03-31": "338.87400"}}, "balance sheet, quarterly": {"Cash On Hand": {"2020-09-30": "569.38200", "2020-06-30": "532.56300", "2020-03-31": "495.99400", "2019-12-31": "534.97900", "2019-09-30": "587.18200", "2019-06-30": "570.29400", "2019-03-31": "582.12800", "2018-12-31": "539.29500", "2018-09-30": "467.08700", "2018-06-30": "433.50700", "2018-03-31": "404.56200", "2017-12-31": "433.50400", "2017-09-30": "450.10000", "2017-06-30": "475.10700", "2017-03-31": "476.41900", "2016-12-31": "497.23400", "2016-09-30": "549.45700", "2016-06-30": "655.98100", "2016-03-31": "625.39000", "2015-12-31": "534.77800", "2015-09-30": "771.76100", "2015-06-30": "776.77000", "2015-03-31": "747.46400", "2014-12-31": "631.16600", "2014-09-30": "572.56900", "2014-06-30": "638.48900", "2014-03-31": "552.27300", "2013-12-31": "362.23100", "2013-09-30": "339.42600", "2013-06-30": "228.54100", "2013-03-31": "221.35200", "2012-12-31": "209.30400", "2012-09-30": "199.45100", "2012-06-30": "164.37100", "2012-03-31": "246.13800", "2011-12-31": "213.42700", "2011-09-30": "215.56400", "2011-06-30": "247.74300", "2011-03-31": "201.32200", "2010-12-31": "177.38500", "2010-09-30": "230.47800", "2010-06-30": "292.19100", "2010-03-31": "281.37700", "2009-12-31": "238.94800", "2009-09-30": "295.09000", "2009-06-30": "317.15100", "2009-03-31": "323.66100", "2008-12-31": "344.72800", "2008-09-30": "332.43800", "2008-06-30": "371.33800", "2008-03-31": "341.30500", "2007-12-31": "511.46600", "2007-09-30": "357.80000", "2007-06-30": "325.75200", "2007-03-31": "351.58200", "2006-12-31": "351.09900", "2006-09-30": "320.49700", "2006-06-30": "368.53900", "2006-03-31": "297.96700", "2005-12-31": "313.80500", "2005-09-30": "336.11500", "2005-06-30": "339.04700", "2005-03-31": "202.56700"}, "Receivables": {"2020-09-30": "265.64400", "2020-06-30": "237.39300", "2020-03-31": "246.71600", "2019-12-31": "257.08600", "2019-09-30": "250.23400", "2019-06-30": "261.22600", "2019-03-31": "222.81100", "2018-12-31": "292.22300", "2018-09-30": "250.91300", "2018-06-30": "255.23000", "2018-03-31": "214.16000", "2017-12-31": "233.59000", "2017-09-30": "207.53700", "2017-06-30": "199.70900", "2017-03-31": "176.48700", "2016-12-31": "191.10200", "2016-09-30": "177.44600", "2016-06-30": "185.00800", "2016-03-31": "139.81400", "2015-12-31": "155.48700", "2015-09-30": "140.98700", "2015-06-30": "135.78200", "2015-03-31": "141.97800", "2014-12-31": "151.55100", "2014-09-30": "143.69200", "2014-06-30": "139.31600", "2014-03-31": "123.15400", "2013-12-31": "134.15400", "2013-09-30": "120.44800", "2013-06-30": "130.57800", "2013-03-31": "124.62000", "2012-12-31": "119.83500", "2012-09-30": "101.99800", "2012-06-30": "135.65600", "2012-03-31": "96.38100", "2011-12-31": "104.68400", "2011-09-30": "79.64400", "2011-06-30": "34.58400", "2011-03-31": "22.96900", "2010-12-31": "24.16900", "2010-09-30": "35.77000", "2010-06-30": "24.26600", "2010-03-31": "25.31600", "2009-12-31": "28.23300", "2009-09-30": "33.69900", "2009-06-30": "27.89900", "2009-03-31": "24.58800", "2008-12-31": "26.71300", "2008-09-30": "36.04700", "2008-06-30": "31.69900", "2008-03-31": "47.24900", "2007-12-31": "40.25600", "2007-09-30": "43.87800", "2007-06-30": "66.78200", "2007-03-31": "56.04900", "2006-12-31": "62.38100", "2006-09-30": "64.28400", "2006-06-30": "41.35300", "2006-03-31": "39.80200", "2005-12-31": "33.41400", "2005-09-30": "23.85100", "2005-06-30": "27.81900", "2005-03-31": "18.81500"}, "Inventory": {"2020-09-30": "122.82300", "2020-06-30": "116.45800", "2020-03-31": "109.31400", "2019-12-31": "101.80300", "2019-09-30": "100.98700", "2019-06-30": "94.78000", "2019-03-31": "92.86100", "2018-12-31": "90.19600", "2018-09-30": "88.01800", "2018-06-30": "87.16500", "2018-03-31": "84.88400", "2017-12-31": "93.27500", "2017-09-30": "85.02700", "2017-06-30": "77.35200", "2017-03-31": "63.66600", "2016-12-31": "62.99800", "2016-09-30": "54.15500", "2016-06-30": "49.89600", "2016-03-31": "44.81700", "2015-12-31": "38.41100", "2015-09-30": "36.78300", "2015-06-30": "38.80100", "2015-03-31": "49.13900", "2014-12-31": "51.35700", "2014-09-30": "50.47100", "2014-06-30": "57.06600", "2014-03-31": "55.40300", "2013-12-31": "46.21800", "2013-09-30": "40.70800", "2013-06-30": "39.12800", "2013-03-31": "43.48300", "2012-12-31": "45.68600", "2012-09-30": "40.88700", "2012-06-30": "41.44200", "2012-03-31": "39.75900", "2011-12-31": "46.10900", "2011-09-30": "47.11800", "2011-06-30": "17.56900", "2011-03-31": "20.42500", "2010-12-31": "19.16900", "2010-09-30": "18.25700", "2010-06-30": "20.47200", "2010-03-31": "20.65300", "2009-12-31": "20.04900", "2009-09-30": "18.52400", "2009-06-30": "20.52800", "2009-03-31": "20.29700", "2008-12-31": "21.11300", "2008-09-30": "15.72100", "2008-06-30": "16.37500", "2008-03-31": "18.88400", "2007-12-31": "23.05400", "2007-09-30": "21.20200", "2007-06-30": "20.21800", "2007-03-31": "18.19000", "2006-12-31": "13.93300", "2006-09-30": "14.51400", "2006-06-30": "11.37800", "2006-03-31": "7.34100", "2005-12-31": "8.55200", "2005-09-30": "7.71100", "2005-06-30": "5.23900", "2005-03-31": "3.76600"}, "Pre-Paid Expenses": {"2020-09-30": "52.69700", "2020-06-30": "51.70500", "2020-03-31": "46.36100", "2019-12-31": "59.71600", "2019-09-30": "54.49300", "2019-06-30": "55.60700", "2019-03-31": "56.49200", "2018-12-31": "53.30800", "2018-09-30": "50.26500", "2018-06-30": "49.63900", "2018-03-31": "46.46300", "2017-12-31": "48.47500", "2017-09-30": "38.88700", "2017-06-30": "43.45800", "2017-03-31": "42.27900", "2016-12-31": "39.34400", "2016-09-30": "26.20400", "2016-06-30": "38.36900", "2016-03-31": "28.53900", "2015-12-31": "26.28600", "2015-09-30": "33.37800", "2015-06-30": "50.42400", "2015-03-31": "50.76800", "2014-12-31": "29.28900", "2014-09-30": "46.17400", "2014-06-30": "52.04800", "2014-03-31": "45.94100", "2013-12-31": "14.75800", "2013-09-30": "22.99800", "2013-06-30": "23.83800", "2013-03-31": "19.13300", "2012-12-31": "12.69700", "2012-09-30": "12.58300", "2012-06-30": "10.93900", "2012-03-31": "12.56600", "2011-12-31": "10.91600", "2011-09-30": "13.38200", "2011-06-30": "8.48900", "2011-03-31": "8.24400", "2010-12-31": "11.89700", "2010-09-30": "14.69600", "2010-06-30": "10.50100", "2010-03-31": "10.93600", "2009-12-31": "5.95000", "2009-09-30": "7.85600", "2009-06-30": "5.40300", "2009-03-31": "7.50000", "2008-12-31": "14.92000", "2008-09-30": "15.35400", "2008-06-30": "5.30500", "2008-03-31": "5.72000", "2007-12-31": "7.08800", "2007-09-30": "8.24600", "2007-06-30": "9.06300", "2007-03-31": "7.05400", "2006-12-31": "6.67300", "2006-09-30": "8.67600", "2006-06-30": "4.80200", "2006-03-31": "2.78200", "2005-12-31": "2.89000", "2005-09-30": "3.73000", "2005-06-30": "1.88300", "2005-03-31": "2.58000"}, "Other Current Assets": {"2020-09-30": "14.39500", "2020-06-30": "9.24000", "2020-03-31": "14.19900", "2019-12-31": "8.38600", "2019-09-30": "5.02200", "2019-06-30": "12.69000", "2019-03-31": "8.44700", "2018-12-31": "8.23000", "2018-09-30": "13.47600", "2018-06-30": "14.58200", "2018-03-31": "26.06900", "2017-12-31": "", "2017-09-30": "", "2017-06-30": "", "2017-03-31": "", "2016-12-31": "", "2016-09-30": "", "2016-06-30": "", "2016-03-31": "", "2015-12-31": "", "2015-09-30": "", "2015-06-30": "", "2015-03-31": "", "2014-12-31": "", "2014-09-30": "", "2014-06-30": "", "2014-03-31": "", "2013-12-31": "", "2013-09-30": "", "2013-06-30": "", "2013-03-31": "", "2012-12-31": "", "2012-09-30": "", "2012-06-30": "", "2012-03-31": "", "2011-12-31": "", "2011-09-30": "", "2011-06-30": "", "2011-03-31": "", "2010-12-31": "", "2010-09-30": "", "2010-06-30": "", "2010-03-31": "", "2009-12-31": "", "2009-09-30": "", "2009-06-30": "", "2009-03-31": "", "2008-12-31": "", "2008-09-30": "", "2008-06-30": "", "2008-03-31": "", "2007-12-31": "", "2007-09-30": "", "2007-06-30": "", "2007-03-31": "", "2006-12-31": "", "2006-09-30": "", "2006-06-30": "", "2006-03-31": "", "2005-12-31": "", "2005-09-30": "", "2005-06-30": "", "2005-03-31": ""}, "Total Current Assets": {"2020-09-30": "1024.94100", "2020-06-30": "947.35900", "2020-03-31": "912.58400", "2019-12-31": "961.97000", "2019-09-30": "997.91800", "2019-06-30": "994.59700", "2019-03-31": "962.73900", "2018-12-31": "983.25200", "2018-09-30": "869.75900", "2018-06-30": "840.12300", "2018-03-31": "776.13800", "2017-12-31": "808.84400", "2017-09-30": "781.55100", "2017-06-30": "795.62600", "2017-03-31": "758.85100", "2016-12-31": "790.67800", "2016-09-30": "807.26200", "2016-06-30": "929.25400", "2016-03-31": "838.56000", "2015-12-31": "754.96200", "2015-09-30": "1000.42300", "2015-06-30": "1016.96200", "2015-03-31": "1003.54800", "2014-12-31": "876.79300", "2014-09-30": "812.90600", "2014-06-30": "886.91900", "2014-03-31": "776.77100", "2013-12-31": "570.13800", "2013-09-30": "523.58000", "2013-06-30": "422.08500", "2013-03-31": "408.58800", "2012-12-31": "387.52200", "2012-09-30": "354.91900", "2012-06-30": "352.40800", "2012-03-31": "394.84400", "2011-12-31": "375.13600", "2011-09-30": "355.70800", "2011-06-30": "308.38500", "2011-03-31": "252.96000", "2010-12-31": "232.62000", "2010-09-30": "299.20100", "2010-06-30": "347.43000", "2010-03-31": "338.28200", "2009-12-31": "293.18000", "2009-09-30": "355.16900", "2009-06-30": "370.98100", "2009-03-31": "376.04600", "2008-12-31": "407.47400", "2008-09-30": "399.56000", "2008-06-30": "424.71700", "2008-03-31": "413.15800", "2007-12-31": "581.86400", "2007-09-30": "431.12600", "2007-06-30": "421.81500", "2007-03-31": "432.87500", "2006-12-31": "434.08600", "2006-09-30": "407.97100", "2006-06-30": "426.07200", "2006-03-31": "347.89200", "2005-12-31": "358.66100", "2005-09-30": "371.40700", "2005-06-30": "373.98800", "2005-03-31": "227.72800"}, "Property, Plant, And Equipment": {"2020-09-30": "355.21500", "2020-06-30": "361.80700", "2020-03-31": "362.53900", "2019-12-31": "362.16800", "2019-09-30": "341.40600", "2019-06-30": "326.23000", "2019-03-31": "320.00400", "2018-12-31": "309.98700", "2018-09-30": "303.08700", "2018-06-30": "296.63500", "2018-03-31": "289.62100", "2017-12-31": "284.73600", "2017-09-30": "270.66600", "2017-06-30": "266.48400", "2017-03-31": "264.91500", "2016-12-31": "264.78500", "2016-09-30": "262.18100", "2016-06-30": "258.35400", "2016-03-31": "256.32600", "2015-12-31": "254.81900", "2015-09-30": "242.67500", "2015-06-30": "239.25800", "2015-03-31": "268.76000", "2014-12-31": "265.74000", "2014-09-30": "262.12800", "2014-06-30": "264.24700", "2014-03-31": "268.99200", "2013-12-31": "274.49000", "2013-09-30": "274.37700", "2013-06-30": "281.25300", "2013-03-31": "288.43500", "2012-12-31": "292.18600", "2012-09-30": "295.37400", "2012-06-30": "299.53600", "2012-03-31": "302.99500", "2011-12-31": "302.61200", "2011-09-30": "304.61100", "2011-06-30": "94.33200", "2011-03-31": "95.02000", "2010-12-31": "96.21900", "2010-09-30": "97.18400", "2010-06-30": "97.89600", "2010-03-31": "96.90500", "2009-12-31": "96.33200", "2009-09-30": "94.46700", "2009-06-30": "97.52000", "2009-03-31": "106.46100", "2008-12-31": "107.29900", "2008-09-30": "108.80700", "2008-06-30": "110.81700", "2008-03-31": "112.53900", "2007-12-31": "131.51600", "2007-09-30": "131.84400", "2007-06-30": "130.26300", "2007-03-31": "123.59500", "2006-12-31": "116.96700", "2006-09-30": "121.85900", "2006-06-30": "116.24600", "2006-03-31": "112.91700", "2005-12-31": "108.09100", "2005-09-30": "100.89000", "2005-06-30": "97.91000", "2005-03-31": "95.18800"}, "Long-Term Investments": {"2020-09-30": "27.77400", "2020-06-30": "7.03300", "2020-03-31": "53.74400", "2019-12-31": "79.39100", "2019-09-30": "21.35200", "2019-06-30": "23.29900", "2019-03-31": "43.00500", "2018-12-31": "80.74400", "2018-09-30": "111.45600", "2018-06-30": "127.01200", "2018-03-31": "137.47300", "2017-12-31": "157.21200", "2017-09-30": "118.75100", "2017-06-30": "85.72400", "2017-03-31": "112.95400", "2016-12-31": "121.93100", "2016-09-30": "75.14700", "2016-06-30": "21.69000", "2016-03-31": "93.99000", "2015-12-31": "264.07100", "2015-09-30": "43.73900", "2015-06-30": "55.58900", "2015-03-31": "58.24900", "2014-12-31": "170.48000", "2014-09-30": "143.74700", "2014-06-30": "75.40500", "2014-03-31": "149.49100", "2013-12-31": "87.76400", "2013-09-30": "55.81500", "2013-06-30": "96.44900", "2013-03-31": "82.82700", "2012-12-31": "29.97600", "2012-09-30": "8.72600", "2012-06-30": "67.55900", "2012-03-31": "", "2011-12-31": "20.52500", "2011-09-30": "24.99000", "2011-06-30": "37.63700", "2011-03-31": "93.40800", "2010-12-31": "107.62800", "2010-09-30": "43.08700", "2010-06-30": "36.33200", "2010-03-31": "68.81600", "2009-12-31": "118.53100", "2009-09-30": "74.43500", "2009-06-30": "63.26800", "2009-03-31": "80.82100", "2008-12-31": "78.86500", "2008-09-30": "93.39500", "2008-06-30": "102.00300", "2008-03-31": "119.05600", "2007-12-31": "5.14600", "2007-09-30": "5.14600", "2007-06-30": "5.14400", "2007-03-31": "5.14400", "2006-12-31": "5.14400", "2006-09-30": "5.14400", "2006-06-30": "5.14500", "2006-03-31": "5.14500", "2005-12-31": "5.14700", "2005-09-30": "5.14700", "2005-06-30": "4.49800", "2005-03-31": "4.90300"}, "Goodwill And Intangible Assets": {"2020-09-30": "213.98100", "2020-06-30": "223.89800", "2020-03-31": "233.78800", "2019-12-31": "243.51600", "2019-09-30": "253.68700", "2019-06-30": "263.85900", "2019-03-31": "273.92200", "2018-12-31": "283.87400", "2018-09-30": "300.29900", "2018-06-30": "316.72500", "2018-03-31": "332.97200", "2017-12-31": "349.04100", "2017-09-30": "364.68400", "2017-06-30": "380.32600", "2017-03-31": "395.79800", "2016-12-31": "411.10000", "2016-09-30": "426.42300", "2016-06-30": "441.74600", "2016-03-31": "456.90300", "2015-12-31": "472.05900", "2015-09-30": "486.26600", "2015-06-30": "500.47200", "2015-03-31": "558.40400", "2014-12-31": "573.62400", "2014-09-30": "587.39600", "2014-06-30": "602.64000", "2014-03-31": "617.72900", "2013-12-31": "630.30500", "2013-09-30": "643.16100", "2013-06-30": "656.01700", "2013-03-31": "668.73300", "2012-12-31": "679.05500", "2012-09-30": "689.60400", "2012-06-30": "700.15100", "2012-03-31": "710.58500", "2011-12-31": "780.98700", "2011-09-30": "792.97200", "2011-06-30": "", "2011-03-31": "", "2010-12-31": "", "2010-09-30": "", "2010-06-30": "", "2010-03-31": "", "2009-12-31": "", "2009-09-30": "", "2009-06-30": "", "2009-03-31": "", "2008-12-31": "", "2008-09-30": "", "2008-06-30": "", "2008-03-31": "", "2007-12-31": "", "2007-09-30": "", "2007-06-30": "", "2007-03-31": "", "2006-12-31": "", "2006-09-30": "", "2006-06-30": "", "2006-03-31": "", "2005-12-31": "", "2005-09-30": "", "2005-06-30": "", "2005-03-31": ""}, "Other Long-Term Assets": {"2020-09-30": "61.89200", "2020-06-30": "62.44900", "2020-03-31": "55.96200", "2019-12-31": "49.42100", "2019-09-30": "42.18200", "2019-06-30": "40.96100", "2019-03-31": "51.25100", "2018-12-31": "81.34300", "2018-09-30": "83.83000", "2018-06-30": "77.92500", "2018-03-31": "99.85000", "2017-12-31": "98.83400", "2017-09-30": "95.22100", "2017-06-30": "90.85100", "2017-03-31": "90.56100", "2016-12-31": "90.16100", "2016-09-30": "86.06700", "2016-06-30": "87.37200", "2016-03-31": "85.22200", "2015-12-31": "68.97700", "2015-09-30": "80.99300", "2015-06-30": "102.39500", "2015-03-31": "35.81300", "2014-12-31": "24.12700", "2014-09-30": "31.67800", "2014-06-30": "28.38100", "2014-03-31": "22.49500", "2013-12-31": "14.89100", "2013-09-30": "15.50400", "2013-06-30": "22.05000", "2013-03-31": "21.70800", "2012-12-31": "23.02400", "2012-09-30": "21.92400", "2012-06-30": "26.01300", "2012-03-31": "26.79300", "2011-12-31": "26.56700", "2011-09-30": "25.82200", "2011-06-30": "10.88200", "2011-03-31": "11.06000", "2010-12-31": "10.97000", "2010-09-30": "9.66000", "2010-06-30": "10.08300", "2010-03-31": "11.59700", "2009-12-31": "11.85700", "2009-09-30": "3.20600", "2009-06-30": "3.44200", "2009-03-31": "3.15800", "2008-12-31": "3.02900", "2008-09-30": "3.25600", "2008-06-30": "11.30200", "2008-03-31": "11.55800", "2007-12-31": "11.95800", "2007-09-30": "4.76600", "2007-06-30": "7.03600", "2007-03-31": "7.00700", "2006-12-31": "7.17900", "2006-09-30": "9.13300", "2006-06-30": "10.29000", "2006-03-31": "11.20900", "2005-12-31": "10.65600", "2005-09-30": "11.10000", "2005-06-30": "11.05300", "2005-03-31": "11.05500"}, "Total Long-Term Assets": {"2020-09-30": "851.87900", "2020-06-30": "854.97800", "2020-03-31": "913.36190", "2019-12-31": "843.43300", "2019-09-30": "760.07700", "2019-06-30": "757.15410", "2019-03-31": "793.79700", "2018-12-31": "841.75510", "2018-09-30": "890.95100", "2018-06-30": "911.36300", "2018-03-31": "960.41990", "2017-12-31": "988.38300", "2017-09-30": "966.77500", "2017-06-30": "935.71700", "2017-03-31": "970.97600", "2016-12-31": "935.74500", "2016-09-30": "900.11400", "2016-06-30": "856.03200", "2016-03-31": "956.32700", "2015-12-31": "1100.78200", "2015-09-30": "880.53200", "2015-06-30": "897.71400", "2015-03-31": "921.22600", "2014-12-31": "1042.26500", "2014-09-30": "1024.94900", "2014-06-30": "970.67300", "2014-03-31": "1058.70700", "2013-12-31": "1007.45000", "2013-09-30": "988.85710", "2013-06-30": "1055.76900", "2013-03-31": "1061.70300", "2012-12-31": "1024.24100", "2012-09-30": "1015.62800", "2012-06-30": "1093.25900", "2012-03-31": "1040.37300", "2011-12-31": "1130.69100", "2011-09-30": "1148.39500", "2011-06-30": "142.85100", "2011-03-31": "199.48800", "2010-12-31": "214.81700", "2010-09-30": "149.93100", "2010-06-30": "144.31100", "2010-03-31": "177.31800", "2009-12-31": "226.72000", "2009-09-30": "172.10800", "2009-06-30": "164.23000", "2009-03-31": "190.44000", "2008-12-31": "189.19300", "2008-09-30": "205.45800", "2008-06-30": "224.12200", "2008-03-31": "243.15300", "2007-12-31": "148.62000", "2007-09-30": "141.75600", "2007-06-30": "142.44300", "2007-03-31": "135.74600", "2006-12-31": "129.29000", "2006-09-30": "136.13600", "2006-06-30": "131.68100", "2006-03-31": "129.27100", "2005-12-31": "123.89400", "2005-09-30": "117.13700", "2005-06-30": "113.46100", "2005-03-31": "111.14600"}, "Total Assets": {"2020-09-30": "1876.82000", "2020-06-30": "1802.33700", "2020-03-31": "1825.94600", "2019-12-31": "1805.40300", "2019-09-30": "1757.99500", "2019-06-30": "1751.75100", "2019-03-31": "1756.53600", "2018-12-31": "1825.00700", "2018-09-30": "1760.71000", "2018-06-30": "1751.48600", "2018-03-31": "1736.55800", "2017-12-31": "1797.22700", "2017-09-30": "1748.32600", "2017-06-30": "1731.34300", "2017-03-31": "1729.82700", "2016-12-31": "1726.42300", "2016-09-30": "1707.37600", "2016-06-30": "1785.28600", "2016-03-31": "1794.88700", "2015-12-31": "1855.74400", "2015-09-30": "1880.95500", "2015-06-30": "1914.67600", "2015-03-31": "1924.77400", "2014-12-31": "1919.05800", "2014-09-30": "1837.85500", "2014-06-30": "1857.59200", "2014-03-31": "1835.47800", "2013-12-31": "1577.58800", "2013-09-30": "1512.43700", "2013-06-30": "1477.85400", "2013-03-31": "1470.29100", "2012-12-31": "1411.76300", "2012-09-30": "1370.54700", "2012-06-30": "1445.66700", "2012-03-31": "1435.21700", "2011-12-31": "1505.82700", "2011-09-30": "1504.10300", "2011-06-30": "451.23600", "2011-03-31": "452.44800", "2010-12-31": "447.43700", "2010-09-30": "449.13200", "2010-06-30": "491.74100", "2010-03-31": "515.60000", "2009-12-31": "519.90000", "2009-09-30": "527.27700", "2009-06-30": "535.21100", "2009-03-31": "566.48600", "2008-12-31": "596.66700", "2008-09-30": "605.01800", "2008-06-30": "648.83900", "2008-03-31": "656.31100", "2007-12-31": "730.48400", "2007-09-30": "572.88200", "2007-06-30": "564.25800", "2007-03-31": "568.62100", "2006-12-31": "563.37600", "2006-09-30": "544.10700", "2006-06-30": "557.75300", "2006-03-31": "477.16300", "2005-12-31": "482.55500", "2005-09-30": "488.54400", "2005-06-30": "487.44900", "2005-03-31": "338.87400"}, "Total Current Liabilities": {"2020-09-30": "378.15100", "2020-06-30": "321.41400", "2020-03-31": "339.84900", "2019-12-31": "391.11200", "2019-09-30": "370.39400", "2019-06-30": "334.14600", "2019-03-31": "327.68500", "2018-12-31": "339.77400", "2018-09-30": "304.78800", "2018-06-30": "287.47300", "2018-03-31": "274.53000", "2017-12-31": "291.12200", "2017-09-30": "256.01400", "2017-06-30": "224.64400", "2017-03-31": "210.74200", "2016-12-31": "211.99300", "2016-09-30": "190.24000", "2016-06-30": "236.26300", "2016-03-31": "224.13100", "2015-12-31": "236.20700", "2015-09-30": "200.40200", "2015-06-30": "134.21800", "2015-03-31": "114.21700", "2014-12-31": "130.58200", "2014-09-30": "110.14000", "2014-06-30": "102.16000", "2014-03-31": "92.75900", "2013-12-31": "100.89700", "2013-09-30": "73.71700", "2013-06-30": "72.59800", "2013-03-31": "85.93000", "2012-12-31": "77.27900", "2012-09-30": "68.73800", "2012-06-30": "71.23900", "2012-03-31": "89.16400", "2011-12-31": "97.19600", "2011-09-30": "90.32400", "2011-06-30": "45.52600", "2011-03-31": "48.05700", "2010-12-31": "38.42500", "2010-09-30": "35.01700", "2010-06-30": "75.92300", "2010-03-31": "91.14400", "2009-12-31": "57.53200", "2009-09-30": "55.81900", "2009-06-30": "52.23700", "2009-03-31": "68.99000", "2008-12-31": "65.76500", "2008-09-30": "45.48400", "2008-06-30": "39.34100", "2008-03-31": "42.02000", "2007-12-31": "39.40400", "2007-09-30": "32.06900", "2007-06-30": "38.01500", "2007-03-31": "62.06000", "2006-12-31": "69.58100", "2006-09-30": "96.50500", "2006-06-30": "91.26700", "2006-03-31": "125.66000", "2005-12-31": "138.11400", "2005-09-30": "125.85300", "2005-06-30": "98.89800", "2005-03-31": "23.66800"}, "Long Term Debt": {"2020-09-30": "272.66300", "2020-06-30": "273.20700", "2020-03-31": "273.75100", "2019-12-31": "274.29500", "2019-09-30": "274.83800", "2019-06-30": "275.38100", "2019-03-31": "275.92300", "2018-12-31": "276.46500", "2018-09-30": "277.00700", "2018-06-30": "277.54800", "2018-03-31": "278.08800", "2017-12-31": "278.43600", "2017-09-30": "278.99400", "2017-06-30": "279.55200", "2017-03-31": "280.10900", "2016-12-31": "280.66600", "2016-09-30": "282.57600", "2016-06-30": "283.12000", "2016-03-31": "283.66400", "2015-12-31": "284.20700", "2015-09-30": "286.51200", "2015-06-30": "348.05600", "2015-03-31": "349.63800", "2014-12-31": "349.00600", "2014-09-30": "352.80100", "2014-06-30": "354.38200", "2014-03-31": "355.96300", "2013-12-31": "357.54300", "2013-09-30": "359.12200", "2013-06-30": "360.69000", "2013-03-31": "362.25800", "2012-12-31": "362.34900", "2012-09-30": "363.84700", "2012-06-30": "441.08300", "2012-03-31": "441.36000", "2011-12-31": "441.66800", "2011-09-30": "441.85900", "2011-06-30": "", "2011-03-31": "", "2010-12-31": "", "2010-09-30": "", "2010-06-30": "", "2010-03-31": "", "2009-12-31": "31.63600", "2009-09-30": "37.86200", "2009-06-30": "44.05700", "2009-03-31": "50.22100", "2008-12-31": "68.69200", "2008-09-30": "76.05400", "2008-06-30": "134.37500", "2008-03-31": "160.32400", "2007-12-31": "159.43000", "2007-09-30": "158.55300", "2007-06-30": "157.72200", "2007-03-31": "156.85100", "2006-12-31": "156.65500", "2006-09-30": "156.10200", "2006-06-30": "155.62700", "2006-03-31": "279.51800", "2005-12-31": "278.33300", "2005-09-30": "277.70500", "2005-06-30": "277.07200", "2005-03-31": "276.48500"}, "Other Non-Current Liabilities": {"2020-09-30": "26.29600", "2020-06-30": "27.55100", "2020-03-31": "27.16600", "2019-12-31": "27.14400", "2019-09-30": "26.73400", "2019-06-30": "30.57100", "2019-03-31": "28.42500", "2018-12-31": "27.95800", "2018-09-30": "23.19000", "2018-06-30": "22.45300", "2018-03-31": "21.88300", "2017-12-31": "19.20400", "2017-09-30": "19.90600", "2017-06-30": "18.27800", "2017-03-31": "15.75000", "2016-12-31": "17.16100", "2016-09-30": "17.20600", "2016-06-30": "15.43400", "2016-03-31": "14.41100", "2015-12-31": "13.08000", "2015-09-30": "13.26400", "2015-06-30": "12.85900", "2015-03-31": "12.13500", "2014-12-31": "11.91400", "2014-09-30": "8.54500", "2014-06-30": "11.59600", "2014-03-31": "10.23000", "2013-12-31": "12.58000", "2013-09-30": "17.48600", "2013-06-30": "17.31100", "2013-03-31": "23.26000", "2012-12-31": "10.12400", "2012-09-30": "10.54100", "2012-06-30": "8.51400", "2012-03-31": "43.26300", "2011-12-31": "8.44400", "2011-09-30": "8.05200", "2011-06-30": "7.29200", "2011-03-31": "7.53600", "2010-12-31": "7.72200", "2010-09-30": "6.90100", "2010-06-30": "7.21400", "2010-03-31": "6.73500", "2009-12-31": "6.38600", "2009-09-30": "6.45000", "2009-06-30": "6.84600", "2009-03-31": "7.14900", "2008-12-31": "7.27200", "2008-09-30": "7.22800", "2008-06-30": "8.65800", "2008-03-31": "9.08600", "2007-12-31": "5.77400", "2007-09-30": "5.84200", "2007-06-30": "6.62200", "2007-03-31": "6.79600", "2006-12-31": "6.37800", "2006-09-30": "6.60600", "2006-06-30": "6.67700", "2006-03-31": "6.82100", "2005-12-31": "4.68100", "2005-09-30": "4.53500", "2005-06-30": "4.55900", "2005-03-31": "4.60900"}, "Total Long Term Liabilities": {"2020-09-30": "414.31100", "2020-06-30": "419.07700", "2020-03-31": "423.07900", "2019-12-31": "328.84900", "2019-09-30": "319.41700", "2019-06-30": "326.43700", "2019-03-31": "326.71000", "2018-12-31": "313.94800", "2018-09-30": "305.20700", "2018-06-30": "305.85800", "2018-03-31": "306.13700", "2017-12-31": "303.29700", "2017-09-30": "305.03200", "2017-06-30": "304.61200", "2017-03-31": "302.38100", "2016-12-31": "304.94900", "2016-09-30": "307.44200", "2016-06-30": "305.49700", "2016-03-31": "305.67800", "2015-12-31": "305.26200", "2015-09-30": "313.74800", "2015-06-30": "381.46700", "2015-03-31": "390.13800", "2014-12-31": "391.63900", "2014-09-30": "394.12300", "2014-06-30": "403.60700", "2014-03-31": "403.21800", "2013-12-31": "411.50500", "2013-09-30": "421.74300", "2013-06-30": "423.31600", "2013-03-31": "431.98700", "2012-12-31": "414.54500", "2012-09-30": "416.80100", "2012-06-30": "491.94200", "2012-03-31": "492.20100", "2011-12-31": "503.77800", "2011-09-30": "504.09900", "2011-06-30": "11.82100", "2011-03-31": "12.37300", "2010-12-31": "12.69400", "2010-09-30": "12.02400", "2010-06-30": "12.26800", "2010-03-31": "11.84000", "2009-12-31": "43.14200", "2009-09-30": "49.42700", "2009-06-30": "56.10700", "2009-03-31": "62.60800", "2008-12-31": "81.33300", "2008-09-30": "220.56900", "2008-06-30": "280.87400", "2008-03-31": "308.97700", "2007-12-31": "306.43400", "2007-09-30": "302.05300", "2007-06-30": "303.32400", "2007-03-31": "303.10000", "2006-12-31": "301.55800", "2006-09-30": "266.10900", "2006-06-30": "287.32300", "2006-03-31": "303.28700", "2005-12-31": "307.34300", "2005-09-30": "328.52000", "2005-06-30": "367.63100", "2005-03-31": "281.09400"}, "Total Liabilities": {"2020-09-30": "792.46200", "2020-06-30": "740.49100", "2020-03-31": "762.92800", "2019-12-31": "719.96100", "2019-09-30": "689.81100", "2019-06-30": "660.58300", "2019-03-31": "654.39500", "2018-12-31": "653.72200", "2018-09-30": "609.99500", "2018-06-30": "593.33100", "2018-03-31": "580.66700", "2017-12-31": "594.41900", "2017-09-30": "561.04600", "2017-06-30": "529.25600", "2017-03-31": "513.12300", "2016-12-31": "516.94200", "2016-09-30": "497.68200", "2016-06-30": "541.76000", "2016-03-31": "529.80900", "2015-12-31": "541.46900", "2015-09-30": "514.15000", "2015-06-30": "515.68500", "2015-03-31": "504.35500", "2014-12-31": "522.22100", "2014-09-30": "504.26300", "2014-06-30": "505.76700", "2014-03-31": "495.97700", "2013-12-31": "512.40200", "2013-09-30": "495.46000", "2013-06-30": "495.91400", "2013-03-31": "517.91700", "2012-12-31": "491.82400", "2012-09-30": "485.53900", "2012-06-30": "563.18100", "2012-03-31": "581.36500", "2011-12-31": "600.97400", "2011-09-30": "594.42300", "2011-06-30": "57.34700", "2011-03-31": "60.43000", "2010-12-31": "51.11900", "2010-09-30": "47.04100", "2010-06-30": "88.19100", "2010-03-31": "102.98400", "2009-12-31": "100.67400", "2009-09-30": "105.24600", "2009-06-30": "108.34400", "2009-03-31": "131.59800", "2008-12-31": "147.09800", "2008-09-30": "266.05300", "2008-06-30": "320.21500", "2008-03-31": "350.99700", "2007-12-31": "345.83800", "2007-09-30": "334.12200", "2007-06-30": "341.33900", "2007-03-31": "365.16000", "2006-12-31": "371.13900", "2006-09-30": "362.61400", "2006-06-30": "378.59000", "2006-03-31": "428.94700", "2005-12-31": "445.45700", "2005-09-30": "454.37300", "2005-06-30": "466.52900", "2005-03-31": "304.76200"}, "Common Stock Net": {"2020-09-30": "1.61900", "2020-06-30": "1.61800", "2020-03-31": "1.61500", "2019-12-31": "1.60200", "2019-09-30": "1.59900", "2019-06-30": "1.59500", "2019-03-31": "1.59300", "2018-12-31": "1.57900", "2018-09-30": "1.57400", "2018-06-30": "1.57300", "2018-03-31": "1.57000", "2017-12-31": "1.55700", "2017-09-30": "1.55500", "2017-06-30": "1.55400", "2017-03-31": "1.54800", "2016-12-31": "1.53900", "2016-09-30": "1.53100", "2016-06-30": "1.52800", "2016-03-31": "1.52300", "2015-12-31": "1.51800", "2015-09-30": "1.50800", "2015-06-30": "1.50300", "2015-03-31": "1.49200", "2014-12-31": "1.48200", "2014-09-30": "1.46800", "2014-06-30": "1.46400", "2014-03-31": "1.44800", "2013-12-31": "1.38200", "2013-09-30": "1.36900", "2013-06-30": "1.35400", "2013-03-31": "1.33800", "2012-12-31": "1.32400", "2012-09-30": "1.31500", "2012-06-30": "1.30600", "2012-03-31": "", "2011-12-31": "1.29600", "2011-09-30": "1.29400", "2011-06-30": "1.07100", "2011-03-31": "1.05900", "2010-12-31": "1.05500", "2010-09-30": "1.05400", "2010-06-30": "1.05300", "2010-03-31": "1.05100", "2009-12-31": "1.04600", "2009-09-30": "1.04600", "2009-06-30": "1.04600", "2009-03-31": "1.04400", "2008-12-31": "1.04400", "2008-09-30": "1.04300", "2008-06-30": "1.03700", "2008-03-31": "1.03400", "2007-12-31": "1.03200", "2007-09-30": "1.03000", "2007-06-30": "1.02600", "2007-03-31": "1.01900", "2006-12-31": "1.01800", "2006-09-30": "1.01600", "2006-06-30": "1.01400", "2006-03-31": "0.92100", "2005-12-31": "0.91600", "2005-09-30": "0.90700", "2005-06-30": "0.90500", "2005-03-31": "0.90400"}, "Retained Earnings (Accumulated Deficit)": {"2020-09-30": "-1450.20700", "2020-06-30": "-1450.07300", "2020-03-31": "-1420.64200", "2019-12-31": "-1381.98800", "2019-09-30": "-1376.63400", "2019-06-30": "-1323.75600", "2019-03-31": "-1281.76600", "2018-12-31": "-1185.36800", "2018-09-30": "-1175.65500", "2018-06-30": "-1141.21100", "2018-03-31": "-1108.56200", "2017-12-31": "-1044.36500", "2017-09-30": "-1034.57600", "2017-06-30": "-998.29900", "2017-03-31": "-955.30100", "2016-12-31": "-947.94200", "2016-09-30": "-926.80200", "2016-06-30": "-864.11500", "2016-03-31": "-816.92200", "2015-12-31": "-739.49800", "2015-09-30": "-670.11700", "2015-06-30": "-589.10300", "2015-03-31": "-542.99300", "2014-12-31": "-512.33500", "2014-09-30": "-542.85000", "2014-06-30": "-502.89300", "2014-03-31": "-506.62800", "2013-12-31": "-482.27400", "2013-09-30": "-500.35100", "2013-06-30": "-492.58900", "2013-03-31": "-499.92300", "2012-12-31": "-502.92200", "2012-09-30": "-519.18000", "2012-06-30": "-502.47300", "2012-03-31": "", "2011-12-31": "-461.54900", "2011-09-30": "-446.72100", "2011-06-30": "-424.46600", "2011-03-31": "-411.22800", "2010-12-31": "-398.14600", "2010-09-30": "-386.76300", "2010-06-30": "-379.09700", "2010-03-31": "-365.68800", "2009-12-31": "-351.75300", "2009-09-30": "-344.93600", "2009-06-30": "-336.22700", "2009-03-31": "-326.06200", "2008-12-31": "-312.46700", "2008-09-30": "-425.18200", "2008-06-30": "-426.88000", "2008-03-31": "-456.56700", "2007-12-31": "-438.22000", "2007-09-30": "-607.10100", "2007-06-30": "-614.79800", "2007-03-31": "-623.54600", "2006-12-31": "-627.04600", "2006-09-30": "-629.98000", "2006-06-30": "-633.70600", "2006-03-31": "-632.99100", "2005-12-31": "-627.64100", "2005-09-30": "-629.04800", "2005-06-30": "-640.80000", "2005-03-31": "-627.06300"}, "Comprehensive Income": {"2020-09-30": "-0.76000", "2020-06-30": "-0.10100", "2020-03-31": "-1.49900", "2019-12-31": "-1.81600", "2019-09-30": "-1.63800", "2019-06-30": "-1.61400", "2019-03-31": "-2.51000", "2018-12-31": "-3.28000", "2018-09-30": "-3.66600", "2018-06-30": "-3.98000", "2018-03-31": "-4.12900", "2017-12-31": "-3.79200", "2017-09-30": "-3.25300", "2017-06-30": "-3.33500", "2017-03-31": "-3.20200", "2016-12-31": "-3.27400", "2016-09-30": "-2.80800", "2016-06-30": "-2.54600", "2016-03-31": "-2.86100", "2015-12-31": "-3.79500", "2015-09-30": "-2.71200", "2015-06-30": "-2.72500", "2015-03-31": "-2.64600", "2014-12-31": "-3.13600", "2014-09-30": "-2.86600", "2014-06-30": "-2.71200", "2014-03-31": "8.04400", "2013-12-31": "10.57400", "2013-09-30": "5.58000", "2013-06-30": "-2.92500", "2013-03-31": "-2.51800", "2012-12-31": "-2.66100", "2012-09-30": "-2.79500", "2012-06-30": "-2.92600", "2012-03-31": "", "2011-12-31": "-2.92100", "2011-09-30": "-2.91600", "2011-06-30": "-2.48400", "2011-03-31": "-3.01300", "2010-12-31": "-2.96100", "2010-09-30": "-2.44500", "2010-06-30": "-2.89800", "2010-03-31": "-3.39200", "2009-12-31": "-3.98000", "2009-09-30": "-4.72400", "2009-06-30": "-4.49600", "2009-03-31": "-6.48400", "2008-12-31": "-1.84100", "2008-09-30": "-1.18500", "2008-06-30": "-1.68300", "2008-03-31": "-1.52600", "2007-12-31": "-0.92900", "2007-09-30": "0.20300", "2007-06-30": "0.22800", "2007-03-31": "0.75300", "2006-12-31": "0.36500", "2006-09-30": "1.51700", "2006-06-30": "1.39800", "2006-03-31": "1.06400", "2005-12-31": "-0.13900", "2005-09-30": "-0.08700", "2005-06-30": "-0.08500", "2005-03-31": "-0.22100"}, "Other Share Holders Equity": {"2020-09-30": "", "2020-06-30": "", "2020-03-31": "", "2019-12-31": "", "2019-09-30": "", "2019-06-30": "", "2019-03-31": "", "2018-12-31": "", "2018-09-30": "", "2018-06-30": "", "2018-03-31": "", "2017-12-31": "", "2017-09-30": "", "2017-06-30": "", "2017-03-31": "", "2016-12-31": "", "2016-09-30": "", "2016-06-30": "", "2016-03-31": "", "2015-12-31": "", "2015-09-30": "", "2015-06-30": "", "2015-03-31": "", "2014-12-31": "", "2014-09-30": "", "2014-06-30": "", "2014-03-31": "", "2013-12-31": "", "2013-09-30": "", "2013-06-30": "", "2013-03-31": "", "2012-12-31": "", "2012-09-30": "", "2012-06-30": "", "2012-03-31": "", "2011-12-31": "", "2011-09-30": "", "2011-06-30": "", "2011-03-31": "", "2010-12-31": "", "2010-09-30": "", "2010-06-30": "", "2010-03-31": "", "2009-12-31": "", "2009-09-30": "", "2009-06-30": "", "2009-03-31": "", "2008-12-31": "", "2008-09-30": "", "2008-06-30": "", "2008-03-31": "", "2007-12-31": "", "2007-09-30": "", "2007-06-30": "", "2007-03-31": "", "2006-12-31": "", "2006-09-30": "", "2006-06-30": "", "2006-03-31": "", "2005-12-31": "", "2005-09-30": "", "2005-06-30": "", "2005-03-31": ""}, "Share Holder Equity": {"2020-09-30": "1084.35800", "2020-06-30": "1061.84600", "2020-03-31": "1063.01800", "2019-12-31": "1085.44200", "2019-09-30": "1068.18400", "2019-06-30": "1091.16800", "2019-03-31": "1102.14100", "2018-12-31": "1171.28500", "2018-09-30": "1150.71500", "2018-06-30": "1158.15500", "2018-03-31": "1155.89100", "2017-12-31": "1202.80800", "2017-09-30": "1187.28000", "2017-06-30": "1202.08700", "2017-03-31": "1216.70400", "2016-12-31": "1209.48100", "2016-09-30": "1209.69400", "2016-06-30": "1243.52600", "2016-03-31": "1265.07800", "2015-12-31": "1314.27500", "2015-09-30": "1366.80500", "2015-06-30": "1398.99100", "2015-03-31": "1420.41900", "2014-12-31": "1396.83700", "2014-09-30": "1333.59200", "2014-06-30": "1351.82500", "2014-03-31": "1339.50100", "2013-12-31": "1065.18600", "2013-09-30": "1016.97700", "2013-06-30": "981.94000", "2013-03-31": "952.37400", "2012-12-31": "919.93900", "2012-09-30": "885.00800", "2012-06-30": "882.48600", "2012-03-31": "853.85200", "2011-12-31": "904.85300", "2011-09-30": "909.68000", "2011-06-30": "393.88900", "2011-03-31": "392.01800", "2010-12-31": "396.31800", "2010-09-30": "402.09100", "2010-06-30": "403.55000", "2010-03-31": "412.61600", "2009-12-31": "419.22600", "2009-09-30": "422.03100", "2009-06-30": "426.86700", "2009-03-31": "434.88800", "2008-12-31": "449.56900", "2008-09-30": "338.96500", "2008-06-30": "328.62400", "2008-03-31": "305.31400", "2007-12-31": "384.64600", "2007-09-30": "238.76000", "2007-06-30": "222.91900", "2007-03-31": "203.46100", "2006-12-31": "192.23700", "2006-09-30": "181.49300", "2006-06-30": "179.16300", "2006-03-31": "48.21600", "2005-12-31": "37.09800", "2005-09-30": "34.17100", "2005-06-30": "20.92000", "2005-03-31": "34.11200"}, "Total Liabilities And Share Holders Equity": {"2020-09-30": "1876.82000", "2020-06-30": "1802.33700", "2020-03-31": "1825.94600", "2019-12-31": "1805.40300", "2019-09-30": "1757.99500", "2019-06-30": "1751.75100", "2019-03-31": "1756.53600", "2018-12-31": "1825.00700", "2018-09-30": "1760.71000", "2018-06-30": "1751.48600", "2018-03-31": "1736.55800", "2017-12-31": "1797.22700", "2017-09-30": "1748.32600", "2017-06-30": "1731.34300", "2017-03-31": "1729.82700", "2016-12-31": "1726.42300", "2016-09-30": "1707.37600", "2016-06-30": "1785.28600", "2016-03-31": "1794.88700", "2015-12-31": "1855.74400", "2015-09-30": "1880.95500", "2015-06-30": "1914.67600", "2015-03-31": "1924.77400", "2014-12-31": "1919.05800", "2014-09-30": "1837.85500", "2014-06-30": "1857.59200", "2014-03-31": "1835.47800", "2013-12-31": "1577.58800", "2013-09-30": "1512.43700", "2013-06-30": "1477.85400", "2013-03-31": "1470.29100", "2012-12-31": "1411.76300", "2012-09-30": "1370.54700", "2012-06-30": "1445.66700", "2012-03-31": "1435.21700", "2011-12-31": "1505.82700", "2011-09-30": "1504.10300", "2011-06-30": "451.23600", "2011-03-31": "452.44800", "2010-12-31": "447.43700", "2010-09-30": "449.13200", "2010-06-30": "491.74100", "2010-03-31": "515.60000", "2009-12-31": "519.90000", "2009-09-30": "527.27700", "2009-06-30": "535.21100", "2009-03-31": "566.48600", "2008-12-31": "596.66700", "2008-09-30": "605.01800", "2008-06-30": "648.83900", "2008-03-31": "656.31100", "2007-12-31": "730.48400", "2007-09-30": "572.88200", "2007-06-30": "564.25800", "2007-03-31": "568.62100", "2006-12-31": "563.37600", "2006-09-30": "544.10700", "2006-06-30": "557.75300", "2006-03-31": "477.16300", "2005-12-31": "482.55500", "2005-09-30": "488.54400", "2005-06-30": "487.44900", "2005-03-31": "338.87400"}}, "cash flow statement": {"Net Income/Loss": {"2019-12-31": "-196.62000", "2018-12-31": "-139.31100", "2017-12-31": "-157.94500", "2016-12-31": "-208.44400", "2015-12-31": "-227.16300", "2014-12-31": "-30.06100", "2013-12-31": "17.64900", "2013-03-31": "24.98300", "2012-03-31": "-113.67800", "2011-03-31": "-45.54000", "2010-03-31": "-39.62600", "2009-03-31": "130.50500", "2008-03-31": "166.97900", "2007-03-31": "9.44500", "2006-03-31": "3.81800", "2005-03-31": "-75.16800"}, "Total Depreciation And Amortization - Cash Flow": {"2019-12-31": "80.41300", "2018-12-31": "103.66000", "2017-12-31": "98.52300", "2016-12-31": "94.25600", "2015-12-31": "85.59600", "2014-12-31": "98.08700", "2013-12-31": "70.76500", "2013-03-31": "73.75100", "2012-03-31": "47.88400", "2011-03-31": "8.65200", "2010-03-31": "25.02600", "2009-03-31": "10.26500", "2008-03-31": "12.13800", "2007-03-31": "11.99100", "2006-03-31": "10.87900", "2005-03-31": "10.61800"}, "Other Non-Cash Items": {"2019-12-31": "100.07800", "2018-12-31": "122.75200", "2017-12-31": "105.09300", "2016-12-31": "77.58900", "2015-12-31": "19.22600", "2014-12-31": "-67.74700", "2013-12-31": "0.89100", "2013-03-31": "43.26000", "2012-03-31": "60.07700", "2011-03-31": "15.92300", "2010-03-31": "10.82000", "2009-03-31": "22.80000", "2008-03-31": "-138.25400", "2007-03-31": "31.68300", "2006-03-31": "5.94600", "2005-03-31": "14.40400"}, "Total Non-Cash Items": {"2019-12-31": "180.49100", "2018-12-31": "226.41200", "2017-12-31": "203.61600", "2016-12-31": "171.84500", "2015-12-31": "104.82200", "2014-12-31": "30.34000", "2013-12-31": "71.65600", "2013-03-31": "117.01100", "2012-03-31": "107.96100", "2011-03-31": "24.57500", "2010-03-31": "35.84600", "2009-03-31": "33.06500", "2008-03-31": "-126.11600", "2007-03-31": "43.67400", "2006-03-31": "16.82500", "2005-03-31": "25.02200"}, "Change In Accounts Receivable": {"2019-12-31": "35.13600", "2018-12-31": "-58.63200", "2017-12-31": "-42.48900", "2016-12-31": "-35.61600", "2015-12-31": "-16.45500", "2014-12-31": "-17.39700", "2013-12-31": "-9.53400", "2013-03-31": "-28.23900", "2012-03-31": "-14.01400", "2011-03-31": "2.34700", "2010-03-31": "-0.72800", "2009-03-31": "13.71000", "2008-03-31": "15.04100", "2007-03-31": "-13.53700", "2006-03-31": "-20.98700", "2005-03-31": "-7.28900"}, "Change In Inventories": {"2019-12-31": "-13.07700", "2018-12-31": "-2.66500", "2017-12-31": "-30.19100", "2016-12-31": "-26.38100", "2015-12-31": "3.68700", "2014-12-31": "-4.21000", "2013-12-31": "-6.34500", "2013-03-31": "-6.57700", "2012-03-31": "-4.87900", "2011-03-31": "5.21100", "2010-03-31": "-4.03700", "2009-03-31": "-5.14000", "2008-03-31": "-1.45000", "2007-03-31": "-12.24000", "2006-03-31": "-3.60100", "2005-03-31": "-3.07100"}, "Change In Accounts Payable": {"2019-12-31": "", "2018-12-31": "", "2017-12-31": "", "2016-12-31": "", "2015-12-31": "", "2014-12-31": "", "2013-12-31": "", "2013-03-31": "", "2012-03-31": "", "2011-03-31": "", "2010-03-31": "", "2009-03-31": "", "2008-03-31": "", "2007-03-31": "", "2006-03-31": "", "2005-03-31": ""}, "Change In Assets/Liabilities": {"2019-12-31": "31.30000", "2018-12-31": "26.73800", "2017-12-31": "-26.45900", "2016-12-31": "-11.07600", "2015-12-31": "18.59400", "2014-12-31": "-24.42900", "2013-12-31": "2.66900", "2013-03-31": "-0.03300", "2012-03-31": "6.57600", "2011-03-31": "0.54700", "2010-03-31": "-1.63800", "2009-03-31": "-139.56400", "2008-03-31": "-3.99700", "2007-03-31": "48.55700", "2006-03-31": "103.31700", "2005-03-31": "-14.69900"}, "Total Change In Assets/Liabilities": {"2019-12-31": "88.20600", "2018-12-31": "12.18000", "2017-12-31": "-26.48100", "2016-12-31": "-27.20300", "2015-12-31": "81.98100", "2014-12-31": "10.86000", "2013-12-31": "2.91600", "2013-03-31": "-15.44300", "2012-03-31": "3.23500", "2011-03-31": "15.05900", "2010-03-31": "-8.46700", "2009-03-31": "-128.98000", "2008-03-31": "1.56100", "2007-03-31": "30.35400", "2006-03-31": "96.06300", "2005-03-31": "-24.10900"}, "Cash Flow From Operating Activities": {"2019-12-31": "72.07700", "2018-12-31": "99.28100", "2017-12-31": "19.19000", "2016-12-31": "-63.80200", "2015-12-31": "-40.36000", "2014-12-31": "11.13900", "2013-12-31": "92.22100", "2013-03-31": "126.55100", "2012-03-31": "-2.48200", "2011-03-31": "-5.90600", "2010-03-31": "-12.24700", "2009-03-31": "34.59000", "2008-03-31": "42.42400", "2007-03-31": "83.47300", "2006-03-31": "116.70600", "2005-03-31": "-74.25500"}, "Net Change In Property, Plant, And Equipment": {"2019-12-31": "-90.04200", "2018-12-31": "-68.92400", "2017-12-31": "-51.13800", "2016-12-31": "-43.46300", "2015-12-31": "-52.34200", "2014-12-31": "10.71400", "2013-12-31": "-19.00200", "2013-03-31": "-22.02400", "2012-03-31": "-16.95300", "2011-03-31": "-9.00600", "2010-03-31": "-15.53900", "2009-03-31": "2.21500", "2008-03-31": "-21.89000", "2007-03-31": "-23.73400", "2006-03-31": "-28.53800", "2005-03-31": "-17.56500"}, "Net Change In Intangible Assets": {"2019-12-31": "", "2018-12-31": "", "2017-12-31": "", "2016-12-31": "", "2015-12-31": "", "2014-12-31": "", "2013-12-31": "", "2013-03-31": "", "2012-03-31": "", "2011-03-31": "", "2010-03-31": "", "2009-03-31": "", "2008-03-31": "", "2007-03-31": "", "2006-03-31": "", "2005-03-31": ""}, "Net Acquisitions/Divestitures": {"2019-12-31": "-8.87500", "2018-12-31": "", "2017-12-31": "", "2016-12-31": "", "2015-12-31": "49.96600", "2014-12-31": "", "2013-12-31": "", "2013-03-31": "", "2012-03-31": "-494.77400", "2011-03-31": "", "2010-03-31": "", "2009-03-31": "", "2008-03-31": "", "2007-03-31": "", "2006-03-31": "", "2005-03-31": ""}, "Net Change In Short-term Investments": {"2019-12-31": "", "2018-12-31": "", "2017-12-31": "", "2016-12-31": "", "2015-12-31": "", "2014-12-31": "", "2013-12-31": "", "2013-03-31": "", "2012-03-31": "323.02800", "2011-03-31": "385.51100", "2010-03-31": "", "2009-03-31": "645.12000", "2008-03-31": "556.57200", "2007-03-31": "-6.24500", "2006-03-31": "-109.51000", "2005-03-31": "-21.24300"}, "Net Change In Long-Term Investments": {"2019-12-31": "-52.91600", "2018-12-31": "46.72900", "2017-12-31": "32.78200", "2016-12-31": "170.70600", "2015-12-31": "-41.11000", "2014-12-31": "-274.11100", "2013-12-31": "-46.36400", "2013-03-31": "-45.00800", "2012-03-31": "-228.46000", "2011-03-31": "-370.87600", "2010-03-31": "43.54800", "2009-03-31": "-601.97500", "2008-03-31": "-472.71700", "2007-03-31": "", "2006-03-31": "", "2005-03-31": ""}, "Net Change In Investments - Total": {"2019-12-31": "-52.91600", "2018-12-31": "46.72900", "2017-12-31": "32.78200", "2016-12-31": "170.70600", "2015-12-31": "-41.11000", "2014-12-31": "-274.11100", "2013-12-31": "-46.36400", "2013-03-31": "-45.00800", "2012-03-31": "94.56800", "2011-03-31": "14.63500", "2010-03-31": "43.54800", "2009-03-31": "43.14500", "2008-03-31": "83.85500", "2007-03-31": "-6.24500", "2006-03-31": "-109.51000", "2005-03-31": "-21.24300"}, "Investing Activities - Other": {"2019-12-31": "10.00000", "2018-12-31": "", "2017-12-31": "", "2016-12-31": "", "2015-12-31": "", "2014-12-31": "", "2013-12-31": "", "2013-03-31": "-1.11600", "2012-03-31": "", "2011-03-31": "", "2010-03-31": "", "2009-03-31": "", "2008-03-31": "", "2007-03-31": "", "2006-03-31": "", "2005-03-31": "0.03000"}, "Cash Flow From Investing Activities": {"2019-12-31": "-141.83300", "2018-12-31": "-22.19500", "2017-12-31": "-18.35600", "2016-12-31": "127.24300", "2015-12-31": "-43.48600", "2014-12-31": "-263.39700", "2013-12-31": "-65.36600", "2013-03-31": "-68.14800", "2012-03-31": "-417.15900", "2011-03-31": "5.62900", "2010-03-31": "28.00900", "2009-03-31": "45.36000", "2008-03-31": "61.96500", "2007-03-31": "-29.97900", "2006-03-31": "-138.04800", "2005-03-31": "-38.77800"}, "Net Long-Term Debt": {"2019-12-31": "-2.84300", "2018-12-31": "-0.74300", "2017-12-31": "", "2016-12-31": "-3.42900", "2015-12-31": "-6.75000", "2014-12-31": "-6.75000", "2013-12-31": "-5.06000", "2013-03-31": "-83.46100", "2012-03-31": "443.32500", "2011-03-31": "-45.39700", "2010-03-31": "-23.48600", "2009-03-31": "-83.44100", "2008-03-31": "-1.57900", "2007-03-31": "-1.78300", "2006-03-31": "-1.12400", "2005-03-31": "153.70800"}, "Net Current Debt": {"2019-12-31": "", "2018-12-31": "", "2017-12-31": "", "2016-12-31": "", "2015-12-31": "", "2014-12-31": "", "2013-12-31": "", "2013-03-31": "", "2012-03-31": "", "2011-03-31": "", "2010-03-31": "", "2009-03-31": "", "2008-03-31": "", "2007-03-31": "", "2006-03-31": "", "2005-03-31": ""}, "Debt Issuance/Retirement Net - Total": {"2019-12-31": "-2.84300", "2018-12-31": "-0.74300", "2017-12-31": "", "2016-12-31": "-3.42900", "2015-12-31": "-6.75000", "2014-12-31": "-6.75000", "2013-12-31": "-5.06000", "2013-03-31": "-83.46100", "2012-03-31": "443.32500", "2011-03-31": "-45.39700", "2010-03-31": "-23.48600", "2009-03-31": "-83.44100", "2008-03-31": "-1.57900", "2007-03-31": "-1.78300", "2006-03-31": "-1.12400", "2005-03-31": "153.70800"}, "Net Common Equity Issued/Repurchased": {"2019-12-31": "18.92500", "2018-12-31": "20.87700", "2017-12-31": "23.51700", "2016-12-31": "20.30800", "2015-12-31": "44.96900", "2014-12-31": "295.98300", "2013-12-31": "49.07700", "2013-03-31": "34.36000", "2012-03-31": "20.86400", "2011-03-31": "6.15800", "2010-03-31": "-0.09100", "2009-03-31": "-10.93700", "2008-03-31": "-82.19100", "2007-03-31": "-4.94500", "2006-03-31": "8.55900", "2005-03-31": "3.03000"}, "Net Total Equity Issued/Repurchased": {"2019-12-31": "18.92500", "2018-12-31": "20.87700", "2017-12-31": "23.51700", "2016-12-31": "20.30800", "2015-12-31": "44.96900", "2014-12-31": "295.98300", "2013-12-31": "49.07700", "2013-03-31": "34.36000", "2012-03-31": "20.86400", "2011-03-31": "6.15800", "2010-03-31": "-0.09100", "2009-03-31": "-10.93700", "2008-03-31": "-82.19100", "2007-03-31": "-4.94500", "2006-03-31": "8.55900", "2005-03-31": "3.03000"}, "Total Common And Preferred Stock Dividends Paid": {"2019-12-31": "", "2018-12-31": "", "2017-12-31": "", "2016-12-31": "", "2015-12-31": "", "2014-12-31": "", "2013-12-31": "", "2013-03-31": "", "2012-03-31": "", "2011-03-31": "", "2010-03-31": "", "2009-03-31": "", "2008-03-31": "", "2007-03-31": "", "2006-03-31": "", "2005-03-31": ""}, "Financial Activities - Other": {"2019-12-31": "-9.31700", "2018-12-31": "-21.75400", "2017-12-31": "-19.43300", "2016-12-31": "-75.05100", "2015-12-31": "2.67200", "2014-12-31": "19.52700", "2013-12-31": "-0.27100", "2013-03-31": "4.05800", "2012-03-31": "0.65900", "2011-03-31": "-1.41400", "2010-03-31": "0.24600", "2009-03-31": "0.08000", "2008-03-31": "0.12200", "2007-03-31": "0.15600", "2006-03-31": "", "2005-03-31": "-6.11900"}, "Cash Flow From Financial Activities": {"2019-12-31": "6.76500", "2018-12-31": "-1.62000", "2017-12-31": "4.08400", "2016-12-31": "-58.17200", "2015-12-31": "40.89100", "2014-12-31": "308.76000", "2013-12-31": "43.74600", "2013-03-31": "-45.04300", "2012-03-31": "464.84800", "2011-03-31": "-40.65300", "2010-03-31": "-23.33100", "2009-03-31": "-94.29800", "2008-03-31": "-83.64800", "2007-03-31": "-6.57200", "2006-03-31": "7.43500", "2005-03-31": "150.61900"}, "Net Cash Flow": {"2019-12-31": "-62.99100", "2018-12-31": "75.46600", "2017-12-31": "4.91800", "2016-12-31": "5.26900", "2015-12-31": "-42.95500", "2014-12-31": "56.50200", "2013-12-31": "70.60100", "2013-03-31": "13.36000", "2012-03-31": "45.20700", "2011-03-31": "-40.93000", "2010-03-31": "-7.56900", "2009-03-31": "-14.34800", "2008-03-31": "20.74100", "2007-03-31": "46.92200", "2006-03-31": "-13.90700", "2005-03-31": "37.58600"}, "Stock-Based Compensation": {"2019-12-31": "100.97700", "2018-12-31": "105.35700", "2017-12-31": "83.91700", "2016-12-31": "94.39600", "2015-12-31": "97.34100", "2014-12-31": "59.57900", "2013-12-31": "33.40900", "2013-03-31": "34.71600", "2012-03-31": "28.82600", "2011-03-31": "19.83200", "2010-03-31": "13.92100", "2009-03-31": "14.81000", "2008-03-31": "19.44500", "2007-03-31": "27.68700", "2006-03-31": "0.44200", "2005-03-31": "1.55100"}, "Common Stock Dividends Paid": {"2019-12-31": "", "2018-12-31": "", "2017-12-31": "", "2016-12-31": "", "2015-12-31": "", "2014-12-31": "", "2013-12-31": "", "2013-03-31": "", "2012-03-31": "", "2011-03-31": "", "2010-03-31": "", "2009-03-31": "", "2008-03-31": "", "2007-03-31": "", "2006-03-31": "", "2005-03-31": ""}}, "cash flow statement, quarterly": {"Net Income/Loss": {"2020-09-30": -0.134, "2020-06-30": -29.431, "2020-03-31": "-38.65400", "2019-12-31": -5.354, "2019-09-30": -52.878, "2019-06-30": -41.99, "2019-03-31": "-96.39800", "2018-12-31": -9.713, "2018-09-30": -34.444, "2018-06-30": -32.649, "2018-03-31": "-62.50500", "2017-12-31": -9.789, "2017-09-30": -36.276, "2017-06-30": -42.999, "2017-03-31": "-68.88100", "2016-12-31": -21.141, "2016-09-30": -62.687, "2016-06-30": -47.193, "2016-03-31": "-77.42300", "2015-12-31": -69.382, "2015-09-30": -81.015, "2015-06-30": -46.109, "2015-03-31": "-30.65700", "2014-12-31": 30.514, "2014-09-30": -39.956, "2014-06-30": 3.735, "2014-03-31": "-24.35400", "2013-12-31": 15.08, "2013-09-30": -7.764, "2013-06-30": 7.334, "2013-03-31": "2.99900", "2012-12-31": 16.258, "2012-09-30": -16.707, "2012-06-30": 22.433, "2012-03-31": "0.00000", "2011-12-31": -14.828, "2011-09-30": -22.255, "2011-06-30": -13.238, "2011-03-31": "0.00000", "2010-12-31": -11.383, "2010-09-30": -7.666, "2010-06-30": -13.409, "2010-03-31": "0.00000", "2009-12-31": -6.817, "2009-09-30": -8.709, "2009-06-30": -10.165, "2009-03-31": "0.00000", "2008-12-31": 112.715, "2008-09-30": 1.698, "2008-06-30": 29.687, "2008-03-31": "0.00000", "2007-12-31": 168.881, "2007-09-30": 7.698, "2007-06-30": 8.747, "2007-03-31": "0.00000", "2006-12-31": 2.933, "2006-09-30": 3.726, "2006-06-30": -0.715, "2006-03-31": "0.00000", "2005-12-31": 1.407, "2005-09-30": 11.752, "2005-06-30": -13.737, "2005-03-31": "0.00000"}, "Total Depreciation And Amortization - Cash Flow": {"2020-09-30": 20.579, "2020-06-30": 20.338, "2020-03-31": "20.60800", "2019-12-31": 20.512, "2019-09-30": 20.345, "2019-06-30": 19.914, "2019-03-31": "19.64200", "2018-12-31": 25.902, "2018-09-30": 26.267, "2018-06-30": 25.769, "2018-03-31": "25.72200", "2017-12-31": 25.218, "2017-09-30": 25.036, "2017-06-30": 24.506, "2017-03-31": "23.76300", "2016-12-31": 24.651, "2016-09-30": 23.819, "2016-06-30": 23.083, "2016-03-31": "22.70300", "2015-12-31": 21.781, "2015-09-30": 20.707, "2015-06-30": 20.621, "2015-03-31": "22.48700", "2014-12-31": 25.368, "2014-09-30": 25.233, "2014-06-30": 24.933, "2014-03-31": "22.55300", "2013-12-31": 5.043, "2013-09-30": 23.674, "2013-06-30": 23.727, "2013-03-31": "18.32100", "2012-12-31": 18.601, "2012-09-30": 18.811, "2012-06-30": 18.018, "2012-03-31": "", "2011-12-31": 20.874, "2011-09-30": 4.469, "2011-06-30": 1.908, "2011-03-31": "", "2010-12-31": 2.148, "2010-09-30": 1.957, "2010-06-30": 2.105, "2010-03-31": "", "2009-12-31": 4.832, "2009-09-30": 5.534, "2009-06-30": 9.948, "2009-03-31": "", "2008-12-31": 2.6, "2008-09-30": 2.384, "2008-06-30": 2.517, "2008-03-31": "", "2007-12-31": 3.266, "2007-09-30": 3.184, "2007-06-30": 2.93, "2007-03-31": "", "2006-12-31": 3.071, "2006-09-30": 2.941, "2006-06-30": 2.826, "2006-03-31": "", "2005-12-31": 2.673, "2005-09-30": 2.605, "2005-06-30": 2.578, "2005-03-31": ""}, "Other Non-Cash Items": {"2020-09-30": 9.683, "2020-06-30": 27.253, "2020-03-31": "23.76100", "2019-12-31": -4.377, "2019-09-30": 53.32, "2019-06-30": 28.628, "2019-03-31": "22.50700", "2018-12-31": 41.574, "2018-09-30": 3.89, "2018-06-30": 59.064, "2018-03-31": "18.22400", "2017-12-31": 55.748, "2017-09-30": 8.828, "2017-06-30": 20.54, "2017-03-31": "19.97700", "2016-12-31": 21.838, "2016-09-30": 21.317, "2016-06-30": 41.717, "2016-03-31": "-7.28300", "2015-12-31": 23.1, "2015-09-30": 7, "2015-06-30": -19.013, "2015-03-31": "8.13900", "2014-12-31": -55.495, "2014-09-30": -9.871, "2014-06-30": -7.424, "2014-03-31": "5.04300", "2013-12-31": -24.712, "2013-09-30": 13.661, "2013-06-30": 1.158, "2013-03-31": "10.78400", "2012-12-31": 4.141, "2012-09-30": 18.819, "2012-06-30": 9.516, "2012-03-31": "", "2011-12-31": 9.401, "2011-09-30": -4.89, "2011-06-30": 5.53, "2011-03-31": "", "2010-12-31": 7.173, "2010-09-30": 7.351, "2010-06-30": 3.952, "2010-03-31": "", "2009-12-31": 4.235, "2009-09-30": 5.296, "2009-06-30": 3.226, "2009-03-31": "", "2008-12-31": 8.287, "2008-09-30": 0.093, "2008-06-30": 5.14, "2008-03-31": "", "2007-12-31": -167.411, "2007-09-30": 5.671, "2007-06-30": 6.811, "2007-03-31": "", "2006-12-31": 85.202, "2006-09-30": 7.37, "2006-06-30": 9.567, "2006-03-31": "", "2005-12-31": 1.839, "2005-09-30": 1.282, "2005-06-30": 1.319, "2005-03-31": ""}, "Total Non-Cash Items": {"2020-09-30": 30.262, "2020-06-30": 47.591, "2020-03-31": "44.36900", "2019-12-31": 16.135, "2019-09-30": 73.665, "2019-06-30": 48.542, "2019-03-31": "42.14900", "2018-12-31": 67.476, "2018-09-30": 30.157, "2018-06-30": 84.833, "2018-03-31": "43.94600", "2017-12-31": 80.966, "2017-09-30": 33.864, "2017-06-30": 45.046, "2017-03-31": "43.74000", "2016-12-31": 46.489, "2016-09-30": 45.136, "2016-06-30": 64.8, "2016-03-31": "15.42000", "2015-12-31": 44.881, "2015-09-30": 27.707, "2015-06-30": 1.608, "2015-03-31": "30.62600", "2014-12-31": -30.127, "2014-09-30": 15.362, "2014-06-30": 17.509, "2014-03-31": "27.59600", "2013-12-31": -19.669, "2013-09-30": 37.335, "2013-06-30": 24.885, "2013-03-31": "29.10500", "2012-12-31": 22.742, "2012-09-30": 37.63, "2012-06-30": 27.534, "2012-03-31": "", "2011-12-31": 30.275, "2011-09-30": -0.421, "2011-06-30": 7.438, "2011-03-31": "", "2010-12-31": 9.321, "2010-09-30": 9.308, "2010-06-30": 6.057, "2010-03-31": "", "2009-12-31": 9.067, "2009-09-30": 10.83, "2009-06-30": 13.174, "2009-03-31": "", "2008-12-31": 10.887, "2008-09-30": 2.477, "2008-06-30": 7.657, "2008-03-31": "", "2007-12-31": -164.145, "2007-09-30": 8.855, "2007-06-30": 9.741, "2007-03-31": "", "2006-12-31": 88.273, "2006-09-30": 10.311, "2006-06-30": 12.393, "2006-03-31": "", "2005-12-31": 4.512, "2005-09-30": 3.887, "2005-06-30": 3.897, "2005-03-31": ""}, "Change In Accounts Receivable": {"2020-09-30": -28.282, "2020-06-30": 9.361, "2020-03-31": "10.37000", "2019-12-31": -6.852, "2019-09-30": 10.992, "2019-06-30": -38.415, "2019-03-31": "69.41100", "2018-12-31": -41.31, "2018-09-30": 4.318, "2018-06-30": -41.07, "2018-03-31": "19.43000", "2017-12-31": -26.055, "2017-09-30": -7.828, "2017-06-30": -23.221, "2017-03-31": "14.61500", "2016-12-31": -13.656, "2016-09-30": 7.562, "2016-06-30": -45.195, "2016-03-31": "15.67300", "2015-12-31": -14.5, "2015-09-30": -5.204, "2015-06-30": -6.323, "2015-03-31": "9.57200", "2014-12-31": -7.859, "2014-09-30": -4.376, "2014-06-30": -16.162, "2014-03-31": "11.00000", "2013-12-31": -8.921, "2013-09-30": 10.13, "2013-06-30": -5.958, "2013-03-31": "-4.78500", "2012-12-31": -17.837, "2012-09-30": 33.658, "2012-06-30": -39.275, "2012-03-31": "", "2011-12-31": -22.783, "2011-09-30": 12.348, "2011-06-30": -11.615, "2011-03-31": "", "2010-12-31": 11.601, "2010-09-30": -11.504, "2010-06-30": 1.05, "2010-03-31": "", "2009-12-31": 5.466, "2009-09-30": -5.8, "2009-06-30": -3.311, "2009-03-31": "", "2008-12-31": 9.334, "2008-09-30": -4.348, "2008-06-30": 6.599, "2008-03-31": "", "2007-12-31": 3.429, "2007-09-30": 22.744, "2007-06-30": -11.805, "2007-03-31": "", "2006-12-31": 13.403, "2006-09-30": -22.931, "2006-06-30": -1.551, "2006-03-31": "", "2005-12-31": -9.563, "2005-09-30": 3.968, "2005-06-30": -9.004, "2005-03-31": ""}, "Change In Inventories": {"2020-09-30": -6.966, "2020-06-30": -6.94, "2020-03-31": "-6.84200", "2019-12-31": -2.753, "2019-09-30": -6.396, "2019-06-30": -2.228, "2019-03-31": "-1.70000", "2018-12-31": -0.069, "2018-09-30": -0.514, "2018-06-30": -1.651, "2018-03-31": "-0.43100", "2017-12-31": -8.348, "2017-09-30": -7.258, "2017-06-30": -13.852, "2017-03-31": "-0.73300", "2016-12-31": -9.225, "2016-09-30": -3.911, "2016-06-30": -5.263, "2016-03-31": "-7.98200", "2015-12-31": -9.855, "2015-09-30": 6.53, "2015-06-30": 3.991, "2015-03-31": "3.02100", "2014-12-31": 13.564, "2014-09-30": 1.94, "2014-06-30": -6.036, "2014-03-31": "-13.67800", "2013-12-31": -3.815, "2013-09-30": -1.494, "2013-06-30": -2.212, "2013-03-31": "1.17600", "2012-12-31": -4.642, "2012-09-30": -2.869, "2012-06-30": -0.242, "2012-03-31": "", "2011-12-31": 3.869, "2011-09-30": -13.839, "2011-06-30": 1.918, "2011-03-31": "", "2010-12-31": 2.268, "2010-09-30": -0.26, "2010-06-30": 2.051, "2010-03-31": "", "2009-12-31": 1.189, "2009-09-30": -1.157, "2009-06-30": 1.167, "2009-03-31": "", "2008-12-31": -5.636, "2008-09-30": -0.955, "2008-06-30": 1.845, "2008-03-31": "", "2007-12-31": 0.212, "2007-09-30": -0.911, "2007-06-30": -7.205, "2007-03-31": "", "2006-12-31": 2.425, "2006-09-30": -7.064, "2006-06-30": -5.401, "2006-03-31": "", "2005-12-31": -0.001, "2005-09-30": -4.319, "2005-06-30": -0.776, "2005-03-31": ""}, "Change In Accounts Payable": {"2020-09-30": 0, "2020-06-30": 0, "2020-03-31": "", "2019-12-31": 0, "2019-09-30": 0, "2019-06-30": 0, "2019-03-31": "", "2018-12-31": 0, "2018-09-30": 0, "2018-06-30": 0, "2018-03-31": "", "2017-12-31": 0, "2017-09-30": 0, "2017-06-30": 0, "2017-03-31": "", "2016-12-31": 0, "2016-09-30": 0, "2016-06-30": 0, "2016-03-31": "", "2015-12-31": 0, "2015-09-30": 0, "2015-06-30": 0, "2015-03-31": "", "2014-12-31": 0, "2014-09-30": 0, "2014-06-30": 0, "2014-03-31": "", "2013-12-31": 0, "2013-09-30": 0, "2013-06-30": 0, "2013-03-31": "", "2012-12-31": 0, "2012-09-30": 0, "2012-06-30": 0, "2012-03-31": "", "2011-12-31": 0, "2011-09-30": 0, "2011-06-30": 0, "2011-03-31": "", "2010-12-31": 0, "2010-09-30": 0, "2010-06-30": 0, "2010-03-31": "", "2009-12-31": 0, "2009-09-30": 0, "2009-06-30": 0, "2009-03-31": "", "2008-12-31": 0, "2008-09-30": 0, "2008-06-30": 0, "2008-03-31": "", "2007-12-31": 0, "2007-09-30": 0, "2007-06-30": 0, "2007-03-31": "", "2006-12-31": 0, "2006-09-30": 0, "2006-06-30": 0, "2006-03-31": "", "2005-12-31": 0, "2005-09-30": 0, "2005-06-30": 0, "2005-03-31": ""}, "Change In Assets/Liabilities": {"2020-09-30": 3.285, "2020-06-30": -8.007, "2020-03-31": "1.73900", "2019-12-31": 26.589, "2019-09-30": -24.871, "2019-06-30": 4.944, "2019-03-31": "24.63800", "2018-12-31": 10.289, "2018-09-30": 18.44, "2018-06-30": 11.164, "2018-03-31": "-13.15500", "2017-12-31": -30.093, "2017-09-30": 6.947, "2017-06-30": -2.555, "2017-03-31": "-0.75800", "2016-12-31": -13.946, "2016-09-30": 14.502, "2016-06-30": -9.41, "2016-03-31": "-2.22200", "2015-12-31": 21.407, "2015-09-30": -2.617, "2015-06-30": -0.014, "2015-03-31": "-0.18200", "2014-12-31": -24.242, "2014-09-30": -2.189, "2014-06-30": 2.954, "2014-03-31": "-0.95200", "2013-12-31": 2.87, "2013-09-30": 1.221, "2013-06-30": -1.635, "2013-03-31": "0.21300", "2012-12-31": -0.554, "2012-09-30": -3.369, "2012-06-30": 3.677, "2012-03-31": "", "2011-12-31": 1.209, "2011-09-30": -0.285, "2011-06-30": 0.474, "2011-03-31": "", "2010-12-31": -1.692, "2010-09-30": -4.589, "2010-06-30": -0.405, "2010-03-31": "", "2009-12-31": -0.019, "2009-09-30": -1.384, "2009-06-30": -4.619, "2009-03-31": "", "2008-12-31": -129.33, "2008-09-30": 0.932, "2008-06-30": -0.203, "2008-03-31": "", "2007-12-31": 3.363, "2007-09-30": -3.359, "2007-06-30": -4.237, "2007-03-31": "", "2006-12-31": -62.182, "2006-09-30": -17.331, "2006-06-30": 80.225, "2006-03-31": "", "2005-12-31": -17.594, "2005-09-30": -13.582, "2005-06-30": 160.208, "2005-03-31": ""}, "Total Change In Assets/Liabilities": {"2020-09-30": 30.075, "2020-06-30": -22.592, "2020-03-31": "-45.98700", "2019-12-31": 31.289, "2019-09-30": 10.185, "2019-06-30": -29.729, "2019-03-31": "76.46100", "2018-12-31": 2.75, "2018-09-30": 37.767, "2018-06-30": -20.058, "2018-03-31": "-8.27900", "2017-12-31": -35.268, "2017-09-30": 21.891, "2017-06-30": -24.498, "2017-03-31": "11.39400", "2016-12-31": -17.79, "2016-09-30": 32.283, "2016-06-30": -46.485, "2016-03-31": "4.78900", "2015-12-31": 26.916, "2015-09-30": 23.862, "2015-06-30": 29.095, "2015-03-31": "2.10800", "2014-12-31": 13.256, "2014-09-30": 16.785, "2014-06-30": -12.467, "2014-03-31": "-6.71400", "2013-12-31": -12.609, "2013-09-30": 11.797, "2013-06-30": -19.472, "2013-03-31": "23.20000", "2012-12-31": -12.801, "2012-09-30": 28.824, "2012-06-30": -54.666, "2012-03-31": "", "2011-12-31": -17.655, "2011-09-30": 25.379, "2011-06-30": -12.457, "2011-03-31": "", "2010-12-31": 14.959, "2010-09-30": -15.861, "2010-06-30": -5.506, "2010-03-31": "", "2009-12-31": 4.139, "2009-09-30": -5.161, "2009-06-30": -18.645, "2009-03-31": "", "2008-12-31": -119.569, "2008-09-30": -1.239, "2008-06-30": -5.676, "2008-03-31": "", "2007-12-31": 13.707, "2007-09-30": 17.181, "2007-06-30": -42.661, "2007-03-31": "", "2006-12-31": -51.989, "2006-09-30": -45.76, "2006-06-30": 65.744, "2006-03-31": "", "2005-12-31": -19.446, "2005-09-30": -13.665, "2005-06-30": 151.112, "2005-03-31": ""}, "Cash Flow From Operating Activities": {"2020-09-30": 60.203, "2020-06-30": -4.432, "2020-03-31": "-40.27200", "2019-12-31": 42.07, "2019-09-30": 30.972, "2019-06-30": -23.177, "2019-03-31": "22.21200", "2018-12-31": 60.513, "2018-09-30": 33.48, "2018-06-30": 32.126, "2018-03-31": "-26.83800", "2017-12-31": 35.909, "2017-09-30": 19.479, "2017-06-30": -22.451, "2017-03-31": "-13.74700", "2016-12-31": 7.558, "2016-09-30": 14.732, "2016-06-30": -28.878, "2016-03-31": "-57.21400", "2015-12-31": 2.415, "2015-09-30": -29.446, "2015-06-30": -15.406, "2015-03-31": "2.07700", "2014-12-31": 13.643, "2014-09-30": -7.809, "2014-06-30": 8.777, "2014-03-31": "-3.47200", "2013-12-31": -17.198, "2013-09-30": 41.368, "2013-06-30": 12.747, "2013-03-31": "55.30400", "2012-12-31": 26.199, "2012-09-30": 49.747, "2012-06-30": -4.699, "2012-03-31": "", "2011-12-31": -2.208, "2011-09-30": 2.703, "2011-06-30": -18.257, "2011-03-31": "", "2010-12-31": 12.897, "2010-09-30": -14.219, "2010-06-30": -12.858, "2010-03-31": "", "2009-12-31": 6.389, "2009-09-30": -3.04, "2009-06-30": -15.636, "2009-03-31": "", "2008-12-31": 4.033, "2008-09-30": 2.936, "2008-06-30": 31.668, "2008-03-31": "", "2007-12-31": 18.443, "2007-09-30": 33.734, "2007-06-30": -24.173, "2007-03-31": "", "2006-12-31": 39.217, "2006-09-30": -31.723, "2006-06-30": 77.422, "2006-03-31": "", "2005-12-31": -13.527, "2005-09-30": 1.974, "2005-06-30": 141.272, "2005-03-31": ""}, "Net Change In Property, Plant, And Equipment": {"2020-09-30": -6.352, "2020-06-30": -10.571, "2020-03-31": "-19.79600", "2019-12-31": -31.97, "2019-09-30": -18.821, "2019-06-30": -15.697, "2019-03-31": "-23.55400", "2018-12-31": -17.511, "2018-09-30": -16.416, "2018-06-30": -16.836, "2018-03-31": "-18.16100", "2017-12-31": -17.656, "2017-09-30": -12.833, "2017-06-30": -11.27, "2017-03-31": "-9.37900", "2016-12-31": -9.776, "2016-09-30": -11.488, "2016-06-30": -10.197, "2016-03-31": "-12.00200", "2015-12-31": -15.794, "2015-09-30": -11.833, "2015-06-30": -14.046, "2015-03-31": "-10.66900", "2014-12-31": 16.679, "2014-09-30": -8.888, "2014-06-30": 8.608, "2014-03-31": "-5.68500", "2013-12-31": -1.67, "2013-09-30": -5.573, "2013-06-30": -3.619, "2013-03-31": "-8.14000", "2012-12-31": -2.695, "2012-09-30": -4.474, "2012-06-30": -6.715, "2012-03-31": "", "2011-12-31": -5.205, "2011-09-30": -2.73, "2011-06-30": -0.921, "2011-03-31": "", "2010-12-31": -1.256, "2010-09-30": -2.207, "2010-06-30": -4.306, "2010-03-31": "", "2009-12-31": -5.232, "2009-09-30": -1.64, "2009-06-30": -2.076, "2009-03-31": "", "2008-12-31": -0.578, "2008-09-30": -0.994, "2008-06-30": 5.144, "2008-03-31": "", "2007-12-31": -3.009, "2007-09-30": -8.147, "2007-06-30": -6.462, "2007-03-31": "", "2006-12-31": -9.869, "2006-09-30": -8.54, "2006-06-30": -6.16, "2006-03-31": "", "2005-12-31": -9.886, "2005-09-30": -5.518, "2005-06-30": -5.3, "2005-03-31": ""}, "Net Change In Intangible Assets": {"2020-09-30": 0, "2020-06-30": 0, "2020-03-31": "", "2019-12-31": 0, "2019-09-30": 0, "2019-06-30": 0, "2019-03-31": "", "2018-12-31": 0, "2018-09-30": 0, "2018-06-30": 0, "2018-03-31": "", "2017-12-31": 0, "2017-09-30": 0, "2017-06-30": 0, "2017-03-31": "", "2016-12-31": 0, "2016-09-30": 0, "2016-06-30": 0, "2016-03-31": "", "2015-12-31": 0, "2015-09-30": 0, "2015-06-30": 0, "2015-03-31": "", "2014-12-31": 0, "2014-09-30": 0, "2014-06-30": 0, "2014-03-31": "", "2013-12-31": 0, "2013-09-30": 0, "2013-06-30": 0, "2013-03-31": "", "2012-12-31": 0, "2012-09-30": 0, "2012-06-30": 0, "2012-03-31": "", "2011-12-31": 0, "2011-09-30": 0, "2011-06-30": 0, "2011-03-31": "", "2010-12-31": 0, "2010-09-30": 0, "2010-06-30": 0, "2010-03-31": "", "2009-12-31": 0, "2009-09-30": 0, "2009-06-30": 0, "2009-03-31": "", "2008-12-31": 0, "2008-09-30": 0, "2008-06-30": 0, "2008-03-31": "", "2007-12-31": 0, "2007-09-30": 0, "2007-06-30": 0, "2007-03-31": "", "2006-12-31": 0, "2006-09-30": 0, "2006-06-30": 0, "2006-03-31": "", "2005-12-31": 0, "2005-09-30": 0, "2005-06-30": 0, "2005-03-31": ""}, "Net Acquisitions/Divestitures": {"2020-09-30": 0, "2020-06-30": 0, "2020-03-31": "", "2019-12-31": -8.875, "2019-09-30": 0, "2019-06-30": 0, "2019-03-31": "", "2018-12-31": 0, "2018-09-30": 0, "2018-06-30": 0, "2018-03-31": "", "2017-12-31": 0, "2017-09-30": 0, "2017-06-30": 0, "2017-03-31": "", "2016-12-31": 0, "2016-09-30": 0, "2016-06-30": 0, "2016-03-31": "", "2015-12-31": -0.301, "2015-09-30": 0.026, "2015-06-30": 50.241, "2015-03-31": "", "2014-12-31": 0, "2014-09-30": 0, "2014-06-30": 0, "2014-03-31": "", "2013-12-31": 0, "2013-09-30": 0, "2013-06-30": 0, "2013-03-31": "", "2012-12-31": 0, "2012-09-30": 0, "2012-06-30": 0, "2012-03-31": "", "2011-12-31": 0.188, "2011-09-30": -494.962, "2011-06-30": 0, "2011-03-31": "", "2010-12-31": 0, "2010-09-30": 0, "2010-06-30": 0, "2010-03-31": "", "2009-12-31": 0, "2009-09-30": 0, "2009-06-30": 0, "2009-03-31": "", "2008-12-31": 0, "2008-09-30": 0, "2008-06-30": 0, "2008-03-31": "", "2007-12-31": 0, "2007-09-30": 0, "2007-06-30": 0, "2007-03-31": "", "2006-12-31": 0, "2006-09-30": 0, "2006-06-30": 0, "2006-03-31": "", "2005-12-31": 0, "2005-09-30": 0, "2005-06-30": 0, "2005-03-31": ""}, "Net Change In Short-term Investments": {"2020-09-30": 0, "2020-06-30": 0, "2020-03-31": "", "2019-12-31": 0, "2019-09-30": 0, "2019-06-30": 0, "2019-03-31": "", "2018-12-31": 0, "2018-09-30": 0, "2018-06-30": 0, "2018-03-31": "", "2017-12-31": 0, "2017-09-30": 0, "2017-06-30": 0, "2017-03-31": "", "2016-12-31": 0, "2016-09-30": 0, "2016-06-30": 0, "2016-03-31": "", "2015-12-31": 0, "2015-09-30": 0, "2015-06-30": 0, "2015-03-31": "", "2014-12-31": 0, "2014-09-30": -184.446, "2014-06-30": 184.446, "2014-03-31": "", "2013-12-31": -95.149, "2013-09-30": 95.149, "2013-06-30": -38.749, "2013-03-31": "38.74900", "2012-12-31": 0, "2012-09-30": -56.686, "2012-06-30": 56.686, "2012-03-31": "", "2011-12-31": 0, "2011-09-30": 0, "2011-06-30": 0, "2011-03-31": "", "2010-12-31": -276.437, "2010-09-30": 276.437, "2010-06-30": 0, "2010-03-31": "", "2009-12-31": 0, "2009-09-30": 0, "2009-06-30": 0, "2009-03-31": "", "2008-12-31": 0, "2008-09-30": 8.002, "2008-06-30": -8.002, "2008-03-31": "", "2007-12-31": 79.68, "2007-09-30": -3.369, "2007-06-30": 5.75, "2007-03-31": "", "2006-12-31": -4.514, "2006-09-30": -2.468, "2006-06-30": 3.722, "2006-03-31": "", "2005-12-31": 2.497, "2005-09-30": 23.365, "2005-06-30": -160.742, "2005-03-31": ""}, "Net Change In Long-Term Investments": {"2020-09-30": -4.694, "2020-06-30": 24.922, "2020-03-31": "37.28800", "2019-12-31": -60.626, "2019-09-30": 50.415, "2019-06-30": 3.444, "2019-03-31": "-46.14900", "2018-12-31": 9.708, "2018-09-30": 42.564, "2018-06-30": -49.048, "2018-03-31": "43.50500", "2017-12-31": 3.466, "2017-09-30": -0.772, "2017-06-30": 5.249, "2017-03-31": "24.83900", "2016-12-31": -11.102, "2016-09-30": 58.477, "2016-06-30": 38.635, "2016-03-31": "84.69600", "2015-12-31": -26.122, "2015-09-30": 42.316, "2015-06-30": -39.184, "2015-03-31": "-18.12000", "2014-12-31": 29.451, "2014-09-30": 129.641, "2014-06-30": -166.214, "2014-03-31": "-266.98900", "2013-12-31": 151.352, "2013-09-30": -92.246, "2013-06-30": 36.967, "2013-03-31": "-142.43700", "2012-12-31": -27.494, "2012-09-30": 126.795, "2012-06-30": -40.621, "2012-03-31": "", "2011-12-31": 2.489, "2011-09-30": 97.817, "2011-06-30": 7.745, "2011-03-31": "", "2010-12-31": 265.774, "2010-09-30": -273.999, "2010-06-30": 33.127, "2010-03-31": "", "2009-12-31": 25.636, "2009-09-30": 18.759, "2009-06-30": -15.943, "2009-03-31": "", "2008-12-31": -4.234, "2008-09-30": 1.547, "2008-06-30": 0, "2008-03-31": "", "2007-12-31": 166.865, "2007-09-30": 0, "2007-06-30": 0, "2007-03-31": "", "2006-12-31": 0, "2006-09-30": 0, "2006-06-30": 0, "2006-03-31": "", "2005-12-31": 0, "2005-09-30": 0, "2005-06-30": 0, "2005-03-31": ""}, "Net Change In Investments - Total": {"2020-09-30": -4.694, "2020-06-30": 24.922, "2020-03-31": "37.28800", "2019-12-31": -60.626, "2019-09-30": 50.415, "2019-06-30": 3.444, "2019-03-31": "-46.14900", "2018-12-31": 9.708, "2018-09-30": 42.564, "2018-06-30": -49.048, "2018-03-31": "43.50500", "2017-12-31": 3.466, "2017-09-30": -0.772, "2017-06-30": 5.249, "2017-03-31": "24.83900", "2016-12-31": -11.102, "2016-09-30": 58.477, "2016-06-30": 38.635, "2016-03-31": "84.69600", "2015-12-31": -26.122, "2015-09-30": 42.316, "2015-06-30": -39.184, "2015-03-31": "-18.12000", "2014-12-31": 29.451, "2014-09-30": -54.805, "2014-06-30": 18.232, "2014-03-31": "-266.98900", "2013-12-31": 56.203, "2013-09-30": 2.903, "2013-06-30": -1.782, "2013-03-31": "-103.68800", "2012-12-31": -27.494, "2012-09-30": 70.109, "2012-06-30": 16.065, "2012-03-31": "", "2011-12-31": 2.489, "2011-09-30": 97.817, "2011-06-30": 7.745, "2011-03-31": "", "2010-12-31": -10.663, "2010-09-30": 2.438, "2010-06-30": 33.127, "2010-03-31": "", "2009-12-31": 25.636, "2009-09-30": 18.759, "2009-06-30": -15.943, "2009-03-31": "", "2008-12-31": -4.234, "2008-09-30": 9.549, "2008-06-30": -8.002, "2008-03-31": "", "2007-12-31": 246.545, "2007-09-30": -3.369, "2007-06-30": 5.75, "2007-03-31": "", "2006-12-31": -4.514, "2006-09-30": -2.468, "2006-06-30": 3.722, "2006-03-31": "", "2005-12-31": 2.497, "2005-09-30": 23.365, "2005-06-30": -160.742, "2005-03-31": ""}, "Investing Activities - Other": {"2020-09-30": 2.819, "2020-06-30": 0, "2020-03-31": "", "2019-12-31": 0, "2019-09-30": 0, "2019-06-30": 5, "2019-03-31": "5.00000", "2018-12-31": 0, "2018-09-30": 0, "2018-06-30": 0, "2018-03-31": "", "2017-12-31": 0, "2017-09-30": 0, "2017-06-30": 0, "2017-03-31": "", "2016-12-31": 0, "2016-09-30": 0, "2016-06-30": 0, "2016-03-31": "", "2015-12-31": 0, "2015-09-30": 0, "2015-06-30": 0, "2015-03-31": "", "2014-12-31": 0, "2014-09-30": 0, "2014-06-30": 0, "2014-03-31": "", "2013-12-31": 0, "2013-09-30": 0, "2013-06-30": 0, "2013-03-31": "", "2012-12-31": -1.116, "2012-09-30": 0, "2012-06-30": 0, "2012-03-31": "", "2011-12-31": 0, "2011-09-30": 0, "2011-06-30": 0, "2011-03-31": "", "2010-12-31": 0, "2010-09-30": 0, "2010-06-30": 0, "2010-03-31": "", "2009-12-31": 0, "2009-09-30": 0, "2009-06-30": 0, "2009-03-31": "", "2008-12-31": 0, "2008-09-30": 0, "2008-06-30": 0, "2008-03-31": "", "2007-12-31": 0, "2007-09-30": 0, "2007-06-30": 0, "2007-03-31": "", "2006-12-31": 0, "2006-09-30": -0.014, "2006-06-30": 0.014, "2006-03-31": "", "2005-12-31": 0.042, "2005-09-30": 0.035, "2005-06-30": 0.018, "2005-03-31": ""}, "Cash Flow From Investing Activities": {"2020-09-30": -8.227, "2020-06-30": 14.351, "2020-03-31": "17.49200", "2019-12-31": -101.471, "2019-09-30": 31.594, "2019-06-30": -7.253, "2019-03-31": "-64.70300", "2018-12-31": -7.803, "2018-09-30": 26.148, "2018-06-30": -65.884, "2018-03-31": "25.34400", "2017-12-31": -14.19, "2017-09-30": -13.605, "2017-06-30": -6.021, "2017-03-31": "15.46000", "2016-12-31": -20.878, "2016-09-30": 46.989, "2016-06-30": 28.438, "2016-03-31": "72.69400", "2015-12-31": -42.217, "2015-09-30": 30.509, "2015-06-30": -2.989, "2015-03-31": "-28.78900", "2014-12-31": 46.13, "2014-09-30": -63.693, "2014-06-30": 26.84, "2014-03-31": "-272.67400", "2013-12-31": 54.533, "2013-09-30": -2.67, "2013-06-30": -5.401, "2013-03-31": "-111.82800", "2012-12-31": -31.305, "2012-09-30": 65.635, "2012-06-30": 9.35, "2012-03-31": "", "2011-12-31": -2.528, "2011-09-30": -399.875, "2011-06-30": 6.824, "2011-03-31": "", "2010-12-31": -11.919, "2010-09-30": 0.231, "2010-06-30": 28.821, "2010-03-31": "", "2009-12-31": 20.404, "2009-09-30": 17.119, "2009-06-30": -18.019, "2009-03-31": "", "2008-12-31": -4.812, "2008-09-30": 8.555, "2008-06-30": -2.858, "2008-03-31": "", "2007-12-31": 243.536, "2007-09-30": -11.516, "2007-06-30": -0.712, "2007-03-31": "", "2006-12-31": -14.383, "2006-09-30": -11.022, "2006-06-30": -2.424, "2006-03-31": "", "2005-12-31": -7.347, "2005-09-30": 17.882, "2005-06-30": -166.024, "2005-03-31": ""}, "Net Long-Term Debt": {"2020-09-30": -0.711, "2020-06-30": -0.71, "2020-03-31": "-0.71100", "2019-12-31": -0.711, "2019-09-30": -0.711, "2019-06-30": -0.71, "2019-03-31": "-0.71100", "2018-12-31": 0.678, "2018-09-30": -0.711, "2018-06-30": -0.71, "2018-03-31": "", "2017-12-31": 2.25, "2017-09-30": -0.75, "2017-06-30": -0.75, "2017-03-31": "-0.75000", "2016-12-31": 61.634, "2016-09-30": -61.688, "2016-06-30": -1.687, "2016-03-31": "-1.68800", "2015-12-31": -1.686, "2015-09-30": -1.689, "2015-06-30": -1.687, "2015-03-31": "-1.68800", "2014-12-31": -1.686, "2014-09-30": -1.688, "2014-06-30": -1.688, "2014-03-31": "-1.68800", "2013-12-31": 2.077, "2013-09-30": -1.687, "2013-06-30": -1.688, "2013-03-31": "-3.76200", "2012-12-31": -1.688, "2012-09-30": -77.236, "2012-06-30": -0.775, "2012-03-31": "", "2011-12-31": 0, "2011-09-30": 432.276, "2011-06-30": 11.824, "2011-03-31": "", "2010-12-31": 0, "2010-09-30": -39.63, "2010-06-30": -5.767, "2010-03-31": "", "2009-12-31": -5.852, "2009-09-30": -5.892, "2009-06-30": -5.932, "2009-03-31": "", "2008-12-31": 0, "2008-09-30": -53.795, "2008-06-30": -13.437, "2008-03-31": "", "2007-12-31": -0.331, "2007-09-30": -0.334, "2007-06-30": -0.31, "2007-03-31": "", "2006-12-31": -0.229, "2006-09-30": -0.294, "2006-06-30": -0.294, "2006-03-31": "", "2005-12-31": -0.283, "2005-09-30": -0.279, "2005-06-30": -0.273, "2005-03-31": ""}, "Net Current Debt": {"2020-09-30": 0, "2020-06-30": 0, "2020-03-31": "", "2019-12-31": 0, "2019-09-30": 0, "2019-06-30": 0, "2019-03-31": "", "2018-12-31": 0, "2018-09-30": 0, "2018-06-30": 0, "2018-03-31": "", "2017-12-31": 0, "2017-09-30": 0, "2017-06-30": 0, "2017-03-31": "", "2016-12-31": 0, "2016-09-30": 0, "2016-06-30": 0, "2016-03-31": "", "2015-12-31": 0, "2015-09-30": 0, "2015-06-30": 0, "2015-03-31": "", "2014-12-31": 0, "2014-09-30": 0, "2014-06-30": 0, "2014-03-31": "", "2013-12-31": 0, "2013-09-30": 0, "2013-06-30": 0, "2013-03-31": "", "2012-12-31": 0, "2012-09-30": 0, "2012-06-30": 0, "2012-03-31": "", "2011-12-31": 0, "2011-09-30": 0, "2011-06-30": 0, "2011-03-31": "", "2010-12-31": 0, "2010-09-30": 0, "2010-06-30": 0, "2010-03-31": "", "2009-12-31": 0, "2009-09-30": 0, "2009-06-30": 0, "2009-03-31": "", "2008-12-31": 0, "2008-09-30": 0, "2008-06-30": 0, "2008-03-31": "", "2007-12-31": 0, "2007-09-30": 0, "2007-06-30": 0, "2007-03-31": "", "2006-12-31": 0, "2006-09-30": 0, "2006-06-30": 0, "2006-03-31": "", "2005-12-31": 0, "2005-09-30": 0, "2005-06-30": 0, "2005-03-31": ""}, "Debt Issuance/Retirement Net - Total": {"2020-09-30": -0.711, "2020-06-30": -0.71, "2020-03-31": "-0.71100", "2019-12-31": -0.711, "2019-09-30": -0.711, "2019-06-30": -0.71, "2019-03-31": "-0.71100", "2018-12-31": 0.678, "2018-09-30": -0.711, "2018-06-30": -0.71, "2018-03-31": "", "2017-12-31": 2.25, "2017-09-30": -0.75, "2017-06-30": -0.75, "2017-03-31": "-0.75000", "2016-12-31": 61.634, "2016-09-30": -61.688, "2016-06-30": -1.687, "2016-03-31": "-1.68800", "2015-12-31": -1.686, "2015-09-30": -1.689, "2015-06-30": -1.687, "2015-03-31": "-1.68800", "2014-12-31": -1.686, "2014-09-30": -1.688, "2014-06-30": -1.688, "2014-03-31": "-1.68800", "2013-12-31": 2.077, "2013-09-30": -1.687, "2013-06-30": -1.688, "2013-03-31": "-3.76200", "2012-12-31": -1.688, "2012-09-30": -77.236, "2012-06-30": -0.775, "2012-03-31": "", "2011-12-31": 0, "2011-09-30": 432.276, "2011-06-30": 11.824, "2011-03-31": "", "2010-12-31": 0, "2010-09-30": -39.63, "2010-06-30": -5.767, "2010-03-31": "", "2009-12-31": -5.852, "2009-09-30": -5.892, "2009-06-30": -5.932, "2009-03-31": "", "2008-12-31": 0, "2008-09-30": -53.795, "2008-06-30": -13.437, "2008-03-31": "", "2007-12-31": -0.331, "2007-09-30": -0.334, "2007-06-30": -0.31, "2007-03-31": "", "2006-12-31": -0.229, "2006-09-30": -0.294, "2006-06-30": -0.294, "2006-03-31": "", "2005-12-31": -0.283, "2005-09-30": -0.279, "2005-06-30": -0.273, "2005-03-31": ""}, "Net Common Equity Issued/Repurchased": {"2020-09-30": 0.8, "2020-06-30": 3.849, "2020-03-31": "3.07000", "2019-12-31": 2.544, "2019-09-30": 3.773, "2019-06-30": 2.054, "2019-03-31": "10.55400", "2018-12-31": 2.559, "2018-09-30": 1.318, "2018-06-30": 3.836, "2018-03-31": "13.16400", "2017-12-31": 5.219, "2017-09-30": 1.894, "2017-06-30": 9.29, "2017-03-31": "7.11400", "2016-12-31": 7.562, "2016-09-30": 5.256, "2016-06-30": 3.992, "2016-03-31": "3.49800", "2015-12-31": 13.336, "2015-09-30": 9.796, "2015-06-30": 8.239, "2015-03-31": "13.59800", "2014-12-31": 20.146, "2014-09-30": 5.61, "2014-06-30": 10.793, "2014-03-31": "259.43400", "2013-12-31": -1.713, "2013-09-30": 18.864, "2013-06-30": 15.079, "2013-03-31": "16.84700", "2012-12-31": 7.782, "2012-09-30": 8.391, "2012-06-30": 1.34, "2012-03-31": "", "2011-12-31": 1.247, "2011-09-30": 15.326, "2011-06-30": 0, "2011-03-31": "", "2010-12-31": 0.628, "2010-09-30": 0.88, "2010-06-30": 0.474, "2010-03-31": "", "2009-12-31": -0.001, "2009-09-30": -0.095, "2009-06-30": -2.406, "2009-03-31": "", "2008-12-31": -4.483, "2008-09-30": 4.351, "2008-06-30": -10.21, "2008-03-31": "", "2007-12-31": -27.239, "2007-09-30": 3.495, "2007-06-30": 5.627, "2007-03-31": "", "2006-12-31": 1.564, "2006-09-30": -7.829, "2006-06-30": -0.359, "2006-03-31": "", "2005-12-31": 1.281, "2005-09-30": 1.445, "2005-06-30": 0.351, "2005-03-31": ""}, "Net Total Equity Issued/Repurchased": {"2020-09-30": 0.8, "2020-06-30": 3.849, "2020-03-31": "3.07000", "2019-12-31": 2.544, "2019-09-30": 3.773, "2019-06-30": 2.054, "2019-03-31": "10.55400", "2018-12-31": 2.559, "2018-09-30": 1.318, "2018-06-30": 3.836, "2018-03-31": "13.16400", "2017-12-31": 5.219, "2017-09-30": 1.894, "2017-06-30": 9.29, "2017-03-31": "7.11400", "2016-12-31": 7.562, "2016-09-30": 5.256, "2016-06-30": 3.992, "2016-03-31": "3.49800", "2015-12-31": 13.336, "2015-09-30": 9.796, "2015-06-30": 8.239, "2015-03-31": "13.59800", "2014-12-31": 20.146, "2014-09-30": 5.61, "2014-06-30": 10.793, "2014-03-31": "259.43400", "2013-12-31": -1.713, "2013-09-30": 18.864, "2013-06-30": 15.079, "2013-03-31": "16.84700", "2012-12-31": 7.782, "2012-09-30": 8.391, "2012-06-30": 1.34, "2012-03-31": "", "2011-12-31": 1.247, "2011-09-30": 15.326, "2011-06-30": 0, "2011-03-31": "", "2010-12-31": 0.628, "2010-09-30": 0.88, "2010-06-30": 0.474, "2010-03-31": "", "2009-12-31": -0.001, "2009-09-30": -0.095, "2009-06-30": -2.406, "2009-03-31": "", "2008-12-31": -4.483, "2008-09-30": 4.351, "2008-06-30": -10.21, "2008-03-31": "", "2007-12-31": -27.239, "2007-09-30": 3.495, "2007-06-30": 5.627, "2007-03-31": "", "2006-12-31": 1.564, "2006-09-30": -7.829, "2006-06-30": -0.359, "2006-03-31": "", "2005-12-31": 1.281, "2005-09-30": 1.445, "2005-06-30": 0.351, "2005-03-31": ""}, "Total Common And Preferred Stock Dividends Paid": {"2020-09-30": 0, "2020-06-30": 0, "2020-03-31": "", "2019-12-31": 0, "2019-09-30": 0, "2019-06-30": 0, "2019-03-31": "", "2018-12-31": 0, "2018-09-30": 0, "2018-06-30": 0, "2018-03-31": "", "2017-12-31": 0, "2017-09-30": 0, "2017-06-30": 0, "2017-03-31": "", "2016-12-31": 0, "2016-09-30": 0, "2016-06-30": 0, "2016-03-31": "", "2015-12-31": 0, "2015-09-30": 0, "2015-06-30": 0, "2015-03-31": "", "2014-12-31": 0, "2014-09-30": 0, "2014-06-30": 0, "2014-03-31": "", "2013-12-31": 0, "2013-09-30": 0, "2013-06-30": 0, "2013-03-31": "", "2012-12-31": 0, "2012-09-30": 0, "2012-06-30": 0, "2012-03-31": "", "2011-12-31": 0, "2011-09-30": 0, "2011-06-30": 0, "2011-03-31": "", "2010-12-31": 0, "2010-09-30": 0, "2010-06-30": 0, "2010-03-31": "", "2009-12-31": 0, "2009-09-30": 0, "2009-06-30": 0, "2009-03-31": "", "2008-12-31": 0, "2008-09-30": 0, "2008-06-30": 0, "2008-03-31": "", "2007-12-31": 0, "2007-09-30": 0, "2007-06-30": 0, "2007-03-31": "", "2006-12-31": 0, "2006-09-30": 0, "2006-06-30": 0, "2006-03-31": "", "2005-12-31": 0, "2005-09-30": 0, "2005-06-30": 0, "2005-03-31": ""}, "Financial Activities - Other": {"2020-09-30": -0.201, "2020-06-30": -0.123, "2020-03-31": "-7.28300", "2019-12-31": -0.087, "2019-09-30": -0.156, "2019-06-30": -0.194, "2019-03-31": "-8.88000", "2018-12-31": -5.226, "2018-09-30": -0.043, "2018-06-30": -0.024, "2018-03-31": "-16.46100", "2017-12-31": -3.015, "2017-09-30": -0.001, "2017-06-30": -3.269, "2017-03-31": "-13.14800", "2016-12-31": -71.737, "2016-09-30": 0.512, "2016-06-30": -5.403, "2016-03-31": "1.57700", "2015-12-31": -13.08, "2015-09-30": 16.278, "2015-06-30": -0.577, "2015-03-31": "0.05100", "2014-12-31": 9.649, "2014-09-30": 15.44, "2014-06-30": -12.725, "2014-03-31": "7.16300", "2013-12-31": -4.711, "2013-09-30": 1.233, "2013-06-30": -1.301, "2013-03-31": "4.50800", "2012-12-31": 2.486, "2012-09-30": 0.282, "2012-06-30": -3.218, "2012-03-31": "", "2011-12-31": -0.417, "2011-09-30": 2.86, "2011-06-30": -2.838, "2011-03-31": "", "2010-12-31": 0, "2010-09-30": 0, "2010-06-30": 0, "2010-03-31": "", "2009-12-31": 0, "2009-09-30": 0, "2009-06-30": 0, "2009-03-31": "", "2008-12-31": 0.001, "2008-09-30": 0.055, "2008-06-30": 0.019, "2008-03-31": "", "2007-12-31": 0.103, "2007-09-30": 0.05, "2007-06-30": 0.058, "2007-03-31": "", "2006-12-31": 0, "2006-09-30": 0, "2006-06-30": 0, "2006-03-31": "", "2005-12-31": 0, "2005-09-30": 0, "2005-06-30": 0, "2005-03-31": ""}, "Cash Flow From Financial Activities": {"2020-09-30": -0.112, "2020-06-30": 3.016, "2020-03-31": "-4.92400", "2019-12-31": 1.746, "2019-09-30": 2.906, "2019-06-30": 1.15, "2019-03-31": "0.96300", "2018-12-31": -1.989, "2018-09-30": 0.564, "2018-06-30": 3.102, "2018-03-31": "-3.29700", "2017-12-31": 4.454, "2017-09-30": 1.143, "2017-06-30": 5.271, "2017-03-31": "-6.78400", "2016-12-31": -2.541, "2016-09-30": -55.92, "2016-06-30": -3.098, "2016-03-31": "3.38700", "2015-12-31": -1.43, "2015-09-30": 24.385, "2015-06-30": 5.975, "2015-03-31": "11.96100", "2014-12-31": 28.109, "2014-09-30": 19.362, "2014-06-30": -3.62, "2014-03-31": "264.90900", "2013-12-31": -4.347, "2013-09-30": 18.41, "2013-06-30": 12.09, "2013-03-31": "17.59300", "2012-12-31": 8.58, "2012-09-30": -68.563, "2012-06-30": -2.653, "2012-03-31": "", "2011-12-31": 0.83, "2011-09-30": 450.462, "2011-06-30": 8.986, "2011-03-31": "", "2010-12-31": 0.628, "2010-09-30": -38.75, "2010-06-30": -5.293, "2010-03-31": "", "2009-12-31": -5.853, "2009-09-30": -5.987, "2009-06-30": -8.338, "2009-03-31": "", "2008-12-31": -4.482, "2008-09-30": -49.389, "2008-06-30": -23.628, "2008-03-31": "", "2007-12-31": -27.467, "2007-09-30": 3.211, "2007-06-30": 5.375, "2007-03-31": "", "2006-12-31": 1.335, "2006-09-30": -8.123, "2006-06-30": -0.653, "2006-03-31": "", "2005-12-31": 0.998, "2005-09-30": 1.166, "2005-06-30": 0.078, "2005-03-31": ""}, "Net Cash Flow": {"2020-09-30": 51.864, "2020-06-30": 12.935, "2020-03-31": "-27.70400", "2019-12-31": -57.655, "2019-09-30": 65.472, "2019-06-30": -29.28, "2019-03-31": "-41.52800", "2018-12-31": 50.721, "2018-09-30": 60.192, "2018-06-30": -30.656, "2018-03-31": "-4.79100", "2017-12-31": 26.173, "2017-09-30": 7.017, "2017-06-30": -23.201, "2017-03-31": "-5.07100", "2016-12-31": -15.861, "2016-09-30": 5.801, "2016-06-30": -3.538, "2016-03-31": "18.86700", "2015-12-31": -41.232, "2015-09-30": 25.448, "2015-06-30": -12.42, "2015-03-31": "-14.75100", "2014-12-31": 87.882, "2014-09-30": -52.14, "2014-06-30": 31.997, "2014-03-31": "-11.23700", "2013-12-31": 32.988, "2013-09-30": 57.108, "2013-06-30": 19.436, "2013-03-31": "-38.93100", "2012-12-31": 3.474, "2012-09-30": 46.819, "2012-06-30": 1.998, "2012-03-31": "", "2011-12-31": -3.906, "2011-09-30": 53.29, "2011-06-30": -2.447, "2011-03-31": "", "2010-12-31": 1.606, "2010-09-30": -52.738, "2010-06-30": 10.67, "2010-03-31": "", "2009-12-31": 20.94, "2009-09-30": 8.092, "2009-06-30": -41.993, "2009-03-31": "", "2008-12-31": -5.261, "2008-09-30": -37.898, "2008-06-30": 5.182, "2008-03-31": "", "2007-12-31": 234.512, "2007-09-30": 25.429, "2007-06-30": -19.51, "2007-03-31": "", "2006-12-31": 26.169, "2006-09-30": -50.868, "2006-06-30": 74.345, "2006-03-31": "", "2005-12-31": -19.876, "2005-09-30": 21.022, "2005-06-30": -24.674, "2005-03-31": ""}, "Stock-Based Compensation": {"2020-09-30": 22.62, "2020-06-30": 22.846, "2020-03-31": "19.81300", "2019-12-31": 21.387, "2019-09-30": 26.729, "2019-06-30": 28.245, "2019-03-31": "24.61600", "2018-12-31": 29.314, "2018-09-30": 25.068, "2018-06-30": 30.933, "2018-03-31": "20.04200", "2017-12-31": 20.581, "2017-09-30": 19.488, "2017-06-30": 22.679, "2017-03-31": "21.16900", "2016-12-31": 19.783, "2016-09-30": 23.726, "2016-06-30": 26.631, "2016-03-31": "24.25600", "2015-12-31": 22.868, "2015-09-30": 35.267, "2015-06-30": 21.877, "2015-03-31": "17.32900", "2014-12-31": 13.339, "2014-09-30": 13.482, "2014-06-30": 19.338, "2014-03-31": "13.42000", "2013-12-31": 2.51, "2013-09-30": 14.209, "2013-06-30": 8.809, "2013-03-31": "7.88100", "2012-12-31": 8.226, "2012-09-30": 10.447, "2012-06-30": 8.162, "2012-03-31": "", "2011-12-31": 9.031, "2011-09-30": 7.052, "2011-06-30": 5.66, "2011-03-31": "", "2010-12-31": 5.792, "2010-09-30": 4.948, "2010-06-30": 4.456, "2010-03-31": "", "2009-12-31": 3.373, "2009-09-30": 4.208, "2009-06-30": 3.23, "2009-03-31": "", "2008-12-31": 3.281, "2008-09-30": 3.814, "2008-06-30": 4.495, "2008-03-31": "", "2007-12-31": 5.182, "2007-09-30": 4.548, "2007-06-30": 5.747, "2007-03-31": "", "2006-12-31": 7.5, "2006-09-30": 6.371, "2006-06-30": 8.347, "2006-03-31": "", "2005-12-31": -0.115, "2005-09-30": 0.057, "2005-06-30": 0.058, "2005-03-31": ""}, "Common Stock Dividends Paid": {"2020-09-30": 0, "2020-06-30": 0, "2020-03-31": "", "2019-12-31": 0, "2019-09-30": 0, "2019-06-30": 0, "2019-03-31": "", "2018-12-31": 0, "2018-09-30": 0, "2018-06-30": 0, "2018-03-31": "", "2017-12-31": 0, "2017-09-30": 0, "2017-06-30": 0, "2017-03-31": "", "2016-12-31": 0, "2016-09-30": 0, "2016-06-30": 0, "2016-03-31": "", "2015-12-31": 0, "2015-09-30": 0, "2015-06-30": 0, "2015-03-31": "", "2014-12-31": 0, "2014-09-30": 0, "2014-06-30": 0, "2014-03-31": "", "2013-12-31": 0, "2013-09-30": 0, "2013-06-30": 0, "2013-03-31": "", "2012-12-31": 0, "2012-09-30": 0, "2012-06-30": 0, "2012-03-31": "", "2011-12-31": 0, "2011-09-30": 0, "2011-06-30": 0, "2011-03-31": "", "2010-12-31": 0, "2010-09-30": 0, "2010-06-30": 0, "2010-03-31": "", "2009-12-31": 0, "2009-09-30": 0, "2009-06-30": 0, "2009-03-31": "", "2008-12-31": 0, "2008-09-30": 0, "2008-06-30": 0, "2008-03-31": "", "2007-12-31": 0, "2007-09-30": 0, "2007-06-30": 0, "2007-03-31": "", "2006-12-31": 0, "2006-09-30": 0, "2006-06-30": 0, "2006-03-31": "", "2005-12-31": 0, "2005-09-30": 0, "2005-06-30": 0, "2005-03-31": ""}}, "financial ratios": {"Current Ratio": {"2019-12-31": "2.45960", "2018-12-31": "2.89380", "2017-12-31": "2.77840", "2016-12-31": "3.72970", "2015-12-31": "3.19620", "2014-12-31": "6.71450", "2013-12-31": "5.65070", "2013-03-31": "4.75490", "2012-03-31": "3.80370", "2011-03-31": "5.26380", "2010-03-31": "3.71150", "2009-03-31": "5.45070", "2008-03-31": "9.83240", "2007-03-31": "6.97510", "2006-03-31": "2.76850", "2005-03-31": "9.62180"}, "Long-term Debt / Capital": {"2019-12-31": "0.20170", "2018-12-31": "0.19100", "2017-12-31": "0.18800", "2016-12-31": "0.18830", "2015-12-31": "0.17780", "2014-12-31": "0.19990", "2013-12-31": "0.25130", "2013-03-31": "0.27560", "2012-03-31": "0.34080", "2011-03-31": "", "2010-03-31": "", "2009-03-31": "0.10350", "2008-03-31": "0.34430", "2007-03-31": "0.43530", "2006-03-31": "0.85290", "2005-03-31": "0.89020"}, "Debt/Equity Ratio": {"2019-12-31": "0.25530", "2018-12-31": "0.23850", "2017-12-31": "0.23400", "2016-12-31": "0.23450", "2015-12-31": "0.26630", "2014-12-31": "0.25470", "2013-12-31": "0.34200", "2013-03-31": "0.38750", "2012-03-31": "0.52050", "2011-03-31": "", "2010-03-31": "0.12370", "2009-03-31": "0.17450", "2008-03-31": "0.52530", "2007-03-31": "0.77870", "2006-03-31": "5.83640", "2005-03-31": "8.14590"}, "Gross Margin": {"2019-12-31": "84.59500", "2018-12-31": "83.87790", "2017-12-31": "82.87000", "2016-12-31": "82.28200", "2015-12-31": "77.87980", "2014-12-31": "71.58450", "2013-12-31": "68.97610", "2013-03-31": "70.38200", "2012-03-31": "67.28580", "2011-03-31": "72.03980", "2010-03-31": "72.26960", "2009-03-31": "86.72250", "2008-03-31": "83.10170", "2007-03-31": "81.16020", "2006-03-31": "85.90110", "2005-03-31": "77.88670"}, "Operating Margin": {"2019-12-31": "-14.98610", "2018-12-31": "-9.05880", "2017-12-31": "-16.37200", "2016-12-31": "-27.98270", "2015-12-31": "-35.69770", "2014-12-31": "-14.08300", "2013-12-31": "3.57900", "2013-03-31": "14.21480", "2012-03-31": "-22.63750", "2011-03-31": "-24.44870", "2010-03-31": "-24.13830", "2009-03-31": "41.29160", "2008-03-31": "-1.15860", "2007-03-31": "4.60150", "2006-03-31": "8.19980", "2005-03-31": "-96.38630"}, "EBIT Margin": {"2019-12-31": "-14.98610", "2018-12-31": "-9.05880", "2017-12-31": "-16.37200", "2016-12-31": "-27.98270", "2015-12-31": "-35.69770", "2014-12-31": "-14.08300", "2013-12-31": "3.57900", "2013-03-31": "14.21480", "2012-03-31": "-22.63750", "2011-03-31": "-24.44870", "2010-03-31": "-24.13830", "2009-03-31": "41.29160", "2008-03-31": "-1.15860", "2007-03-31": "4.60150", "2006-03-31": "8.19980", "2005-03-31": "-96.38630"}, "EBITDA Margin": {"2019-12-31": "-8.11870", "2018-12-31": "0.41420", "2017-12-31": "-5.46580", "2016-12-31": "-15.34260", "2015-12-31": "-22.07500", "2014-12-31": "1.76850", "2013-12-31": "19.92540", "2013-03-31": "27.02890", "2012-03-31": "-10.35880", "2011-03-31": "-19.81300", "2010-03-31": "-10.10090", "2009-03-31": "44.43230", "2008-03-31": "3.88380", "2007-03-31": "9.59850", "2006-03-31": "14.72980", "2005-03-31": "-82.43830"}, "Pre-Tax Profit Margin": {"2019-12-31": "-16.82880", "2018-12-31": "-11.60290", "2017-12-31": "-15.85990", "2016-12-31": "-28.75000", "2015-12-31": "-35.65060", "2014-12-31": "-2.26720", "2013-12-31": "1.24670", "2013-03-31": "6.15780", "2012-03-31": "-29.33300", "2011-03-31": "-24.90950", "2010-03-31": "-25.07330", "2009-03-31": "40.08460", "2008-03-31": "71.79800", "2007-03-31": "4.39360", "2006-03-31": "2.29170", "2005-03-31": "-98.74160"}, "Net Profit Margin": {"2019-12-31": "-16.79150", "2018-12-31": "-12.73090", "2017-12-31": "-17.48390", "2016-12-31": "-27.95300", "2015-12-31": "-36.15320", "2014-12-31": "-4.85800", "2013-12-31": "4.07680", "2013-03-31": "4.34070", "2012-03-31": "-29.14990", "2011-03-31": "-24.39990", "2010-03-31": "-22.22670", "2009-03-31": "39.92950", "2008-03-31": "69.36740", "2007-03-31": "3.93600", "2006-03-31": "2.29170", "2005-03-31": "-98.74160"}, "Asset Turnover": {"2019-12-31": "0.64860", "2018-12-31": "0.59960", "2017-12-31": "0.50260", "2016-12-31": "0.43190", "2015-12-31": "0.33860", "2014-12-31": "0.32240", "2013-12-31": "0.27440", "2013-03-31": "0.39150", "2012-03-31": "0.27170", "2011-03-31": "0.41250", "2010-03-31": "0.34580", "2009-03-31": "0.57700", "2008-03-31": "0.36680", "2007-03-31": "0.42200", "2006-03-31": "0.34910", "2005-03-31": "0.22460"}, "Inventory Turnover Ratio": {"2019-12-31": "1.77190", "2018-12-31": "1.95600", "2017-12-31": "1.65910", "2016-12-31": "2.09720", "2015-12-31": "3.61850", "2014-12-31": "3.42370", "2013-12-31": "2.90590", "2013-03-31": "3.92030", "2012-03-31": "3.20880", "2011-03-31": "2.55500", "2010-03-31": "2.39370", "2009-03-31": "2.13810", "2008-03-31": "2.15400", "2007-03-31": "2.48540", "2006-03-31": "3.19970", "2005-03-31": "4.47000"}, "Receiveable Turnover": {"2019-12-31": "4.55470", "2018-12-31": "3.74470", "2017-12-31": "3.86730", "2016-12-31": "3.90210", "2015-12-31": "4.04110", "2014-12-31": "4.08300", "2013-12-31": "3.22700", "2013-03-31": "4.61840", "2012-03-31": "4.04620", "2011-03-31": "8.12570", "2010-03-31": "7.04220", "2009-03-31": "13.29260", "2008-03-31": "5.09460", "2007-03-31": "4.28130", "2006-03-31": "4.18570", "2005-03-31": "4.04600"}, "Days Sales In Receivables": {"2019-12-31": "80.13720", "2018-12-31": "97.47230", "2017-12-31": "94.37990", "2016-12-31": "93.54000", "2015-12-31": "90.32240", "2014-12-31": "89.39410", "2013-12-31": "113.10920", "2013-03-31": "79.03130", "2012-03-31": "90.20810", "2011-03-31": "44.91900", "2010-03-31": "51.83020", "2009-03-31": "27.45880", "2008-03-31": "71.64380", "2007-03-31": "85.25360", "2006-03-31": "87.20070", "2005-03-31": "90.21200"}, "ROE - Return On Equity": {"2019-12-31": "-18.11430", "2018-12-31": "-11.89390", "2017-12-31": "-13.13140", "2016-12-31": "-17.23420", "2015-12-31": "-17.28430", "2014-12-31": "-2.15210", "2013-12-31": "1.65690", "2013-03-31": "2.62320", "2012-03-31": "-13.31360", "2011-03-31": "-11.61680", "2010-03-31": "-9.60360", "2009-03-31": "30.00890", "2008-03-31": "54.69090", "2007-03-31": "4.64220", "2006-03-31": "11.49450", "2005-03-31": "-1828.01200"}, "Return On Tangible Equity": {"2019-12-31": "-23.35360", "2018-12-31": "-15.69860", "2017-12-31": "-18.49980", "2016-12-31": "-26.10830", "2015-12-31": "-26.97210", "2014-12-31": "-3.65170", "2013-12-31": "4.05840", "2013-03-31": "8.80800", "2012-03-31": "-79.34690", "2011-03-31": "-11.61680", "2010-03-31": "-9.60360", "2009-03-31": "30.00890", "2008-03-31": "54.69090", "2007-03-31": "4.64220", "2006-03-31": "7.91850", "2005-03-31": "-220.35650"}, "ROA - Return On Assets": {"2019-12-31": "-10.89060", "2018-12-31": "-7.63350", "2017-12-31": "-8.78830", "2016-12-31": "-12.07380", "2015-12-31": "-12.24110", "2014-12-31": "-1.56640", "2013-12-31": "1.11870", "2013-03-31": "1.69920", "2012-03-31": "-7.92060", "2011-03-31": "-10.06530", "2010-03-31": "-7.68540", "2009-03-31": "23.03760", "2008-03-31": "25.44210", "2007-03-31": "1.66100", "2006-03-31": "0.80010", "2005-03-31": "-22.18170"}, "ROI - Return On Investment": {"2019-12-31": "-14.46020", "2018-12-31": "-9.62260", "2017-12-31": "-10.66300", "2016-12-31": "-13.98820", "2015-12-31": "-14.21120", "2014-12-31": "-1.72190", "2013-12-31": "1.24050", "2013-03-31": "1.90040", "2012-03-31": "-8.77680", "2011-03-31": "-11.61680", "2010-03-31": "-9.60360", "2009-03-31": "26.90220", "2008-03-31": "35.86030", "2007-03-31": "2.62130", "2006-03-31": "1.16500", "2005-03-31": "-24.20110"}, "Book Value Per Share": {"2019-12-31": "6.87950", "2018-12-31": "7.51990", "2017-12-31": "7.81000", "2016-12-31": "7.93460", "2015-12-31": "8.72110", "2014-12-31": "9.46760", "2013-12-31": "7.73040", "2013-03-31": "7.12040", "2012-03-31": "6.55920", "2011-03-31": "4.07990", "2010-03-31": "4.33180", "2009-03-31": "4.58170", "2008-03-31": "3.19760", "2007-03-31": "2.01230", "2006-03-31": "0.52340", "2005-03-31": "0.37740"}, "Operating Cash Flow Per Share": {"2019-12-31": -0.1812, "2018-12-31": 0.515, "2017-12-31": 0.5463, "2016-12-31": -0.1507, "2015-12-31": -0.3472, "2014-12-31": -0.5595, "2013-12-31": -0.2869, "2013-03-31": "0.92310", "2012-03-31": "-0.02160", "2011-03-31": "-0.06180", "2010-03-31": "-0.12910", "2009-03-31": "0.35940", "2008-03-31": "0.41220", "2007-03-31": "0.80770", "2006-03-31": "1.19850", "2005-03-31": "-0.82420"}, "Free Cash Flow Per Share": {"2019-12-31": -0.3101, "2018-12-31": 0.4039, "2017-12-31": 0.4999, "2016-12-31": -0.0868, "2015-12-31": -0.7717, "2014-12-31": -0.3547, "2013-12-31": -0.2573, "2013-03-31": "0.76240", "2012-03-31": "-0.16940", "2011-03-31": "-0.15600", "2010-03-31": "-0.29300", "2009-03-31": "0.38240", "2008-03-31": "0.19950", "2007-03-31": "0.57800", "2006-03-31": "0.90540", "2005-03-31": "-1.01920"}}, "financial ratios, quarterly": {"Current Ratio": {"2020-09-30": "2.71040", "2020-06-30": "2.94750", "2020-03-31": "2.68530", "2019-12-31": "2.45960", "2019-09-30": "2.69420", "2019-06-30": "2.97650", "2019-03-31": "2.93800", "2018-12-31": "2.89380", "2018-09-30": "2.85370", "2018-06-30": "2.92240", "2018-03-31": "2.82720", "2017-12-31": "2.77840", "2017-09-30": "3.05280", "2017-06-30": "3.54170", "2017-03-31": "3.60090", "2016-12-31": "3.72970", "2016-09-30": "4.24340", "2016-06-30": "3.93310", "2016-03-31": "3.74140", "2015-12-31": "3.19620", "2015-09-30": "4.99210", "2015-06-30": "7.57690", "2015-03-31": "8.78630", "2014-12-31": "6.71450", "2014-09-30": "7.38070", "2014-06-30": "8.68170", "2014-03-31": "8.37410", "2013-12-31": "5.65070", "2013-09-30": "7.10260", "2013-06-30": "5.81400", "2013-03-31": "4.75490", "2012-12-31": "5.01460", "2012-09-30": "5.16340", "2012-06-30": "4.94680", "2012-03-31": "4.42830", "2011-12-31": "3.85960", "2011-09-30": "3.93810", "2011-06-30": "6.77380", "2011-03-31": "", "2010-12-31": "6.05390", "2010-09-30": "8.54450", "2010-06-30": "4.57610", "2010-03-31": "", "2009-12-31": "5.09590", "2009-09-30": "6.36290", "2009-06-30": "7.10190", "2009-03-31": "", "2008-12-31": "6.19590", "2008-09-30": "8.78460", "2008-06-30": "10.79580", "2008-03-31": "", "2007-12-31": "14.76660", "2007-09-30": "13.44370", "2007-06-30": "11.09600", "2007-03-31": "", "2006-12-31": "6.23860", "2006-09-30": "4.22750", "2006-06-30": "4.66840", "2006-03-31": "", "2005-12-31": "2.59680", "2005-09-30": "2.95110", "2005-06-30": "3.78160", "2005-03-31": ""}, "Long-term Debt / Capital": {"2020-09-30": "0.20090", "2020-06-30": "0.20460", "2020-03-31": "0.20480", "2019-12-31": "0.20170", "2019-09-30": "0.20460", "2019-06-30": "0.20150", "2019-03-31": "0.20020", "2018-12-31": "0.19100", "2018-09-30": "0.19400", "2018-06-30": "0.19330", "2018-03-31": "0.19390", "2017-12-31": "0.18800", "2017-09-30": "0.19030", "2017-06-30": "0.18870", "2017-03-31": "0.18710", "2016-12-31": "0.18830", "2016-09-30": "0.18940", "2016-06-30": "0.18550", "2016-03-31": "0.18320", "2015-12-31": "0.17780", "2015-09-30": "0.17330", "2015-06-30": "0.19920", "2015-03-31": "0.19750", "2014-12-31": "0.19990", "2014-09-30": "0.20920", "2014-06-30": "0.20770", "2014-03-31": "0.21000", "2013-12-31": "0.25130", "2013-09-30": "0.26100", "2013-06-30": "0.26860", "2013-03-31": "0.27560", "2012-12-31": "0.28260", "2012-09-30": "0.29130", "2012-06-30": "0.33330", "2012-03-31": "0.34080", "2011-12-31": "0.32800", "2011-09-30": "0.32690", "2011-06-30": "", "2011-03-31": "", "2010-12-31": "", "2010-09-30": "", "2010-06-30": "", "2010-03-31": "", "2009-12-31": "0.07020", "2009-09-30": "0.08230", "2009-06-30": "0.09360", "2009-03-31": "", "2008-12-31": "0.13250", "2008-09-30": "0.18330", "2008-06-30": "0.29020", "2008-03-31": "", "2007-12-31": "0.29300", "2007-09-30": "0.39910", "2007-06-30": "0.41440", "2007-03-31": "", "2006-12-31": "0.44900", "2006-09-30": "0.46240", "2006-06-30": "0.46480", "2006-03-31": "", "2005-12-31": "0.88240", "2005-09-30": "0.89040", "2005-06-30": "0.92980", "2005-03-31": ""}, "Debt/Equity Ratio": {"2020-09-30": "0.25410", "2020-06-30": "0.26000", "2020-03-31": "0.26020", "2019-12-31": "0.25530", "2019-09-30": "0.26000", "2019-06-30": "0.25500", "2019-03-31": "0.25290", "2018-12-31": "0.23850", "2018-09-30": "0.24320", "2018-06-30": "0.24210", "2018-03-31": "0.24300", "2017-12-31": "0.23400", "2017-09-30": "0.23750", "2017-06-30": "0.23510", "2017-03-31": "0.23270", "2016-12-31": "0.23450", "2016-09-30": "0.23610", "2016-06-30": "0.27910", "2016-03-31": "0.27550", "2015-12-31": "0.26630", "2015-09-30": "0.25840", "2015-06-30": "0.25360", "2015-03-31": "0.25090", "2014-12-31": "0.25470", "2014-09-30": "0.26960", "2014-06-30": "0.26710", "2014-03-31": "0.27080", "2013-12-31": "0.34200", "2013-09-30": "0.35980", "2013-06-30": "0.37420", "2013-03-31": "0.38750", "2012-12-31": "0.40120", "2012-09-30": "0.41870", "2012-06-30": "0.50330", "2012-03-31": "0.52050", "2011-12-31": "0.49150", "2011-09-30": "0.48830", "2011-06-30": "", "2011-03-31": "", "2010-12-31": "", "2010-09-30": "", "2010-06-30": "0.11550", "2010-03-31": "", "2009-12-31": "0.13670", "2009-09-30": "0.15050", "2009-06-30": "0.16330", "2009-03-31": "", "2008-12-31": "0.20560", "2008-09-30": "0.27110", "2008-06-30": "0.44820", "2008-03-31": "", "2007-12-31": "0.41620", "2007-09-30": "0.66820", "2007-06-30": "0.71330", "2007-03-31": "", "2006-12-31": "0.82510", "2006-09-30": "0.87080", "2006-06-30": "0.87930", "2006-03-31": "", "2005-12-31": "7.57110", "2005-09-30": "8.19140", "2005-06-30": "13.32450", "2005-03-31": ""}, "Gross Margin": {"2020-09-30": "83.72570", "2020-06-30": "81.79890", "2020-03-31": "80.82570", "2019-12-31": "88.73790", "2019-09-30": "83.42010", "2019-06-30": "83.48420", "2019-03-31": "79.66800", "2018-12-31": "84.44490", "2018-09-30": "84.15490", "2018-06-30": "85.74820", "2018-03-31": "80.24610", "2017-12-31": "86.01630", "2017-09-30": "83.41470", "2017-06-30": "81.82470", "2017-03-31": "78.92770", "2016-12-31": "83.62770", "2016-09-30": "80.32860", "2016-06-30": "82.57990", "2016-03-31": "82.32420", "2015-12-31": "78.66870", "2015-09-30": "77.85440", "2015-06-30": "79.90490", "2015-03-31": "75.20440", "2014-12-31": "73.52840", "2014-09-30": "70.41420", "2014-06-30": "71.78410", "2014-03-31": "70.17250", "2013-12-31": "72.23420", "2013-09-30": "67.50900", "2013-06-30": "66.82490", "2013-03-31": "70.63370", "2012-12-31": "71.36760", "2012-09-30": "66.53360", "2012-06-30": "72.36580", "2012-03-31": "60.85240", "2011-12-31": "65.97340", "2011-09-30": "75.64530", "2011-06-30": "73.79090", "2011-03-31": "", "2010-12-31": "70.75610", "2010-09-30": "71.75260", "2010-06-30": "70.04490", "2010-03-31": "", "2009-12-31": "77.18790", "2009-09-30": "68.66080", "2009-06-30": "73.33250", "2009-03-31": "", "2008-12-31": "96.44360", "2008-09-30": "74.48590", "2008-06-30": "82.10570", "2008-03-31": "", "2007-12-31": "85.22980", "2007-09-30": "84.26960", "2007-06-30": "85.28390", "2007-03-31": "", "2006-12-31": "", "2006-09-30": "80.67350", "2006-06-30": "81.88130", "2006-03-31": "", "2005-12-31": "", "2005-09-30": "90.66140", "2005-06-30": "81.81420", "2005-03-31": ""}, "Operating Margin": {"2020-09-30": "-4.02510", "2020-06-30": "-13.59880", "2020-03-31": "-15.17750", "2019-12-31": "-2.40690", "2019-09-30": "-21.00780", "2019-06-30": "-12.83550", "2019-03-31": "-34.06560", "2018-12-31": "0.00630", "2018-09-30": "-14.93970", "2018-06-30": "-0.03350", "2018-03-31": "-27.48750", "2017-12-31": "2.11890", "2017-09-30": "-17.64430", "2017-06-30": "-20.33850", "2017-03-31": "-36.95420", "2016-12-31": "-11.02370", "2016-09-30": "-33.91400", "2016-06-30": "-24.14210", "2016-03-31": "-49.04130", "2015-12-31": "-41.11450", "2015-09-30": "-50.71310", "2015-06-30": "-34.69710", "2015-03-31": "-16.93900", "2014-12-31": "-8.95640", "2014-09-30": "-20.46230", "2014-06-30": "-14.87710", "2014-03-31": "-12.20550", "2013-12-31": "3.78240", "2013-09-30": "-2.77390", "2013-06-30": "9.75900", "2013-03-31": "11.61660", "2012-12-31": "18.58600", "2012-09-30": "4.37500", "2012-06-30": "21.11480", "2012-03-31": "-44.19920", "2011-12-31": "100.00000", "2011-09-30": "-16.34250", "2011-06-30": "-22.43430", "2011-03-31": "", "2010-12-31": "100.00000", "2010-09-30": "-14.27900", "2010-06-30": "-30.95550", "2010-03-31": "", "2009-12-31": "100.00000", "2009-09-30": "-17.07750", "2009-06-30": "-21.10490", "2009-03-31": "", "2008-12-31": "100.00000", "2008-09-30": "8.13980", "2008-06-30": "39.36770", "2008-03-31": "", "2007-12-31": "100.00000", "2007-09-30": "11.22530", "2007-06-30": "15.62850", "2007-03-31": "", "2006-12-31": "100.00000", "2006-09-30": "6.30050", "2006-06-30": "-0.37450", "2006-03-31": "", "2005-12-31": "100.00000", "2005-09-30": "29.66290", "2005-06-30": "-41.27950", "2005-03-31": ""}, "EBIT Margin": {"2020-09-30": "-4.02510", "2020-06-30": "-13.59880", "2020-03-31": "-15.17750", "2019-12-31": "-2.40690", "2019-09-30": "-21.00780", "2019-06-30": "-12.83550", "2019-03-31": "-34.06560", "2018-12-31": "0.00630", "2018-09-30": "-14.93970", "2018-06-30": "-0.03350", "2018-03-31": "-27.48750", "2017-12-31": "2.11900", "2017-09-30": "-17.64430", "2017-06-30": "-20.33850", "2017-03-31": "-36.95420", "2016-12-31": "-11.02370", "2016-09-30": "-33.91400", "2016-06-30": "-24.14210", "2016-03-31": "-49.04130", "2015-12-31": "-41.11450", "2015-09-30": "-50.71310", "2015-06-30": "-34.69710", "2015-03-31": "-16.93900", "2014-12-31": "-8.95630", "2014-09-30": "-20.46230", "2014-06-30": "-14.87710", "2014-03-31": "-12.20550", "2013-12-31": "3.78240", "2013-09-30": "-2.77390", "2013-06-30": "9.75900", "2013-03-31": "11.61660", "2012-12-31": "18.58600", "2012-09-30": "4.37500", "2012-06-30": "21.11480", "2012-03-31": "-44.19920", "2011-12-31": "", "2011-09-30": "-16.34250", "2011-06-30": "-22.43430", "2011-03-31": "", "2010-12-31": "", "2010-09-30": "-14.27900", "2010-06-30": "-30.95550", "2010-03-31": "", "2009-12-31": "", "2009-09-30": "-17.07750", "2009-06-30": "-21.10490", "2009-03-31": "", "2008-12-31": "", "2008-09-30": "8.13980", "2008-06-30": "39.36770", "2008-03-31": "", "2007-12-31": "", "2007-09-30": "11.22530", "2007-06-30": "15.62850", "2007-03-31": "", "2006-12-31": "", "2006-09-30": "6.30050", "2006-06-30": "-0.37450", "2006-03-31": "", "2005-12-31": "", "2005-09-30": "29.66290", "2005-06-30": "-41.27950", "2005-03-31": ""}, "EBITDA Margin": {"2020-09-30": "", "2020-06-30": "", "2020-03-31": "", "2019-12-31": "", "2019-09-30": "", "2019-06-30": "", "2019-03-31": "", "2018-12-31": "", "2018-09-30": "", "2018-06-30": "", "2018-03-31": "", "2017-12-31": "", "2017-09-30": "", "2017-06-30": "", "2017-03-31": "", "2016-12-31": "", "2016-09-30": "", "2016-06-30": "", "2016-03-31": "", "2015-12-31": "", "2015-09-30": "", "2015-06-30": "", "2015-03-31": "", "2014-12-31": "", "2014-09-30": "", "2014-06-30": "", "2014-03-31": "", "2013-12-31": "", "2013-09-30": "", "2013-06-30": "", "2013-03-31": "", "2012-12-31": "", "2012-09-30": "", "2012-06-30": "", "2012-03-31": "", "2011-12-31": "", "2011-09-30": "", "2011-06-30": "", "2011-03-31": "", "2010-12-31": "", "2010-09-30": "", "2010-06-30": "", "2010-03-31": "", "2009-12-31": "", "2009-09-30": "", "2009-06-30": "", "2009-03-31": "", "2008-12-31": "", "2008-09-30": "", "2008-06-30": "", "2008-03-31": "", "2007-12-31": "", "2007-09-30": "", "2007-06-30": "", "2007-03-31": "", "2006-12-31": "", "2006-09-30": "", "2006-06-30": "", "2006-03-31": "", "2005-12-31": "", "2005-09-30": "", "2005-06-30": "", "2005-03-31": ""}, "Pre-Tax Profit Margin": {"2020-09-30": "0.82710", "2020-06-30": "-10.40610", "2020-03-31": "-12.72240", "2019-12-31": "-0.61950", "2019-09-30": "-21.10190", "2019-06-30": "-14.43020", "2019-03-31": "-44.93550", "2018-12-31": "-0.53550", "2018-09-30": "-13.60290", "2018-06-30": "-8.02420", "2018-03-31": "-29.75710", "2017-12-31": "3.91690", "2017-09-30": "-16.46390", "2017-06-30": "-20.87360", "2017-03-31": "-37.85110", "2016-12-31": "-11.38710", "2016-09-30": "-36.25260", "2016-06-30": "-24.44750", "2016-03-31": "-49.12740", "2015-12-31": "-44.63150", "2015-09-30": "-51.10940", "2015-06-30": "-28.43690", "2015-03-31": "-18.70000", "2014-12-31": "23.28140", "2014-09-30": "-22.77180", "2014-06-30": "1.44180", "2014-03-31": "-15.81110", "2013-12-31": "1.86050", "2013-09-30": "-5.38550", "2013-06-30": "7.25090", "2013-03-31": "4.81330", "2012-12-31": "15.20360", "2012-09-30": "-13.13540", "2012-06-30": "15.23720", "2012-03-31": "-51.93790", "2011-12-31": "-11.72370", "2011-09-30": "-25.84820", "2011-06-30": "-21.47920", "2011-03-31": "", "2010-12-31": "-25.79190", "2010-09-30": "-17.48130", "2010-06-30": "-31.85190", "2010-03-31": "", "2009-12-31": "-15.40590", "2009-09-30": "-18.20920", "2009-06-30": "-21.54920", "2009-03-31": "", "2008-12-31": "72.19860", "2008-09-30": "3.45590", "2008-06-30": "38.40010", "2008-03-31": "", "2007-12-31": "338.91400", "2007-09-30": "13.47780", "2007-06-30": "16.14350", "2007-03-31": "", "2006-12-31": "5.38190", "2006-09-30": "6.35930", "2006-06-30": "-1.05550", "2006-03-31": "", "2005-12-31": "3.39710", "2005-09-30": "25.17140", "2005-06-30": "-55.30640", "2005-03-31": ""}, "Net Profit Margin": {"2020-09-30": "-0.05060", "2020-06-30": "-11.88990", "2020-03-31": "-15.69900", "2019-12-31": "-1.29720", "2019-09-30": "-20.71670", "2019-06-30": "-15.00330", "2019-03-31": "-43.20800", "2018-12-31": "-3.07610", "2018-09-30": "-13.84850", "2018-06-30": "-10.71720", "2018-03-31": "-27.76150", "2017-12-31": "-3.55490", "2017-09-30": "-16.68740", "2017-06-30": "-19.64850", "2017-03-31": "-35.91710", "2016-12-31": "-9.90150", "2016-09-30": "-34.77950", "2016-06-30": "-24.18110", "2016-03-31": "-49.38510", "2015-12-31": "-42.54010", "2015-09-30": "-53.07130", "2015-06-30": "-30.46110", "2015-03-31": "-19.01630", "2014-12-31": "17.42060", "2014-09-30": "-24.97380", "2014-06-30": "2.43440", "2014-03-31": "-18.70330", "2013-12-31": "11.70200", "2013-09-30": "-5.55210", "2013-06-30": "5.29030", "2013-03-31": "1.83510", "2012-12-31": "11.96240", "2012-09-30": "-13.47580", "2012-06-30": "14.73540", "2012-03-31": "-48.55950", "2011-12-31": "-11.80170", "2011-09-30": "-30.91920", "2011-06-30": "-21.39200", "2011-03-31": "", "2010-12-31": "-25.88520", "2010-09-30": "-15.56640", "2010-06-30": "-31.71480", "2010-03-31": "", "2009-12-31": "-15.43980", "2009-09-30": "-18.08460", "2009-06-30": "-21.40180", "2009-03-31": "", "2008-12-31": "72.41060", "2008-09-30": "3.58900", "2008-06-30": "37.11250", "2008-03-31": "", "2007-12-31": "332.63280", "2007-09-30": "13.13650", "2007-06-30": "12.68820", "2007-03-31": "", "2006-12-31": "4.69930", "2006-09-30": "6.09120", "2006-06-30": "-1.38730", "2006-03-31": "", "2005-12-31": "3.39710", "2005-09-30": "25.17140", "2005-06-30": "-55.30640", "2005-03-31": ""}, "Asset Turnover": {"2020-09-30": "0.14120", "2020-06-30": "0.13730", "2020-03-31": "0.13480", "2019-12-31": "0.22860", "2019-09-30": "0.14520", "2019-06-30": "0.15980", "2019-03-31": "0.12700", "2018-12-31": "0.17300", "2018-09-30": "0.14130", "2018-06-30": "0.17390", "2018-03-31": "0.12970", "2017-12-31": "0.15320", "2017-09-30": "0.12430", "2017-06-30": "0.12640", "2017-03-31": "0.11090", "2016-12-31": "0.12370", "2016-09-30": "0.10560", "2016-06-30": "0.10930", "2016-03-31": "0.08730", "2015-12-31": "0.08790", "2015-09-30": "0.08120", "2015-06-30": "0.07910", "2015-03-31": "0.08380", "2014-12-31": "0.09130", "2014-09-30": "0.08710", "2014-06-30": "0.08260", "2014-03-31": "0.07090", "2013-12-31": "0.09790", "2013-09-30": "0.09240", "2013-06-30": "0.09380", "2013-03-31": "0.11110", "2012-12-31": "0.09630", "2012-09-30": "0.09050", "2012-06-30": "0.10530", "2012-03-31": "0.09090", "2011-12-31": "0.08340", "2011-09-30": "0.04790", "2011-06-30": "0.13710", "2011-03-31": "", "2010-12-31": "0.09830", "2010-09-30": "0.10960", "2010-06-30": "0.08600", "2010-03-31": "", "2009-12-31": "0.08490", "2009-09-30": "0.09130", "2009-06-30": "0.08870", "2009-03-31": "", "2008-12-31": "0.26090", "2008-09-30": "0.07820", "2008-06-30": "0.12330", "2008-03-31": "", "2007-12-31": "0.06950", "2007-09-30": "0.10230", "2007-06-30": "0.12220", "2007-03-31": "", "2006-12-31": "0.11080", "2006-09-30": "0.11240", "2006-06-30": "0.09240", "2006-03-31": "", "2005-12-31": "0.08580", "2005-09-30": "0.09560", "2005-06-30": "0.05100", "2005-03-31": ""}, "Inventory Turnover Ratio": {"2020-09-30": "0.35110", "2020-06-30": "0.38690", "2020-03-31": "0.43190", "2019-12-31": "0.45660", "2019-09-30": "0.41910", "2019-06-30": "0.48770", "2019-03-31": "0.48850", "2018-12-31": "0.54460", "2018-09-30": "0.44770", "2018-06-30": "0.49810", "2018-03-31": "0.52400", "2017-12-31": "0.41280", "2017-09-30": "0.42400", "2017-06-30": "0.51420", "2017-03-31": "0.63480", "2016-12-31": "0.55490", "2016-09-30": "0.65470", "2016-06-30": "0.68140", "2016-03-31": "0.61830", "2015-12-31": "0.90580", "2015-09-30": "0.91910", "2015-06-30": "0.78390", "2015-03-31": "0.81350", "2014-12-31": "0.90290", "2014-09-30": "0.93790", "2014-06-30": "0.75860", "2014-03-31": "0.70100", "2013-12-31": "0.92800", "2013-09-30": "1.11580", "2013-06-30": "1.17540", "2013-03-31": "1.10370", "2012-12-31": "0.85180", "2012-09-30": "1.01480", "2012-06-30": "1.01520", "2012-03-31": "1.28470", "2011-12-31": "0.92720", "2011-09-30": "0.37200", "2011-06-30": "0.92320", "2011-03-31": "", "2010-12-31": "0.67090", "2010-09-30": "0.76200", "2010-06-30": "0.61860", "2010-03-31": "", "2009-12-31": "0.50240", "2009-09-30": "0.81470", "2009-06-30": "0.61700", "2009-03-31": "", "2008-12-31": "0.26220", "2008-09-30": "0.76780", "2008-06-30": "0.87410", "2008-03-31": "", "2007-12-31": "0.32530", "2007-09-30": "0.43480", "2007-06-30": "0.50180", "2007-03-31": "", "2006-12-31": "0.93220", "2006-09-30": "0.81450", "2006-06-30": "0.82070", "2006-03-31": "", "2005-12-31": "0.71060", "2005-09-30": "0.56540", "2005-06-30": "0.86220", "2005-03-31": ""}, "Receiveable Turnover": {"2020-09-30": "0.99760", "2020-06-30": "1.04270", "2020-03-31": "0.99800", "2019-12-31": "1.60540", "2019-09-30": "1.02000", "2019-06-30": "1.07140", "2019-03-31": "1.00130", "2018-12-31": "1.08060", "2018-09-30": "0.99130", "2018-06-30": "1.19360", "2018-03-31": "1.05130", "2017-12-31": "1.17890", "2017-09-30": "1.04750", "2017-06-30": "1.09580", "2017-03-31": "1.08660", "2016-12-31": "1.11730", "2016-09-30": "1.01580", "2016-06-30": "1.05490", "2016-03-31": "1.12130", "2015-12-31": "1.04890", "2015-09-30": "1.08270", "2015-06-30": "1.11480", "2015-03-31": "1.13550", "2014-12-31": "1.15580", "2014-09-30": "1.11340", "2014-06-30": "1.10130", "2014-03-31": "1.05730", "2013-12-31": "1.15150", "2013-09-30": "1.16070", "2013-06-30": "1.06170", "2013-03-31": "1.31140", "2012-12-31": "1.13410", "2012-09-30": "1.21550", "2012-06-30": "1.12220", "2012-03-31": "1.35370", "2011-12-31": "1.20020", "2011-09-30": "0.90370", "2011-06-30": "1.78940", "2011-03-31": "", "2010-12-31": "1.81950", "2010-09-30": "1.37680", "2010-06-30": "1.74240", "2010-03-31": "", "2009-12-31": "1.56380", "2009-09-30": "1.42900", "2009-06-30": "1.70240", "2009-03-31": "", "2008-12-31": "5.82720", "2008-09-30": "1.31250", "2008-06-30": "2.52350", "2008-03-31": "", "2007-12-31": "1.26120", "2007-09-30": "1.33550", "2007-06-30": "1.03230", "2007-03-31": "", "2006-12-31": "1.00050", "2006-09-30": "0.95160", "2006-06-30": "1.24630", "2006-03-31": "", "2005-12-31": "1.23950", "2005-09-30": "1.95750", "2005-06-30": "0.89280", "2005-03-31": ""}, "Days Sales In Receivables": {"2020-09-30": "90.21460", "2020-06-30": "86.31460", "2020-03-31": "90.18130", "2019-12-31": "56.06020", "2019-09-30": "88.23380", "2019-06-30": "84.00390", "2019-03-31": "89.88260", "2018-12-31": "83.29080", "2018-09-30": "90.79350", "2018-06-30": "75.40230", "2018-03-31": "85.60690", "2017-12-31": "76.34490", "2017-09-30": "85.92280", "2017-06-30": "82.13180", "2017-03-31": "82.82400", "2016-12-31": "80.55290", "2016-09-30": "88.60440", "2016-06-30": "85.31610", "2016-03-31": "80.26370", "2015-12-31": "85.80010", "2015-09-30": "83.12210", "2015-06-30": "80.73190", "2015-03-31": "79.26120", "2014-12-31": "77.86890", "2014-09-30": "80.83080", "2014-06-30": "81.72410", "2014-03-31": "85.12160", "2013-12-31": "78.15910", "2013-09-30": "77.54050", "2013-06-30": "84.77200", "2013-03-31": "68.63090", "2012-12-31": "79.35570", "2012-09-30": "74.04400", "2012-06-30": "80.19650", "2012-03-31": "66.48340", "2011-12-31": "74.98680", "2011-09-30": "99.58540", "2011-06-30": "50.29750", "2011-03-31": "", "2010-12-31": "49.46470", "2010-09-30": "65.37050", "2010-06-30": "51.65420", "2010-03-31": "", "2009-12-31": "57.55050", "2009-09-30": "62.97960", "2009-06-30": "52.86570", "2009-03-31": "", "2008-12-31": "15.44490", "2008-09-30": "68.57240", "2008-06-30": "35.66490", "2008-03-31": "", "2007-12-31": "71.36040", "2007-09-30": "67.38940", "2007-06-30": "87.18530", "2007-03-31": "", "2006-12-31": "89.95390", "2006-09-30": "94.58170", "2006-06-30": "72.21410", "2006-03-31": "", "2005-12-31": "72.60760", "2005-09-30": "45.97730", "2005-06-30": "100.80160", "2005-03-31": ""}, "ROE - Return On Equity": {"2020-09-30": "-0.01240", "2020-06-30": "-2.77170", "2020-03-31": "-3.63630", "2019-12-31": "-0.49330", "2019-09-30": "-4.95030", "2019-06-30": "-3.84820", "2019-03-31": "-8.74640", "2018-12-31": "-0.82930", "2018-09-30": "-2.99330", "2018-06-30": "-2.81910", "2018-03-31": "-5.40750", "2017-12-31": "-0.81380", "2017-09-30": "-3.05540", "2017-06-30": "-3.57700", "2017-03-31": "-5.66130", "2016-12-31": "-1.74790", "2016-09-30": "-5.18210", "2016-06-30": "-3.79510", "2016-03-31": "-6.12000", "2015-12-31": "-5.27910", "2015-09-30": "-5.92730", "2015-06-30": "-3.29590", "2015-03-31": "-2.15830", "2014-12-31": "2.18450", "2014-09-30": "-2.99610", "2014-06-30": "0.27630", "2014-03-31": "-1.81810", "2013-12-31": "1.69710", "2013-09-30": "-0.76320", "2013-06-30": "0.74690", "2013-03-31": "0.31490", "2012-12-31": "1.76730", "2012-09-30": "-1.88780", "2012-06-30": "2.54200", "2012-03-31": "", "2011-12-31": "", "2011-09-30": "-2.44650", "2011-06-30": "-3.36080", "2011-03-31": "", "2010-12-31": "", "2010-09-30": "-1.90650", "2010-06-30": "-3.32280", "2010-03-31": "", "2009-12-31": "", "2009-09-30": "-2.06360", "2009-06-30": "-2.38130", "2009-03-31": "", "2008-12-31": "", "2008-09-30": "0.50090", "2008-06-30": "9.03370", "2008-03-31": "", "2007-12-31": "", "2007-09-30": "3.22420", "2007-06-30": "3.92380", "2007-03-31": "", "2006-12-31": "", "2006-09-30": "2.23790", "2006-06-30": "-0.43550", "2006-03-31": "", "2005-12-31": "", "2005-09-30": "281.75500", "2005-06-30": "151.28950", "2005-03-31": ""}, "Return On Tangible Equity": {"2020-09-30": "-0.01540", "2020-06-30": "-3.51230", "2020-03-31": "-4.66140", "2019-12-31": "-0.63590", "2019-09-30": "-6.49210", "2019-06-30": "-5.07550", "2019-03-31": "-11.63920", "2018-12-31": "-1.09450", "2018-09-30": "-4.05030", "2018-06-30": "-3.88020", "2018-03-31": "-7.59550", "2017-12-31": "-1.14660", "2017-09-30": "-4.40990", "2017-06-30": "-5.23250", "2017-03-31": "-8.39080", "2016-12-31": "-2.64800", "2016-09-30": "-8.00320", "2016-06-30": "-5.88600", "2016-03-31": "-9.58000", "2015-12-31": "-8.23800", "2015-09-30": "-9.20060", "2015-06-30": "-5.13170", "2015-03-31": "-3.55640", "2014-12-31": "3.70670", "2014-09-30": "-5.35460", "2014-06-30": "0.49850", "2014-03-31": "-3.37420", "2013-12-31": "4.15680", "2013-09-30": "-2.07640", "2013-06-30": "2.25020", "2013-03-31": "1.05730", "2012-12-31": "6.74930", "2012-09-30": "-8.55000", "2012-06-30": "12.30320", "2012-03-31": "-44.22300", "2011-12-31": "", "2011-09-30": "-19.06900", "2011-06-30": "-3.36080", "2011-03-31": "", "2010-12-31": "", "2010-09-30": "-1.90650", "2010-06-30": "-3.32280", "2010-03-31": "", "2009-12-31": "", "2009-09-30": "-2.06360", "2009-06-30": "-2.38130", "2009-03-31": "", "2008-12-31": "", "2008-09-30": "0.50090", "2008-06-30": "9.03370", "2008-03-31": "", "2007-12-31": "", "2007-09-30": "3.22420", "2007-06-30": "3.92380", "2007-03-31": "", "2006-12-31": "", "2006-09-30": "2.05300", "2006-06-30": "-0.39910", "2006-03-31": "", "2005-12-31": "", "2005-09-30": "34.39170", "2005-06-30": "-65.66440", "2005-03-31": ""}, "ROA - Return On Assets": {"2020-09-30": "-0.00710", "2020-06-30": "-1.63290", "2020-03-31": "-2.11690", "2019-12-31": "-0.29660", "2019-09-30": "-3.00790", "2019-06-30": "-2.39700", "2019-03-31": "-5.48800", "2018-12-31": "-0.53220", "2018-09-30": "-1.95630", "2018-06-30": "-1.86410", "2018-03-31": "-3.59940", "2017-12-31": "-0.54470", "2017-09-30": "-2.07490", "2017-06-30": "-2.48360", "2017-03-31": "-3.98200", "2016-12-31": "-1.22460", "2016-09-30": "-3.67150", "2016-06-30": "-2.64340", "2016-03-31": "-4.31350", "2015-12-31": "-3.73880", "2015-09-30": "-4.30710", "2015-06-30": "-2.40820", "2015-03-31": "-1.59280", "2014-12-31": "1.59010", "2014-09-30": "-2.17410", "2014-06-30": "0.20110", "2014-03-31": "-1.32680", "2013-12-31": "1.14590", "2013-09-30": "-0.51320", "2013-06-30": "0.49630", "2013-03-31": "0.20400", "2012-12-31": "1.15160", "2012-09-30": "-1.21900", "2012-06-30": "1.55170", "2012-03-31": "-4.41450", "2011-12-31": "", "2011-09-30": "-1.47960", "2011-06-30": "-2.93370", "2011-03-31": "", "2010-12-31": "", "2010-09-30": "-1.70680", "2010-06-30": "-2.72680", "2010-03-31": "", "2009-12-31": "", "2009-09-30": "-1.65170", "2009-06-30": "-1.89930", "2009-03-31": "", "2008-12-31": "", "2008-09-30": "0.28070", "2008-06-30": "4.57540", "2008-03-31": "", "2007-12-31": "", "2007-09-30": "1.34370", "2007-06-30": "1.55020", "2007-03-31": "", "2006-12-31": "", "2006-09-30": "0.68480", "2006-06-30": "-0.12820", "2006-03-31": "", "2005-12-31": "", "2005-09-30": "2.40550", "2005-06-30": "-2.81810", "2005-03-31": ""}, "ROI - Return On Investment": {"2020-09-30": "-0.00990", "2020-06-30": "-2.20450", "2020-03-31": "-2.89160", "2019-12-31": "-0.39380", "2019-09-30": "-3.93720", "2019-06-30": "-3.07270", "2019-03-31": "-6.99520", "2018-12-31": "-0.67090", "2018-09-30": "-2.41250", "2018-06-30": "-2.27410", "2018-03-31": "-4.35890", "2017-12-31": "-0.66090", "2017-09-30": "-2.47400", "2017-06-30": "-2.90210", "2017-03-31": "-4.60180", "2016-12-31": "-1.41870", "2016-09-30": "-4.20080", "2016-06-30": "-3.09130", "2016-03-31": "-4.99910", "2015-12-31": "-4.34050", "2015-09-30": "-4.90010", "2015-06-30": "-2.63930", "2015-03-31": "-1.73200", "2014-12-31": "1.74780", "2014-09-30": "-2.36930", "2014-06-30": "0.21890", "2014-03-31": "-1.43640", "2013-12-31": "1.27060", "2013-09-30": "-0.56410", "2013-06-30": "0.54620", "2013-03-31": "0.22810", "2012-12-31": "1.26790", "2012-09-30": "-1.33780", "2012-06-30": "1.69490", "2012-03-31": "-4.89160", "2011-12-31": "", "2011-09-30": "-1.64660", "2011-06-30": "-3.36080", "2011-03-31": "", "2010-12-31": "", "2010-09-30": "-1.90650", "2010-06-30": "-3.32280", "2010-03-31": "", "2009-12-31": "", "2009-09-30": "-1.89370", "2009-06-30": "-2.15850", "2009-03-31": "", "2008-12-31": "", "2008-09-30": "0.40910", "2008-06-30": "6.41190", "2008-03-31": "", "2007-12-31": "", "2007-09-30": "1.93750", "2007-06-30": "2.29800", "2007-03-31": "", "2006-12-31": "", "2006-09-30": "1.10370", "2006-06-30": "-0.21360", "2006-03-31": "", "2005-12-31": "", "2005-09-30": "3.76820", "2005-06-30": "-4.60990", "2005-03-31": ""}, "Book Value Per Share": {"2020-09-30": "6.81540", "2020-06-30": "6.67710", "2020-03-31": "6.69890", "2019-12-31": "6.87950", "2019-09-30": "6.78230", "2019-06-30": "6.94580", "2019-03-31": "7.02520", "2018-12-31": "7.51990", "2018-09-30": "7.40660", "2018-06-30": "7.45740", "2018-03-31": "7.45720", "2017-12-31": "7.81000", "2017-09-30": "7.72230", "2017-06-30": "7.82350", "2017-03-31": "7.94590", "2016-12-31": "7.93460", "2016-09-30": "7.96870", "2016-06-30": "8.20790", "2016-03-31": "8.37350", "2015-12-31": "8.72110", "2015-09-30": "9.12090", "2015-06-30": "9.37010", "2015-03-31": "9.56640", "2014-12-31": "9.46760", "2014-09-30": "9.12870", "2014-06-30": "9.28020", "2014-03-31": "9.27340", "2013-12-31": "7.73040", "2013-09-30": "7.44240", "2013-06-30": "7.25950", "2013-03-31": "7.12040", "2012-12-31": "6.94710", "2012-09-30": "6.72660", "2012-06-30": "6.75040", "2012-03-31": "6.55920", "2011-12-31": "6.95350", "2011-09-30": "6.99930", "2011-06-30": "4.04650", "2011-03-31": "", "2010-12-31": "4.14070", "2010-09-30": "4.20640", "2010-06-30": "4.22620", "2010-03-31": "", "2009-12-31": "4.42210", "2009-09-30": "4.45330", "2009-06-30": "4.50410", "2009-03-31": "", "2008-12-31": "4.73730", "2008-09-30": "3.55700", "2008-06-30": "3.46700", "2008-03-31": "", "2007-12-31": "3.83300", "2007-09-30": "2.33720", "2007-06-30": "2.19140", "2007-03-31": "", "2006-12-31": "1.90440", "2006-09-30": "1.80070", "2006-06-30": "1.76880", "2006-03-31": "", "2005-12-31": "0.40490", "2005-09-30": "0.37700", "2005-06-30": "0.23130", "2005-03-31": ""}, "Operating Cash Flow Per Share": {"2020-09-30": 0.3787, "2020-06-30": -0.0266, "2020-03-31": "-0.25470", "2019-12-31": 0.268, "2019-09-30": 0.197, "2019-06-30": -0.1482, "2019-03-31": "0.14210", "2018-12-31": 0.3905, "2018-09-30": 0.2155, "2018-06-30": 0.2079, "2018-03-31": "-0.17380", "2017-12-31": 0.2339, "2017-09-30": 0.1272, "2017-06-30": -0.146, "2017-03-31": "-0.09000", "2016-12-31": 0.0494, "2016-09-30": 0.0984, "2016-06-30": -0.1897, "2016-03-31": "-0.37930", "2015-12-31": 0.0156, "2015-09-30": -0.1966, "2015-06-30": -0.1035, "2015-03-31": "0.01400", "2014-12-31": 0.0939, "2014-09-30": -0.0516, "2014-06-30": 0.0586, "2014-03-31": "-0.02420", "2013-12-31": -0.1736, "2013-09-30": 0.3292, "2013-06-30": 0.0788, "2013-03-31": "0.39590", "2012-12-31": 0.1745, "2012-09-30": 0.3785, "2012-06-30": -0.0348, "2012-03-31": "", "2011-12-31": 0.0148, "2011-09-30": 0.0371, "2011-06-30": -0.1889, "2011-03-31": "", "2010-12-31": 0.1353, "2010-09-30": -0.1486, "2010-06-30": -0.1349, "2010-03-31": "", "2009-12-31": 0.0672, "2009-09-30": -0.032, "2009-06-30": -0.1648, "2009-03-31": "", "2008-12-31": 0.0478, "2008-09-30": 0.0277, "2008-06-30": 0.3277, "2008-03-31": "", "2007-12-31": 0.1778, "2007-09-30": 0.3237, "2007-06-30": -0.232, "2007-03-31": "", "2006-12-31": 0.3777, "2006-09-30": -0.3925, "2006-06-30": 0.8255, "2006-03-31": "", "2005-12-31": -0.1417, "2005-09-30": -0.0797, "2005-06-30": 1.5626, "2005-03-31": ""}, "Free Cash Flow Per Share": {"2020-09-30": 0.3391, "2020-06-30": -0.0926, "2020-03-31": "-0.37990", "2019-12-31": 0.0641, "2019-09-30": 0.0777, "2019-06-30": -0.2476, "2019-03-31": "-0.00860", "2018-12-31": 0.2771, "2018-09-30": 0.1101, "2018-06-30": 0.0999, "2018-03-31": "-0.29140", "2017-12-31": 0.1185, "2017-09-30": 0.0439, "2017-06-30": -0.2192, "2017-03-31": "-0.15140", "2016-12-31": -0.0154, "2016-09-30": 0.023, "2016-06-30": -0.2568, "2016-03-31": "-0.45890", "2015-12-31": -0.0908, "2015-09-30": -0.2749, "2015-06-30": -0.1976, "2015-03-31": "-0.05800", "2014-12-31": 0.2084, "2014-09-30": -0.1113, "2014-06-30": 0.1172, "2014-03-31": "-0.06390", "2013-12-31": -0.1761, "2013-09-30": 0.284, "2013-06-30": 0.0549, "2013-03-31": "0.33770", "2012-12-31": 0.1589, "2012-09-30": 0.3429, "2012-06-30": -0.0846, "2012-03-31": "", "2011-12-31": -0.0179, "2011-09-30": 0.011, "2011-06-30": -0.1984, "2011-03-31": "", "2010-12-31": 0.1223, "2010-09-30": -0.1716, "2010-06-30": -0.1801, "2010-03-31": "", "2009-12-31": 0.012, "2009-09-30": -0.0493, "2009-06-30": -0.1867, "2009-03-31": "", "2008-12-31": 0.0424, "2008-09-30": 0.0171, "2008-06-30": 0.381, "2008-03-31": "", "2007-12-31": 0.1483, "2007-09-30": 0.2456, "2007-06-30": -0.294, "2007-03-31": "", "2006-12-31": 0.2824, "2006-09-30": -0.4662, "2006-06-30": 0.7599, "2006-03-31": "", "2005-12-31": -0.2438, "2005-09-30": -0.133, "2005-06-30": 1.5039, "2005-03-31": ""}}, "revenue": {"Alkermes Annual Revenue (Millions of US $)": {"2019": "$1,171", "2018": "$1,094", "2017": "$903", "2016": "$746", "2015": "$628", "2014": "$619", "2013": "$576", "2012": "$390", "2011": "$187", "2010": "$178", "2009": "$327", "2008": "$241", "2007": "$240", "2006": "$167", "2005": "$76"}, "Alkermes Quarterly Revenue (Millions of US $)": {"2020-09-30": "$265", "2020-06-30": "$248", "2020-03-31": "$246", "2019-12-31": "$413", "2019-09-30": "$255", "2019-06-30": "$280", "2019-03-31": "$223", "2018-12-31": "$316", "2018-09-30": "$249", "2018-06-30": "$305", "2018-03-31": "$225", "2017-12-31": "$275", "2017-09-30": "$217", "2017-06-30": "$219", "2017-03-31": "$192", "2016-12-31": "$214", "2016-09-30": "$180", "2016-06-30": "$195", "2016-03-31": "$157", "2015-12-31": "$163", "2015-09-30": "$153", "2015-06-30": "$151", "2015-03-31": "$161", "2014-12-31": "$175", "2014-09-30": "$160", "2014-06-30": "$153", "2014-03-31": "$130", "2013-12-31": "$154", "2013-09-30": "$140", "2013-06-30": "$139", "2013-03-31": "$163", "2012-12-31": "$136", "2012-09-30": "$124", "2012-06-30": "$152", "2012-03-31": "$130", "2011-12-31": "$126", "2011-09-30": "$72", "2011-06-30": "$62", "2011-03-31": "", "2010-12-31": "$44", "2010-09-30": "$49", "2010-06-30": "$42", "2010-03-31": "", "2009-12-31": "$44", "2009-09-30": "$48", "2009-06-30": "$47", "2009-03-31": "", "2008-12-31": "$156", "2008-09-30": "$47", "2008-06-30": "$80", "2008-03-31": "", "2007-12-31": "$51", "2007-09-30": "$59", "2007-06-30": "$69", "2007-03-31": "", "2006-12-31": "$62", "2006-09-30": "$61", "2006-06-30": "$52", "2006-03-31": "", "2005-12-31": "$41", "2005-09-30": "$47", "2005-06-30": "$25", "2005-03-31": ""}}, "gross-profit": {"Alkermes Annual Gross Profit (Millions of US $)": {"2019": "$991", "2018": "$918", "2017": "$749", "2016": "$614", "2015": "$489", "2014": "$443", "2013": "$405", "2012": "$262", "2011": "$134", "2010": "$129", "2009": "$283", "2008": "$200", "2007": "$195", "2006": "$143", "2005": "$59"}, "Alkermes Quarterly Gross Profit (Millions of US $)": {"2020-09-30": "$222", "2020-06-30": "$202", "2020-03-31": "$199", "2019-12-31": "$366", "2019-09-30": "$213", "2019-06-30": "$234", "2019-03-31": "$178", "2018-12-31": "$267", "2018-09-30": "$209", "2018-06-30": "$261", "2018-03-31": "$181", "2017-12-31": "$237", "2017-09-30": "$181", "2017-06-30": "$179", "2017-03-31": "$151", "2016-12-31": "$179", "2016-09-30": "$145", "2016-06-30": "$161", "2016-03-31": "$129", "2015-12-31": "$128", "2015-09-30": "$119", "2015-06-30": "$121", "2015-03-31": "$121", "2014-12-31": "$129", "2014-09-30": "$113", "2014-06-30": "$110", "2014-03-31": "$91", "2013-12-31": "$112", "2013-09-30": "$94", "2013-06-30": "$93", "2013-03-31": "$115", "2012-12-31": "$97", "2012-09-30": "$82", "2012-06-30": "$110", "2012-03-31": "$79", "2011-12-31": "$83", "2011-09-30": "$54", "2011-06-30": "$46", "2011-03-31": "", "2010-12-31": "$31", "2010-09-30": "$35", "2010-06-30": "$30", "2010-03-31": "", "2009-12-31": "$34", "2009-09-30": "$33", "2009-06-30": "$35", "2009-03-31": "", "2008-12-31": "$150", "2008-09-30": "$35", "2008-06-30": "$66", "2008-03-31": "", "2007-12-31": "$43", "2007-09-30": "$49", "2007-06-30": "$59", "2007-03-31": "", "2006-12-31": "$49", "2006-09-30": "$49", "2006-06-30": "$42", "2006-03-31": "", "2005-12-31": "$35", "2005-09-30": "$42", "2005-06-30": "$20", "2005-03-31": ""}}, "operating-income": {"Alkermes Annual Operating Income (Millions of US $)": {"2019": "$-175", "2018": "$-99", "2017": "$-148", "2016": "$-209", "2015": "$-224", "2014": "$-87", "2013": "$82", "2012": "$-88", "2011": "$-46", "2010": "$-43", "2009": "$135", "2008": "$-3", "2007": "$11", "2006": "$14", "2005": "$-73"}, "Alkermes Quarterly Operating Income (Millions of US $)": {"2020-09-30": "$-11", "2020-06-30": "$-34", "2020-03-31": "$-37", "2019-12-31": "$-10", "2019-09-30": "$-54", "2019-06-30": "$-36", "2019-03-31": "$-76", "2018-12-31": "$0", "2018-09-30": "$-37", "2018-06-30": "$-0", "2018-03-31": "$-62", "2017-12-31": "$6", "2017-09-30": "$-38", "2017-06-30": "$-45", "2017-03-31": "$-71", "2016-12-31": "$-24", "2016-09-30": "$-61", "2016-06-30": "$-47", "2016-03-31": "$-77", "2015-12-31": "$-67", "2015-09-30": "$-77", "2015-06-30": "$-53", "2015-03-31": "$-27", "2014-12-31": "$-16", "2014-09-30": "$-33", "2014-06-30": "$-23", "2014-03-31": "$-16", "2013-12-31": "$6", "2013-09-30": "$-4", "2013-06-30": "$14", "2013-03-31": "$19", "2012-12-31": "$25", "2012-09-30": "$5", "2012-06-30": "$32", "2012-03-31": "$-58", "2011-12-31": "$126", "2011-09-30": "$-12", "2011-06-30": "$-14", "2011-03-31": "", "2010-12-31": "$44", "2010-09-30": "$-7", "2010-06-30": "$-13", "2010-03-31": "", "2009-12-31": "$44", "2009-09-30": "$-8", "2009-06-30": "$-10", "2009-03-31": "", "2008-12-31": "$156", "2008-09-30": "$4", "2008-06-30": "$31", "2008-03-31": "", "2007-12-31": "$51", "2007-09-30": "$7", "2007-06-30": "$11", "2007-03-31": "", "2006-12-31": "$62", "2006-09-30": "$4", "2006-06-30": "$-0", "2006-03-31": "", "2005-12-31": "$41", "2005-09-30": "$14", "2005-06-30": "$-10", "2005-03-31": ""}}, "ebitda": {"Alkermes Annual EBITDA (Millions of US $)": {"2019": "$-95", "2018": "$5", "2017": "$-49", "2016": "$-114", "2015": "$-139", "2014": "$11", "2013": "$156", "2012": "$-40", "2011": "$-37", "2010": "$-18", "2009": "$145", "2008": "$9", "2007": "$23", "2006": "$25", "2005": "$-63"}, "Alkermes Quarterly EBITDA (Millions of US $)": {"2020-09-30": "$10", "2020-06-30": "$-13", "2020-03-31": "$-17", "2019-12-31": "$11", "2019-09-30": "$-33", "2019-06-30": "$-16", "2019-03-31": "$-56", "2018-12-31": "$26", "2018-09-30": "$-11", "2018-06-30": "$26", "2018-03-31": "$-36", "2017-12-31": "$31", "2017-09-30": "$-13", "2017-06-30": "$-20", "2017-03-31": "$-47", "2016-12-31": "$1", "2016-09-30": "$-37", "2016-06-30": "$-24", "2016-03-31": "$-54", "2015-12-31": "$-45", "2015-09-30": "$-57", "2015-06-30": "$-32", "2015-03-31": "$-5", "2014-12-31": "$10", "2014-09-30": "$-8", "2014-06-30": "$2", "2014-03-31": "$7", "2013-12-31": "$11", "2013-09-30": "$20", "2013-06-30": "$37", "2013-03-31": "$37", "2012-12-31": "$44", "2012-09-30": "$24", "2012-06-30": "$32", "2012-03-31": "$-58", "2011-12-31": "$147", "2011-09-30": "$-7", "2011-06-30": "$-14", "2011-03-31": "", "2010-12-31": "$46", "2010-09-30": "$-5", "2010-06-30": "$-13", "2010-03-31": "", "2009-12-31": "$49", "2009-09-30": "$-3", "2009-06-30": "$-10", "2009-03-31": "", "2008-12-31": "$158", "2008-09-30": "$6", "2008-06-30": "$31", "2008-03-31": "", "2007-12-31": "$54", "2007-09-30": "$10", "2007-06-30": "$11", "2007-03-31": "", "2006-12-31": "$65", "2006-09-30": "$7", "2006-06-30": "$-0", "2006-03-31": "", "2005-12-31": "$44", "2005-09-30": "$16", "2005-06-30": "$-10", "2005-03-31": ""}}, "net-income": {"Alkermes Annual Net Income (Millions of US $)": {"2019": "$-197", "2018": "$-139", "2017": "$-158", "2016": "$-208", "2015": "$-227", "2014": "$-30", "2013": "$25", "2012": "$-114", "2011": "$-46", "2010": "$-40", "2009": "$131", "2008": "$167", "2007": "$9", "2006": "$4", "2005": "$-75"}, "Alkermes Quarterly Net Income (Millions of US $)": {"2020-09-30": "$-0", "2020-06-30": "$-29", "2020-03-31": "$-39", "2019-12-31": "$-5", "2019-09-30": "$-53", "2019-06-30": "$-42", "2019-03-31": "$-96", "2018-12-31": "$-10", "2018-09-30": "$-34", "2018-06-30": "$-33", "2018-03-31": "$-63", "2017-12-31": "$-10", "2017-09-30": "$-36", "2017-06-30": "$-43", "2017-03-31": "$-69", "2016-12-31": "$-21", "2016-09-30": "$-63", "2016-06-30": "$-47", "2016-03-31": "$-77", "2015-12-31": "$-69", "2015-09-30": "$-81", "2015-06-30": "$-46", "2015-03-31": "$-31", "2014-12-31": "$31", "2014-09-30": "$-40", "2014-06-30": "$4", "2014-03-31": "$-24", "2013-12-31": "$18", "2013-09-30": "$-8", "2013-06-30": "$7", "2013-03-31": "$3", "2012-12-31": "$16", "2012-09-30": "$-17", "2012-06-30": "$22", "2012-03-31": "$-63", "2011-12-31": "$-15", "2011-09-30": "$-22", "2011-06-30": "$-13", "2011-03-31": "", "2010-12-31": "$-11", "2010-09-30": "$-8", "2010-06-30": "$-13", "2010-03-31": "", "2009-12-31": "$-7", "2009-09-30": "$-9", "2009-06-30": "$-10", "2009-03-31": "", "2008-12-31": "$113", "2008-09-30": "$2", "2008-06-30": "$30", "2008-03-31": "", "2007-12-31": "$169", "2007-09-30": "$8", "2007-06-30": "$9", "2007-03-31": "", "2006-12-31": "$3", "2006-09-30": "$4", "2006-06-30": "$-1", "2006-03-31": "", "2005-12-31": "$1", "2005-09-30": "$12", "2005-06-30": "$-14", "2005-03-31": ""}}, "eps-earnings-per-share-diluted": {"Alkermes Annual EPS": {"2019": "$-1.25", "2018": "$-0.90", "2017": "$-1.03", "2016": "$-1.38", "2015": "$-1.52", "2014": "$-0.21", "2013": "$0.18", "2012": "$-0.99", "2011": "$-0.48", "2010": "$-0.42", "2009": "$1.36", "2008": "$1.62", "2007": "$0.09", "2006": "$0.04", "2005": "$-0.83"}, "Alkermes Quarterly EPS": {"2020-09-30": "$0.00", "2020-06-30": "$-0.19", "2020-03-31": "$-0.24", "2019-12-31": "$-0.02", "2019-09-30": "$-0.34", "2019-06-30": "$-0.27", "2019-03-31": "$-0.62", "2018-12-31": "$-0.07", "2018-09-30": "$-0.22", "2018-06-30": "$-0.21", "2018-03-31": "$-0.40", "2017-12-31": "$-0.06", "2017-09-30": "$-0.24", "2017-06-30": "$-0.28", "2017-03-31": "$-0.45", "2016-12-31": "$-0.15", "2016-09-30": "$-0.41", "2016-06-30": "$-0.31", "2016-03-31": "$-0.51", "2015-12-31": "$-0.46", "2015-09-30": "$-0.54", "2015-06-30": "$-0.31", "2015-03-31": "$-0.21", "2014-12-31": "$0.21", "2014-09-30": "$-0.27", "2014-06-30": "$0.02", "2014-03-31": "$-0.17", "2013-12-31": "$0.12", "2013-09-30": "$-0.06", "2013-06-30": "$0.05", "2013-03-31": "$0.02", "2012-12-31": "$0.12", "2012-09-30": "$-0.13", "2012-06-30": "$0.17", "2012-03-31": "$-0.49", "2011-12-31": "$-0.11", "2011-09-30": "$-0.22", "2011-06-30": "$-0.14", "2011-03-31": "$0.00", "2010-12-31": "$-0.12", "2010-09-30": "$-0.08", "2010-06-30": "$-0.14", "2010-03-31": "$0.00", "2009-12-31": "$-0.07", "2009-09-30": "$-0.09", "2009-06-30": "$-0.11", "2009-03-31": "$0.00", "2008-12-31": "$1.18", "2008-09-30": "$0.02", "2008-06-30": "$0.31", "2008-03-31": "$0.00", "2007-12-31": "$1.63", "2007-09-30": "$0.07", "2007-06-30": "$0.08", "2007-03-31": "$0.00", "2006-12-31": "$0.03", "2006-09-30": "$0.04", "2006-06-30": "$-0.01", "2006-03-31": "$0.00", "2005-12-31": "$0.01", "2005-09-30": "$0.12", "2005-06-30": "$-0.15", "2005-03-31": "$0.00"}}, "shares-outstanding": {"Alkermes Annual Shares Outstanding (Millions of Shares)": {"2019": "157", "2018": "155", "2017": "153", "2016": "151", "2015": "149", "2014": "145", "2013": "137", "2012": "115", "2011": "96", "2010": "95", "2009": "96", "2008": "103", "2007": "103", "2006": "97", "2005": "90"}, "Alkermes Quarterly Shares Outstanding (Millions of Shares)": {"2020-09-30": "159", "2020-06-30": "159", "2020-03-31": "158", "2019-12-31": "157", "2019-09-30": "157", "2019-06-30": "157", "2019-03-31": "156", "2018-12-31": "155", "2018-09-30": "155", "2018-06-30": "155", "2018-03-31": "154", "2017-12-31": "153", "2017-09-30": "154", "2017-06-30": "153", "2017-03-31": "153", "2016-12-31": "151", "2016-09-30": "152", "2016-06-30": "151", "2016-03-31": "151", "2015-12-31": "149", "2015-09-30": "150", "2015-06-30": "149", "2015-03-31": "148", "2014-12-31": "145", "2014-09-30": "146", "2014-06-30": "154", "2014-03-31": "143", "2013-12-31": "146", "2013-09-30": "136", "2013-06-30": "143", "2013-03-31": "140", "2012-12-31": "137", "2012-09-30": "131", "2012-06-30": "135", "2012-03-31": "130", "2011-12-31": "130", "2011-09-30": "102", "2011-06-30": "97", "2011-03-31": "", "2010-12-31": "96", "2010-09-30": "96", "2010-06-30": "95", "2010-03-31": "", "2009-12-31": "95", "2009-09-30": "95", "2009-06-30": "95", "2009-03-31": "", "2008-12-31": "96", "2008-09-30": "97", "2008-06-30": "97", "2008-03-31": "", "2007-12-31": "104", "2007-09-30": "104", "2007-06-30": "104", "2007-03-31": "", "2006-12-31": "105", "2006-09-30": "106", "2006-06-30": "94", "2006-03-31": "", "2005-12-31": "97", "2005-09-30": "97", "2005-06-30": "90", "2005-03-31": ""}}, "total-assets": {"Alkermes Annual Total Assets (Millions of US $)": {"2019": "$1,805", "2018": "$1,825", "2017": "$1,797", "2016": "$1,726", "2015": "$1,856", "2014": "$1,919", "2013": "$1,470", "2012": "$1,435", "2011": "$452", "2010": "$516", "2009": "$566", "2008": "$656", "2007": "$569", "2006": "$477", "2005": "$339"}, "Alkermes Quarterly Total Assets (Millions of US $)": {"2020-09-30": "$1,877", "2020-06-30": "$1,802", "2020-03-31": "$1,826", "2019-12-31": "$1,805", "2019-09-30": "$1,758", "2019-06-30": "$1,752", "2019-03-31": "$1,757", "2018-12-31": "$1,825", "2018-09-30": "$1,761", "2018-06-30": "$1,751", "2018-03-31": "$1,737", "2017-12-31": "$1,797", "2017-09-30": "$1,748", "2017-06-30": "$1,731", "2017-03-31": "$1,730", "2016-12-31": "$1,726", "2016-09-30": "$1,707", "2016-06-30": "$1,785", "2016-03-31": "$1,795", "2015-12-31": "$1,856", "2015-09-30": "$1,881", "2015-06-30": "$1,915", "2015-03-31": "$1,925", "2014-12-31": "$1,919", "2014-09-30": "$1,838", "2014-06-30": "$1,858", "2014-03-31": "$1,835", "2013-12-31": "$1,578", "2013-09-30": "$1,512", "2013-06-30": "$1,478", "2013-03-31": "$1,470", "2012-12-31": "$1,412", "2012-09-30": "$1,371", "2012-06-30": "$1,446", "2012-03-31": "$1,435", "2011-12-31": "$1,506", "2011-09-30": "$1,504", "2011-06-30": "$451", "2011-03-31": "$452", "2010-12-31": "$447", "2010-09-30": "$449", "2010-06-30": "$492", "2010-03-31": "$516", "2009-12-31": "$520", "2009-09-30": "$527", "2009-06-30": "$535", "2009-03-31": "$566", "2008-12-31": "$597", "2008-09-30": "$605", "2008-06-30": "$649", "2008-03-31": "$656", "2007-12-31": "$730", "2007-09-30": "$573", "2007-06-30": "$564", "2007-03-31": "$569", "2006-12-31": "$563", "2006-09-30": "$544", "2006-06-30": "$558", "2006-03-31": "$477", "2005-12-31": "$483", "2005-09-30": "$489", "2005-06-30": "$487", "2005-03-31": "$339"}}, "cash-on-hand": {"Alkermes Annual Cash on Hand (Millions of US $)": {"2019": "$535", "2018": "$539", "2017": "$434", "2016": "$497", "2015": "$535", "2014": "$631", "2013": "$221", "2012": "$190", "2011": "$201", "2010": "$281", "2009": "$324", "2008": "$341", "2007": "$352", "2006": "$298", "2005": "$203"}, "Alkermes Quarterly Cash on Hand (Millions of US $)": {"2020-09-30": "$569", "2020-06-30": "$533", "2020-03-31": "$496", "2019-12-31": "$535", "2019-09-30": "$587", "2019-06-30": "$570", "2019-03-31": "$582", "2018-12-31": "$539", "2018-09-30": "$467", "2018-06-30": "$434", "2018-03-31": "$405", "2017-12-31": "$434", "2017-09-30": "$450", "2017-06-30": "$475", "2017-03-31": "$476", "2016-12-31": "$497", "2016-09-30": "$549", "2016-06-30": "$656", "2016-03-31": "$625", "2015-12-31": "$535", "2015-09-30": "$772", "2015-06-30": "$777", "2015-03-31": "$747", "2014-12-31": "$631", "2014-09-30": "$573", "2014-06-30": "$638", "2014-03-31": "$552", "2013-12-31": "$362", "2013-09-30": "$339", "2013-06-30": "$229", "2013-03-31": "$221", "2012-12-31": "$209", "2012-09-30": "$199", "2012-06-30": "$164", "2012-03-31": "$246", "2011-12-31": "$213", "2011-09-30": "$216", "2011-06-30": "$248", "2011-03-31": "$201", "2010-12-31": "$177", "2010-09-30": "$230", "2010-06-30": "$292", "2010-03-31": "$281", "2009-12-31": "$239", "2009-09-30": "$295", "2009-06-30": "$317", "2009-03-31": "$324", "2008-12-31": "$345", "2008-09-30": "$332", "2008-06-30": "$371", "2008-03-31": "$341", "2007-12-31": "$511", "2007-09-30": "$358", "2007-06-30": "$326", "2007-03-31": "$352", "2006-12-31": "$351", "2006-09-30": "$320", "2006-06-30": "$369", "2006-03-31": "$298", "2005-12-31": "$314", "2005-09-30": "$336", "2005-06-30": "$339", "2005-03-31": "$203"}}, "long-term-debt": {"Alkermes Annual Long Term Debt (Millions of US $)": {"2019": "$274", "2018": "$276", "2017": "$278", "2016": "$281", "2015": "$284", "2014": "$349", "2013": "$362", "2012": "$441", "2011": "$", "2010": "$", "2009": "$50", "2008": "$160", "2007": "$157", "2006": "$280", "2005": "$276"}, "Alkermes Quarterly Long Term Debt (Millions of US $)": {"2020-09-30": "$273", "2020-06-30": "$273", "2020-03-31": "$274", "2019-12-31": "$274", "2019-09-30": "$275", "2019-06-30": "$275", "2019-03-31": "$276", "2018-12-31": "$276", "2018-09-30": "$277", "2018-06-30": "$278", "2018-03-31": "$278", "2017-12-31": "$278", "2017-09-30": "$279", "2017-06-30": "$280", "2017-03-31": "$280", "2016-12-31": "$281", "2016-09-30": "$283", "2016-06-30": "$283", "2016-03-31": "$284", "2015-12-31": "$284", "2015-09-30": "$287", "2015-06-30": "$348", "2015-03-31": "$350", "2014-12-31": "$349", "2014-09-30": "$353", "2014-06-30": "$354", "2014-03-31": "$356", "2013-12-31": "$358", "2013-09-30": "$359", "2013-06-30": "$361", "2013-03-31": "$362", "2012-12-31": "$362", "2012-09-30": "$364", "2012-06-30": "$441", "2012-03-31": "$441", "2011-12-31": "$442", "2011-09-30": "$442", "2011-06-30": "", "2011-03-31": "", "2010-12-31": "", "2010-09-30": "", "2010-06-30": "", "2010-03-31": "", "2009-12-31": "$32", "2009-09-30": "$38", "2009-06-30": "$44", "2009-03-31": "$50", "2008-12-31": "$69", "2008-09-30": "$76", "2008-06-30": "$134", "2008-03-31": "$160", "2007-12-31": "$159", "2007-09-30": "$159", "2007-06-30": "$158", "2007-03-31": "$157", "2006-12-31": "$157", "2006-09-30": "$156", "2006-06-30": "$156", "2006-03-31": "$280", "2005-12-31": "$278", "2005-09-30": "$278", "2005-06-30": "$277", "2005-03-31": "$276"}}, "total-liabilities": {"Alkermes Annual Total Liabilities (Millions of US $)": {"2019": "$720", "2018": "$654", "2017": "$594", "2016": "$517", "2015": "$541", "2014": "$522", "2013": "$518", "2012": "$581", "2011": "$60", "2010": "$103", "2009": "$132", "2008": "$351", "2007": "$365", "2006": "$429", "2005": "$305"}, "Alkermes Quarterly Total Liabilities (Millions of US $)": {"2020-09-30": "$792", "2020-06-30": "$740", "2020-03-31": "$763", "2019-12-31": "$720", "2019-09-30": "$690", "2019-06-30": "$661", "2019-03-31": "$654", "2018-12-31": "$654", "2018-09-30": "$610", "2018-06-30": "$593", "2018-03-31": "$581", "2017-12-31": "$594", "2017-09-30": "$561", "2017-06-30": "$529", "2017-03-31": "$513", "2016-12-31": "$517", "2016-09-30": "$498", "2016-06-30": "$542", "2016-03-31": "$530", "2015-12-31": "$541", "2015-09-30": "$514", "2015-06-30": "$516", "2015-03-31": "$504", "2014-12-31": "$522", "2014-09-30": "$504", "2014-06-30": "$506", "2014-03-31": "$496", "2013-12-31": "$512", "2013-09-30": "$495", "2013-06-30": "$496", "2013-03-31": "$518", "2012-12-31": "$492", "2012-09-30": "$486", "2012-06-30": "$563", "2012-03-31": "$581", "2011-12-31": "$601", "2011-09-30": "$594", "2011-06-30": "$57", "2011-03-31": "$60", "2010-12-31": "$51", "2010-09-30": "$47", "2010-06-30": "$88", "2010-03-31": "$103", "2009-12-31": "$101", "2009-09-30": "$105", "2009-06-30": "$108", "2009-03-31": "$132", "2008-12-31": "$147", "2008-09-30": "$266", "2008-06-30": "$320", "2008-03-31": "$351", "2007-12-31": "$346", "2007-09-30": "$334", "2007-06-30": "$341", "2007-03-31": "$365", "2006-12-31": "$371", "2006-09-30": "$363", "2006-06-30": "$379", "2006-03-31": "$429", "2005-12-31": "$445", "2005-09-30": "$454", "2005-06-30": "$467", "2005-03-31": "$305"}}, "total-share-holder-equity": {"Alkermes Annual Share Holder Equity (Millions of US $)": {"2019": "$1,085", "2018": "$1,171", "2017": "$1,203", "2016": "$1,209", "2015": "$1,314", "2014": "$1,397", "2013": "$952", "2012": "$854", "2011": "$392", "2010": "$413", "2009": "$435", "2008": "$305", "2007": "$203", "2006": "$48", "2005": "$34"}, "Alkermes Quarterly Share Holder Equity (Millions of US $)": {"2020-09-30": "$1,084", "2020-06-30": "$1,062", "2020-03-31": "$1,063", "2019-12-31": "$1,085", "2019-09-30": "$1,068", "2019-06-30": "$1,091", "2019-03-31": "$1,102", "2018-12-31": "$1,171", "2018-09-30": "$1,151", "2018-06-30": "$1,158", "2018-03-31": "$1,156", "2017-12-31": "$1,203", "2017-09-30": "$1,187", "2017-06-30": "$1,202", "2017-03-31": "$1,217", "2016-12-31": "$1,209", "2016-09-30": "$1,210", "2016-06-30": "$1,244", "2016-03-31": "$1,265", "2015-12-31": "$1,314", "2015-09-30": "$1,367", "2015-06-30": "$1,399", "2015-03-31": "$1,420", "2014-12-31": "$1,397", "2014-09-30": "$1,334", "2014-06-30": "$1,352", "2014-03-31": "$1,340", "2013-12-31": "$1,065", "2013-09-30": "$1,017", "2013-06-30": "$982", "2013-03-31": "$952", "2012-12-31": "$920", "2012-09-30": "$885", "2012-06-30": "$882", "2012-03-31": "$854", "2011-12-31": "$905", "2011-09-30": "$910", "2011-06-30": "$394", "2011-03-31": "$392", "2010-12-31": "$396", "2010-09-30": "$402", "2010-06-30": "$404", "2010-03-31": "$413", "2009-12-31": "$419", "2009-09-30": "$422", "2009-06-30": "$427", "2009-03-31": "$435", "2008-12-31": "$450", "2008-09-30": "$339", "2008-06-30": "$329", "2008-03-31": "$305", "2007-12-31": "$385", "2007-09-30": "$239", "2007-06-30": "$223", "2007-03-31": "$203", "2006-12-31": "$192", "2006-09-30": "$181", "2006-06-30": "$179", "2006-03-31": "$48", "2005-12-31": "$37", "2005-09-30": "$34", "2005-06-30": "$21", "2005-03-31": "$34"}}, "profit-margins": {"current": "-6.28%"}, "gross margin": {"2020-09-30": "84.39%", "2020-06-30": "84.34%", "2020-03-31": "84.76%", "2019-12-31": "84.63%", "2019-09-30": "83.05%", "2019-06-30": "83.15%", "2019-03-31": "83.71%", "2018-12-31": "83.84%", "2018-09-30": "84.25%", "2018-06-30": "84.15%", "2018-03-31": "83.12%", "2017-12-31": "82.83%", "2017-09-30": "81.95%", "2017-06-30": "81.24%", "2017-03-31": "81.43%", "2016-12-31": "82.31%", "2016-09-30": "81.01%", "2016-06-30": "80.39%", "2016-03-31": "79.65%", "2015-12-31": "77.87%", "2015-09-30": "76.56%", "2015-06-30": "74.81%", "2015-03-31": "72.88%", "2014-12-31": "71.68%", "2014-09-30": "71.36%", "2014-06-30": "70.54%", "2014-03-31": "69.27%", "2013-12-31": "69.46%", "2013-09-30": "69.03%", "2013-06-30": "68.86%", "2013-03-31": "70.26%", "2012-12-31": "67.90%", "2012-09-30": "66.54%", "2012-06-30": "67.92%", "2012-03-31": "67.18%", "2011-09-30": "73.60%", "2011-06-30": "72.26%", "2010-09-30": "73.33%", "2010-06-30": "72.39%", "2009-09-30": "86.85%", "2009-06-30": "88.00%", "2008-09-30": "80.90%", "2008-06-30": "83.16%", "2007-09-30": "82.63%", "2007-06-30": "81.77%", "2006-09-30": "81.82%", "2006-06-30": "85.00%"}, "operating margin": {"2020-09-30": "-7.85%", "2020-06-30": "-11.62%", "2020-03-31": "-11.47%", "2019-12-31": "-15.03%", "2019-09-30": "-15.46%", "2019-06-30": "-13.95%", "2019-03-31": "-10.34%", "2018-12-31": "-9.04%", "2018-09-30": "-8.82%", "2018-06-30": "-9.20%", "2018-03-31": "-14.85%", "2017-12-31": "-16.39%", "2017-09-30": "-21.14%", "2017-06-30": "-24.97%", "2017-03-31": "-25.99%", "2016-12-31": "-28.02%", "2016-09-30": "-36.26%", "2016-06-30": "-40.12%", "2016-03-31": "-43.91%", "2015-12-31": "-35.67%", "2015-09-30": "-27.03%", "2015-06-30": "-19.94%", "2015-03-31": "-15.25%", "2014-12-31": "-14.24%", "2014-09-30": "-11.06%", "2014-06-30": "-6.41%", "2014-03-31": "0.00%", "2013-12-31": "5.87%", "2013-09-30": "9.34%", "2013-06-30": "11.21%", "2013-03-31": "14.09%", "2012-12-31": "0.74%", "2012-09-30": "19.74%", "2012-06-30": "18.33%", "2012-03-31": "10.77%", "2011-09-30": "10.11%", "2011-06-30": "14.84%", "2010-09-30": "17.78%", "2010-06-30": "17.16%", "2009-09-30": "54.98%", "2009-06-30": "60.00%", "2008-09-30": "48.31%", "2008-06-30": "46.84%", "2007-09-30": "42.11%", "2007-06-30": "40.10%", "2006-09-30": "29.22%", "2006-06-30": "39.29%"}, "ebitda margin": {"2020-09-30": "-0.77%", "2020-06-30": "-4.48%", "2020-03-31": "-4.61%", "2019-12-31": "-8.03%", "2019-09-30": "-7.36%", "2019-06-30": "-5.34%", "2019-03-31": "-1.37%", "2018-12-31": "0.46%", "2018-09-30": "0.95%", "2018-06-30": "0.78%", "2018-03-31": "-4.06%", "2017-12-31": "-5.43%", "2017-09-30": "-9.38%", "2017-06-30": "-12.80%", "2017-03-31": "-13.70%", "2016-12-31": "-15.28%", "2016-09-30": "-23.02%", "2016-06-30": "-26.95%", "2016-03-31": "-30.13%", "2015-12-31": "-22.13%", "2015-09-30": "-13.13%", "2015-06-30": "-5.41%", "2015-03-31": "-0.15%", "2014-12-31": "1.78%", "2014-09-30": "2.01%", "2014-06-30": "6.93%", "2014-03-31": "13.32%", "2013-12-31": "17.62%", "2013-09-30": "23.88%", "2013-06-30": "25.27%", "2013-03-31": "23.83%", "2012-12-31": "7.75%", "2012-09-30": "27.26%", "2012-06-30": "23.75%", "2012-03-31": "17.44%", "2011-09-30": "14.04%", "2011-06-30": "17.42%", "2010-09-30": "22.96%", "2010-06-30": "24.63%", "2009-09-30": "57.77%", "2009-06-30": "61.60%", "2008-09-30": "51.12%", "2008-06-30": "50.00%", "2007-09-30": "45.26%", "2007-06-30": "43.23%", "2006-09-30": "33.12%", "2006-06-30": "42.86%"}, "pre tax profit margin": {"2020-09-30": "-4.95%", "2020-06-30": "-9.81%", "2020-03-31": "-10.72%", "2019-12-31": "-16.82%", "2019-09-30": "-18.25%", "2019-06-30": "-16.48%", "2019-03-31": "-14.64%", "2018-12-31": "-11.60%", "2018-09-30": "-10.82%", "2018-06-30": "-11.35%", "2018-03-31": "-14.74%", "2017-12-31": "-15.95%", "2017-09-30": "-21.26%", "2017-06-30": "-25.84%", "2017-03-31": "-26.89%", "2016-12-31": "-28.69%", "2016-09-30": "-37.84%", "2016-06-30": "-41.32%", "2016-03-31": "-43.43%", "2015-12-31": "-35.67%", "2015-09-30": "-17.19%", "2015-06-30": "-10.51%", "2015-03-31": "-3.54%", "2014-12-31": "-2.27%", "2014-09-30": "-8.71%", "2014-06-30": "-4.16%", "2014-03-31": "-2.84%", "2013-12-31": "2.18%", "2013-09-30": "5.36%", "2013-06-30": "4.09%", "2013-03-31": "6.26%", "2012-12-31": "-7.38%", "2012-09-30": "-14.29%", "2012-06-30": "-16.46%", "2012-03-31": "-29.49%", "2011-09-30": "-24.16%", "2011-06-30": "-21.29%", "2010-09-30": "-21.48%", "2010-06-30": "-21.64%", "2009-09-30": "37.05%", "2009-06-30": "41.60%", "2008-09-30": "115.17%", "2008-06-30": "111.05%", "2007-09-30": "11.58%", "2007-06-30": "9.38%", "2006-09-30": "2.60%", "2006-06-30": "8.57%"}, "net profit margin": {"2020-09-30": "-6.23%", "2020-06-30": "-10.84%", "2020-03-31": "-11.64%", "2019-12-31": "-16.74%", "2019-09-30": "-18.72%", "2019-06-30": "-17.04%", "2019-03-31": "-15.83%", "2018-12-31": "-12.79%", "2018-09-30": "-13.28%", "2018-06-30": "-13.89%", "2018-03-31": "-16.24%", "2017-12-31": "-17.50%", "2017-09-30": "-20.07%", "2017-06-30": "-24.35%", "2017-03-31": "-25.61%", "2016-12-31": "-27.88%", "2016-09-30": "-36.83%", "2016-06-30": "-41.02%", "2016-03-31": "-43.75%", "2015-12-31": "-36.15%", "2015-09-30": "-19.84%", "2015-06-30": "-13.29%", "2015-03-31": "-5.55%", "2014-12-31": "-4.69%", "2014-09-30": "-7.04%", "2014-06-30": "-1.73%", "2014-03-31": "-1.24%", "2013-12-31": "3.36%", "2013-09-30": "3.11%", "2013-06-30": "1.60%", "2013-03-31": "4.17%", "2012-12-31": "-7.75%", "2012-09-30": "-13.72%", "2012-06-30": "-16.25%", "2012-03-31": "-28.97%", "2011-09-30": "-25.84%", "2011-06-30": "-20.65%", "2010-09-30": "-20.74%", "2010-06-30": "-21.64%", "2009-09-30": "37.45%", "2009-06-30": "42.00%", "2008-09-30": "112.92%", "2008-06-30": "108.95%", "2007-09-30": "10.53%", "2007-06-30": "8.33%", "2006-09-30": "2.60%", "2006-06-30": "8.57%"}, "pe ratio": {"current": "34.89", "2021-02-05": "0.00", "2020-09-30": "0.00", "2020-06-30": "0.00", "2020-03-31": "0.00", "2019-12-31": "0.00", "2019-09-30": "0.00", "2019-06-30": "0.00", "2019-03-31": "0.00", "2018-12-31": "0.00", "2018-09-30": "0.00", "2018-06-30": "0.00", "2018-03-31": "0.00", "2017-12-31": "0.00", "2017-09-30": "0.00", "2017-06-30": "0.00", "2017-03-31": "0.00", "2016-12-31": "0.00", "2016-09-30": "0.00", "2016-06-30": "0.00", "2016-03-31": "0.00", "2015-12-31": "0.00", "2015-09-30": "0.00", "2015-06-30": "0.00", "2015-03-31": "0.00", "2014-12-31": "0.00", "2014-09-30": "0.00", "2014-06-30": "0.00", "2014-03-31": "0.00", "2013-12-31": "312.77", "2013-09-30": "258.62", "2013-06-30": "478.00", "2013-03-31": "131.67", "2012-12-31": "0.00", "2012-09-30": "0.00", "2012-06-30": "0.00", "2012-03-31": "0.00", "2011-12-31": "0.00", "2011-09-30": "0.00", "2011-06-30": "0.00", "2011-03-31": "0.00", "2010-12-31": "0.00", "2010-09-30": "0.00", "2010-06-30": "0.00", "2010-03-31": "0.00", "2009-12-31": "0.00", "2009-09-30": "9.38", "2009-06-30": "9.93", "2009-03-31": "8.03", "2008-12-31": "7.05", "2008-09-30": "6.79", "2008-06-30": "6.15", "2008-03-31": "6.67", "2007-12-31": "8.76", "2007-09-30": "102.22", "2007-06-30": "97.33", "2007-03-31": "257.33", "2006-12-31": "222.83"}, "price sales": {"2021-02-05": "3.01", "2020-09-30": "2.24", "2020-06-30": "2.63", "2020-03-31": "1.90", "2019-12-31": "2.73", "2019-09-30": "2.84", "2019-06-30": "3.29", "2019-03-31": "5.19", "2018-12-31": "4.18", "2018-09-30": "6.23", "2018-06-30": "6.21", "2018-03-31": "9.51", "2017-12-31": "9.29", "2017-09-30": "9.23", "2017-06-30": "10.98", "2017-03-31": "11.37", "2016-12-31": "11.28", "2016-09-30": "10.20", "2016-06-30": "9.73", "2016-03-31": "8.20", "2015-12-31": "18.81", "2015-09-30": "13.54", "2015-06-30": "14.60", "2015-03-31": "13.90", "2014-12-31": "13.93", "2014-09-30": "10.57", "2014-06-30": "12.63", "2014-03-31": "11.14", "2013-12-31": "9.64", "2013-09-30": "8.10", "2013-06-30": "7.04", "2013-03-31": "5.60", "2012-12-31": "4.55", "2012-09-30": "5.13", "2012-06-30": "4.46", "2012-03-31": "5.60", "2011-12-31": "7.51", "2011-09-30": "8.46", "2011-06-30": "11.51", "2011-03-31": "9.13", "2010-12-31": "8.66", "2010-09-30": "10.28", "2010-06-30": "8.79", "2010-03-31": "8.80", "2009-12-31": "6.38", "2009-09-30": "3.49", "2009-06-30": "4.14", "2009-03-31": "4.13", "2008-12-31": "3.62", "2008-09-30": "7.38", "2008-06-30": "6.58", "2008-03-31": "6.94", "2007-12-31": "9.11", "2007-09-30": "10.11", "2007-06-30": "7.95", "2007-03-31": "8.95", "2006-12-31": "7.75"}, "price book": {"current": "3.28", "2021-02-05": "3.28", "2020-09-30": "2.43", "2020-06-30": "2.91", "2020-03-31": "2.15", "2019-12-31": "2.97", "2019-09-30": "2.88", "2019-06-30": "3.25", "2019-03-31": "5.19", "2018-12-31": "3.92", "2018-09-30": "5.73", "2018-06-30": "5.52", "2018-03-31": "7.77", "2017-12-31": "7.01", "2017-09-30": "6.58", "2017-06-30": "7.41", "2017-03-31": "7.36", "2016-12-31": "7.00", "2016-09-30": "5.90", "2016-06-30": "5.27", "2016-03-31": "4.08", "2015-12-31": "9.10", "2015-09-30": "6.43", "2015-06-30": "6.87", "2015-03-31": "6.37", "2014-12-31": "6.19", "2014-09-30": "4.70", "2014-06-30": "5.42", "2014-03-31": "4.75", "2013-12-31": "5.26", "2013-09-30": "4.52", "2013-06-30": "3.95", "2013-03-31": "3.33", "2012-12-31": "2.67", "2012-09-30": "3.08", "2012-06-30": "2.51", "2012-03-31": "2.83", "2011-12-31": "2.50", "2011-09-30": "2.18", "2011-06-30": "4.60", "2011-03-31": "0.00", "2010-12-31": "2.97", "2010-09-30": "3.48", "2010-06-30": "2.95", "2010-03-31": "0.00", "2009-12-31": "2.13", "2009-09-30": "2.06", "2009-06-30": "2.40", "2009-03-31": "0.00", "2008-12-31": "2.25", "2008-09-30": "3.74", "2008-06-30": "3.57", "2008-03-31": "0.00", "2007-12-31": "4.07", "2007-09-30": "7.87", "2007-06-30": "6.66", "2007-03-31": "0.00", "2006-12-31": "7.02", "2006-09-30": "8.80", "2006-06-30": "10.70", "2006-03-31": "0.00"}, "price fcf": {"2021-02-05": "", "2020-09-30": "$-0.07", "2020-06-30": "$-0.33", "2020-03-31": "$-0.49", "2019-12-31": "$-0.11", "2019-09-30": "$0.10", "2019-06-30": "$0.13", "2019-03-31": "$0.48", "2018-12-31": "$0.20", "2018-09-30": "$0.04", "2018-06-30": "$-0.03", "2018-03-31": "$-0.35", "2017-12-31": "$-0.21", "2017-09-30": "$-0.34", "2017-06-30": "$-0.36", "2017-03-31": "$-0.40", "2016-12-31": "$-0.71", "2016-09-30": "$-0.78", "2016-06-30": "$-1.08", "2016-03-31": "$-1.02", "2015-12-31": "$-0.62", "2015-09-30": "$-0.32", "2015-06-30": "$-0.16", "2015-03-31": "$0.16", "2014-12-31": "$0.15", "2014-09-30": "$-0.23", "2014-06-30": "$0.16", "2014-03-31": "$0.10", "2013-12-31": "$0.50", "2013-09-30": "$0.84", "2013-06-30": "$0.89", "2013-03-31": "$0.75", "2012-12-31": "$0.42", "2012-09-30": "$0.24", "2012-06-30": "$-0.09", "2012-03-31": "$-0.21", "2011-12-31": "$-0.21", "2011-09-30": "$-0.07", "2011-06-30": "$-0.25", "2011-03-31": "$-0.23", "2010-12-31": "$-0.23", "2010-09-30": "$-0.34", "2010-06-30": "$-0.22", "2010-03-31": "$-0.22", "2009-12-31": "$-0.22", "2009-09-30": "$-0.19", "2009-06-30": "$-0.13", "2009-03-31": "$0.44", "2008-12-31": "$0.44", "2008-09-30": "$0.55", "2008-06-30": "$0.77", "2008-03-31": "$0.10", "2007-12-31": "$0.10", "2007-09-30": "$0.23", "2007-06-30": "$-0.48", "2007-03-31": "$0.58", "2006-12-31": "$0.58"}, "net worth": {"value": "$3.55B"}, "current ratio": {"2020-09-30": "2.71", "2020-06-30": "2.95", "2020-03-31": "2.69", "2019-12-31": "2.46", "2019-09-30": "2.69", "2019-06-30": "2.98", "2019-03-31": "2.94", "2018-12-31": "2.89", "2018-09-30": "2.85", "2018-06-30": "2.92", "2018-03-31": "2.83", "2017-12-31": "2.78", "2017-09-30": "3.05", "2017-06-30": "3.54", "2017-03-31": "3.60", "2016-12-31": "3.73", "2016-09-30": "4.24", "2016-06-30": "3.93", "2016-03-31": "3.74", "2015-12-31": "3.20", "2015-09-30": "4.99", "2015-06-30": "7.58", "2015-03-31": "8.79", "2014-12-31": "6.72", "2014-09-30": "7.38", "2014-06-30": "8.68", "2014-03-31": "8.37", "2013-12-31": "5.65", "2013-09-30": "7.10", "2013-06-30": "5.81", "2013-03-31": "4.76", "2012-12-31": "5.02", "2012-09-30": "5.16", "2012-06-30": "4.95", "2012-03-31": "4.43", "2011-12-31": "3.86", "2011-09-30": "3.94", "2011-06-30": "6.77", "2011-03-31": "5.26", "2010-12-31": "6.05", "2010-09-30": "8.54", "2010-06-30": "4.58", "2010-03-31": "3.71", "2009-12-31": "5.10", "2009-09-30": "6.36", "2009-06-30": "7.10", "2009-03-31": "5.45", "2008-12-31": "6.20", "2008-09-30": "8.79", "2008-06-30": "10.80", "2008-03-31": "9.83", "2007-12-31": "14.77", "2007-09-30": "13.44", "2007-06-30": "11.10", "2007-03-31": "6.98", "2006-12-31": "6.24", "2006-09-30": "4.23", "2006-06-30": "4.67", "2006-03-31": "2.77", "2005-12-31": "2.60", "2005-09-30": "2.95", "2005-06-30": "3.78", "2005-03-31": "9.62"}, "quick ratio": {"2020-09-30": "2.39", "2020-06-30": "2.59", "2020-03-31": "2.36", "2019-12-31": "2.20", "2019-09-30": "2.42", "2019-06-30": "2.69", "2019-03-31": "2.66", "2018-12-31": "2.63", "2018-09-30": "2.57", "2018-06-30": "2.62", "2018-03-31": "2.52", "2017-12-31": "2.46", "2017-09-30": "2.72", "2017-06-30": "3.20", "2017-03-31": "3.30", "2016-12-31": "3.43", "2016-09-30": "3.96", "2016-06-30": "3.72", "2016-03-31": "3.54", "2015-12-31": "3.03", "2015-09-30": "4.81", "2015-06-30": "7.29", "2015-03-31": "8.36", "2014-12-31": "6.32", "2014-09-30": "6.92", "2014-06-30": "8.12", "2014-03-31": "7.78", "2013-12-31": "5.19", "2013-09-30": "6.55", "2013-06-30": "5.28", "2013-03-31": "4.25", "2012-12-31": "4.42", "2012-09-30": "4.57", "2012-06-30": "4.37", "2012-03-31": "3.98", "2011-12-31": "3.39", "2011-09-30": "3.42", "2011-06-30": "6.39", "2011-03-31": "4.84", "2010-12-31": "5.56", "2010-09-30": "8.02", "2010-06-30": "4.31", "2010-03-31": "3.49", "2009-12-31": "4.75", "2009-09-30": "6.03", "2009-06-30": "6.71", "2009-03-31": "5.16", "2008-12-31": "5.88", "2008-09-30": "8.44", "2008-06-30": "10.38", "2008-03-31": "9.38", "2007-12-31": "14.18", "2007-09-30": "12.78", "2007-06-30": "10.56", "2007-03-31": "6.68", "2006-12-31": "6.04", "2006-09-30": "4.08", "2006-06-30": "4.54", "2006-03-31": "2.71", "2005-12-31": "2.54", "2005-09-30": "2.89", "2005-06-30": "3.73", "2005-03-31": "9.46"}, "debt equity ratio": {"current": "0.25", "2020-09-30": "0.73", "2020-06-30": "0.70", "2020-03-31": "0.72", "2019-12-31": "0.66", "2019-09-30": "0.65", "2019-06-30": "0.61", "2019-03-31": "0.59", "2018-12-31": "0.56", "2018-09-30": "0.53", "2018-06-30": "0.51", "2018-03-31": "0.50", "2017-12-31": "0.49", "2017-09-30": "0.47", "2017-06-30": "0.44", "2017-03-31": "0.42", "2016-12-31": "0.43", "2016-09-30": "0.41", "2016-06-30": "0.44", "2016-03-31": "0.42", "2015-12-31": "0.41", "2015-09-30": "0.38", "2015-06-30": "0.37", "2015-03-31": "0.36", "2014-12-31": "0.37", "2014-09-30": "0.38", "2014-06-30": "0.37", "2014-03-31": "0.37", "2013-12-31": "0.48", "2013-09-30": "0.49", "2013-06-30": "0.51", "2013-03-31": "0.54", "2012-12-31": "0.54", "2012-09-30": "0.55", "2012-06-30": "0.64", "2012-03-31": "0.68", "2011-12-31": "0.66", "2011-09-30": "0.65", "2011-06-30": "0.15", "2011-03-31": "0.15", "2010-12-31": "0.13", "2010-09-30": "0.12", "2010-06-30": "0.22", "2010-03-31": "0.25", "2009-12-31": "0.24", "2009-09-30": "0.25", "2009-06-30": "0.25", "2009-03-31": "0.30", "2008-12-31": "0.33", "2008-09-30": "0.79", "2008-06-30": "0.97", "2008-03-31": "1.15", "2007-12-31": "0.90", "2007-09-30": "1.40", "2007-06-30": "1.53", "2007-03-31": "1.80", "2006-12-31": "1.93", "2006-09-30": "2.00", "2006-06-30": "2.11", "2006-03-31": "8.90", "2005-12-31": "12.01", "2005-09-30": "13.30", "2005-06-30": "22.30", "2005-03-31": "8.93"}, "return on equity": {"2020-09-30": "-6.80%", "2020-06-30": "-11.78%", "2020-03-31": "-12.91%", "2019-12-31": "-18.04%", "2019-09-30": "-18.14%", "2019-06-30": "-16.12%", "2019-03-31": "-15.10%", "2018-12-31": "-12.08%", "2018-09-30": "-12.00%", "2018-06-30": "-12.07%", "2018-03-31": "-12.81%", "2017-12-31": "-13.14%", "2017-09-30": "-14.04%", "2017-06-30": "-16.21%", "2017-03-31": "-16.39%", "2016-12-31": "-16.88%", "2016-09-30": "-20.35%", "2016-06-30": "-21.12%", "2016-03-31": "-20.43%", "2015-12-31": "-16.51%", "2015-09-30": "-9.10%", "2015-06-30": "-6.20%", "2015-03-31": "-2.62%", "2014-12-31": "-2.14%", "2014-09-30": "-3.30%", "2014-06-30": "-0.84%", "2014-03-31": "-0.64%", "2013-12-31": "1.99%", "2013-09-30": "1.86%", "2013-06-30": "0.96%", "2013-03-31": "2.64%", "2012-12-31": "-4.74%", "2012-09-30": "-8.28%", "2012-06-30": "-8.79%", "2012-03-31": "-14.76%", "2011-09-30": "-8.80%", "2011-06-30": "-8.08%", "2010-09-30": "-6.84%", "2010-06-30": "-7.00%", "2009-09-30": "21.68%", "2009-06-30": "25.44%", "2008-09-30": "59.20%", "2008-06-30": "65.82%", "2007-09-30": "9.33%", "2007-06-30": "8.01%", "2006-09-30": "3.60%", "2006-06-30": "16.11%"}, "return on assets": {"2020-09-30": "-3.99%", "2020-06-30": "-7.01%", "2020-03-31": "-7.79%", "2019-12-31": "-11.09%", "2019-09-30": "-11.34%", "2019-06-30": "-10.26%", "2019-03-31": "-9.75%", "2018-12-31": "-7.92%", "2018-09-30": "-7.95%", "2018-06-30": "-8.08%", "2018-03-31": "-8.67%", "2017-12-31": "-9.02%", "2017-09-30": "-9.75%", "2017-06-30": "-11.37%", "2017-03-31": "-11.51%", "2016-12-31": "-11.86%", "2016-09-30": "-14.34%", "2016-06-30": "-14.98%", "2016-03-31": "-14.66%", "2015-12-31": "-11.98%", "2015-09-30": "-6.65%", "2015-06-30": "-4.53%", "2015-03-31": "-1.91%", "2014-12-31": "-1.56%", "2014-09-30": "-2.36%", "2014-06-30": "-0.59%", "2014-03-31": "-0.44%", "2013-12-31": "1.32%", "2013-09-30": "1.23%", "2013-06-30": "0.63%", "2013-03-31": "1.68%", "2012-12-31": "-2.97%", "2012-09-30": "-5.07%", "2012-06-30": "-5.30%", "2012-03-31": "-9.23%", "2011-09-30": "-6.45%", "2011-06-30": "-7.12%", "2010-09-30": "-5.67%", "2010-06-30": "-5.64%", "2009-09-30": "16.90%", "2009-06-30": "18.24%", "2008-09-30": "30.45%", "2008-06-30": "31.75%", "2007-09-30": "3.53%", "2007-06-30": "2.86%", "2006-09-30": "0.78%", "2006-06-30": "2.39%"}, "return on investments": {"2020-09-30": "-6.83%", "2020-06-30": "-10.05%", "2020-03-31": "-10.14%", "2019-12-31": "-12.92%", "2019-09-30": "-11.99%", "2019-06-30": "-10.60%", "2019-03-31": "-7.94%", "2018-12-31": "-6.89%", "2018-09-30": "-6.44%", "2018-06-30": "-6.46%", "2018-03-31": "-9.48%", "2017-12-31": "-9.99%", "2017-09-30": "-12.00%", "2017-06-30": "-13.49%", "2017-03-31": "-13.52%", "2016-12-31": "-13.80%", "2016-09-30": "-16.35%", "2016-06-30": "-16.94%", "2016-03-31": "-16.74%", "2015-12-31": "-13.24%", "2015-09-30": "-10.01%", "2015-06-30": "-7.43%", "2015-03-31": "-5.73%", "2014-12-31": "-5.15%", "2014-09-30": "-4.06%", "2014-06-30": "-2.39%", "2014-03-31": "0.00%", "2013-12-31": "2.57%", "2013-09-30": "4.06%", "2013-06-30": "4.86%", "2013-03-31": "6.27%", "2012-12-31": "0.31%", "2012-09-30": "8.05%", "2012-06-30": "6.62%", "2012-03-31": "4.21%", "2011-09-30": "5.33%", "2011-06-30": "inf%", "2010-09-30": "21.29%", "2010-06-30": "10.10%", "2009-09-30": "28.54%", "2009-06-30": "31.76%", "2008-09-30": "18.22%", "2008-06-30": "19.04%", "2007-09-30": "21.52%", "2007-06-30": "21.57%", "2006-09-30": "13.68%", "2006-06-30": "17.05%"}, "return on tangible equity": {"2020-09-30": "-8.64%", "2020-06-30": "-15.17%", "2020-03-31": "-16.79%", "2019-12-31": "-23.68%", "2019-09-30": "-23.96%", "2019-06-30": "-21.46%", "2019-03-31": "-20.32%", "2018-12-31": "-16.47%", "2018-09-30": "-16.63%", "2018-06-30": "-17.00%", "2018-03-31": "-18.30%", "2017-12-31": "-19.04%", "2017-09-30": "-20.71%", "2017-06-30": "-24.32%", "2017-03-31": "-24.97%", "2016-12-31": "-26.07%", "2016-09-30": "-31.65%", "2016-06-30": "-32.88%", "2016-03-31": "-31.84%", "2015-12-31": "-26.06%", "2015-09-30": "-14.66%", "2015-06-30": "-10.33%", "2015-03-31": "-4.53%", "2014-12-31": "-3.82%", "2014-09-30": "-6.33%", "2014-06-30": "-1.75%", "2014-03-31": "-1.51%", "2013-12-31": "5.64%", "2013-09-30": "5.88%", "2013-06-30": "3.44%", "2013-03-31": "10.64%", "2012-12-31": "-22.08%", "2012-09-30": "-45.34%", "2012-06-30": "-55.12%", "2012-03-31": "-58.10%", "2011-09-30": "-14.16%", "2011-06-30": "-8.08%", "2010-09-30": "-6.84%", "2010-06-30": "-7.00%", "2009-09-30": "21.68%", "2009-06-30": "25.44%", "2008-09-30": "59.20%", "2008-06-30": "65.82%", "2007-09-30": "9.33%", "2007-06-30": "8.01%", "2006-09-30": "3.60%", "2006-06-30": "16.11%"}, "dividend yield history": {"last payout": "$0.00", "last yield": "0.00%"}}