{"ticker": "ALL", "price": {"title": "Allstate Historical Annual Stock Price Data", "value": 104.48, "historical": {"2021": {"Average Stock Price": "108.8700", "Year Open": "108.0800", "Year High": "111.0000", "Year Low": "104.4800", "Year Close": "104.4800", "Annual % Change": "-4.96%"}, "2020": {"Average Stock Price": "99.5736", "Year Open": "112.8200", "Year High": "125.5700", "Year Low": "73.2300", "Year Close": "109.9300", "Annual % Change": "-2.24%"}, "2019": {"Average Stock Price": "100.5468", "Year Open": "81.6400", "Year High": "112.6200", "Year Low": "80.3000", "Year Close": "112.4500", "Annual % Change": "36.09%"}, "2018": {"Average Stock Price": "94.7909", "Year Open": "101.9200", "Year High": "104.4300", "Year Low": "77.2700", "Year Close": "82.6300", "Annual % Change": "-21.09%"}, "2017": {"Average Stock Price": "88.2559", "Year Open": "74.1700", "Year High": "104.9100", "Year Low": "73.0900", "Year Close": "104.7100", "Annual % Change": "41.27%"}, "2016": {"Average Stock Price": "67.3052", "Year Open": "60.6700", "Year High": "74.5800", "Year Low": "57.7000", "Year Close": "74.1200", "Annual % Change": "19.38%"}, "2015": {"Average Stock Price": "65.9001", "Year Open": "70.1200", "Year High": "72.5800", "Year Low": "56.9900", "Year Close": "62.0900", "Annual % Change": "-11.62%"}, "2014": {"Average Stock Price": "59.3522", "Year Open": "53.5500", "Year High": "71.0000", "Year Low": "49.5500", "Year Close": "70.2500", "Annual % Change": "28.80%"}, "2013": {"Average Stock Price": "49.4789", "Year Open": "41.1600", "Year High": "54.7100", "Year Low": "41.1600", "Year Close": "54.5400", "Annual % Change": "35.77%"}, "2012": {"Average Stock Price": "35.4216", "Year Open": "27.7500", "Year High": "42.6200", "Year Low": "27.5600", "Year Close": "40.1700", "Annual % Change": "46.55%"}, "2011": {"Average Stock Price": "28.8023", "Year Open": "32.2300", "Year High": "34.3100", "Year Low": "22.6800", "Year Close": "27.4100", "Annual % Change": "-14.02%"}, "2010": {"Average Stock Price": "30.7031", "Year Open": "30.4100", "Year High": "35.4300", "Year Low": "27.2600", "Year Close": "31.8800", "Annual % Change": "6.13%"}, "2009": {"Average Stock Price": "25.8565", "Year Open": "33.2600", "Year High": "33.2600", "Year Low": "14.1200", "Year Close": "30.0400", "Annual % Change": "-8.30%"}, "2008": {"Average Stock Price": "42.9215", "Year Open": "51.1500", "Year High": "52.6700", "Year Low": "18.1000", "Year Close": "32.7600", "Annual % Change": "-37.28%"}, "2007": {"Average Stock Price": "58.1857", "Year Open": "65.2800", "Year High": "65.3600", "Year Low": "49.2200", "Year Close": "52.2300", "Annual % Change": "-19.78%"}, "2006": {"Average Stock Price": "57.3418", "Year Open": "54.7300", "Year High": "65.9200", "Year Low": "50.4200", "Year Close": "65.1100", "Annual % Change": "20.42%"}, "2005": {"Average Stock Price": "55.6563", "Year Open": "51.2200", "Year High": "62.3300", "Year Low": "49.6700", "Year Close": "54.0700", "Annual % Change": "4.54%"}, "2004": {"Average Stock Price": "46.7921", "Year Open": "43.4600", "Year High": "51.7600", "Year Low": "42.7100", "Year Close": "51.7200", "Annual % Change": "20.22%"}, "2003": {"Average Stock Price": "36.9074", "Year Open": "37.9600", "Year High": "43.0300", "Year Low": "30.6800", "Year Close": "43.0200", "Annual % Change": "16.30%"}, "2002": {"Average Stock Price": "37.0497", "Year Open": "33.1900", "Year High": "41.3200", "Year Low": "31.5600", "Year Close": "36.9900", "Annual % Change": "9.76%"}, "2001": {"Average Stock Price": "37.8518", "Year Open": "41.0000", "Year High": "45.2100", "Year Low": "31.0200", "Year Close": "33.7000", "Annual % Change": "-22.64%"}, "2000": {"Average Stock Price": "28.2612", "Year Open": "23.5000", "Year High": "44.0000", "Year Low": "17.7500", "Year Close": "43.5600", "Annual % Change": "81.05%"}, "1999": {"Average Stock Price": "33.8176", "Year Open": "39.1300", "Year High": "40.5000", "Year Low": "23.5000", "Year Close": "24.0600", "Annual % Change": "-37.51%"}, "1998": {"Average Stock Price": "44.4288", "Year Open": "45.5650", "Year High": "51.5000", "Year Low": "37.3100", "Year Close": "38.5000", "Annual % Change": "-14.92%"}, "1997": {"Average Stock Price": "36.7357", "Year Open": "28.5650", "Year High": "46.8750", "Year Low": "28.5650", "Year Close": "45.2500", "Annual % Change": "56.36%"}, "1996": {"Average Stock Price": "23.1834", "Year Open": "20.1900", "Year High": "30.1250", "Year Low": "19.0000", "Year Close": "28.9400", "Annual % Change": "40.72%"}, "1995": {"Average Stock Price": "15.8633", "Year Open": "12.0650", "Year High": "20.9400", "Year Low": "11.8750", "Year Close": "20.5650", "Annual % Change": "73.18%"}, "1994": {"Average Stock Price": "12.5119", "Year Open": "14.8150", "Year High": "14.8150", "Year Low": "11.4400", "Year Close": "11.8750", "Annual % Change": "-19.49%"}}}, "market cap": {"value": "$32.8B"}, "income statement": {"Revenue": {"2020-12-31": "44791.00000", "2019-12-31": "44675.00000", "2018-12-31": "39815.00000", "2017-12-31": "39407.00000", "2016-12-31": "37399.00000", "2015-12-31": "35653.00000", "2014-12-31": "35239.00000", "2013-12-31": "34507.00000", "2012-12-31": "33315.00000", "2011-12-31": "32654.00000", "2010-12-31": "31400.00000", "2009-12-31": "32013.00000", "2008-12-31": "29394.00000", "2007-12-31": "36769.00000", "2006-12-31": "35796.00000", "2005-12-31": "35383.00000"}, "Cost Of Goods Sold": {"2020-12-31": "24882.00000", "2019-12-31": "26655.00000", "2018-12-31": "25405.00000", "2017-12-31": "24460.00000", "2016-12-31": "24804.00000", "2015-12-31": "23598.00000", "2014-12-31": "22112.00000", "2013-12-31": "21106.00000", "2012-12-31": "21618.00000", "2011-12-31": "23567.00000", "2010-12-31": "22573.00000", "2009-12-31": "22489.00000", "2008-12-31": "24087.00000", "2007-12-31": "21937.00000", "2006-12-31": "20196.00000", "2005-12-31": "25193.00000"}, "Gross Profit": {"2020-12-31": "19909.00000", "2019-12-31": "18020.00000", "2018-12-31": "14410.00000", "2017-12-31": "14947.00000", "2016-12-31": "12595.00000", "2015-12-31": "12055.00000", "2014-12-31": "13127.00000", "2013-12-31": "13401.00000", "2012-12-31": "11697.00000", "2011-12-31": "9087.00000", "2010-12-31": "8827.00000", "2009-12-31": "9524.00000", "2008-12-31": "5307.00000", "2007-12-31": "14832.00000", "2006-12-31": "15600.00000", "2005-12-31": "10190.00000"}, "Research And Development Expenses": {"2020-12-31": "", "2019-12-31": "", "2018-12-31": "", "2017-12-31": "", "2016-12-31": "", "2015-12-31": "", "2014-12-31": "", "2013-12-31": "", "2012-12-31": "", "2011-12-31": "", "2010-12-31": "", "2009-12-31": "", "2008-12-31": "", "2007-12-31": "", "2006-12-31": "", "2005-12-31": ""}, "SG&A Expenses": {"2020-12-31": "5630.00000", "2019-12-31": "5533.00000", "2018-12-31": "5222.00000", "2017-12-31": "4784.00000", "2016-12-31": "4550.00000", "2015-12-31": "4364.00000", "2014-12-31": "4135.00000", "2013-12-31": "4002.00000", "2012-12-31": "3884.00000", "2011-12-31": "3971.00000", "2010-12-31": "3807.00000", "2009-12-31": "4754.00000", "2008-12-31": "4679.00000", "2007-12-31": "4704.00000", "2006-12-31": "4757.00000", "2005-12-31": "4721.00000"}, "Other Operating Income Or Expenses": {"2020-12-31": "-6629.00000", "2019-12-31": "-5804.00000", "2018-12-31": "-6062.00000", "2017-12-31": "-4979.00000", "2016-12-31": "-4939.00000", "2015-12-31": "-4081.00000", "2014-12-31": "-4341.00000", "2013-12-31": "-4387.00000", "2012-12-31": "-4118.00000", "2011-12-31": "-3739.00000", "2010-12-31": "-3542.00000", "2009-12-31": "-3007.00000", "2008-12-31": "-3273.00000", "2007-12-31": "-3103.00000", "2006-12-31": "-3033.00000", "2005-12-31": "-2997.00000"}, "Operating Expenses": {"2020-12-31": "37259.00000", "2019-12-31": "38224.00000", "2018-12-31": "36794.00000", "2017-12-31": "34447.00000", "2016-12-31": "34325.00000", "2015-12-31": "32043.00000", "2014-12-31": "30588.00000", "2013-12-31": "29495.00000", "2012-12-31": "29620.00000", "2011-12-31": "31277.00000", "2010-12-31": "29922.00000", "2009-12-31": "30250.00000", "2008-12-31": "32039.00000", "2007-12-31": "29744.00000", "2006-12-31": "27986.00000", "2005-12-31": "32911.00000"}, "Operating Income": {"2020-12-31": "7532.00000", "2019-12-31": "6451.00000", "2018-12-31": "3021.00000", "2017-12-31": "4960.00000", "2016-12-31": "3074.00000", "2015-12-31": "3610.00000", "2014-12-31": "4651.00000", "2013-12-31": "5012.00000", "2012-12-31": "3695.00000", "2011-12-31": "1377.00000", "2010-12-31": "1478.00000", "2009-12-31": "1763.00000", "2008-12-31": "-2645.00000", "2007-12-31": "7025.00000", "2006-12-31": "7810.00000", "2005-12-31": "2472.00000"}, "Total Non-Operating Income/Expense": {"2020-12-31": "-573.00000", "2019-12-31": "-362.00000", "2018-12-31": "-393.00000", "2017-12-31": "-411.00000", "2016-12-31": "-320.00000", "2015-12-31": "-328.00000", "2014-12-31": "-415.00000", "2013-12-31": "-1616.00000", "2012-12-31": "-389.00000", "2011-12-31": "-418.00000", "2010-12-31": "-378.00000", "2009-12-31": "-515.00000", "2008-12-31": "-380.00000", "2007-12-31": "-372.00000", "2006-12-31": "-632.00000", "2005-12-31": "-384.00000"}, "Pre-Tax Income": {"2020-12-31": "6959.00000", "2019-12-31": "6089.00000", "2018-12-31": "2628.00000", "2017-12-31": "4549.00000", "2016-12-31": "2754.00000", "2015-12-31": "3282.00000", "2014-12-31": "4236.00000", "2013-12-31": "3396.00000", "2012-12-31": "3306.00000", "2011-12-31": "959.00000", "2010-12-31": "1100.00000", "2009-12-31": "1248.00000", "2008-12-31": "-3025.00000", "2007-12-31": "6653.00000", "2006-12-31": "7178.00000", "2005-12-31": "2088.00000"}, "Income Taxes": {"2020-12-31": "1383.00000", "2019-12-31": "1242.00000", "2018-12-31": "468.00000", "2017-12-31": "995.00000", "2016-12-31": "877.00000", "2015-12-31": "1111.00000", "2014-12-31": "1386.00000", "2013-12-31": "1116.00000", "2012-12-31": "1000.00000", "2011-12-31": "172.00000", "2010-12-31": "189.00000", "2009-12-31": "394.00000", "2008-12-31": "-1346.00000", "2007-12-31": "2017.00000", "2006-12-31": "2185.00000", "2005-12-31": "323.00000"}, "Income After Taxes": {"2020-12-31": "5576.00000", "2019-12-31": "4847.00000", "2018-12-31": "2160.00000", "2017-12-31": "3554.00000", "2016-12-31": "1877.00000", "2015-12-31": "2171.00000", "2014-12-31": "2850.00000", "2013-12-31": "2280.00000", "2012-12-31": "2306.00000", "2011-12-31": "787.00000", "2010-12-31": "911.00000", "2009-12-31": "854.00000", "2008-12-31": "-1679.00000", "2007-12-31": "4636.00000", "2006-12-31": "4993.00000", "2005-12-31": "1765.00000"}, "Other Income": {"2020-12-31": "", "2019-12-31": "", "2018-12-31": "", "2017-12-31": "", "2016-12-31": "", "2015-12-31": "", "2014-12-31": "", "2013-12-31": "", "2012-12-31": "", "2011-12-31": "", "2010-12-31": "", "2009-12-31": "", "2008-12-31": "", "2007-12-31": "", "2006-12-31": "", "2005-12-31": ""}, "Income From Continuous Operations": {"2020-12-31": "5576.00000", "2019-12-31": "4847.00000", "2018-12-31": "2160.00000", "2017-12-31": "3554.00000", "2016-12-31": "1877.00000", "2015-12-31": "2171.00000", "2014-12-31": "2850.00000", "2013-12-31": "2280.00000", "2012-12-31": "2306.00000", "2011-12-31": "787.00000", "2010-12-31": "911.00000", "2009-12-31": "854.00000", "2008-12-31": "-1679.00000", "2007-12-31": "4636.00000", "2006-12-31": "4993.00000", "2005-12-31": "1765.00000"}, "Income From Discontinued Operations": {"2020-12-31": "", "2019-12-31": "", "2018-12-31": "", "2017-12-31": "", "2016-12-31": "", "2015-12-31": "", "2014-12-31": "", "2013-12-31": "", "2012-12-31": "", "2011-12-31": "", "2010-12-31": "", "2009-12-31": "", "2008-12-31": "", "2007-12-31": "", "2006-12-31": "", "2005-12-31": ""}, "Net Income": {"2020-12-31": "5461.00000", "2019-12-31": "4678.00000", "2018-12-31": "2012.00000", "2017-12-31": "3438.00000", "2016-12-31": "1761.00000", "2015-12-31": "2055.00000", "2014-12-31": "2746.00000", "2013-12-31": "2263.00000", "2012-12-31": "2306.00000", "2011-12-31": "787.00000", "2010-12-31": "911.00000", "2009-12-31": "854.00000", "2008-12-31": "-1679.00000", "2007-12-31": "4636.00000", "2006-12-31": "4993.00000", "2005-12-31": "1765.00000"}, "EBITDA": {"2020-12-31": "7532.00000", "2019-12-31": "7204.00000", "2018-12-31": "3532.00000", "2017-12-31": "5568.00000", "2016-12-31": "3456.00000", "2015-12-31": "3981.00000", "2014-12-31": "5017.00000", "2013-12-31": "5380.00000", "2012-12-31": "4083.00000", "2011-12-31": "1629.00000", "2010-12-31": "1572.00000", "2009-12-31": "1672.00000", "2008-12-31": "-3021.00000", "2007-12-31": "6768.00000", "2006-12-31": "7622.00000", "2005-12-31": "2405.00000"}, "EBIT": {"2020-12-31": "7532.00000", "2019-12-31": "6451.00000", "2018-12-31": "3021.00000", "2017-12-31": "4960.00000", "2016-12-31": "3074.00000", "2015-12-31": "3610.00000", "2014-12-31": "4651.00000", "2013-12-31": "5012.00000", "2012-12-31": "3695.00000", "2011-12-31": "1377.00000", "2010-12-31": "1478.00000", "2009-12-31": "1763.00000", "2008-12-31": "-2645.00000", "2007-12-31": "7025.00000", "2006-12-31": "7810.00000", "2005-12-31": "2472.00000"}, "Basic Shares Outstanding": {"2020-12-31": "311.60000", "2019-12-31": "328.20000", "2018-12-31": "347.80000", "2017-12-31": "362.00000", "2016-12-31": "372.80000", "2015-12-31": "401.10000", "2014-12-31": "431.40000", "2013-12-31": "464.40000", "2012-12-31": "489.40000", "2011-12-31": "520.70000", "2010-12-31": "540.30000", "2009-12-31": "539.60000", "2008-12-31": "548.30000", "2007-12-31": "594.20000", "2006-12-31": "632.50000", "2005-12-31": "661.70000"}, "Shares Outstanding": {"2020-12-31": "315.50000", "2019-12-31": "333.50000", "2018-12-31": "353.20000", "2017-12-31": "367.80000", "2016-12-31": "377.30000", "2015-12-31": "406.80000", "2014-12-31": "438.20000", "2013-12-31": "470.30000", "2012-12-31": "493.00000", "2011-12-31": "523.10000", "2010-12-31": "542.50000", "2009-12-31": "540.90000", "2008-12-31": "548.30000", "2007-12-31": "597.50000", "2006-12-31": "637.20000", "2005-12-31": "667.30000"}, "Basic EPS": {"2020-12-31": "17.53000", "2019-12-31": "14.25000", "2018-12-31": "5.78000", "2017-12-31": "9.50000", "2016-12-31": "4.72000", "2015-12-31": "5.12000", "2014-12-31": "6.37000", "2013-12-31": "4.87000", "2012-12-31": "4.71000", "2011-12-31": "1.51000", "2010-12-31": "1.69000", "2009-12-31": "1.58000", "2008-12-31": "-3.06000", "2007-12-31": "7.80000", "2006-12-31": "7.89000", "2005-12-31": "2.67000"}, "EPS - Earnings Per Share": {"2020-12-31": "17.31000", "2019-12-31": "14.03000", "2018-12-31": "5.70000", "2017-12-31": "9.35000", "2016-12-31": "4.67000", "2015-12-31": "5.05000", "2014-12-31": "6.27000", "2013-12-31": "4.81000", "2012-12-31": "4.68000", "2011-12-31": "1.50000", "2010-12-31": "1.68000", "2009-12-31": "1.58000", "2008-12-31": "-3.06000", "2007-12-31": "7.76000", "2006-12-31": "7.84000", "2005-12-31": "2.64000"}}, "income statement, quarterly": {"Revenue": {"2020-12-31": "12018.00000", "2020-09-30": "11500.00000", "2020-06-30": "11197.00000", "2020-03-31": "10076.00000", "2019-12-31": "11472.00000", "2019-09-30": "11069.00000", "2019-06-30": "11144.00000", "2019-03-31": "10990.00000", "2018-12-31": "9481.00000", "2018-09-30": "10465.00000", "2018-06-30": "10099.00000", "2018-03-31": "9770.00000", "2017-12-31": "10062.00000", "2017-09-30": "9888.00000", "2017-06-30": "9813.00000", "2017-03-31": "9644.00000", "2016-12-31": "10143.00000", "2016-09-30": "9221.00000", "2016-06-30": "9164.00000", "2016-03-31": "8871.00000", "2015-12-31": "8691.00000", "2015-09-30": "9028.00000", "2015-06-30": "8982.00000", "2015-03-31": "8952.00000", "2014-12-31": "8759.00000", "2014-09-30": "8936.00000", "2014-06-30": "8860.00000", "2014-03-31": "8684.00000", "2013-12-31": "8792.00000", "2013-09-30": "8465.00000", "2013-06-30": "8787.00000", "2013-03-31": "8463.00000", "2012-12-31": "8547.00000", "2012-09-30": "8128.00000", "2012-06-30": "8278.00000", "2012-03-31": "8362.00000", "2011-12-31": "8236.00000", "2011-09-30": "8242.00000", "2011-06-30": "8081.00000", "2011-03-31": "8095.00000", "2010-12-31": "8087.00000", "2010-09-30": "7908.00000", "2010-06-30": "7656.00000", "2010-03-31": "7749.00000", "2009-12-31": "8058.00000", "2009-09-30": "7582.00000", "2009-06-30": "8490.00000", "2009-03-31": "7883.00000", "2008-12-31": "6569.00000", "2008-09-30": "7320.00000", "2008-06-30": "7418.00000", "2008-03-31": "8087.00000", "2007-12-31": "8991.00000", "2007-09-30": "8992.00000", "2007-06-30": "9455.00000", "2007-03-31": "9331.00000", "2006-12-31": "9102.00000", "2006-09-30": "8738.00000", "2006-06-30": "8875.00000", "2006-03-31": "9081.00000", "2005-12-31": "8945.00000", "2005-09-30": "8942.00000", "2005-06-30": "8791.00000", "2005-03-31": "8705.00000"}, "Cost Of Goods Sold": {"2020-12-31": "6040.00000", "2020-09-30": "6949.00000", "2020-06-30": "5919.00000", "2020-03-31": "5974.00000", "2019-12-31": "6420.00000", "2019-09-30": "6733.00000", "2019-06-30": "7023.00000", "2019-03-31": "6479.00000", "2018-12-31": "6720.00000", "2018-09-30": "6466.00000", "2018-06-30": "6425.00000", "2018-03-31": "5794.00000", "2017-12-31": "5872.00000", "2017-09-30": "6175.00000", "2017-06-30": "6350.00000", "2017-03-31": "6063.00000", "2016-12-31": "5715.00000", "2016-09-30": "6220.00000", "2016-06-30": "6540.00000", "2016-03-31": "6329.00000", "2015-12-31": "5838.00000", "2015-09-30": "5909.00000", "2015-06-30": "6218.00000", "2015-03-31": "5633.00000", "2014-12-31": "5251.00000", "2014-09-30": "5540.00000", "2014-06-30": "5767.00000", "2014-03-31": "5554.00000", "2013-12-31": "5078.00000", "2013-09-30": "5242.00000", "2013-06-30": "5523.00000", "2013-03-31": "5263.00000", "2012-12-31": "5863.00000", "2012-09-30": "4961.00000", "2012-06-30": "5638.00000", "2012-03-31": "5156.00000", "2011-12-31": "5033.00000", "2011-09-30": "5992.00000", "2011-06-30": "7194.00000", "2011-03-31": "5348.00000", "2010-12-31": "5734.00000", "2010-09-30": "5493.00000", "2010-06-30": "5649.00000", "2010-03-31": "5697.00000", "2009-12-31": "5382.00000", "2009-09-30": "5451.00000", "2009-06-30": "5970.00000", "2009-03-31": "5686.00000", "2008-12-31": "5681.00000", "2008-09-30": "6975.00000", "2008-06-30": "5734.00000", "2008-03-31": "5697.00000", "2007-12-31": "5802.00000", "2007-09-30": "5565.00000", "2007-06-30": "5376.00000", "2007-03-31": "5194.00000", "2006-12-31": "5243.00000", "2006-09-30": "5067.00000", "2006-06-30": "5020.00000", "2006-03-31": "4866.00000", "2005-12-31": "5494.00000", "2005-09-30": "9532.00000", "2005-06-30": "5102.00000", "2005-03-31": "5065.00000"}, "Gross Profit": {"2020-12-31": "5978.00000", "2020-09-30": "4551.00000", "2020-06-30": "5278.00000", "2020-03-31": "4102.00000", "2019-12-31": "5052.00000", "2019-09-30": "4336.00000", "2019-06-30": "4121.00000", "2019-03-31": "4511.00000", "2018-12-31": "2761.00000", "2018-09-30": "3999.00000", "2018-06-30": "3674.00000", "2018-03-31": "3976.00000", "2017-12-31": "4190.00000", "2017-09-30": "3713.00000", "2017-06-30": "3463.00000", "2017-03-31": "3581.00000", "2016-12-31": "4428.00000", "2016-09-30": "3001.00000", "2016-06-30": "2624.00000", "2016-03-31": "2542.00000", "2015-12-31": "2853.00000", "2015-09-30": "3119.00000", "2015-06-30": "2764.00000", "2015-03-31": "3319.00000", "2014-12-31": "3508.00000", "2014-09-30": "3396.00000", "2014-06-30": "3093.00000", "2014-03-31": "3130.00000", "2013-12-31": "3714.00000", "2013-09-30": "3223.00000", "2013-06-30": "3264.00000", "2013-03-31": "3200.00000", "2012-12-31": "2684.00000", "2012-09-30": "3167.00000", "2012-06-30": "2640.00000", "2012-03-31": "3206.00000", "2011-12-31": "3203.00000", "2011-09-30": "2250.00000", "2011-06-30": "887.00000", "2011-03-31": "2747.00000", "2010-12-31": "2353.00000", "2010-09-30": "2415.00000", "2010-06-30": "2007.00000", "2010-03-31": "2052.00000", "2009-12-31": "2676.00000", "2009-09-30": "2131.00000", "2009-06-30": "2520.00000", "2009-03-31": "2197.00000", "2008-12-31": "888.00000", "2008-09-30": "345.00000", "2008-06-30": "1684.00000", "2008-03-31": "2390.00000", "2007-12-31": "3189.00000", "2007-09-30": "3427.00000", "2007-06-30": "4079.00000", "2007-03-31": "4137.00000", "2006-12-31": "3859.00000", "2006-09-30": "3671.00000", "2006-06-30": "3855.00000", "2006-03-31": "4215.00000", "2005-12-31": "3451.00000", "2005-09-30": "-590.00000", "2005-06-30": "3689.00000", "2005-03-31": "3640.00000"}, "Research And Development Expenses": {"2020-12-31": "", "2020-09-30": "", "2020-06-30": "", "2020-03-31": "", "2019-12-31": "", "2019-09-30": "", "2019-06-30": "", "2019-03-31": "", "2018-12-31": "", "2018-09-30": "", "2018-06-30": "", "2018-03-31": "", "2017-12-31": "", "2017-09-30": "", "2017-06-30": "", "2017-03-31": "", "2016-12-31": "", "2016-09-30": "", "2016-06-30": "", "2016-03-31": "", "2015-12-31": "", "2015-09-30": "", "2015-06-30": "", "2015-03-31": "", "2014-12-31": "", "2014-09-30": "", "2014-06-30": "", "2014-03-31": "", "2013-12-31": "", "2013-09-30": "", "2013-06-30": "", "2013-03-31": "", "2012-12-31": "", "2012-09-30": "", "2012-06-30": "", "2012-03-31": "", "2011-12-31": "", "2011-09-30": "", "2011-06-30": "", "2011-03-31": "", "2010-12-31": "", "2010-09-30": "", "2010-06-30": "", "2010-03-31": "", "2009-12-31": "", "2009-09-30": "", "2009-06-30": "", "2009-03-31": "", "2008-12-31": "", "2008-09-30": "", "2008-06-30": "", "2008-03-31": "", "2007-12-31": "", "2007-09-30": "", "2007-06-30": "", "2007-03-31": "", "2006-12-31": "", "2006-09-30": "", "2006-06-30": "", "2006-03-31": "", "2005-12-31": "", "2005-09-30": "", "2005-06-30": "", "2005-03-31": ""}, "SG&A Expenses": {"2020-12-31": "1388.00000", "2020-09-30": "1492.00000", "2020-06-30": "1349.00000", "2020-03-31": "1401.00000", "2019-12-31": "1382.00000", "2019-09-30": "1425.00000", "2019-06-30": "1362.00000", "2019-03-31": "1364.00000", "2018-12-31": "1336.00000", "2018-09-30": "1317.00000", "2018-06-30": "1296.00000", "2018-03-31": "1273.00000", "2017-12-31": "1239.00000", "2017-09-30": "1200.00000", "2017-06-30": "1176.00000", "2017-03-31": "1169.00000", "2016-12-31": "1157.00000", "2016-09-30": "1138.00000", "2016-06-30": "1126.00000", "2016-03-31": "1129.00000", "2015-12-31": "1116.00000", "2015-09-30": "1092.00000", "2015-06-30": "1086.00000", "2015-03-31": "1070.00000", "2014-12-31": "1035.00000", "2014-09-30": "1030.00000", "2014-06-30": "1035.00000", "2014-03-31": "1035.00000", "2013-12-31": "1069.00000", "2013-09-30": "1026.00000", "2013-06-30": "961.00000", "2013-03-31": "946.00000", "2012-12-31": "947.00000", "2012-09-30": "1016.00000", "2012-06-30": "942.00000", "2012-03-31": "979.00000", "2011-12-31": "981.00000", "2011-09-30": "1046.00000", "2011-06-30": "960.00000", "2011-03-31": "984.00000", "2010-12-31": "838.00000", "2010-09-30": "1006.00000", "2010-06-30": "949.00000", "2010-03-31": "1014.00000", "2009-12-31": "1105.00000", "2009-09-30": "1023.00000", "2009-06-30": "1229.00000", "2009-03-31": "1397.00000", "2008-12-31": "1665.00000", "2008-09-30": "980.00000", "2008-06-30": "959.00000", "2008-03-31": "1075.00000", "2007-12-31": "1165.00000", "2007-09-30": "1170.00000", "2007-06-30": "1216.00000", "2007-03-31": "1153.00000", "2006-12-31": "1235.00000", "2006-09-30": "1160.00000", "2006-06-30": "1223.00000", "2006-03-31": "1139.00000", "2005-12-31": "1164.00000", "2005-09-30": "1160.00000", "2005-06-30": "1201.00000", "2005-03-31": "1196.00000"}, "Other Operating Income Or Expenses": {"2020-12-31": "-1131.00000", "2020-09-30": "-1309.00000", "2020-06-30": "-2262.00000", "2020-03-31": "-1927.00000", "2019-12-31": "-1210.00000", "2019-09-30": "-1639.00000", "2019-06-30": "-1560.00000", "2019-03-31": "-1395.00000", "2018-12-31": "-2008.00000", "2018-09-30": "-1386.00000", "2018-06-30": "-1351.00000", "2018-03-31": "-1317.00000", "2017-12-31": "-914.00000", "2017-09-30": "-1446.00000", "2017-06-30": "-1312.00000", "2017-03-31": "-1307.00000", "2016-12-31": "-1896.00000", "2016-09-30": "-1021.00000", "2016-06-30": "-1040.00000", "2016-03-31": "-982.00000", "2015-12-31": "-938.00000", "2015-09-30": "-992.00000", "2015-06-30": "-1061.00000", "2015-03-31": "-1090.00000", "2014-12-31": "-1156.00000", "2014-09-30": "-1068.00000", "2014-06-30": "-1023.00000", "2014-03-31": "-1094.00000", "2013-12-31": "-1258.00000", "2013-09-30": "-937.00000", "2013-06-30": "-1090.00000", "2013-03-31": "-1102.00000", "2012-12-31": "-1095.00000", "2012-09-30": "-1010.00000", "2012-06-30": "-996.00000", "2012-03-31": "-1017.00000", "2011-12-31": "-1083.00000", "2011-09-30": "-888.00000", "2011-06-30": "-868.00000", "2011-03-31": "-900.00000", "2010-12-31": "-1096.00000", "2010-09-30": "-828.00000", "2010-06-30": "-789.00000", "2010-03-31": "-829.00000", "2009-12-31": "-760.00000", "2009-09-30": "-744.00000", "2009-06-30": "-702.00000", "2009-03-31": "-801.00000", "2008-12-31": "-939.00000", "2008-09-30": "-814.00000", "2008-06-30": "-728.00000", "2008-03-31": "-792.00000", "2007-12-31": "-857.00000", "2007-09-30": "-785.00000", "2007-06-30": "-734.00000", "2007-03-31": "-727.00000", "2006-12-31": "-781.00000", "2006-09-30": "-726.00000", "2006-06-30": "-747.00000", "2006-03-31": "-779.00000", "2005-12-31": "-731.00000", "2005-09-30": "-713.00000", "2005-06-30": "-753.00000", "2005-03-31": "-800.00000"}, "Operating Expenses": {"2020-12-31": "8589.00000", "2020-09-30": "9781.00000", "2020-06-30": "9559.00000", "2020-03-31": "9330.00000", "2019-12-31": "9148.00000", "2019-09-30": "9829.00000", "2019-06-30": "9977.00000", "2019-03-31": "9270.00000", "2018-12-31": "10100.00000", "2018-09-30": "9193.00000", "2018-06-30": "9095.00000", "2018-03-31": "8406.00000", "2017-12-31": "8249.00000", "2017-09-30": "8821.00000", "2017-06-30": "8838.00000", "2017-03-31": "8539.00000", "2016-12-31": "8800.00000", "2016-09-30": "8379.00000", "2016-06-30": "8706.00000", "2016-03-31": "8440.00000", "2015-12-31": "7892.00000", "2015-09-30": "7993.00000", "2015-06-30": "8365.00000", "2015-03-31": "7793.00000", "2014-12-31": "7442.00000", "2014-09-30": "7638.00000", "2014-06-30": "7825.00000", "2014-03-31": "7683.00000", "2013-12-31": "7405.00000", "2013-09-30": "7205.00000", "2013-06-30": "7574.00000", "2013-03-31": "7311.00000", "2012-12-31": "7905.00000", "2012-09-30": "6987.00000", "2012-06-30": "7576.00000", "2012-03-31": "7152.00000", "2011-12-31": "7097.00000", "2011-09-30": "7926.00000", "2011-06-30": "9022.00000", "2011-03-31": "7232.00000", "2010-12-31": "7668.00000", "2010-09-30": "7327.00000", "2010-06-30": "7387.00000", "2010-03-31": "7540.00000", "2009-12-31": "7247.00000", "2009-09-30": "7218.00000", "2009-06-30": "7901.00000", "2009-03-31": "7884.00000", "2008-12-31": "8285.00000", "2008-09-30": "8769.00000", "2008-06-30": "7421.00000", "2008-03-31": "7564.00000", "2007-12-31": "7824.00000", "2007-09-30": "7520.00000", "2007-06-30": "7326.00000", "2007-03-31": "7074.00000", "2006-12-31": "7259.00000", "2006-09-30": "6953.00000", "2006-06-30": "6990.00000", "2006-03-31": "6784.00000", "2005-12-31": "7389.00000", "2005-09-30": "11405.00000", "2005-06-30": "7056.00000", "2005-03-31": "7061.00000"}, "Operating Income": {"2020-12-31": "3429.00000", "2020-09-30": "1719.00000", "2020-06-30": "1638.00000", "2020-03-31": "746.00000", "2019-12-31": "2324.00000", "2019-09-30": "1240.00000", "2019-06-30": "1167.00000", "2019-03-31": "1720.00000", "2018-12-31": "-619.00000", "2018-09-30": "1272.00000", "2018-06-30": "1004.00000", "2018-03-31": "1364.00000", "2017-12-31": "1813.00000", "2017-09-30": "1067.00000", "2017-06-30": "975.00000", "2017-03-31": "1105.00000", "2016-12-31": "1343.00000", "2016-09-30": "842.00000", "2016-06-30": "458.00000", "2016-03-31": "431.00000", "2015-12-31": "799.00000", "2015-09-30": "1035.00000", "2015-06-30": "617.00000", "2015-03-31": "1159.00000", "2014-12-31": "1317.00000", "2014-09-30": "1298.00000", "2014-06-30": "1035.00000", "2014-03-31": "1001.00000", "2013-12-31": "1387.00000", "2013-09-30": "1260.00000", "2013-06-30": "1213.00000", "2013-03-31": "1152.00000", "2012-12-31": "642.00000", "2012-09-30": "1141.00000", "2012-06-30": "702.00000", "2012-03-31": "1210.00000", "2011-12-31": "1139.00000", "2011-09-30": "316.00000", "2011-06-30": "-941.00000", "2011-03-31": "863.00000", "2010-12-31": "419.00000", "2010-09-30": "581.00000", "2010-06-30": "269.00000", "2010-03-31": "209.00000", "2009-12-31": "811.00000", "2009-09-30": "364.00000", "2009-06-30": "589.00000", "2009-03-31": "-1.00000", "2008-12-31": "-1716.00000", "2008-09-30": "-1449.00000", "2008-06-30": "-3.00000", "2008-03-31": "523.00000", "2007-12-31": "1167.00000", "2007-09-30": "1472.00000", "2007-06-30": "2129.00000", "2007-03-31": "2257.00000", "2006-12-31": "1843.00000", "2006-09-30": "1785.00000", "2006-06-30": "1885.00000", "2006-03-31": "2297.00000", "2005-12-31": "1556.00000", "2005-09-30": "-2463.00000", "2005-06-30": "1735.00000", "2005-03-31": "1644.00000"}, "Total Non-Operating Income/Expense": {"2020-12-31": "-119.00000", "2020-09-30": "-277.00000", "2020-06-30": "-92.00000", "2020-03-31": "-85.00000", "2019-12-31": "-93.00000", "2019-09-30": "-80.00000", "2019-06-30": "-89.00000", "2019-03-31": "-100.00000", "2018-12-31": "-91.00000", "2018-09-30": "-94.00000", "2018-06-30": "-107.00000", "2018-03-31": "-101.00000", "2017-12-31": "-98.00000", "2017-09-30": "-96.00000", "2017-06-30": "-124.00000", "2017-03-31": "-93.00000", "2016-12-31": "-85.00000", "2016-09-30": "-77.00000", "2016-06-30": "-82.00000", "2016-03-31": "-76.00000", "2015-12-31": "-79.00000", "2015-09-30": "-80.00000", "2015-06-30": "-91.00000", "2015-03-31": "-78.00000", "2014-12-31": "-75.00000", "2014-09-30": "-108.00000", "2014-06-30": "-80.00000", "2014-03-31": "-152.00000", "2013-12-31": "-144.00000", "2013-09-30": "-751.00000", "2013-06-30": "-599.00000", "2013-03-31": "-122.00000", "2012-12-31": "-98.00000", "2012-09-30": "-93.00000", "2012-06-30": "-100.00000", "2012-03-31": "-98.00000", "2011-12-31": "-105.00000", "2011-09-30": "-97.00000", "2011-06-30": "-95.00000", "2011-03-31": "-121.00000", "2010-12-31": "-82.00000", "2010-09-30": "-91.00000", "2010-06-30": "-103.00000", "2010-03-31": "-102.00000", "2009-12-31": "-118.00000", "2009-09-30": "-139.00000", "2009-06-30": "-128.00000", "2009-03-31": "-130.00000", "2008-12-31": "-106.00000", "2008-09-30": "-95.00000", "2008-06-30": "-83.00000", "2008-03-31": "-96.00000", "2007-12-31": "-130.00000", "2007-09-30": "-86.00000", "2007-06-30": "-85.00000", "2007-03-31": "-71.00000", "2006-12-31": "-111.00000", "2006-09-30": "-143.00000", "2006-06-30": "-137.00000", "2006-03-31": "-241.00000", "2005-12-31": "-85.00000", "2005-09-30": "-99.00000", "2005-06-30": "-94.00000", "2005-03-31": "-106.00000"}, "Pre-Tax Income": {"2020-12-31": "3310.00000", "2020-09-30": "1442.00000", "2020-06-30": "1546.00000", "2020-03-31": "661.00000", "2019-12-31": "2231.00000", "2019-09-30": "1160.00000", "2019-06-30": "1078.00000", "2019-03-31": "1620.00000", "2018-12-31": "-710.00000", "2018-09-30": "1178.00000", "2018-06-30": "897.00000", "2018-03-31": "1263.00000", "2017-12-31": "1715.00000", "2017-09-30": "971.00000", "2017-06-30": "851.00000", "2017-03-31": "1012.00000", "2016-12-31": "1258.00000", "2016-09-30": "765.00000", "2016-06-30": "376.00000", "2016-03-31": "355.00000", "2015-12-31": "720.00000", "2015-09-30": "955.00000", "2015-06-30": "526.00000", "2015-03-31": "1081.00000", "2014-12-31": "1242.00000", "2014-09-30": "1190.00000", "2014-06-30": "955.00000", "2014-03-31": "849.00000", "2013-12-31": "1243.00000", "2013-09-30": "509.00000", "2013-06-30": "614.00000", "2013-03-31": "1030.00000", "2012-12-31": "544.00000", "2012-09-30": "1048.00000", "2012-06-30": "602.00000", "2012-03-31": "1112.00000", "2011-12-31": "1034.00000", "2011-09-30": "219.00000", "2011-06-30": "-1036.00000", "2011-03-31": "742.00000", "2010-12-31": "337.00000", "2010-09-30": "490.00000", "2010-06-30": "166.00000", "2010-03-31": "107.00000", "2009-12-31": "693.00000", "2009-09-30": "225.00000", "2009-06-30": "461.00000", "2009-03-31": "-131.00000", "2008-12-31": "-1822.00000", "2008-09-30": "-1544.00000", "2008-06-30": "-86.00000", "2008-03-31": "427.00000", "2007-12-31": "1037.00000", "2007-09-30": "1386.00000", "2007-06-30": "2044.00000", "2007-03-31": "2186.00000", "2006-12-31": "1732.00000", "2006-09-30": "1642.00000", "2006-06-30": "1748.00000", "2006-03-31": "2056.00000", "2005-12-31": "1471.00000", "2005-09-30": "-2562.00000", "2005-06-30": "1641.00000", "2005-03-31": "1538.00000"}, "Income Taxes": {"2020-12-31": "686.00000", "2020-09-30": "289.00000", "2020-06-30": "296.00000", "2020-03-31": "112.00000", "2019-12-31": "458.00000", "2019-09-30": "229.00000", "2019-06-30": "227.00000", "2019-03-31": "328.00000", "2018-12-31": "-168.00000", "2018-09-30": "199.00000", "2018-06-30": "180.00000", "2018-03-31": "257.00000", "2017-12-31": "101.00000", "2017-09-30": "305.00000", "2017-06-30": "272.00000", "2017-03-31": "317.00000", "2016-12-31": "418.00000", "2016-09-30": "245.00000", "2016-06-30": "105.00000", "2016-03-31": "109.00000", "2015-12-31": "231.00000", "2015-09-30": "305.00000", "2015-06-30": "171.00000", "2015-03-31": "404.00000", "2014-12-31": "418.00000", "2014-09-30": "409.00000", "2014-06-30": "310.00000", "2014-03-31": "249.00000", "2013-12-31": "422.00000", "2013-09-30": "193.00000", "2013-06-30": "180.00000", "2013-03-31": "321.00000", "2012-12-31": "150.00000", "2012-09-30": "325.00000", "2012-06-30": "179.00000", "2012-03-31": "346.00000", "2011-12-31": "322.00000", "2011-09-30": "44.00000", "2011-06-30": "-412.00000", "2011-03-31": "218.00000", "2010-12-31": "58.00000", "2010-09-30": "123.00000", "2010-06-30": "21.00000", "2010-03-31": "-13.00000", "2009-12-31": "175.00000", "2009-09-30": "4.00000", "2009-06-30": "72.00000", "2009-03-31": "143.00000", "2008-12-31": "-693.00000", "2008-09-30": "-621.00000", "2008-06-30": "-111.00000", "2008-03-31": "79.00000", "2007-12-31": "277.00000", "2007-09-30": "408.00000", "2007-06-30": "641.00000", "2007-03-31": "691.00000", "2006-12-31": "519.00000", "2006-09-30": "484.00000", "2006-06-30": "541.00000", "2006-03-31": "641.00000", "2005-12-31": "430.00000", "2005-09-30": "-1014.00000", "2005-06-30": "492.00000", "2005-03-31": "415.00000"}, "Income After Taxes": {"2020-12-31": "2624.00000", "2020-09-30": "1153.00000", "2020-06-30": "1250.00000", "2020-03-31": "549.00000", "2019-12-31": "1773.00000", "2019-09-30": "931.00000", "2019-06-30": "851.00000", "2019-03-31": "1292.00000", "2018-12-31": "-542.00000", "2018-09-30": "979.00000", "2018-06-30": "717.00000", "2018-03-31": "1006.00000", "2017-12-31": "1614.00000", "2017-09-30": "666.00000", "2017-06-30": "579.00000", "2017-03-31": "695.00000", "2016-12-31": "840.00000", "2016-09-30": "520.00000", "2016-06-30": "271.00000", "2016-03-31": "246.00000", "2015-12-31": "489.00000", "2015-09-30": "650.00000", "2015-06-30": "355.00000", "2015-03-31": "677.00000", "2014-12-31": "824.00000", "2014-09-30": "781.00000", "2014-06-30": "645.00000", "2014-03-31": "600.00000", "2013-12-31": "821.00000", "2013-09-30": "316.00000", "2013-06-30": "434.00000", "2013-03-31": "709.00000", "2012-12-31": "394.00000", "2012-09-30": "723.00000", "2012-06-30": "423.00000", "2012-03-31": "766.00000", "2011-12-31": "712.00000", "2011-09-30": "175.00000", "2011-06-30": "-624.00000", "2011-03-31": "524.00000", "2010-12-31": "279.00000", "2010-09-30": "367.00000", "2010-06-30": "145.00000", "2010-03-31": "120.00000", "2009-12-31": "518.00000", "2009-09-30": "221.00000", "2009-06-30": "389.00000", "2009-03-31": "-274.00000", "2008-12-31": "-1129.00000", "2008-09-30": "-923.00000", "2008-06-30": "25.00000", "2008-03-31": "348.00000", "2007-12-31": "760.00000", "2007-09-30": "978.00000", "2007-06-30": "1403.00000", "2007-03-31": "1495.00000", "2006-12-31": "1213.00000", "2006-09-30": "1158.00000", "2006-06-30": "1207.00000", "2006-03-31": "1415.00000", "2005-12-31": "1041.00000", "2005-09-30": "-1548.00000", "2005-06-30": "1149.00000", "2005-03-31": "1123.00000"}, "Other Income": {"2020-12-31": "", "2020-09-30": "", "2020-06-30": "", "2020-03-31": "", "2019-12-31": "", "2019-09-30": "", "2019-06-30": "", "2019-03-31": "", "2018-12-31": "", "2018-09-30": "", "2018-06-30": "", "2018-03-31": "", "2017-12-31": "", "2017-09-30": "", "2017-06-30": "", "2017-03-31": "", "2016-12-31": "", "2016-09-30": "", "2016-06-30": "", "2016-03-31": "", "2015-12-31": "", "2015-09-30": "", "2015-06-30": "", "2015-03-31": "", "2014-12-31": "", "2014-09-30": "", "2014-06-30": "", "2014-03-31": "", "2013-12-31": "", "2013-09-30": "", "2013-06-30": "", "2013-03-31": "", "2012-12-31": "", "2012-09-30": "", "2012-06-30": "", "2012-03-31": "", "2011-12-31": "", "2011-09-30": "", "2011-06-30": "", "2011-03-31": "", "2010-12-31": "", "2010-09-30": "", "2010-06-30": "", "2010-03-31": "", "2009-12-31": "", "2009-09-30": "", "2009-06-30": "", "2009-03-31": "", "2008-12-31": "", "2008-09-30": "", "2008-06-30": "", "2008-03-31": "", "2007-12-31": "", "2007-09-30": "", "2007-06-30": "", "2007-03-31": "", "2006-12-31": "", "2006-09-30": "", "2006-06-30": "", "2006-03-31": "", "2005-12-31": "", "2005-09-30": "", "2005-06-30": "", "2005-03-31": ""}, "Income From Continuous Operations": {"2020-12-31": "2624.00000", "2020-09-30": "1153.00000", "2020-06-30": "1250.00000", "2020-03-31": "549.00000", "2019-12-31": "1773.00000", "2019-09-30": "931.00000", "2019-06-30": "851.00000", "2019-03-31": "1292.00000", "2018-12-31": "-542.00000", "2018-09-30": "979.00000", "2018-06-30": "717.00000", "2018-03-31": "1006.00000", "2017-12-31": "1614.00000", "2017-09-30": "666.00000", "2017-06-30": "579.00000", "2017-03-31": "695.00000", "2016-12-31": "840.00000", "2016-09-30": "520.00000", "2016-06-30": "271.00000", "2016-03-31": "246.00000", "2015-12-31": "489.00000", "2015-09-30": "650.00000", "2015-06-30": "355.00000", "2015-03-31": "677.00000", "2014-12-31": "824.00000", "2014-09-30": "781.00000", "2014-06-30": "645.00000", "2014-03-31": "600.00000", "2013-12-31": "821.00000", "2013-09-30": "316.00000", "2013-06-30": "434.00000", "2013-03-31": "709.00000", "2012-12-31": "394.00000", "2012-09-30": "723.00000", "2012-06-30": "423.00000", "2012-03-31": "766.00000", "2011-12-31": "712.00000", "2011-09-30": "175.00000", "2011-06-30": "-624.00000", "2011-03-31": "524.00000", "2010-12-31": "279.00000", "2010-09-30": "367.00000", "2010-06-30": "145.00000", "2010-03-31": "120.00000", "2009-12-31": "518.00000", "2009-09-30": "221.00000", "2009-06-30": "389.00000", "2009-03-31": "-274.00000", "2008-12-31": "-1129.00000", "2008-09-30": "-923.00000", "2008-06-30": "25.00000", "2008-03-31": "348.00000", "2007-12-31": "760.00000", "2007-09-30": "978.00000", "2007-06-30": "1403.00000", "2007-03-31": "1495.00000", "2006-12-31": "1213.00000", "2006-09-30": "1158.00000", "2006-06-30": "1207.00000", "2006-03-31": "1415.00000", "2005-12-31": "1041.00000", "2005-09-30": "-1548.00000", "2005-06-30": "1149.00000", "2005-03-31": "1123.00000"}, "Income From Discontinued Operations": {"2020-12-31": "", "2020-09-30": "", "2020-06-30": "", "2020-03-31": "", "2019-12-31": "", "2019-09-30": "", "2019-06-30": "", "2019-03-31": "", "2018-12-31": "", "2018-09-30": "", "2018-06-30": "", "2018-03-31": "", "2017-12-31": "", "2017-09-30": "", "2017-06-30": "", "2017-03-31": "", "2016-12-31": "", "2016-09-30": "", "2016-06-30": "", "2016-03-31": "", "2015-12-31": "", "2015-09-30": "", "2015-06-30": "", "2015-03-31": "", "2014-12-31": "", "2014-09-30": "", "2014-06-30": "", "2014-03-31": "", "2013-12-31": "", "2013-09-30": "", "2013-06-30": "", "2013-03-31": "", "2012-12-31": "", "2012-09-30": "", "2012-06-30": "", "2012-03-31": "", "2011-12-31": "", "2011-09-30": "", "2011-06-30": "", "2011-03-31": "", "2010-12-31": "", "2010-09-30": "", "2010-06-30": "", "2010-03-31": "", "2009-12-31": "", "2009-09-30": "", "2009-06-30": "", "2009-03-31": "", "2008-12-31": "", "2008-09-30": "", "2008-06-30": "", "2008-03-31": "", "2007-12-31": "", "2007-09-30": "", "2007-06-30": "", "2007-03-31": "", "2006-12-31": "", "2006-09-30": "", "2006-06-30": "", "2006-03-31": "", "2005-12-31": "", "2005-09-30": "", "2005-06-30": "", "2005-03-31": ""}, "Net Income": {"2020-12-31": "2598.00000", "2020-09-30": "1126.00000", "2020-06-30": "1224.00000", "2020-03-31": "513.00000", "2019-12-31": "1707.00000", "2019-09-30": "889.00000", "2019-06-30": "821.00000", "2019-03-31": "1261.00000", "2018-12-31": "-585.00000", "2018-09-30": "942.00000", "2018-06-30": "678.00000", "2018-03-31": "977.00000", "2017-12-31": "1585.00000", "2017-09-30": "637.00000", "2017-06-30": "550.00000", "2017-03-31": "666.00000", "2016-12-31": "811.00000", "2016-09-30": "491.00000", "2016-06-30": "242.00000", "2016-03-31": "217.00000", "2015-12-31": "460.00000", "2015-09-30": "621.00000", "2015-06-30": "326.00000", "2015-03-31": "648.00000", "2014-12-31": "795.00000", "2014-09-30": "750.00000", "2014-06-30": "614.00000", "2014-03-31": "587.00000", "2013-12-31": "810.00000", "2013-09-30": "310.00000", "2013-06-30": "434.00000", "2013-03-31": "709.00000", "2012-12-31": "394.00000", "2012-09-30": "723.00000", "2012-06-30": "423.00000", "2012-03-31": "766.00000", "2011-12-31": "712.00000", "2011-09-30": "175.00000", "2011-06-30": "-624.00000", "2011-03-31": "524.00000", "2010-12-31": "279.00000", "2010-09-30": "367.00000", "2010-06-30": "145.00000", "2010-03-31": "120.00000", "2009-12-31": "518.00000", "2009-09-30": "221.00000", "2009-06-30": "389.00000", "2009-03-31": "-274.00000", "2008-12-31": "-1129.00000", "2008-09-30": "-923.00000", "2008-06-30": "25.00000", "2008-03-31": "348.00000", "2007-12-31": "760.00000", "2007-09-30": "978.00000", "2007-06-30": "1403.00000", "2007-03-31": "1495.00000", "2006-12-31": "1213.00000", "2006-09-30": "1158.00000", "2006-06-30": "1207.00000", "2006-03-31": "1415.00000", "2005-12-31": "1041.00000", "2005-09-30": "-1548.00000", "2005-06-30": "1149.00000", "2005-03-31": "1123.00000"}, "EBITDA": {"2020-12-31": "", "2020-09-30": "1901.00000", "2020-06-30": "1801.00000", "2020-03-31": "901.00000", "2019-12-31": "2601.00000", "2019-09-30": "1399.00000", "2019-06-30": "1327.00000", "2019-03-31": "1877.00000", "2018-12-31": "-484.00000", "2018-09-30": "1400.00000", "2018-06-30": "1130.00000", "2018-03-31": "1486.00000", "2017-12-31": "2063.00000", "2017-09-30": "1187.00000", "2017-06-30": "1094.00000", "2017-03-31": "1224.00000", "2016-12-31": "1440.00000", "2016-09-30": "939.00000", "2016-06-30": "555.00000", "2016-03-31": "522.00000", "2015-12-31": "895.00000", "2015-09-30": "1131.00000", "2015-06-30": "709.00000", "2015-03-31": "1246.00000", "2014-12-31": "1406.00000", "2014-09-30": "1386.00000", "2014-06-30": "1126.00000", "2014-03-31": "1099.00000", "2013-12-31": "1509.00000", "2013-09-30": "1326.00000", "2013-06-30": "1306.00000", "2013-03-31": "1239.00000", "2012-12-31": "737.00000", "2012-09-30": "1233.00000", "2012-06-30": "807.00000", "2012-03-31": "1306.00000", "2011-12-31": "1242.00000", "2011-09-30": "376.00000", "2011-06-30": "-883.00000", "2011-03-31": "894.00000", "2010-12-31": "458.00000", "2010-09-30": "610.00000", "2010-06-30": "279.00000", "2010-03-31": "225.00000", "2009-12-31": "807.00000", "2009-09-30": "363.00000", "2009-06-30": "577.00000", "2009-03-31": "-75.00000", "2008-12-31": "-1825.00000", "2008-09-30": "-1575.00000", "2008-06-30": "-85.00000", "2008-03-31": "464.00000", "2007-12-31": "1099.00000", "2007-09-30": "1397.00000", "2007-06-30": "2063.00000", "2007-03-31": "2209.00000", "2006-12-31": "1811.00000", "2006-09-30": "1723.00000", "2006-06-30": "1827.00000", "2006-03-31": "2261.00000", "2005-12-31": "1526.00000", "2005-09-30": "-2471.00000", "2005-06-30": "1725.00000", "2005-03-31": "1625.00000"}, "EBIT": {"2020-12-31": "3429.00000", "2020-09-30": "1719.00000", "2020-06-30": "1638.00000", "2020-03-31": "746.00000", "2019-12-31": "2324.00000", "2019-09-30": "1240.00000", "2019-06-30": "1167.00000", "2019-03-31": "1720.00000", "2018-12-31": "-619.00000", "2018-09-30": "1272.00000", "2018-06-30": "1004.00000", "2018-03-31": "1364.00000", "2017-12-31": "1813.00000", "2017-09-30": "1067.00000", "2017-06-30": "975.00000", "2017-03-31": "1105.00000", "2016-12-31": "1343.00000", "2016-09-30": "842.00000", "2016-06-30": "458.00000", "2016-03-31": "431.00000", "2015-12-31": "799.00000", "2015-09-30": "1035.00000", "2015-06-30": "617.00000", "2015-03-31": "1159.00000", "2014-12-31": "1317.00000", "2014-09-30": "1298.00000", "2014-06-30": "1035.00000", "2014-03-31": "1001.00000", "2013-12-31": "1387.00000", "2013-09-30": "1260.00000", "2013-06-30": "1213.00000", "2013-03-31": "1152.00000", "2012-12-31": "642.00000", "2012-09-30": "1141.00000", "2012-06-30": "702.00000", "2012-03-31": "1210.00000", "2011-12-31": "1139.00000", "2011-09-30": "316.00000", "2011-06-30": "-941.00000", "2011-03-31": "863.00000", "2010-12-31": "419.00000", "2010-09-30": "581.00000", "2010-06-30": "269.00000", "2010-03-31": "209.00000", "2009-12-31": "811.00000", "2009-09-30": "364.00000", "2009-06-30": "589.00000", "2009-03-31": "-1.00000", "2008-12-31": "-1716.00000", "2008-09-30": "-1449.00000", "2008-06-30": "-3.00000", "2008-03-31": "523.00000", "2007-12-31": "1167.00000", "2007-09-30": "1472.00000", "2007-06-30": "2129.00000", "2007-03-31": "2257.00000", "2006-12-31": "1843.00000", "2006-09-30": "1785.00000", "2006-06-30": "1885.00000", "2006-03-31": "2297.00000", "2005-12-31": "1556.00000", "2005-09-30": "-2463.00000", "2005-06-30": "1735.00000", "2005-03-31": "1644.00000"}, "Basic Shares Outstanding": {"2020-12-31": "304.30000", "2020-09-30": "311.20000", "2020-06-30": "313.70000", "2020-03-31": "317.40000", "2019-12-31": "328.20000", "2019-09-30": "327.70000", "2019-06-30": "332.00000", "2019-03-31": "332.60000", "2018-12-31": "347.80000", "2018-09-30": "346.00000", "2018-06-30": "349.20000", "2018-03-31": "354.10000", "2017-12-31": "362.00000", "2017-09-30": "361.30000", "2017-06-30": "363.60000", "2017-03-31": "365.70000", "2016-12-31": "372.80000", "2016-09-30": "371.50000", "2016-06-30": "373.60000", "2016-03-31": "378.10000", "2015-12-31": "401.10000", "2015-09-30": "397.00000", "2015-06-30": "407.00000", "2015-03-31": "415.80000", "2014-12-31": "431.40000", "2014-09-30": "424.50000", "2014-06-30": "434.30000", "2014-03-31": "446.40000", "2013-12-31": "464.40000", "2013-09-30": "461.10000", "2013-06-30": "468.30000", "2013-03-31": "475.40000", "2012-12-31": "489.40000", "2012-09-30": "485.90000", "2012-06-30": "490.60000", "2012-03-31": "498.70000", "2011-12-31": "520.70000", "2011-09-30": "512.00000", "2011-06-30": "523.10000", "2011-03-31": "531.00000", "2010-12-31": "540.30000", "2010-09-30": "540.90000", "2010-06-30": "540.70000", "2010-03-31": "540.50000", "2009-12-31": "539.60000", "2009-09-30": "539.90000", "2009-06-30": "539.80000", "2009-03-31": "538.90000", "2008-12-31": "548.30000", "2008-09-30": "542.40000", "2008-06-30": "551.80000", "2008-03-31": "560.80000", "2007-12-31": "594.20000", "2007-09-30": "581.10000", "2007-06-30": "604.10000", "2007-03-31": "616.80000", "2006-12-31": "632.50000", "2006-09-30": "629.00000", "2006-06-30": "634.10000", "2006-03-31": "643.20000", "2005-12-31": "661.70000", "2005-09-30": "654.80000", "2005-06-30": "666.50000", "2005-03-31": "677.70000"}, "Shares Outstanding": {"2020-12-31": "307.60000", "2020-09-30": "314.10000", "2020-06-30": "317.00000", "2020-03-31": "322.40000", "2019-12-31": "333.50000", "2019-09-30": "333.00000", "2019-06-30": "336.90000", "2019-03-31": "337.50000", "2018-12-31": "353.20000", "2018-09-30": "351.70000", "2018-06-30": "354.60000", "2018-03-31": "359.90000", "2017-12-31": "367.80000", "2017-09-30": "367.10000", "2017-06-30": "369.00000", "2017-03-31": "371.30000", "2016-12-31": "377.30000", "2016-09-30": "375.90000", "2016-06-30": "378.10000", "2016-03-31": "382.90000", "2015-12-31": "406.80000", "2015-09-30": "402.10000", "2015-06-30": "412.60000", "2015-03-31": "422.60000", "2014-12-31": "438.20000", "2014-09-30": "431.20000", "2014-06-30": "440.70000", "2014-03-31": "452.80000", "2013-12-31": "470.30000", "2013-09-30": "467.10000", "2013-06-30": "473.80000", "2013-03-31": "480.80000", "2012-12-31": "493.00000", "2012-09-30": "489.90000", "2012-06-30": "493.80000", "2012-03-31": "501.50000", "2011-12-31": "523.10000", "2011-09-30": "514.20000", "2011-06-30": "523.10000", "2011-03-31": "533.60000", "2010-12-31": "542.50000", "2010-09-30": "543.00000", "2010-06-30": "543.00000", "2010-03-31": "541.80000", "2009-12-31": "540.90000", "2009-09-30": "541.50000", "2009-06-30": "540.60000", "2009-03-31": "538.90000", "2008-12-31": "548.30000", "2008-09-30": "542.40000", "2008-06-30": "553.80000", "2008-03-31": "562.80000", "2007-12-31": "597.50000", "2007-09-30": "585.10000", "2007-06-30": "608.80000", "2007-03-31": "621.60000", "2006-12-31": "637.20000", "2006-09-30": "633.90000", "2006-06-30": "638.50000", "2006-03-31": "647.40000", "2005-12-31": "667.30000", "2005-09-30": "654.80000", "2005-06-30": "672.60000", "2005-03-31": "683.10000"}, "Basic EPS": {"2020-12-31": "8.54000", "2020-09-30": "3.62000", "2020-06-30": "3.90000", "2020-03-31": "1.62000", "2019-12-31": "5.28000", "2019-09-30": "2.71000", "2019-06-30": "2.47000", "2019-03-31": "3.79000", "2018-12-31": "-1.64000", "2018-09-30": "2.72000", "2018-06-30": "1.94000", "2018-03-31": "2.76000", "2017-12-31": "4.41000", "2017-09-30": "1.76000", "2017-06-30": "1.51000", "2017-03-31": "1.82000", "2016-12-31": "2.18000", "2016-09-30": "1.32000", "2016-06-30": "0.65000", "2016-03-31": "0.57000", "2015-12-31": "1.20000", "2015-09-30": "1.56000", "2015-06-30": "0.80000", "2015-03-31": "1.56000", "2014-12-31": "1.88000", "2014-09-30": "1.77000", "2014-06-30": "1.41000", "2014-03-31": "1.31000", "2013-12-31": "1.78000", "2013-09-30": "0.67000", "2013-06-30": "0.93000", "2013-03-31": "1.49000", "2012-12-31": "0.82000", "2012-09-30": "1.49000", "2012-06-30": "0.86000", "2012-03-31": "1.54000", "2011-12-31": "1.37000", "2011-09-30": "0.34000", "2011-06-30": "-1.19000", "2011-03-31": "0.99000", "2010-12-31": "0.52000", "2010-09-30": "0.68000", "2010-06-30": "0.27000", "2010-03-31": "0.22000", "2009-12-31": "0.96000", "2009-09-30": "0.41000", "2009-06-30": "0.72000", "2009-03-31": "-0.51000", "2008-12-31": "-2.03000", "2008-09-30": "-1.70000", "2008-06-30": "0.05000", "2008-03-31": "0.62000", "2007-12-31": "1.35000", "2007-09-30": "1.70000", "2007-06-30": "2.33000", "2007-03-31": "2.42000", "2006-12-31": "1.94000", "2006-09-30": "1.84000", "2006-06-30": "1.91000", "2006-03-31": "2.20000", "2005-12-31": "1.65000", "2005-09-30": "-2.36000", "2005-06-30": "1.72000", "2005-03-31": "1.66000"}, "EPS - Earnings Per Share": {"2020-12-31": "8.45000", "2020-09-30": "3.58000", "2020-06-30": "3.86000", "2020-03-31": "1.59000", "2019-12-31": "5.18000", "2019-09-30": "2.67000", "2019-06-30": "2.44000", "2019-03-31": "3.74000", "2018-12-31": "-1.60000", "2018-09-30": "2.68000", "2018-06-30": "1.91000", "2018-03-31": "2.71000", "2017-12-31": "4.33000", "2017-09-30": "1.74000", "2017-06-30": "1.49000", "2017-03-31": "1.79000", "2016-12-31": "2.15000", "2016-09-30": "1.31000", "2016-06-30": "0.64000", "2016-03-31": "0.57000", "2015-12-31": "1.19000", "2015-09-30": "1.54000", "2015-06-30": "0.79000", "2015-03-31": "1.53000", "2014-12-31": "1.84000", "2014-09-30": "1.74000", "2014-06-30": "1.39000", "2014-03-31": "1.30000", "2013-12-31": "1.76000", "2013-09-30": "0.66000", "2013-06-30": "0.92000", "2013-03-31": "1.47000", "2012-12-31": "0.81000", "2012-09-30": "1.48000", "2012-06-30": "0.86000", "2012-03-31": "1.53000", "2011-12-31": "1.37000", "2011-09-30": "0.34000", "2011-06-30": "-1.19000", "2011-03-31": "0.98000", "2010-12-31": "0.51000", "2010-09-30": "0.68000", "2010-06-30": "0.27000", "2010-03-31": "0.22000", "2009-12-31": "0.96000", "2009-09-30": "0.41000", "2009-06-30": "0.72000", "2009-03-31": "-0.51000", "2008-12-31": "-2.03000", "2008-09-30": "-1.70000", "2008-06-30": "0.05000", "2008-03-31": "0.62000", "2007-12-31": "1.35000", "2007-09-30": "1.70000", "2007-06-30": "2.30000", "2007-03-31": "2.41000", "2006-12-31": "1.93000", "2006-09-30": "1.83000", "2006-06-30": "1.89000", "2006-03-31": "2.19000", "2005-12-31": "1.65000", "2005-09-30": "-2.36000", "2005-06-30": "1.71000", "2005-03-31": "1.64000"}}, "balance sheet": {"Cash On Hand": {"2020-12-31": "377.00000", "2019-12-31": "338.00000", "2018-12-31": "499.00000", "2017-12-31": "617.00000", "2016-12-31": "436.00000", "2015-12-31": "495.00000", "2014-12-31": "657.00000", "2013-12-31": "675.00000", "2012-12-31": "806.00000", "2011-12-31": "776.00000", "2010-12-31": "562.00000", "2009-12-31": "612.00000", "2008-12-31": "415.00000", "2007-12-31": "422.00000", "2006-12-31": "443.00000", "2005-12-31": "313.00000"}, "Receivables": {"2020-12-31": "15699.00000", "2019-12-31": "15683.00000", "2018-12-31": "15719.00000", "2017-12-31": "14707.00000", "2016-12-31": "14342.00000", "2015-12-31": "14062.00000", "2014-12-31": "13955.00000", "2013-12-31": "12858.00000", "2012-12-31": "13818.00000", "2011-12-31": "12171.00000", "2010-12-31": "11391.00000", "2009-12-31": "11194.00000", "2008-12-31": "11245.00000", "2007-12-31": "10696.00000", "2006-12-31": "10616.00000", "2005-12-31": "9919.00000"}, "Inventory": {"2020-12-31": "", "2019-12-31": "", "2018-12-31": "", "2017-12-31": "", "2016-12-31": "", "2015-12-31": "", "2014-12-31": "", "2013-12-31": "", "2012-12-31": "", "2011-12-31": "", "2010-12-31": "", "2009-12-31": "", "2008-12-31": "", "2007-12-31": "", "2006-12-31": "", "2005-12-31": ""}, "Pre-Paid Expenses": {"2020-12-31": "", "2019-12-31": "", "2018-12-31": "", "2017-12-31": "", "2016-12-31": "", "2015-12-31": "", "2014-12-31": "", "2013-12-31": "", "2012-12-31": "", "2011-12-31": "", "2010-12-31": "", "2009-12-31": "", "2008-12-31": "", "2007-12-31": "", "2006-12-31": "", "2005-12-31": ""}, "Other Current Assets": {"2020-12-31": "", "2019-12-31": "", "2018-12-31": "", "2017-12-31": "", "2016-12-31": "", "2015-12-31": "", "2014-12-31": "", "2013-12-31": "", "2012-12-31": "", "2011-12-31": "", "2010-12-31": "", "2009-12-31": "", "2008-12-31": "", "2007-12-31": "", "2006-12-31": "", "2005-12-31": ""}, "Total Current Assets": {"2020-12-31": "16076.00000", "2019-12-31": "16021.00000", "2018-12-31": "16218.00000", "2017-12-31": "15324.00000", "2016-12-31": "14778.00000", "2015-12-31": "14557.00000", "2014-12-31": "14612.00000", "2013-12-31": "13533.00000", "2012-12-31": "14624.00000", "2011-12-31": "12947.00000", "2010-12-31": "11953.00000", "2009-12-31": "11806.00000", "2008-12-31": "11660.00000", "2007-12-31": "11118.00000", "2006-12-31": "11059.00000", "2005-12-31": "10232.00000"}, "Property, Plant, And Equipment": {"2020-12-31": "1057.00000", "2019-12-31": "1145.00000", "2018-12-31": "1045.00000", "2017-12-31": "1072.00000", "2016-12-31": "1065.00000", "2015-12-31": "1024.00000", "2014-12-31": "1031.00000", "2013-12-31": "1024.00000", "2012-12-31": "989.00000", "2011-12-31": "914.00000", "2010-12-31": "921.00000", "2009-12-31": "990.00000", "2008-12-31": "1059.00000", "2007-12-31": "1062.00000", "2006-12-31": "1010.00000", "2005-12-31": "1040.00000"}, "Long-Term Investments": {"2020-12-31": "94837.00000", "2019-12-31": "88962.00000", "2018-12-31": "81860.00000", "2017-12-31": "83372.00000", "2016-12-31": "82366.00000", "2015-12-31": "78327.00000", "2014-12-31": "81704.00000", "2013-12-31": "81779.00000", "2012-12-31": "98059.00000", "2011-12-31": "96444.00000", "2010-12-31": "101292.00000", "2009-12-31": "100697.00000", "2008-12-31": "96882.00000", "2007-12-31": "120030.00000", "2006-12-31": "120819.00000", "2005-12-31": "119371.00000"}, "Goodwill And Intangible Assets": {"2020-12-31": "2544.00000", "2019-12-31": "2545.00000", "2018-12-31": "2530.00000", "2017-12-31": "2181.00000", "2016-12-31": "1219.00000", "2015-12-31": "1219.00000", "2014-12-31": "1219.00000", "2013-12-31": "1243.00000", "2012-12-31": "1240.00000", "2011-12-31": "1242.00000", "2010-12-31": "874.00000", "2009-12-31": "875.00000", "2008-12-31": "874.00000", "2007-12-31": "825.00000", "2006-12-31": "825.00000", "2005-12-31": "825.00000"}, "Other Long-Term Assets": {"2020-12-31": "6773.00000", "2019-12-31": "6578.00000", "2018-12-31": "5812.00000", "2017-12-31": "6282.00000", "2016-12-31": "5228.00000", "2015-12-31": "5668.00000", "2014-12-31": "6388.00000", "2013-12-31": "22569.00000", "2012-12-31": "8414.00000", "2011-12-31": "9053.00000", "2010-12-31": "10281.00000", "2009-12-31": "10944.00000", "2008-12-31": "11987.00000", "2007-12-31": "17138.00000", "2006-12-31": "18285.00000", "2005-12-31": "18802.00000"}, "Total Long-Term Assets": {"2020-12-31": "109911.00000", "2019-12-31": "103929.00000", "2018-12-31": "96031.00000", "2017-12-31": "97098.00000", "2016-12-31": "93832.00000", "2015-12-31": "90099.00000", "2014-12-31": "93867.00000", "2013-12-31": "109987.00000", "2012-12-31": "112323.00000", "2011-12-31": "112246.00000", "2010-12-31": "118921.00000", "2009-12-31": "120846.00000", "2008-12-31": "123138.00000", "2007-12-31": "145290.00000", "2006-12-31": "146495.00000", "2005-12-31": "145840.00000"}, "Total Assets": {"2020-12-31": "125987.00000", "2019-12-31": "119950.00000", "2018-12-31": "112249.00000", "2017-12-31": "112422.00000", "2016-12-31": "108610.00000", "2015-12-31": "104656.00000", "2014-12-31": "108479.00000", "2013-12-31": "123520.00000", "2012-12-31": "126947.00000", "2011-12-31": "125193.00000", "2010-12-31": "130874.00000", "2009-12-31": "132652.00000", "2008-12-31": "134798.00000", "2007-12-31": "156408.00000", "2006-12-31": "157554.00000", "2005-12-31": "156072.00000"}, "Total Current Liabilities": {"2020-12-31": "74497.00000", "2019-12-31": "73047.00000", "2018-12-31": "72512.00000", "2017-12-31": "71781.00000", "2016-12-31": "71211.00000", "2015-12-31": "70455.00000", "2014-12-31": "70271.00000", "2013-12-31": "70110.00000", "2012-12-31": "86674.00000", "2011-12-31": "87997.00000", "2010-12-31": "91682.00000", "2009-12-31": "95223.00000", "2008-12-31": "101564.00000", "2007-12-31": "105209.00000", "2006-12-31": "104122.00000", "2005-12-31": "106609.00000"}, "Long Term Debt": {"2020-12-31": "7825.00000", "2019-12-31": "6631.00000", "2018-12-31": "6451.00000", "2017-12-31": "6350.00000", "2016-12-31": "6347.00000", "2015-12-31": "5124.00000", "2014-12-31": "5140.00000", "2013-12-31": "6201.00000", "2012-12-31": "6057.00000", "2011-12-31": "5908.00000", "2010-12-31": "5908.00000", "2009-12-31": "5910.00000", "2008-12-31": "5659.00000", "2007-12-31": "5640.00000", "2006-12-31": "4650.00000", "2005-12-31": "4887.00000"}, "Other Non-Current Liabilities": {"2020-12-31": "12093.00000", "2019-12-31": "13120.00000", "2018-12-31": "11549.00000", "2017-12-31": "10958.00000", "2016-12-31": "9992.00000", "2015-12-31": "8962.00000", "2014-12-31": "10049.00000", "2013-12-31": "25094.00000", "2012-12-31": "13039.00000", "2011-12-31": "12962.00000", "2010-12-31": "14240.00000", "2009-12-31": "14798.00000", "2008-12-31": "14902.00000", "2007-12-31": "23708.00000", "2006-12-31": "26936.00000", "2005-12-31": "24039.00000"}, "Total Long Term Liabilities": {"2020-12-31": "21273.00000", "2019-12-31": "20905.00000", "2018-12-31": "18425.00000", "2017-12-31": "18090.00000", "2016-12-31": "16826.00000", "2015-12-31": "14176.00000", "2014-12-31": "15904.00000", "2013-12-31": "31930.00000", "2012-12-31": "19693.00000", "2011-12-31": "18870.00000", "2010-12-31": "20148.00000", "2009-12-31": "20708.00000", "2008-12-31": "20561.00000", "2007-12-31": "29348.00000", "2006-12-31": "31586.00000", "2005-12-31": "29277.00000"}, "Total Liabilities": {"2020-12-31": "95770.00000", "2019-12-31": "93952.00000", "2018-12-31": "90937.00000", "2017-12-31": "89871.00000", "2016-12-31": "88037.00000", "2015-12-31": "84631.00000", "2014-12-31": "86175.00000", "2013-12-31": "102040.00000", "2012-12-31": "106367.00000", "2011-12-31": "106867.00000", "2010-12-31": "111830.00000", "2009-12-31": "115931.00000", "2008-12-31": "122125.00000", "2007-12-31": "134557.00000", "2006-12-31": "135708.00000", "2005-12-31": "135886.00000"}, "Common Stock Net": {"2020-12-31": "9.00000", "2019-12-31": "9.00000", "2018-12-31": "9.00000", "2017-12-31": "9.00000", "2016-12-31": "9.00000", "2015-12-31": "9.00000", "2014-12-31": "9.00000", "2013-12-31": "9.00000", "2012-12-31": "9.00000", "2011-12-31": "9.00000", "2010-12-31": "9.00000", "2009-12-31": "9.00000", "2008-12-31": "9.00000", "2007-12-31": "9.00000", "2006-12-31": "9.00000", "2005-12-31": "9.00000"}, "Retained Earnings (Accumulated Deficit)": {"2020-12-31": "52767.00000", "2019-12-31": "48074.00000", "2018-12-31": "44033.00000", "2017-12-31": "43162.00000", "2016-12-31": "40678.00000", "2015-12-31": "39413.00000", "2014-12-31": "37842.00000", "2013-12-31": "35580.00000", "2012-12-31": "33783.00000", "2011-12-31": "31909.00000", "2010-12-31": "31969.00000", "2009-12-31": "31492.00000", "2008-12-31": "30207.00000", "2007-12-31": "32796.00000", "2006-12-31": "29070.00000", "2005-12-31": "24962.00000"}, "Comprehensive Income": {"2020-12-31": "3304.00000", "2019-12-31": "1950.00000", "2018-12-31": "118.00000", "2017-12-31": "306.00000", "2016-12-31": "-416.00000", "2015-12-31": "-755.00000", "2014-12-31": "561.00000", "2013-12-31": "1046.00000", "2012-12-31": "1175.00000", "2011-12-31": "29.00000", "2010-12-31": "-184.00000", "2009-12-31": "-2106.00000", "2008-12-31": "-4801.00000", "2007-12-31": "623.00000", "2006-12-31": "991.00000", "2005-12-31": "2082.00000"}, "Other Share Holders Equity": {"2020-12-31": "", "2019-12-31": "", "2018-12-31": "", "2017-12-31": "", "2016-12-31": "", "2015-12-31": "", "2014-12-31": "", "2013-12-31": "", "2012-12-31": "", "2011-12-31": "", "2010-12-31": "", "2009-12-31": "", "2008-12-31": "", "2007-12-31": "", "2006-12-31": "", "2005-12-31": ""}, "Share Holder Equity": {"2020-12-31": "30217.00000", "2019-12-31": "25998.00000", "2018-12-31": "21312.00000", "2017-12-31": "22551.00000", "2016-12-31": "20573.00000", "2015-12-31": "20025.00000", "2014-12-31": "22304.00000", "2013-12-31": "21480.00000", "2012-12-31": "20580.00000", "2011-12-31": "18326.00000", "2010-12-31": "19044.00000", "2009-12-31": "16721.00000", "2008-12-31": "12673.00000", "2007-12-31": "21851.00000", "2006-12-31": "21846.00000", "2005-12-31": "20186.00000"}, "Total Liabilities And Share Holders Equity": {"2020-12-31": "125987.00000", "2019-12-31": "119950.00000", "2018-12-31": "112249.00000", "2017-12-31": "112422.00000", "2016-12-31": "108610.00000", "2015-12-31": "104656.00000", "2014-12-31": "108479.00000", "2013-12-31": "123520.00000", "2012-12-31": "126947.00000", "2011-12-31": "125193.00000", "2010-12-31": "130874.00000", "2009-12-31": "132652.00000", "2008-12-31": "134798.00000", "2007-12-31": "156408.00000", "2006-12-31": "157554.00000", "2005-12-31": "156072.00000"}}, "balance sheet, quarterly": {"Cash On Hand": {"2020-12-31": "377.00000", "2020-09-30": "370.00000", "2020-06-30": "547.00000", "2020-03-31": "338.00000", "2019-12-31": "338.00000", "2019-09-30": "587.00000", "2019-06-30": "599.00000", "2019-03-31": "551.00000", "2018-12-31": "499.00000", "2018-09-30": "460.00000", "2018-06-30": "489.00000", "2018-03-31": "450.00000", "2017-12-31": "617.00000", "2017-09-30": "690.00000", "2017-06-30": "482.00000", "2017-03-31": "442.00000", "2016-12-31": "436.00000", "2016-09-30": "389.00000", "2016-06-30": "446.00000", "2016-03-31": "531.00000", "2015-12-31": "495.00000", "2015-09-30": "905.00000", "2015-06-30": "805.00000", "2015-03-31": "916.00000", "2014-12-31": "657.00000", "2014-09-30": "885.00000", "2014-06-30": "889.00000", "2014-03-31": "1170.00000", "2013-12-31": "675.00000", "2013-09-30": "1069.00000", "2013-06-30": "634.00000", "2013-03-31": "820.00000", "2012-12-31": "806.00000", "2012-09-30": "642.00000", "2012-06-30": "571.00000", "2012-03-31": "577.00000", "2011-12-31": "776.00000", "2011-09-30": "1026.00000", "2011-06-30": "693.00000", "2011-03-31": "641.00000", "2010-12-31": "562.00000", "2010-09-30": "500.00000", "2010-06-30": "711.00000", "2010-03-31": "704.00000", "2009-12-31": "612.00000", "2009-09-30": "727.00000", "2009-06-30": "667.00000", "2009-03-31": "837.00000", "2008-12-31": "415.00000", "2008-09-30": "355.00000", "2008-06-30": "748.00000", "2008-03-31": "370.00000", "2007-12-31": "422.00000", "2007-09-30": "307.00000", "2007-06-30": "385.00000", "2007-03-31": "471.00000", "2006-12-31": "443.00000", "2006-09-30": "327.00000", "2006-06-30": "466.00000", "2006-03-31": "343.00000", "2005-12-31": "313.00000", "2005-09-30": "408.00000", "2005-06-30": "365.00000", "2005-03-31": "339.00000"}, "Receivables": {"2020-12-31": "15699.00000", "2020-09-30": "15706.00000", "2020-06-30": "15657.00000", "2020-03-31": "15615.00000", "2019-12-31": "15683.00000", "2019-09-30": "15921.00000", "2019-06-30": "15672.00000", "2019-03-31": "15575.00000", "2018-12-31": "15719.00000", "2018-09-30": "15190.00000", "2018-06-30": "14863.00000", "2018-03-31": "14772.00000", "2017-12-31": "14707.00000", "2017-09-30": "15670.00000", "2017-06-30": "14415.00000", "2017-03-31": "14372.00000", "2016-12-31": "14342.00000", "2016-09-30": "14721.00000", "2016-06-30": "14243.00000", "2016-03-31": "14131.00000", "2015-12-31": "14062.00000", "2015-09-30": "14179.00000", "2015-06-30": "14119.00000", "2015-03-31": "13910.00000", "2014-12-31": "13955.00000", "2014-09-30": "13159.00000", "2014-06-30": "12884.00000", "2014-03-31": "12783.00000", "2013-12-31": "12858.00000", "2013-09-30": "12279.00000", "2013-06-30": "13462.00000", "2013-03-31": "13382.00000", "2012-12-31": "13818.00000", "2012-09-30": "12386.00000", "2012-06-30": "12049.00000", "2012-03-31": "12026.00000", "2011-12-31": "12171.00000", "2011-09-30": "11708.00000", "2011-06-30": "11315.00000", "2011-03-31": "11431.00000", "2010-12-31": "11391.00000", "2010-09-30": "11578.00000", "2010-06-30": "11367.00000", "2010-03-31": "11238.00000", "2009-12-31": "11194.00000", "2009-09-30": "11430.00000", "2009-06-30": "11415.00000", "2009-03-31": "11417.00000", "2008-12-31": "11245.00000", "2008-09-30": "11212.00000", "2008-06-30": "10704.00000", "2008-03-31": "10679.00000", "2007-12-31": "10696.00000", "2007-09-30": "10846.00000", "2007-06-30": "10691.00000", "2007-03-31": "10622.00000", "2006-12-31": "10616.00000", "2006-09-30": "10922.00000", "2006-06-30": "10848.00000", "2006-03-31": "9487.00000", "2005-12-31": "9919.00000", "2005-09-30": "9511.00000", "2005-06-30": "9092.00000", "2005-03-31": "9117.00000"}, "Inventory": {"2020-12-31": "", "2020-09-30": "", "2020-06-30": "", "2020-03-31": "", "2019-12-31": "", "2019-09-30": "", "2019-06-30": "", "2019-03-31": "", "2018-12-31": "", "2018-09-30": "", "2018-06-30": "", "2018-03-31": "", "2017-12-31": "", "2017-09-30": "", "2017-06-30": "", "2017-03-31": "", "2016-12-31": "", "2016-09-30": "", "2016-06-30": "", "2016-03-31": "", "2015-12-31": "", "2015-09-30": "", "2015-06-30": "", "2015-03-31": "", "2014-12-31": "", "2014-09-30": "", "2014-06-30": "", "2014-03-31": "", "2013-12-31": "", "2013-09-30": "", "2013-06-30": "", "2013-03-31": "", "2012-12-31": "", "2012-09-30": "", "2012-06-30": "", "2012-03-31": "", "2011-12-31": "", "2011-09-30": "", "2011-06-30": "", "2011-03-31": "", "2010-12-31": "", "2010-09-30": "", "2010-06-30": "", "2010-03-31": "", "2009-12-31": "", "2009-09-30": "", "2009-06-30": "", "2009-03-31": "", "2008-12-31": "", "2008-09-30": "", "2008-06-30": "", "2008-03-31": "", "2007-12-31": "", "2007-09-30": "", "2007-06-30": "", "2007-03-31": "", "2006-12-31": "", "2006-09-30": "", "2006-06-30": "", "2006-03-31": "", "2005-12-31": "", "2005-09-30": "", "2005-06-30": "", "2005-03-31": ""}, "Pre-Paid Expenses": {"2020-12-31": "", "2020-09-30": "", "2020-06-30": "", "2020-03-31": "", "2019-12-31": "", "2019-09-30": "", "2019-06-30": "", "2019-03-31": "", "2018-12-31": "", "2018-09-30": "", "2018-06-30": "", "2018-03-31": "", "2017-12-31": "", "2017-09-30": "", "2017-06-30": "", "2017-03-31": "", "2016-12-31": "", "2016-09-30": "", "2016-06-30": "", "2016-03-31": "", "2015-12-31": "", "2015-09-30": "", "2015-06-30": "", "2015-03-31": "", "2014-12-31": "", "2014-09-30": "", "2014-06-30": "", "2014-03-31": "", "2013-12-31": "", "2013-09-30": "", "2013-06-30": "", "2013-03-31": "", "2012-12-31": "", "2012-09-30": "", "2012-06-30": "", "2012-03-31": "", "2011-12-31": "", "2011-09-30": "", "2011-06-30": "", "2011-03-31": "", "2010-12-31": "", "2010-09-30": "", "2010-06-30": "", "2010-03-31": "", "2009-12-31": "", "2009-09-30": "", "2009-06-30": "", "2009-03-31": "", "2008-12-31": "", "2008-09-30": "", "2008-06-30": "", "2008-03-31": "", "2007-12-31": "", "2007-09-30": "", "2007-06-30": "", "2007-03-31": "", "2006-12-31": "", "2006-09-30": "", "2006-06-30": "", "2006-03-31": "", "2005-12-31": "", "2005-09-30": "", "2005-06-30": "", "2005-03-31": ""}, "Other Current Assets": {"2020-12-31": "", "2020-09-30": "", "2020-06-30": "", "2020-03-31": "", "2019-12-31": "", "2019-09-30": "", "2019-06-30": "", "2019-03-31": "", "2018-12-31": "", "2018-09-30": "", "2018-06-30": "", "2018-03-31": "", "2017-12-31": "", "2017-09-30": "", "2017-06-30": "", "2017-03-31": "", "2016-12-31": "", "2016-09-30": "", "2016-06-30": "", "2016-03-31": "", "2015-12-31": "", "2015-09-30": "", "2015-06-30": "", "2015-03-31": "", "2014-12-31": "", "2014-09-30": "", "2014-06-30": "", "2014-03-31": "", "2013-12-31": "", "2013-09-30": "", "2013-06-30": "", "2013-03-31": "", "2012-12-31": "", "2012-09-30": "", "2012-06-30": "", "2012-03-31": "", "2011-12-31": "", "2011-09-30": "", "2011-06-30": "", "2011-03-31": "", "2010-12-31": "", "2010-09-30": "", "2010-06-30": "", "2010-03-31": "", "2009-12-31": "", "2009-09-30": "", "2009-06-30": "", "2009-03-31": "", "2008-12-31": "", "2008-09-30": "", "2008-06-30": "", "2008-03-31": "", "2007-12-31": "", "2007-09-30": "", "2007-06-30": "", "2007-03-31": "", "2006-12-31": "", "2006-09-30": "", "2006-06-30": "", "2006-03-31": "", "2005-12-31": "", "2005-09-30": "", "2005-06-30": "", "2005-03-31": ""}, "Total Current Assets": {"2020-12-31": "16076.00000", "2020-09-30": "16076.00000", "2020-06-30": "16204.00000", "2020-03-31": "15953.00000", "2019-12-31": "16021.00000", "2019-09-30": "16508.00000", "2019-06-30": "16271.00000", "2019-03-31": "16126.00000", "2018-12-31": "16218.00000", "2018-09-30": "15650.00000", "2018-06-30": "15352.00000", "2018-03-31": "15222.00000", "2017-12-31": "15324.00000", "2017-09-30": "16360.00000", "2017-06-30": "14897.00000", "2017-03-31": "14814.00000", "2016-12-31": "14778.00000", "2016-09-30": "15110.00000", "2016-06-30": "14689.00000", "2016-03-31": "14662.00000", "2015-12-31": "14557.00000", "2015-09-30": "15084.00000", "2015-06-30": "14924.00000", "2015-03-31": "14826.00000", "2014-12-31": "14612.00000", "2014-09-30": "14044.00000", "2014-06-30": "13773.00000", "2014-03-31": "13953.00000", "2013-12-31": "13533.00000", "2013-09-30": "13348.00000", "2013-06-30": "14096.00000", "2013-03-31": "14202.00000", "2012-12-31": "14624.00000", "2012-09-30": "13028.00000", "2012-06-30": "12620.00000", "2012-03-31": "12603.00000", "2011-12-31": "12947.00000", "2011-09-30": "12734.00000", "2011-06-30": "12008.00000", "2011-03-31": "12072.00000", "2010-12-31": "11953.00000", "2010-09-30": "12078.00000", "2010-06-30": "12078.00000", "2010-03-31": "11942.00000", "2009-12-31": "11806.00000", "2009-09-30": "12157.00000", "2009-06-30": "12082.00000", "2009-03-31": "12254.00000", "2008-12-31": "11660.00000", "2008-09-30": "11567.00000", "2008-06-30": "11452.00000", "2008-03-31": "11049.00000", "2007-12-31": "11118.00000", "2007-09-30": "11153.00000", "2007-06-30": "11076.00000", "2007-03-31": "11093.00000", "2006-12-31": "11059.00000", "2006-09-30": "11249.00000", "2006-06-30": "11314.00000", "2006-03-31": "9830.00000", "2005-12-31": "10232.00000", "2005-09-30": "9919.00000", "2005-06-30": "9457.00000", "2005-03-31": "9456.00000"}, "Property, Plant, And Equipment": {"2020-12-31": "1057.00000", "2020-09-30": "1076.00000", "2020-06-30": "1100.00000", "2020-03-31": "1123.00000", "2019-12-31": "1145.00000", "2019-09-30": "1092.00000", "2019-06-30": "1058.00000", "2019-03-31": "1047.00000", "2018-12-31": "1045.00000", "2018-09-30": "1032.00000", "2018-06-30": "1040.00000", "2018-03-31": "1060.00000", "2017-12-31": "1072.00000", "2017-09-30": "1067.00000", "2017-06-30": "1072.00000", "2017-03-31": "1067.00000", "2016-12-31": "1065.00000", "2016-09-30": "1013.00000", "2016-06-30": "1011.00000", "2016-03-31": "1011.00000", "2015-12-31": "1024.00000", "2015-09-30": "1050.00000", "2015-06-30": "1038.00000", "2015-03-31": "1026.00000", "2014-12-31": "1031.00000", "2014-09-30": "1012.00000", "2014-06-30": "990.00000", "2014-03-31": "1024.00000", "2013-12-31": "1024.00000", "2013-09-30": "993.00000", "2013-06-30": "971.00000", "2013-03-31": "998.00000", "2012-12-31": "989.00000", "2012-09-30": "928.00000", "2012-06-30": "909.00000", "2012-03-31": "912.00000", "2011-12-31": "914.00000", "2011-09-30": "908.00000", "2011-06-30": "914.00000", "2011-03-31": "912.00000", "2010-12-31": "921.00000", "2010-09-30": "922.00000", "2010-06-30": "935.00000", "2010-03-31": "954.00000", "2009-12-31": "990.00000", "2009-09-30": "1013.00000", "2009-06-30": "1031.00000", "2009-03-31": "1044.00000", "2008-12-31": "1059.00000", "2008-09-30": "1004.00000", "2008-06-30": "1017.00000", "2008-03-31": "1025.00000", "2007-12-31": "1062.00000", "2007-09-30": "1060.00000", "2007-06-30": "1055.00000", "2007-03-31": "1033.00000", "2006-12-31": "1010.00000", "2006-09-30": "1004.00000", "2006-06-30": "1043.00000", "2006-03-31": "1052.00000", "2005-12-31": "1040.00000", "2005-09-30": "1024.00000", "2005-06-30": "1027.00000", "2005-03-31": "1013.00000"}, "Long-Term Investments": {"2020-12-31": "94837.00000", "2020-09-30": "91813.00000", "2020-06-30": "90242.00000", "2020-03-31": "85435.00000", "2019-12-31": "88962.00000", "2019-09-30": "89920.00000", "2019-06-30": "87124.00000", "2019-03-31": "84735.00000", "2018-12-31": "81860.00000", "2018-09-30": "84584.00000", "2018-06-30": "83830.00000", "2018-03-31": "83865.00000", "2017-12-31": "83372.00000", "2017-09-30": "83361.00000", "2017-06-30": "81878.00000", "2017-03-31": "81720.00000", "2016-12-31": "82366.00000", "2016-09-30": "81671.00000", "2016-06-30": "80258.00000", "2016-03-31": "79444.00000", "2015-12-31": "78327.00000", "2015-09-30": "78917.00000", "2015-06-30": "79751.00000", "2015-03-31": "81034.00000", "2014-12-31": "81704.00000", "2014-09-30": "81316.00000", "2014-06-30": "83174.00000", "2014-03-31": "82300.00000", "2013-12-31": "81779.00000", "2013-09-30": "81100.00000", "2013-06-30": "93088.00000", "2013-03-31": "98174.00000", "2012-12-31": "98059.00000", "2012-09-30": "99351.00000", "2012-06-30": "98166.00000", "2012-03-31": "97855.00000", "2011-12-31": "96444.00000", "2011-09-30": "98379.00000", "2011-06-30": "100164.00000", "2011-03-31": "100496.00000", "2010-12-31": "101292.00000", "2010-09-30": "103061.00000", "2010-06-30": "100794.00000", "2010-03-31": "101127.00000", "2009-12-31": "100697.00000", "2009-09-30": "101527.00000", "2009-06-30": "97317.00000", "2009-03-31": "94779.00000", "2008-12-31": "96882.00000", "2008-09-30": "105966.00000", "2008-06-30": "114571.00000", "2008-03-31": "116537.00000", "2007-12-31": "120030.00000", "2007-09-30": "122313.00000", "2007-06-30": "123358.00000", "2007-03-31": "123507.00000", "2006-12-31": "120819.00000", "2006-09-30": "123253.00000", "2006-06-30": "119587.00000", "2006-03-31": "119951.00000", "2005-12-31": "119371.00000", "2005-09-30": "120500.00000", "2005-06-30": "121933.00000", "2005-03-31": "117976.00000"}, "Goodwill And Intangible Assets": {"2020-12-31": "2544.00000", "2020-09-30": "2544.00000", "2020-06-30": "2544.00000", "2020-03-31": "2544.00000", "2019-12-31": "2545.00000", "2019-09-30": "2545.00000", "2019-06-30": "2547.00000", "2019-03-31": "2547.00000", "2018-12-31": "2530.00000", "2018-09-30": "2189.00000", "2018-06-30": "2189.00000", "2018-03-31": "2189.00000", "2017-12-31": "2181.00000", "2017-09-30": "2309.00000", "2017-06-30": "2309.00000", "2017-03-31": "2295.00000", "2016-12-31": "1219.00000", "2016-09-30": "1219.00000", "2016-06-30": "1219.00000", "2016-03-31": "1219.00000", "2015-12-31": "1219.00000", "2015-09-30": "1219.00000", "2015-06-30": "1219.00000", "2015-03-31": "1219.00000", "2014-12-31": "1219.00000", "2014-09-30": "1219.00000", "2014-06-30": "1219.00000", "2014-03-31": "1243.00000", "2013-12-31": "1243.00000", "2013-09-30": "1243.00000", "2013-06-30": "1239.00000", "2013-03-31": "1239.00000", "2012-12-31": "1240.00000", "2012-09-30": "1242.00000", "2012-06-30": "1242.00000", "2012-03-31": "1242.00000", "2011-12-31": "1242.00000", "2011-09-30": "874.00000", "2011-06-30": "874.00000", "2011-03-31": "874.00000", "2010-12-31": "874.00000", "2010-09-30": "874.00000", "2010-06-30": "874.00000", "2010-03-31": "874.00000", "2009-12-31": "875.00000", "2009-09-30": "874.00000", "2009-06-30": "874.00000", "2009-03-31": "874.00000", "2008-12-31": "874.00000", "2008-09-30": "880.00000", "2008-06-30": "875.00000", "2008-03-31": "825.00000", "2007-12-31": "825.00000", "2007-09-30": "825.00000", "2007-06-30": "825.00000", "2007-03-31": "825.00000", "2006-12-31": "825.00000", "2006-09-30": "825.00000", "2006-06-30": "825.00000", "2006-03-31": "825.00000", "2005-12-31": "825.00000", "2005-09-30": "825.00000", "2005-06-30": "825.00000", "2005-03-31": "825.00000"}, "Other Long-Term Assets": {"2020-12-31": "6773.00000", "2020-09-30": "6580.00000", "2020-06-30": "6493.00000", "2020-03-31": "6310.00000", "2019-12-31": "6578.00000", "2019-09-30": "6325.00000", "2019-06-30": "6707.00000", "2019-03-31": "6709.00000", "2018-12-31": "5812.00000", "2018-09-30": "6368.00000", "2018-06-30": "6425.00000", "2018-03-31": "6544.00000", "2017-12-31": "6282.00000", "2017-09-30": "6388.00000", "2017-06-30": "6672.00000", "2017-03-31": "6359.00000", "2016-12-31": "5228.00000", "2016-09-30": "5638.00000", "2016-06-30": "6288.00000", "2016-03-31": "5804.00000", "2015-12-31": "5668.00000", "2015-09-30": "5768.00000", "2015-06-30": "6477.00000", "2015-03-31": "6432.00000", "2014-12-31": "6388.00000", "2014-09-30": "7203.00000", "2014-06-30": "7700.00000", "2014-03-31": "22455.00000", "2013-12-31": "22569.00000", "2013-09-30": "22315.00000", "2013-06-30": "8172.00000", "2013-03-31": "8339.00000", "2012-12-31": "8414.00000", "2012-09-30": "8861.00000", "2012-06-30": "8954.00000", "2012-03-31": "9404.00000", "2011-12-31": "9053.00000", "2011-09-30": "8828.00000", "2011-06-30": "9966.00000", "2011-03-31": "10762.00000", "2010-12-31": "10281.00000", "2010-09-30": "10258.00000", "2010-06-30": "9825.00000", "2010-03-31": "10863.00000", "2009-12-31": "10944.00000", "2009-09-30": "11497.00000", "2009-06-30": "10849.00000", "2009-03-31": "9555.00000", "2008-12-31": "11987.00000", "2008-09-30": "14252.00000", "2008-06-30": "14955.00000", "2008-03-31": "15432.00000", "2007-12-31": "17138.00000", "2007-09-30": "17832.00000", "2007-06-30": "18219.00000", "2007-03-31": "18172.00000", "2006-12-31": "18285.00000", "2006-09-30": "18602.00000", "2006-06-30": "18566.00000", "2006-03-31": "18927.00000", "2005-12-31": "18802.00000", "2005-09-30": "18253.00000", "2005-06-30": "16573.00000", "2005-03-31": "16821.00000"}, "Total Long-Term Assets": {"2020-12-31": "109911.00000", "2020-09-30": "106674.00000", "2020-06-30": "105062.00000", "2020-03-31": "100154.00000", "2019-12-31": "103929.00000", "2019-09-30": "104565.00000", "2019-06-30": "102103.00000", "2019-03-31": "99708.00000", "2018-12-31": "96031.00000", "2018-09-30": "98840.00000", "2018-06-30": "98017.00000", "2018-03-31": "98067.00000", "2017-12-31": "97098.00000", "2017-09-30": "97272.00000", "2017-06-30": "95968.00000", "2017-03-31": "95429.00000", "2016-12-31": "93832.00000", "2016-09-30": "93427.00000", "2016-06-30": "92595.00000", "2016-03-31": "91285.00000", "2015-12-31": "90099.00000", "2015-09-30": "90765.00000", "2015-06-30": "92193.00000", "2015-03-31": "93238.00000", "2014-12-31": "93867.00000", "2014-09-30": "94266.00000", "2014-06-30": "96460.00000", "2014-03-31": "110338.00000", "2013-12-31": "109987.00000", "2013-09-30": "108937.00000", "2013-06-30": "107384.00000", "2013-03-31": "112410.00000", "2012-12-31": "112323.00000", "2012-09-30": "113960.00000", "2012-06-30": "112915.00000", "2012-03-31": "113330.00000", "2011-12-31": "112246.00000", "2011-09-30": "114225.00000", "2011-06-30": "117015.00000", "2011-03-31": "118353.00000", "2010-12-31": "118921.00000", "2010-09-30": "120456.00000", "2010-06-30": "118732.00000", "2010-03-31": "120444.00000", "2009-12-31": "120846.00000", "2009-09-30": "123347.00000", "2009-06-30": "121009.00000", "2009-03-31": "118117.00000", "2008-12-31": "123138.00000", "2008-09-30": "132007.00000", "2008-06-30": "139381.00000", "2008-03-31": "141161.00000", "2007-12-31": "145290.00000", "2007-09-30": "148220.00000", "2007-06-30": "149461.00000", "2007-03-31": "148996.00000", "2006-12-31": "146495.00000", "2006-09-30": "149075.00000", "2006-06-30": "145780.00000", "2006-03-31": "146977.00000", "2005-12-31": "145840.00000", "2005-09-30": "146212.00000", "2005-06-30": "145486.00000", "2005-03-31": "142010.00000"}, "Total Assets": {"2020-12-31": "125987.00000", "2020-09-30": "122750.00000", "2020-06-30": "121266.00000", "2020-03-31": "116107.00000", "2019-12-31": "119950.00000", "2019-09-30": "121073.00000", "2019-06-30": "118374.00000", "2019-03-31": "115834.00000", "2018-12-31": "112249.00000", "2018-09-30": "114490.00000", "2018-06-30": "113369.00000", "2018-03-31": "113289.00000", "2017-12-31": "112422.00000", "2017-09-30": "113632.00000", "2017-06-30": "110865.00000", "2017-03-31": "110243.00000", "2016-12-31": "108610.00000", "2016-09-30": "108537.00000", "2016-06-30": "107284.00000", "2016-03-31": "105947.00000", "2015-12-31": "104656.00000", "2015-09-30": "105849.00000", "2015-06-30": "107117.00000", "2015-03-31": "108064.00000", "2014-12-31": "108479.00000", "2014-09-30": "108310.00000", "2014-06-30": "110233.00000", "2014-03-31": "124291.00000", "2013-12-31": "123520.00000", "2013-09-30": "122285.00000", "2013-06-30": "121480.00000", "2013-03-31": "126612.00000", "2012-12-31": "126947.00000", "2012-09-30": "126988.00000", "2012-06-30": "125535.00000", "2012-03-31": "125933.00000", "2011-12-31": "125193.00000", "2011-09-30": "126959.00000", "2011-06-30": "129023.00000", "2011-03-31": "130425.00000", "2010-12-31": "130874.00000", "2010-09-30": "132534.00000", "2010-06-30": "130810.00000", "2010-03-31": "132386.00000", "2009-12-31": "132652.00000", "2009-09-30": "135504.00000", "2009-06-30": "133091.00000", "2009-03-31": "130371.00000", "2008-12-31": "134798.00000", "2008-09-30": "143574.00000", "2008-06-30": "150833.00000", "2008-03-31": "152210.00000", "2007-12-31": "156408.00000", "2007-09-30": "159373.00000", "2007-06-30": "160537.00000", "2007-03-31": "160089.00000", "2006-12-31": "157554.00000", "2006-09-30": "160324.00000", "2006-06-30": "157094.00000", "2006-03-31": "156807.00000", "2005-12-31": "156072.00000", "2005-09-30": "156131.00000", "2005-06-30": "154943.00000", "2005-03-31": "151466.00000"}, "Total Current Liabilities": {"2020-12-31": "74497.00000", "2020-09-30": "75076.00000", "2020-06-30": "73623.00000", "2020-03-31": "72687.00000", "2019-12-31": "73976.00000", "2019-09-30": "74553.00000", "2019-06-30": "74073.00000", "2019-03-31": "73119.00000", "2018-12-31": "72512.00000", "2018-09-30": "73115.00000", "2018-06-30": "72442.00000", "2018-03-31": "71900.00000", "2017-12-31": "71781.00000", "2017-09-30": "73525.00000", "2017-06-30": "71913.00000", "2017-03-31": "71452.00000", "2016-12-31": "71211.00000", "2016-09-30": "71967.00000", "2016-06-30": "71210.00000", "2016-03-31": "70809.00000", "2015-12-31": "70455.00000", "2015-09-30": "70692.00000", "2015-06-30": "70575.00000", "2015-03-31": "69973.00000", "2014-12-31": "70271.00000", "2014-09-30": "70222.00000", "2014-06-30": "70545.00000", "2014-03-31": "70015.00000", "2013-12-31": "70110.00000", "2013-09-30": "69767.00000", "2013-06-30": "83343.00000", "2013-03-31": "85469.00000", "2012-12-31": "86674.00000", "2012-09-30": "86464.00000", "2012-06-30": "86765.00000", "2012-03-31": "86820.00000", "2011-12-31": "87997.00000", "2011-09-30": "89441.00000", "2011-06-30": "89996.00000", "2011-03-31": "90204.00000", "2010-12-31": "91682.00000", "2010-09-30": "92919.00000", "2010-06-30": "92777.00000", "2010-03-31": "93837.00000", "2009-12-31": "95223.00000", "2009-09-30": "96202.00000", "2009-06-30": "96673.00000", "2009-03-31": "98728.00000", "2008-12-31": "101564.00000", "2008-09-30": "103583.00000", "2008-06-30": "105364.00000", "2008-03-31": "104664.00000", "2007-12-31": "105209.00000", "2007-09-30": "105859.00000", "2007-06-30": "105097.00000", "2007-03-31": "104907.00000", "2006-12-31": "104122.00000", "2006-09-30": "105631.00000", "2006-06-30": "104805.00000", "2006-03-31": "103882.00000", "2005-12-31": "106609.00000", "2005-09-30": "106009.00000", "2005-06-30": "101368.00000", "2005-03-31": "99186.00000"}, "Long Term Debt": {"2020-12-31": "7825.00000", "2020-09-30": "6635.00000", "2020-06-30": "6634.00000", "2020-03-31": "6633.00000", "2019-12-31": "6631.00000", "2019-09-30": "6630.00000", "2019-06-30": "6628.00000", "2019-03-31": "6453.00000", "2018-12-31": "6451.00000", "2018-09-30": "6450.00000", "2018-06-30": "6448.00000", "2018-03-31": "6847.00000", "2017-12-31": "6350.00000", "2017-09-30": "6349.00000", "2017-06-30": "6348.00000", "2017-03-31": "6346.00000", "2016-12-31": "6347.00000", "2016-09-30": "5110.00000", "2016-06-30": "5109.00000", "2016-03-31": "5108.00000", "2015-12-31": "5124.00000", "2015-09-30": "5175.00000", "2015-06-30": "5186.00000", "2015-03-31": "5194.00000", "2014-12-31": "5140.00000", "2014-09-30": "5195.00000", "2014-06-30": "5846.00000", "2014-03-31": "6200.00000", "2013-12-31": "6201.00000", "2013-09-30": "6217.00000", "2013-06-30": "5475.00000", "2013-03-31": "6556.00000", "2012-12-31": "6057.00000", "2012-09-30": "6057.00000", "2012-06-30": "6058.00000", "2012-03-31": "6058.00000", "2011-12-31": "5908.00000", "2011-09-30": "5907.00000", "2011-06-30": "5907.00000", "2011-03-31": "5908.00000", "2010-12-31": "5908.00000", "2010-09-30": "5909.00000", "2010-06-30": "5909.00000", "2010-03-31": "5910.00000", "2009-12-31": "5910.00000", "2009-09-30": "6661.00000", "2009-06-30": "6658.00000", "2009-03-31": "5659.00000", "2008-12-31": "5659.00000", "2008-09-30": "5659.00000", "2008-06-30": "5640.00000", "2008-03-31": "5640.00000", "2007-12-31": "5640.00000", "2007-09-30": "5640.00000", "2007-06-30": "5641.00000", "2007-03-31": "4640.00000", "2006-12-31": "4650.00000", "2006-09-30": "5529.00000", "2006-06-30": "5531.00000", "2006-03-31": "5533.00000", "2005-12-31": "4887.00000", "2005-09-30": "4892.00000", "2005-06-30": "5178.00000", "2005-03-31": "5280.00000"}, "Other Non-Current Liabilities": {"2020-12-31": "12093.00000", "2020-09-30": "12871.00000", "2020-06-30": "13181.00000", "2020-03-31": "12283.00000", "2019-12-31": "12191.00000", "2019-09-30": "12671.00000", "2019-06-30": "12200.00000", "2019-03-31": "12027.00000", "2018-12-31": "11549.00000", "2018-09-30": "10632.00000", "2018-06-30": "10634.00000", "2018-03-31": "10540.00000", "2017-12-31": "10958.00000", "2017-09-30": "10390.00000", "2017-06-30": "9999.00000", "2017-03-31": "10454.00000", "2016-12-31": "9992.00000", "2016-09-30": "9591.00000", "2016-06-30": "9630.00000", "2016-03-31": "9211.00000", "2015-12-31": "8962.00000", "2015-09-30": "9235.00000", "2015-06-30": "9583.00000", "2015-03-31": "9939.00000", "2014-12-31": "10049.00000", "2014-09-30": "9488.00000", "2014-06-30": "9824.00000", "2014-03-31": "25085.00000", "2013-12-31": "25094.00000", "2013-09-30": "25081.00000", "2013-06-30": "12543.00000", "2013-03-31": "13186.00000", "2012-12-31": "13039.00000", "2012-09-30": "12941.00000", "2012-06-30": "13184.00000", "2012-03-31": "13845.00000", "2011-12-31": "12962.00000", "2011-09-30": "13482.00000", "2011-06-30": "14327.00000", "2011-03-31": "14972.00000", "2010-12-31": "14240.00000", "2010-09-30": "14404.00000", "2010-06-30": "14057.00000", "2010-03-31": "15051.00000", "2009-12-31": "14798.00000", "2009-09-30": "15107.00000", "2009-06-30": "14662.00000", "2009-03-31": "13713.00000", "2008-12-31": "14902.00000", "2008-09-30": "17394.00000", "2008-06-30": "20120.00000", "2008-03-31": "21603.00000", "2007-12-31": "23708.00000", "2007-09-30": "26240.00000", "2007-06-30": "28239.00000", "2007-03-31": "28051.00000", "2006-12-31": "26936.00000", "2006-09-30": "26644.00000", "2006-06-30": "26153.00000", "2006-03-31": "26682.00000", "2005-12-31": "24039.00000", "2005-09-30": "25482.00000", "2005-06-30": "25459.00000", "2005-03-31": "25419.00000"}, "Total Long Term Liabilities": {"2020-12-31": "21273.00000", "2020-09-30": "20411.00000", "2020-06-30": "20657.00000", "2020-03-31": "19247.00000", "2019-12-31": "19976.00000", "2019-09-30": "20380.00000", "2019-06-30": "19825.00000", "2019-03-31": "19297.00000", "2018-12-31": "18425.00000", "2018-09-30": "17742.00000", "2018-06-30": "17805.00000", "2018-03-31": "18112.00000", "2017-12-31": "18090.00000", "2017-09-30": "17988.00000", "2017-06-30": "17451.00000", "2017-03-31": "17633.00000", "2016-12-31": "16826.00000", "2016-09-30": "15636.00000", "2016-06-30": "15521.00000", "2016-03-31": "14798.00000", "2015-12-31": "14176.00000", "2015-09-30": "14653.00000", "2015-06-30": "15244.00000", "2015-03-31": "15912.00000", "2014-12-31": "15904.00000", "2014-09-30": "15759.00000", "2014-06-30": "16816.00000", "2014-03-31": "32171.00000", "2013-12-31": "31930.00000", "2013-09-30": "31738.00000", "2013-06-30": "18268.00000", "2013-03-31": "20524.00000", "2012-12-31": "19693.00000", "2012-09-30": "19687.00000", "2012-06-30": "19295.00000", "2012-03-31": "19903.00000", "2011-12-31": "18870.00000", "2011-09-30": "19389.00000", "2011-06-30": "20234.00000", "2011-03-31": "20880.00000", "2010-12-31": "20148.00000", "2010-09-30": "20313.00000", "2010-06-30": "19966.00000", "2010-03-31": "20961.00000", "2009-12-31": "20708.00000", "2009-09-30": "21768.00000", "2009-06-30": "21320.00000", "2009-03-31": "19372.00000", "2008-12-31": "20561.00000", "2008-09-30": "23053.00000", "2008-06-30": "25760.00000", "2008-03-31": "27243.00000", "2007-12-31": "29348.00000", "2007-09-30": "31880.00000", "2007-06-30": "33880.00000", "2007-03-31": "32691.00000", "2006-12-31": "31586.00000", "2006-09-30": "32493.00000", "2006-06-30": "31684.00000", "2006-03-31": "32380.00000", "2005-12-31": "29277.00000", "2005-09-30": "30703.00000", "2005-06-30": "31251.00000", "2005-03-31": "30955.00000"}, "Total Liabilities": {"2020-12-31": "95770.00000", "2020-09-30": "95487.00000", "2020-06-30": "94280.00000", "2020-03-31": "91934.00000", "2019-12-31": "93952.00000", "2019-09-30": "94933.00000", "2019-06-30": "93898.00000", "2019-03-31": "92416.00000", "2018-12-31": "90937.00000", "2018-09-30": "90857.00000", "2018-06-30": "90247.00000", "2018-03-31": "90012.00000", "2017-12-31": "89871.00000", "2017-09-30": "91513.00000", "2017-06-30": "89364.00000", "2017-03-31": "89085.00000", "2016-12-31": "88037.00000", "2016-09-30": "87603.00000", "2016-06-30": "86731.00000", "2016-03-31": "85607.00000", "2015-12-31": "84631.00000", "2015-09-30": "85345.00000", "2015-06-30": "85819.00000", "2015-03-31": "85885.00000", "2014-12-31": "86175.00000", "2014-09-30": "85981.00000", "2014-06-30": "87361.00000", "2014-03-31": "102186.00000", "2013-12-31": "102040.00000", "2013-09-30": "101505.00000", "2013-06-30": "101611.00000", "2013-03-31": "105993.00000", "2012-12-31": "106367.00000", "2012-09-30": "106151.00000", "2012-06-30": "106060.00000", "2012-03-31": "106723.00000", "2011-12-31": "106867.00000", "2011-09-30": "108830.00000", "2011-06-30": "110230.00000", "2011-03-31": "111084.00000", "2010-12-31": "111830.00000", "2010-09-30": "113232.00000", "2010-06-30": "112743.00000", "2010-03-31": "114798.00000", "2009-12-31": "115931.00000", "2009-09-30": "117970.00000", "2009-06-30": "117993.00000", "2009-03-31": "118100.00000", "2008-12-31": "122125.00000", "2008-09-30": "126636.00000", "2008-06-30": "131124.00000", "2008-03-31": "131907.00000", "2007-12-31": "134557.00000", "2007-09-30": "137739.00000", "2007-06-30": "138977.00000", "2007-03-31": "137598.00000", "2006-12-31": "135708.00000", "2006-09-30": "138124.00000", "2006-06-30": "136489.00000", "2006-03-31": "136262.00000", "2005-12-31": "135886.00000", "2005-09-30": "136712.00000", "2005-06-30": "132619.00000", "2005-03-31": "130141.00000"}, "Common Stock Net": {"2020-12-31": "9.00000", "2020-09-30": "9.00000", "2020-06-30": "9.00000", "2020-03-31": "9.00000", "2019-12-31": "9.00000", "2019-09-30": "9.00000", "2019-06-30": "9.00000", "2019-03-31": "9.00000", "2018-12-31": "9.00000", "2018-09-30": "9.00000", "2018-06-30": "9.00000", "2018-03-31": "9.00000", "2017-12-31": "9.00000", "2017-09-30": "9.00000", "2017-06-30": "9.00000", "2017-03-31": "9.00000", "2016-12-31": "9.00000", "2016-09-30": "9.00000", "2016-06-30": "9.00000", "2016-03-31": "9.00000", "2015-12-31": "9.00000", "2015-09-30": "9.00000", "2015-06-30": "9.00000", "2015-03-31": "9.00000", "2014-12-31": "9.00000", "2014-09-30": "9.00000", "2014-06-30": "9.00000", "2014-03-31": "9.00000", "2013-12-31": "9.00000", "2013-09-30": "9.00000", "2013-06-30": "9.00000", "2013-03-31": "9.00000", "2012-12-31": "9.00000", "2012-09-30": "9.00000", "2012-06-30": "9.00000", "2012-03-31": "9.00000", "2011-12-31": "9.00000", "2011-09-30": "9.00000", "2011-06-30": "9.00000", "2011-03-31": "9.00000", "2010-12-31": "9.00000", "2010-09-30": "9.00000", "2010-06-30": "9.00000", "2010-03-31": "9.00000", "2009-12-31": "9.00000", "2009-09-30": "9.00000", "2009-06-30": "9.00000", "2009-03-31": "9.00000", "2008-12-31": "9.00000", "2008-09-30": "9.00000", "2008-06-30": "9.00000", "2008-03-31": "9.00000", "2007-12-31": "9.00000", "2007-09-30": "9.00000", "2007-06-30": "9.00000", "2007-03-31": "9.00000", "2006-12-31": "9.00000", "2006-09-30": "9.00000", "2006-06-30": "9.00000", "2006-03-31": "9.00000", "2005-12-31": "9.00000", "2005-09-30": "9.00000", "2005-06-30": "9.00000", "2005-03-31": "9.00000"}, "Retained Earnings (Accumulated Deficit)": {"2020-12-31": "52767.00000", "2020-09-30": "50336.00000", "2020-06-30": "49380.00000", "2020-03-31": "48326.00000", "2019-12-31": "48074.00000", "2019-09-30": "46527.00000", "2019-06-30": "45803.00000", "2019-03-31": "45148.00000", "2018-12-31": "44033.00000", "2018-09-30": "46178.00000", "2018-06-30": "45508.00000", "2018-03-31": "45031.00000", "2017-12-31": "43162.00000", "2017-09-30": "42125.00000", "2017-06-30": "41622.00000", "2017-03-31": "41208.00000", "2016-12-31": "40678.00000", "2016-09-30": "39990.00000", "2016-06-30": "39623.00000", "2016-03-31": "39505.00000", "2015-12-31": "39413.00000", "2015-09-30": "39068.00000", "2015-06-30": "38567.00000", "2015-03-31": "38363.00000", "2014-12-31": "37842.00000", "2014-09-30": "37164.00000", "2014-06-30": "36532.00000", "2014-03-31": "36041.00000", "2013-12-31": "35580.00000", "2013-09-30": "34885.00000", "2013-06-30": "34691.00000", "2013-03-31": "34375.00000", "2012-12-31": "33783.00000", "2012-09-30": "33496.00000", "2012-06-30": "32880.00000", "2012-03-31": "32565.00000", "2011-12-31": "31909.00000", "2011-09-30": "31704.00000", "2011-06-30": "31647.00000", "2011-03-31": "32377.00000", "2010-12-31": "31969.00000", "2010-09-30": "31781.00000", "2010-06-30": "31552.00000", "2010-03-31": "31514.00000", "2009-12-31": "31492.00000", "2009-09-30": "31083.00000", "2009-06-30": "30969.00000", "2009-03-31": "29825.00000", "2008-12-31": "30207.00000", "2008-09-30": "31557.00000", "2008-06-30": "32701.00000", "2008-03-31": "32902.00000", "2007-12-31": "32796.00000", "2007-09-30": "32252.00000", "2007-06-30": "31495.00000", "2007-03-31": "30322.00000", "2006-12-31": "29070.00000", "2006-09-30": "28075.00000", "2006-06-30": "27138.00000", "2006-03-31": "26152.00000", "2005-12-31": "24962.00000", "2005-09-30": "24129.00000", "2005-06-30": "25886.00000", "2005-03-31": "24950.00000"}, "Comprehensive Income": {"2020-12-31": "3304.00000", "2020-09-30": "2833.00000", "2020-06-30": "2628.00000", "2020-03-31": "558.00000", "2019-12-31": "1950.00000", "2019-09-30": "2107.00000", "2019-06-30": "1760.00000", "2019-03-31": "1085.00000", "2018-12-31": "118.00000", "2018-09-30": "-1284.00000", "2018-06-30": "-1268.00000", "2018-03-31": "-1150.00000", "2017-12-31": "306.00000", "2017-09-30": "328.00000", "2017-06-30": "102.00000", "2017-03-31": "-197.00000", "2016-12-31": "-416.00000", "2016-09-30": "502.00000", "2016-06-30": "295.00000", "2016-03-31": "-150.00000", "2015-12-31": "-755.00000", "2015-09-30": "-462.00000", "2015-06-30": "67.00000", "2015-03-31": "774.00000", "2014-12-31": "561.00000", "2014-09-30": "1238.00000", "2014-06-30": "1566.00000", "2014-03-31": "1486.00000", "2013-12-31": "1046.00000", "2013-09-30": "810.00000", "2013-06-30": "50.00000", "2013-03-31": "1279.00000", "2012-12-31": "1175.00000", "2012-09-30": "1587.00000", "2012-06-30": "745.00000", "2012-03-31": "532.00000", "2011-12-31": "29.00000", "2011-09-30": "-54.00000", "2011-06-30": "373.00000", "2011-03-31": "-15.00000", "2010-12-31": "-184.00000", "2010-09-30": "119.00000", "2010-06-30": "-873.00000", "2010-03-31": "-1289.00000", "2009-12-31": "-2106.00000", "2009-09-30": "-868.00000", "2009-06-30": "-3172.00000", "2009-03-31": "-4839.00000", "2008-12-31": "-4801.00000", "2008-09-30": "-1842.00000", "2008-06-30": "-628.00000", "2008-03-31": "-637.00000", "2007-12-31": "623.00000", "2007-09-30": "410.00000", "2007-06-30": "427.00000", "2007-03-31": "1018.00000", "2006-12-31": "991.00000", "2006-09-30": "1969.00000", "2006-06-30": "1101.00000", "2006-03-31": "1626.00000", "2005-12-31": "2082.00000", "2005-09-30": "1936.00000", "2005-06-30": "2456.00000", "2005-03-31": "1735.00000"}, "Other Share Holders Equity": {"2020-12-31": "", "2020-09-30": "", "2020-06-30": "", "2020-03-31": "", "2019-12-31": "", "2019-09-30": "", "2019-06-30": "", "2019-03-31": "", "2018-12-31": "", "2018-09-30": "", "2018-06-30": "", "2018-03-31": "", "2017-12-31": "", "2017-09-30": "", "2017-06-30": "", "2017-03-31": "", "2016-12-31": "", "2016-09-30": "", "2016-06-30": "", "2016-03-31": "", "2015-12-31": "", "2015-09-30": "", "2015-06-30": "", "2015-03-31": "", "2014-12-31": "", "2014-09-30": "", "2014-06-30": "", "2014-03-31": "", "2013-12-31": "", "2013-09-30": "", "2013-06-30": "", "2013-03-31": "", "2012-12-31": "", "2012-09-30": "", "2012-06-30": "", "2012-03-31": "", "2011-12-31": "", "2011-09-30": "", "2011-06-30": "", "2011-03-31": "", "2010-12-31": "", "2010-09-30": "", "2010-06-30": "", "2010-03-31": "", "2009-12-31": "", "2009-09-30": "", "2009-06-30": "", "2009-03-31": "", "2008-12-31": "", "2008-09-30": "", "2008-06-30": "", "2008-03-31": "", "2007-12-31": "", "2007-09-30": "", "2007-06-30": "", "2007-03-31": "", "2006-12-31": "", "2006-09-30": "", "2006-06-30": "", "2006-03-31": "", "2005-12-31": "", "2005-09-30": "", "2005-06-30": "", "2005-03-31": ""}, "Share Holder Equity": {"2020-12-31": "30217.00000", "2020-09-30": "27263.00000", "2020-06-30": "26986.00000", "2020-03-31": "24173.00000", "2019-12-31": "25998.00000", "2019-09-30": "26140.00000", "2019-06-30": "24476.00000", "2019-03-31": "23418.00000", "2018-12-31": "21312.00000", "2018-09-30": "23633.00000", "2018-06-30": "23122.00000", "2018-03-31": "23277.00000", "2017-12-31": "22551.00000", "2017-09-30": "22119.00000", "2017-06-30": "21501.00000", "2017-03-31": "21158.00000", "2016-12-31": "20573.00000", "2016-09-30": "20934.00000", "2016-06-30": "20553.00000", "2016-03-31": "20340.00000", "2015-12-31": "20025.00000", "2015-09-30": "20504.00000", "2015-06-30": "21298.00000", "2015-03-31": "22179.00000", "2014-12-31": "22304.00000", "2014-09-30": "22329.00000", "2014-06-30": "22872.00000", "2014-03-31": "22105.00000", "2013-12-31": "21480.00000", "2013-09-30": "20780.00000", "2013-06-30": "19869.00000", "2013-03-31": "20619.00000", "2012-12-31": "20580.00000", "2012-09-30": "20837.00000", "2012-06-30": "19475.00000", "2012-03-31": "19210.00000", "2011-12-31": "18326.00000", "2011-09-30": "18129.00000", "2011-06-30": "18793.00000", "2011-03-31": "19341.00000", "2010-12-31": "19044.00000", "2010-09-30": "19302.00000", "2010-06-30": "18067.00000", "2010-03-31": "17588.00000", "2009-12-31": "16721.00000", "2009-09-30": "17534.00000", "2009-06-30": "15098.00000", "2009-03-31": "12271.00000", "2008-12-31": "12673.00000", "2008-09-30": "16938.00000", "2008-06-30": "19709.00000", "2008-03-31": "20303.00000", "2007-12-31": "21851.00000", "2007-09-30": "21634.00000", "2007-06-30": "21560.00000", "2007-03-31": "22491.00000", "2006-12-31": "21846.00000", "2006-09-30": "22200.00000", "2006-06-30": "20605.00000", "2006-03-31": "20545.00000", "2005-12-31": "20186.00000", "2005-09-30": "19419.00000", "2005-06-30": "22324.00000", "2005-03-31": "21325.00000"}, "Total Liabilities And Share Holders Equity": {"2020-12-31": "125987.00000", "2020-09-30": "122750.00000", "2020-06-30": "121266.00000", "2020-03-31": "116107.00000", "2019-12-31": "119950.00000", "2019-09-30": "121073.00000", "2019-06-30": "118374.00000", "2019-03-31": "115834.00000", "2018-12-31": "112249.00000", "2018-09-30": "114490.00000", "2018-06-30": "113369.00000", "2018-03-31": "113289.00000", "2017-12-31": "112422.00000", "2017-09-30": "113632.00000", "2017-06-30": "110865.00000", "2017-03-31": "110243.00000", "2016-12-31": "108610.00000", "2016-09-30": "108537.00000", "2016-06-30": "107284.00000", "2016-03-31": "105947.00000", "2015-12-31": "104656.00000", "2015-09-30": "105849.00000", "2015-06-30": "107117.00000", "2015-03-31": "108064.00000", "2014-12-31": "108479.00000", "2014-09-30": "108310.00000", "2014-06-30": "110233.00000", "2014-03-31": "124291.00000", "2013-12-31": "123520.00000", "2013-09-30": "122285.00000", "2013-06-30": "121480.00000", "2013-03-31": "126612.00000", "2012-12-31": "126947.00000", "2012-09-30": "126988.00000", "2012-06-30": "125535.00000", "2012-03-31": "125933.00000", "2011-12-31": "125193.00000", "2011-09-30": "126959.00000", "2011-06-30": "129023.00000", "2011-03-31": "130425.00000", "2010-12-31": "130874.00000", "2010-09-30": "132534.00000", "2010-06-30": "130810.00000", "2010-03-31": "132386.00000", "2009-12-31": "132652.00000", "2009-09-30": "135504.00000", "2009-06-30": "133091.00000", "2009-03-31": "130371.00000", "2008-12-31": "134798.00000", "2008-09-30": "143574.00000", "2008-06-30": "150833.00000", "2008-03-31": "152210.00000", "2007-12-31": "156408.00000", "2007-09-30": "159373.00000", "2007-06-30": "160537.00000", "2007-03-31": "160089.00000", "2006-12-31": "157554.00000", "2006-09-30": "160324.00000", "2006-06-30": "157094.00000", "2006-03-31": "156807.00000", "2005-12-31": "156072.00000", "2005-09-30": "156131.00000", "2005-06-30": "154943.00000", "2005-03-31": "151466.00000"}}, "cash flow statement": {"Net Income/Loss": {"2020-12-31": "0.00000", "2019-12-31": "4847.00000", "2018-12-31": "2160.00000", "2017-12-31": "3554.00000", "2016-12-31": "1877.00000", "2015-12-31": "2171.00000", "2014-12-31": "2850.00000", "2013-12-31": "2280.00000", "2012-12-31": "2306.00000", "2011-12-31": "787.00000", "2010-12-31": "911.00000", "2009-12-31": "854.00000", "2008-12-31": "-1679.00000", "2007-12-31": "4636.00000", "2006-12-31": "4993.00000", "2005-12-31": "1765.00000"}, "Total Depreciation And Amortization - Cash Flow": {"2020-12-31": "", "2019-12-31": "753.00000", "2018-12-31": "511.00000", "2017-12-31": "608.00000", "2016-12-31": "382.00000", "2015-12-31": "371.00000", "2014-12-31": "366.00000", "2013-12-31": "368.00000", "2012-12-31": "388.00000", "2011-12-31": "252.00000", "2010-12-31": "94.00000", "2009-12-31": "-91.00000", "2008-12-31": "-376.00000", "2007-12-31": "-257.00000", "2006-12-31": "-188.00000", "2005-12-31": "-67.00000"}, "Other Non-Cash Items": {"2020-12-31": "", "2019-12-31": "-1137.00000", "2018-12-31": "1993.00000", "2017-12-31": "8.00000", "2016-12-31": "811.00000", "2015-12-31": "728.00000", "2014-12-31": "300.00000", "2013-12-31": "1863.00000", "2012-12-31": "971.00000", "2011-12-31": "1149.00000", "2010-12-31": "2615.00000", "2009-12-31": "2702.00000", "2008-12-31": "7507.00000", "2007-12-31": "1456.00000", "2006-12-31": "2416.00000", "2005-12-31": "1867.00000"}, "Total Non-Cash Items": {"2020-12-31": "", "2019-12-31": "-384.00000", "2018-12-31": "2504.00000", "2017-12-31": "616.00000", "2016-12-31": "1193.00000", "2015-12-31": "1099.00000", "2014-12-31": "666.00000", "2013-12-31": "2231.00000", "2012-12-31": "1359.00000", "2011-12-31": "1401.00000", "2010-12-31": "2709.00000", "2009-12-31": "2611.00000", "2008-12-31": "7131.00000", "2007-12-31": "1199.00000", "2006-12-31": "2228.00000", "2005-12-31": "1800.00000"}, "Change In Accounts Receivable": {"2020-12-31": "", "2019-12-31": "21.00000", "2018-12-31": "-1052.00000", "2017-12-31": "-342.00000", "2016-12-31": "-306.00000", "2015-12-31": "-312.00000", "2014-12-31": "-1325.00000", "2013-12-31": "-934.00000", "2012-12-31": "-1685.00000", "2011-12-31": "-683.00000", "2010-12-31": "-255.00000", "2009-12-31": "-59.00000", "2008-12-31": "-251.00000", "2007-12-31": "-302.00000", "2006-12-31": "779.00000", "2005-12-31": "-873.00000"}, "Change In Inventories": {"2020-12-31": "", "2019-12-31": "", "2018-12-31": "", "2017-12-31": "", "2016-12-31": "", "2015-12-31": "", "2014-12-31": "", "2013-12-31": "", "2012-12-31": "", "2011-12-31": "", "2010-12-31": "", "2009-12-31": "", "2008-12-31": "", "2007-12-31": "", "2006-12-31": "", "2005-12-31": ""}, "Change In Accounts Payable": {"2020-12-31": "", "2019-12-31": "293.00000", "2018-12-31": "1384.00000", "2017-12-31": "765.00000", "2016-12-31": "993.00000", "2015-12-31": "1111.00000", "2014-12-31": "1307.00000", "2013-12-31": "547.00000", "2012-12-31": "520.00000", "2011-12-31": "-40.00000", "2010-12-31": "198.00000", "2009-12-31": "-824.00000", "2008-12-31": "267.00000", "2007-12-31": "-266.00000", "2006-12-31": "-3104.00000", "2005-12-31": "3222.00000"}, "Change In Assets/Liabilities": {"2020-12-31": "", "2019-12-31": "-135.00000", "2018-12-31": "559.00000", "2017-12-31": "-227.00000", "2016-12-31": "-181.00000", "2015-12-31": "-334.00000", "2014-12-31": "-467.00000", "2013-12-31": "-455.00000", "2012-12-31": "-144.00000", "2011-12-31": "331.00000", "2010-12-31": "-66.00000", "2009-12-31": "59.00000", "2008-12-31": "306.00000", "2007-12-31": "218.00000", "2006-12-31": "-327.00000", "2005-12-31": "435.00000"}, "Total Change In Assets/Liabilities": {"2020-12-31": "", "2019-12-31": "666.00000", "2018-12-31": "511.00000", "2017-12-31": "144.00000", "2016-12-31": "923.00000", "2015-12-31": "346.00000", "2014-12-31": "-280.00000", "2013-12-31": "-269.00000", "2012-12-31": "-611.00000", "2011-12-31": "-259.00000", "2010-12-31": "69.00000", "2009-12-31": "836.00000", "2008-12-31": "-1542.00000", "2007-12-31": "-402.00000", "2006-12-31": "-2166.00000", "2005-12-31": "2040.00000"}, "Cash Flow From Operating Activities": {"2020-12-31": "", "2019-12-31": "5129.00000", "2018-12-31": "5175.00000", "2017-12-31": "4314.00000", "2016-12-31": "3993.00000", "2015-12-31": "3616.00000", "2014-12-31": "3236.00000", "2013-12-31": "4242.00000", "2012-12-31": "3054.00000", "2011-12-31": "1929.00000", "2010-12-31": "3689.00000", "2009-12-31": "4301.00000", "2008-12-31": "3910.00000", "2007-12-31": "5433.00000", "2006-12-31": "5055.00000", "2005-12-31": "5605.00000"}, "Net Change In Property, Plant, And Equipment": {"2020-12-31": "", "2019-12-31": "-433.00000", "2018-12-31": "-277.00000", "2017-12-31": "-299.00000", "2016-12-31": "-313.00000", "2015-12-31": "-303.00000", "2014-12-31": "-288.00000", "2013-12-31": "-207.00000", "2012-12-31": "-285.00000", "2011-12-31": "-246.00000", "2010-12-31": "-162.00000", "2009-12-31": "-189.00000", "2008-12-31": "-291.00000", "2007-12-31": "-274.00000", "2006-12-31": "-161.00000", "2005-12-31": "-196.00000"}, "Net Change In Intangible Assets": {"2020-12-31": "", "2019-12-31": "", "2018-12-31": "", "2017-12-31": "", "2016-12-31": "", "2015-12-31": "", "2014-12-31": "", "2013-12-31": "", "2012-12-31": "", "2011-12-31": "", "2010-12-31": "", "2009-12-31": "", "2008-12-31": "", "2007-12-31": "", "2006-12-31": "", "2005-12-31": ""}, "Net Acquisitions/Divestitures": {"2020-12-31": "", "2019-12-31": "-18.00000", "2018-12-31": "-558.00000", "2017-12-31": "-1356.00000", "2016-12-31": "", "2015-12-31": "", "2014-12-31": "378.00000", "2013-12-31": "-24.00000", "2012-12-31": "13.00000", "2011-12-31": "-916.00000", "2010-12-31": "7.00000", "2009-12-31": "12.00000", "2008-12-31": "-120.00000", "2007-12-31": "3.00000", "2006-12-31": "-826.00000", "2005-12-31": "-62.00000"}, "Net Change In Short-term Investments": {"2020-12-31": "", "2019-12-31": "-767.00000", "2018-12-31": "-505.00000", "2017-12-31": "2610.00000", "2016-12-31": "-2446.00000", "2015-12-31": "385.00000", "2014-12-31": "272.00000", "2013-12-31": "-427.00000", "2012-12-31": "-698.00000", "2011-12-31": "2182.00000", "2010-12-31": "-382.00000", "2009-12-31": "5981.00000", "2008-12-31": "-8283.00000", "2007-12-31": "-1323.00000", "2006-12-31": "1332.00000", "2005-12-31": "-621.00000"}, "Net Change In Long-Term Investments": {"2020-12-31": "", "2019-12-31": "-1631.00000", "2018-12-31": "-281.00000", "2017-12-31": "-2135.00000", "2016-12-31": "284.00000", "2015-12-31": "712.00000", "2014-12-31": "1213.00000", "2013-12-31": "2141.00000", "2012-12-31": "2493.00000", "2011-12-31": "5556.00000", "2010-12-31": "3388.00000", "2009-12-31": "-2024.00000", "2008-12-31": "12956.00000", "2007-12-31": "1486.00000", "2006-12-31": "-2428.00000", "2005-12-31": "-4254.00000"}, "Net Change In Investments - Total": {"2020-12-31": "", "2019-12-31": "-2398.00000", "2018-12-31": "-786.00000", "2017-12-31": "475.00000", "2016-12-31": "-2162.00000", "2015-12-31": "1097.00000", "2014-12-31": "1485.00000", "2013-12-31": "1714.00000", "2012-12-31": "1795.00000", "2011-12-31": "7738.00000", "2010-12-31": "3006.00000", "2009-12-31": "3957.00000", "2008-12-31": "4673.00000", "2007-12-31": "163.00000", "2006-12-31": "-1096.00000", "2005-12-31": "-4875.00000"}, "Investing Activities - Other": {"2020-12-31": "", "2019-12-31": "42.00000", "2018-12-31": "-98.00000", "2017-12-31": "-30.00000", "2016-12-31": "-51.00000", "2015-12-31": "-52.00000", "2014-12-31": "46.00000", "2013-12-31": "97.00000", "2012-12-31": "58.00000", "2011-12-31": "-415.00000", "2010-12-31": "-519.00000", "2009-12-31": "-340.00000", "2008-12-31": "-474.00000", "2007-12-31": "-7.00000", "2006-12-31": "164.00000", "2005-12-31": "-18.00000"}, "Cash Flow From Investing Activities": {"2020-12-31": "", "2019-12-31": "-2807.00000", "2018-12-31": "-1719.00000", "2017-12-31": "-1210.00000", "2016-12-31": "-2526.00000", "2015-12-31": "742.00000", "2014-12-31": "1621.00000", "2013-12-31": "1580.00000", "2012-12-31": "1581.00000", "2011-12-31": "6161.00000", "2010-12-31": "2332.00000", "2009-12-31": "3440.00000", "2008-12-31": "3788.00000", "2007-12-31": "-115.00000", "2006-12-31": "-1919.00000", "2005-12-31": "-5151.00000"}, "Net Long-Term Debt": {"2020-12-31": "", "2019-12-31": "174.00000", "2018-12-31": "98.00000", "2017-12-31": "", "2016-12-31": "1219.00000", "2015-12-31": "-20.00000", "2014-12-31": "-1006.00000", "2013-12-31": "-356.00000", "2012-12-31": "141.00000", "2011-12-31": "", "2010-12-31": "-2.00000", "2009-12-31": "251.00000", "2008-12-31": "19.00000", "2007-12-31": "978.00000", "2006-12-31": "-207.00000", "2005-12-31": "-416.00000"}, "Net Current Debt": {"2020-12-31": "", "2019-12-31": "", "2018-12-31": "", "2017-12-31": "", "2016-12-31": "", "2015-12-31": "", "2014-12-31": "", "2013-12-31": "", "2012-12-31": "", "2011-12-31": "", "2010-12-31": "", "2009-12-31": "", "2008-12-31": "", "2007-12-31": "-12.00000", "2006-12-31": "-401.00000", "2005-12-31": "370.00000"}, "Debt Issuance/Retirement Net - Total": {"2020-12-31": "", "2019-12-31": "174.00000", "2018-12-31": "98.00000", "2017-12-31": "", "2016-12-31": "1219.00000", "2015-12-31": "-20.00000", "2014-12-31": "-1006.00000", "2013-12-31": "-356.00000", "2012-12-31": "141.00000", "2011-12-31": "", "2010-12-31": "-2.00000", "2009-12-31": "251.00000", "2008-12-31": "19.00000", "2007-12-31": "966.00000", "2006-12-31": "-608.00000", "2005-12-31": "-46.00000"}, "Net Common Equity Issued/Repurchased": {"2020-12-31": "", "2019-12-31": "-1615.00000", "2018-12-31": "-2230.00000", "2017-12-31": "-1360.00000", "2016-12-31": "-1173.00000", "2015-12-31": "-2678.00000", "2014-12-31": "-2035.00000", "2013-12-31": "-1664.00000", "2012-12-31": "-828.00000", "2011-12-31": "-934.00000", "2010-12-31": "-124.00000", "2009-12-31": "-1.00000", "2008-12-31": "-1290.00000", "2007-12-31": "-3495.00000", "2006-12-31": "-1531.00000", "2005-12-31": "-2203.00000"}, "Net Total Equity Issued/Repurchased": {"2020-12-31": "", "2019-12-31": "-1333.00000", "2018-12-31": "-2058.00000", "2017-12-31": "-1360.00000", "2016-12-31": "-1173.00000", "2015-12-31": "-2678.00000", "2014-12-31": "-1070.00000", "2013-12-31": "-883.00000", "2012-12-31": "-828.00000", "2011-12-31": "-934.00000", "2010-12-31": "-124.00000", "2009-12-31": "-1.00000", "2008-12-31": "-1290.00000", "2007-12-31": "-3495.00000", "2006-12-31": "-1531.00000", "2005-12-31": "-2203.00000"}, "Total Common And Preferred Stock Dividends Paid": {"2020-12-31": "", "2019-12-31": "-787.00000", "2018-12-31": "-748.00000", "2017-12-31": "-641.00000", "2016-12-31": "-602.00000", "2015-12-31": "-599.00000", "2014-12-31": "-564.00000", "2013-12-31": "-358.00000", "2012-12-31": "-534.00000", "2011-12-31": "-435.00000", "2010-12-31": "-430.00000", "2009-12-31": "-542.00000", "2008-12-31": "-889.00000", "2007-12-31": "-901.00000", "2006-12-31": "-873.00000", "2005-12-31": "-830.00000"}, "Financial Activities - Other": {"2020-12-31": "", "2019-12-31": "-537.00000", "2018-12-31": "-866.00000", "2017-12-31": "-922.00000", "2016-12-31": "-970.00000", "2015-12-31": "-1223.00000", "2014-12-31": "-2235.00000", "2013-12-31": "-4356.00000", "2012-12-31": "-3384.00000", "2011-12-31": "-6507.00000", "2010-12-31": "-5515.00000", "2009-12-31": "-7252.00000", "2008-12-31": "-5545.00000", "2007-12-31": "-1909.00000", "2006-12-31": "6.00000", "2005-12-31": "2524.00000"}, "Cash Flow From Financial Activities": {"2020-12-31": "", "2019-12-31": "-2483.00000", "2018-12-31": "-3574.00000", "2017-12-31": "-2923.00000", "2016-12-31": "-1526.00000", "2015-12-31": "-4520.00000", "2014-12-31": "-4875.00000", "2013-12-31": "-5953.00000", "2012-12-31": "-4605.00000", "2011-12-31": "-7876.00000", "2010-12-31": "-6071.00000", "2009-12-31": "-7544.00000", "2008-12-31": "-7705.00000", "2007-12-31": "-5339.00000", "2006-12-31": "-3006.00000", "2005-12-31": "-555.00000"}, "Net Cash Flow": {"2020-12-31": "", "2019-12-31": "-161.00000", "2018-12-31": "-118.00000", "2017-12-31": "181.00000", "2016-12-31": "-59.00000", "2015-12-31": "-162.00000", "2014-12-31": "-18.00000", "2013-12-31": "-131.00000", "2012-12-31": "30.00000", "2011-12-31": "214.00000", "2010-12-31": "-50.00000", "2009-12-31": "197.00000", "2008-12-31": "-7.00000", "2007-12-31": "-21.00000", "2006-12-31": "130.00000", "2005-12-31": "-101.00000"}, "Stock-Based Compensation": {"2020-12-31": "", "2019-12-31": "", "2018-12-31": "", "2017-12-31": "", "2016-12-31": "", "2015-12-31": "", "2014-12-31": "", "2013-12-31": "", "2012-12-31": "", "2011-12-31": "", "2010-12-31": "", "2009-12-31": "", "2008-12-31": "", "2007-12-31": "", "2006-12-31": "", "2005-12-31": ""}, "Common Stock Dividends Paid": {"2020-12-31": "", "2019-12-31": "-653.00000", "2018-12-31": "-614.00000", "2017-12-31": "-525.00000", "2016-12-31": "-486.00000", "2015-12-31": "-483.00000", "2014-12-31": "-477.00000", "2013-12-31": "-352.00000", "2012-12-31": "-534.00000", "2011-12-31": "-435.00000", "2010-12-31": "-430.00000", "2009-12-31": "-542.00000", "2008-12-31": "-889.00000", "2007-12-31": "-901.00000", "2006-12-31": "-873.00000", "2005-12-31": "-830.00000"}}, "cash flow statement, quarterly": {"Net Income/Loss": {"2020-12-31": -2952, "2020-09-30": 1153, "2020-06-30": 1250, "2020-03-31": "549.00000", "2019-12-31": 1773, "2019-09-30": 931, "2019-06-30": 851, "2019-03-31": "1292.00000", "2018-12-31": -542, "2018-09-30": 979, "2018-06-30": 717, "2018-03-31": "1006.00000", "2017-12-31": 1614, "2017-09-30": 666, "2017-06-30": 579, "2017-03-31": "695.00000", "2016-12-31": 840, "2016-09-30": 520, "2016-06-30": 271, "2016-03-31": "246.00000", "2015-12-31": 489, "2015-09-30": 650, "2015-06-30": 355, "2015-03-31": "677.00000", "2014-12-31": 824, "2014-09-30": 781, "2014-06-30": 645, "2014-03-31": "600.00000", "2013-12-31": 821, "2013-09-30": 316, "2013-06-30": 434, "2013-03-31": "709.00000", "2012-12-31": 394, "2012-09-30": 723, "2012-06-30": 423, "2012-03-31": "766.00000", "2011-12-31": 712, "2011-09-30": 175, "2011-06-30": -624, "2011-03-31": "524.00000", "2010-12-31": 279, "2010-09-30": 367, "2010-06-30": 145, "2010-03-31": "120.00000", "2009-12-31": 518, "2009-09-30": 221, "2009-06-30": 389, "2009-03-31": "-274.00000", "2008-12-31": -1129, "2008-09-30": -923, "2008-06-30": 25, "2008-03-31": "348.00000", "2007-12-31": 760, "2007-09-30": 978, "2007-06-30": 1403, "2007-03-31": "1495.00000", "2006-12-31": 1213, "2006-09-30": 1158, "2006-06-30": 1207, "2006-03-31": "1415.00000", "2005-12-31": 1041, "2005-09-30": -1548, "2005-06-30": 1149, "2005-03-31": "1123.00000"}, "Total Depreciation And Amortization - Cash Flow": {"2020-12-31": -500, "2020-09-30": 182, "2020-06-30": 163, "2020-03-31": "155.00000", "2019-12-31": 277, "2019-09-30": 159, "2019-06-30": 160, "2019-03-31": "157.00000", "2018-12-31": 135, "2018-09-30": 128, "2018-06-30": 126, "2018-03-31": "122.00000", "2017-12-31": 250, "2017-09-30": 120, "2017-06-30": 119, "2017-03-31": "119.00000", "2016-12-31": 97, "2016-09-30": 97, "2016-06-30": 97, "2016-03-31": "91.00000", "2015-12-31": 96, "2015-09-30": 96, "2015-06-30": 92, "2015-03-31": "87.00000", "2014-12-31": 89, "2014-09-30": 88, "2014-06-30": 91, "2014-03-31": "98.00000", "2013-12-31": 122, "2013-09-30": 66, "2013-06-30": 93, "2013-03-31": "87.00000", "2012-12-31": 95, "2012-09-30": 92, "2012-06-30": 105, "2012-03-31": "96.00000", "2011-12-31": 103, "2011-09-30": 60, "2011-06-30": 58, "2011-03-31": "31.00000", "2010-12-31": 39, "2010-09-30": 29, "2010-06-30": 10, "2010-03-31": "16.00000", "2009-12-31": -4, "2009-09-30": -1, "2009-06-30": -12, "2009-03-31": "-74.00000", "2008-12-31": -109, "2008-09-30": -126, "2008-06-30": -82, "2008-03-31": "-59.00000", "2007-12-31": -68, "2007-09-30": -75, "2007-06-30": -66, "2007-03-31": "-48.00000", "2006-12-31": -32, "2006-09-30": -62, "2006-06-30": -58, "2006-03-31": "-36.00000", "2005-12-31": -30, "2005-09-30": -8, "2005-06-30": -10, "2005-03-31": "-19.00000"}, "Other Non-Cash Items": {"2020-12-31": -117, "2020-09-30": -362, "2020-06-30": -432, "2020-03-31": "911.00000", "2019-12-31": -858, "2019-09-30": 197, "2019-06-30": 10, "2019-03-31": "-486.00000", "2018-12-31": 1557, "2018-09-30": -53, "2018-06-30": 181, "2018-03-31": "308.00000", "2017-12-31": -181, "2017-09-30": 70, "2017-06-30": 82, "2017-03-31": "37.00000", "2016-12-31": 165, "2016-09-30": 149, "2016-06-30": 160, "2016-03-31": "337.00000", "2015-12-31": 432, "2015-09-30": 159, "2015-06-30": 76, "2015-03-31": "61.00000", "2014-12-31": 93, "2014-09-30": -69, "2014-06-30": -36, "2014-03-31": "312.00000", "2013-12-31": 209, "2013-09-30": 1013, "2013-06-30": 429, "2013-03-31": "212.00000", "2012-12-31": 150, "2012-09-30": 278, "2012-06-30": 336, "2012-03-31": "207.00000", "2011-12-31": 316, "2011-09-30": 138, "2011-06-30": 353, "2011-03-31": "342.00000", "2010-12-31": 326, "2010-09-30": 580, "2010-06-30": 899, "2010-03-31": "810.00000", "2009-12-31": 522, "2009-09-30": 1013, "2009-06-30": 232, "2009-03-31": "935.00000", "2008-12-31": 2570, "2008-09-30": 1871, "2008-06-30": 1778, "2008-03-31": "1288.00000", "2007-12-31": 594, "2007-09-30": 558, "2007-06-30": 126, "2007-03-31": "178.00000", "2006-12-31": 478, "2006-09-30": 729, "2006-06-30": 735, "2006-03-31": "474.00000", "2005-12-31": 519, "2005-09-30": 413, "2005-06-30": 456, "2005-03-31": "479.00000"}, "Total Non-Cash Items": {"2020-12-31": -617, "2020-09-30": -180, "2020-06-30": -269, "2020-03-31": "1066.00000", "2019-12-31": -581, "2019-09-30": 356, "2019-06-30": 170, "2019-03-31": "-329.00000", "2018-12-31": 1692, "2018-09-30": 75, "2018-06-30": 307, "2018-03-31": "430.00000", "2017-12-31": 69, "2017-09-30": 190, "2017-06-30": 201, "2017-03-31": "156.00000", "2016-12-31": 262, "2016-09-30": 246, "2016-06-30": 257, "2016-03-31": "428.00000", "2015-12-31": 528, "2015-09-30": 255, "2015-06-30": 168, "2015-03-31": "148.00000", "2014-12-31": 182, "2014-09-30": 19, "2014-06-30": 55, "2014-03-31": "410.00000", "2013-12-31": 331, "2013-09-30": 1079, "2013-06-30": 522, "2013-03-31": "299.00000", "2012-12-31": 245, "2012-09-30": 370, "2012-06-30": 441, "2012-03-31": "303.00000", "2011-12-31": 419, "2011-09-30": 198, "2011-06-30": 411, "2011-03-31": "373.00000", "2010-12-31": 365, "2010-09-30": 609, "2010-06-30": 909, "2010-03-31": "826.00000", "2009-12-31": 518, "2009-09-30": 1012, "2009-06-30": 220, "2009-03-31": "861.00000", "2008-12-31": 2461, "2008-09-30": 1745, "2008-06-30": 1696, "2008-03-31": "1229.00000", "2007-12-31": 526, "2007-09-30": 483, "2007-06-30": 60, "2007-03-31": "130.00000", "2006-12-31": 446, "2006-09-30": 667, "2006-06-30": 677, "2006-03-31": "438.00000", "2005-12-31": 489, "2005-09-30": 405, "2005-06-30": 446, "2005-03-31": "460.00000"}, "Change In Accounts Receivable": {"2020-12-31": 32, "2020-09-30": -57, "2020-06-30": -25, "2020-03-31": "50.00000", "2019-12-31": 246, "2019-09-30": -251, "2019-06-30": -114, "2019-03-31": "140.00000", "2018-12-31": -527, "2018-09-30": -331, "2018-06-30": -124, "2018-03-31": "-70.00000", "2017-12-31": 942, "2017-09-30": -1239, "2017-06-30": -37, "2017-03-31": "-8.00000", "2016-12-31": 350, "2016-09-30": -509, "2016-06-30": -118, "2016-03-31": "-29.00000", "2015-12-31": 111, "2015-09-30": -121, "2015-06-30": -212, "2015-03-31": "-90.00000", "2014-12-31": -829, "2014-09-30": -305, "2014-06-30": -100, "2014-03-31": "-91.00000", "2013-12-31": -928, "2013-09-30": -252, "2013-06-30": -138, "2013-03-31": "384.00000", "2012-12-31": -1368, "2012-09-30": -335, "2012-06-30": -58, "2012-03-31": "76.00000", "2011-12-31": -250, "2011-09-30": -371, "2011-06-30": 52, "2011-03-31": "-114.00000", "2010-12-31": 111, "2010-09-30": -169, "2010-06-30": -149, "2010-03-31": "-48.00000", "2009-12-31": 150, "2009-09-30": -131, "2009-06-30": -68, "2009-03-31": "-10.00000", "2008-12-31": 224, "2008-09-30": -514, "2008-06-30": 58, "2008-03-31": "-19.00000", "2007-12-31": 103, "2007-09-30": -198, "2007-06-30": -121, "2007-03-31": "-86.00000", "2006-12-31": 182, "2006-09-30": -117, "2006-06-30": 285, "2006-03-31": "429.00000", "2005-12-31": -411, "2005-09-30": -408, "2005-06-30": 22, "2005-03-31": "-76.00000"}, "Change In Inventories": {"2020-12-31": 0, "2020-09-30": 0, "2020-06-30": 0, "2020-03-31": "", "2019-12-31": 0, "2019-09-30": 0, "2019-06-30": 0, "2019-03-31": "", "2018-12-31": 0, "2018-09-30": 0, "2018-06-30": 0, "2018-03-31": "", "2017-12-31": 0, "2017-09-30": 0, "2017-06-30": 0, "2017-03-31": "", "2016-12-31": 0, "2016-09-30": 0, "2016-06-30": 0, "2016-03-31": "", "2015-12-31": 0, "2015-09-30": 0, "2015-06-30": 0, "2015-03-31": "", "2014-12-31": 0, "2014-09-30": 0, "2014-06-30": 0, "2014-03-31": "", "2013-12-31": 0, "2013-09-30": 0, "2013-06-30": 0, "2013-03-31": "", "2012-12-31": 0, "2012-09-30": 0, "2012-06-30": 0, "2012-03-31": "", "2011-12-31": 0, "2011-09-30": 0, "2011-06-30": 0, "2011-03-31": "", "2010-12-31": 0, "2010-09-30": 0, "2010-06-30": 0, "2010-03-31": "", "2009-12-31": 0, "2009-09-30": 0, "2009-06-30": 0, "2009-03-31": "", "2008-12-31": 0, "2008-09-30": 0, "2008-06-30": 0, "2008-03-31": "", "2007-12-31": 0, "2007-09-30": 0, "2007-06-30": 0, "2007-03-31": "", "2006-12-31": 0, "2006-09-30": 0, "2006-06-30": 0, "2006-03-31": "", "2005-12-31": 0, "2005-09-30": 0, "2005-06-30": 0, "2005-03-31": ""}, "Change In Accounts Payable": {"2020-12-31": -637, "2020-09-30": 1088, "2020-06-30": 475, "2020-03-31": "-926.00000", "2019-12-31": -549, "2019-09-30": 417, "2019-06-30": 740, "2019-03-31": "-315.00000", "2018-12-31": 509, "2018-09-30": 686, "2018-06-30": 757, "2018-03-31": "-568.00000", "2017-12-31": -1036, "2017-09-30": 1539, "2017-06-30": 327, "2017-03-31": "-65.00000", "2016-12-31": -525, "2016-09-30": 879, "2016-06-30": 385, "2016-03-31": "254.00000", "2015-12-31": -151, "2015-09-30": 492, "2015-06-30": 772, "2015-03-31": "-2.00000", "2014-12-31": 435, "2014-09-30": 482, "2014-06-30": 500, "2014-03-31": "-110.00000", "2013-12-31": 664, "2013-09-30": 325, "2013-06-30": 218, "2013-03-31": "-660.00000", "2012-12-31": 868, "2012-09-30": 2, "2012-06-30": 176, "2012-03-31": "-526.00000", "2011-12-31": -806, "2011-09-30": 188, "2011-06-30": 884, "2011-03-31": "-306.00000", "2010-12-31": -117, "2010-09-30": 144, "2010-06-30": 244, "2010-03-31": "-73.00000", "2009-12-31": -370, "2009-09-30": -23, "2009-06-30": 143, "2009-03-31": "-574.00000", "2008-12-31": -912, "2008-09-30": 1504, "2008-06-30": -52, "2008-03-31": "-273.00000", "2007-12-31": -194, "2007-09-30": 249, "2007-06-30": 82, "2007-03-31": "-403.00000", "2006-12-31": -416, "2006-09-30": 18, "2006-06-30": -657, "2006-03-31": "-2049.00000", "2005-12-31": -1519, "2005-09-30": 5017, "2005-06-30": 125, "2005-03-31": "-401.00000"}, "Change In Assets/Liabilities": {"2020-12-31": -615, "2020-09-30": 166, "2020-06-30": 189, "2020-03-31": "260.00000", "2019-12-31": 112, "2019-09-30": 285, "2019-06-30": -155, "2019-03-31": "-377.00000", "2018-12-31": 427, "2018-09-30": 259, "2018-06-30": 234, "2018-03-31": "-361.00000", "2017-12-31": -318, "2017-09-30": 549, "2017-06-30": -253, "2017-03-31": "-205.00000", "2016-12-31": -63, "2016-09-30": 42, "2016-06-30": -1, "2016-03-31": "-159.00000", "2015-12-31": 12, "2015-09-30": -116, "2015-06-30": -4, "2015-03-31": "-226.00000", "2014-12-31": 29, "2014-09-30": 17, "2014-06-30": -246, "2014-03-31": "-267.00000", "2013-12-31": 165, "2013-09-30": -122, "2013-06-30": -229, "2013-03-31": "-269.00000", "2012-12-31": 268, "2012-09-30": -244, "2012-06-30": -23, "2012-03-31": "-145.00000", "2011-12-31": -133, "2011-09-30": 178, "2011-06-30": 240, "2011-03-31": "46.00000", "2010-12-31": 14, "2010-09-30": -126, "2010-06-30": -20, "2010-03-31": "66.00000", "2009-12-31": -515, "2009-09-30": 138, "2009-06-30": 360, "2009-03-31": "76.00000", "2008-12-31": 398, "2008-09-30": 260, "2008-06-30": -140, "2008-03-31": "-212.00000", "2007-12-31": 179, "2007-09-30": 118, "2007-06-30": 90, "2007-03-31": "-169.00000", "2006-12-31": -46, "2006-09-30": 112, "2006-06-30": -1, "2006-03-31": "-392.00000", "2005-12-31": 329, "2005-09-30": -77, "2005-06-30": 185, "2005-03-31": "-2.00000"}, "Total Change In Assets/Liabilities": {"2020-12-31": -603, "2020-09-30": 323, "2020-06-30": 868, "2020-03-31": "-588.00000", "2019-12-31": 42, "2019-09-30": 546, "2019-06-30": 327, "2019-03-31": "-249.00000", "2018-12-31": 207, "2018-09-30": 674, "2018-06-30": 440, "2018-03-31": "-810.00000", "2017-12-31": -583, "2017-09-30": 1010, "2017-06-30": -289, "2017-03-31": "6.00000", "2016-12-31": 149, "2016-09-30": 618, "2016-06-30": 116, "2016-03-31": "40.00000", "2015-12-31": -87, "2015-09-30": 478, "2015-06-30": 214, "2015-03-31": "-259.00000", "2014-12-31": -335, "2014-09-30": 564, "2014-06-30": 27, "2014-03-31": "-536.00000", "2013-12-31": 19, "2013-09-30": 123, "2013-06-30": -143, "2013-03-31": "-268.00000", "2012-12-31": -203, "2012-09-30": -249, "2012-06-30": 103, "2012-03-31": "-262.00000", "2011-12-31": -873, "2011-09-30": 38, "2011-06-30": 747, "2011-03-31": "-171.00000", "2010-12-31": 22, "2010-09-30": -47, "2010-06-30": 76, "2010-03-31": "18.00000", "2009-12-31": -250, "2009-09-30": -200, "2009-06-30": 351, "2009-03-31": "935.00000", "2008-12-31": -978, "2008-09-30": 435, "2008-06-30": -542, "2008-03-31": "-457.00000", "2007-12-31": 29, "2007-09-30": 63, "2007-06-30": -397, "2007-03-31": "-97.00000", "2006-12-31": -249, "2006-09-30": -247, "2006-06-30": -668, "2006-03-31": "-1002.00000", "2005-12-31": -1194, "2005-09-30": 3244, "2005-06-30": 183, "2005-03-31": "-193.00000"}, "Cash Flow From Operating Activities": {"2020-12-31": -4172, "2020-09-30": 1296, "2020-06-30": 1849, "2020-03-31": "1027.00000", "2019-12-31": 1234, "2019-09-30": 1833, "2019-06-30": 1348, "2019-03-31": "714.00000", "2018-12-31": 1357, "2018-09-30": 1728, "2018-06-30": 1464, "2018-03-31": "626.00000", "2017-12-31": 1100, "2017-09-30": 1866, "2017-06-30": 491, "2017-03-31": "857.00000", "2016-12-31": 1251, "2016-09-30": 1384, "2016-06-30": 644, "2016-03-31": "714.00000", "2015-12-31": 930, "2015-09-30": 1383, "2015-06-30": 737, "2015-03-31": "566.00000", "2014-12-31": 671, "2014-09-30": 1364, "2014-06-30": 727, "2014-03-31": "474.00000", "2013-12-31": 1171, "2013-09-30": 1518, "2013-06-30": 813, "2013-03-31": "740.00000", "2012-12-31": 436, "2012-09-30": 844, "2012-06-30": 967, "2012-03-31": "807.00000", "2011-12-31": 258, "2011-09-30": 411, "2011-06-30": 534, "2011-03-31": "726.00000", "2010-12-31": 666, "2010-09-30": 929, "2010-06-30": 1130, "2010-03-31": "964.00000", "2009-12-31": 786, "2009-09-30": 1033, "2009-06-30": 960, "2009-03-31": "1522.00000", "2008-12-31": 354, "2008-09-30": 1257, "2008-06-30": 1179, "2008-03-31": "1120.00000", "2007-12-31": 1315, "2007-09-30": 1524, "2007-06-30": 1066, "2007-03-31": "1528.00000", "2006-12-31": 1410, "2006-09-30": 1578, "2006-06-30": 1216, "2006-03-31": "851.00000", "2005-12-31": 336, "2005-09-30": 2101, "2005-06-30": 1778, "2005-03-31": "1390.00000"}, "Net Change In Property, Plant, And Equipment": {"2020-12-31": 235, "2020-09-30": -69, "2020-06-30": -101, "2020-03-31": "-65.00000", "2019-12-31": -140, "2019-09-30": -120, "2019-06-30": -93, "2019-03-31": "-80.00000", "2018-12-31": -82, "2018-09-30": -67, "2018-06-30": -66, "2018-03-31": "-62.00000", "2017-12-31": -83, "2017-09-30": -70, "2017-06-30": -72, "2017-03-31": "-74.00000", "2016-12-31": -123, "2016-09-30": -70, "2016-06-30": -68, "2016-03-31": "-52.00000", "2015-12-31": -84, "2015-09-30": -86, "2015-06-30": -74, "2015-03-31": "-59.00000", "2014-12-31": -81, "2014-09-30": -83, "2014-06-30": -69, "2014-03-31": "-55.00000", "2013-12-31": -91, "2013-09-30": -73, "2013-06-30": 17, "2013-03-31": "-60.00000", "2012-12-31": -109, "2012-09-30": -60, "2012-06-30": -65, "2012-03-31": "-51.00000", "2011-12-31": -86, "2011-09-30": -54, "2011-06-30": -58, "2011-03-31": "-48.00000", "2010-12-31": -48, "2010-09-30": -45, "2010-06-30": -45, "2010-03-31": "-24.00000", "2009-12-31": -46, "2009-09-30": -39, "2009-06-30": -51, "2009-03-31": "-53.00000", "2008-12-31": -138, "2008-09-30": -55, "2008-06-30": -46, "2008-03-31": "-52.00000", "2007-12-31": -62, "2007-09-30": -62, "2007-06-30": -72, "2007-03-31": "-78.00000", "2006-12-31": -53, "2006-09-30": 5, "2006-06-30": -46, "2006-03-31": "-67.00000", "2005-12-31": -10, "2005-09-30": -56, "2005-06-30": -73, "2005-03-31": "-57.00000"}, "Net Change In Intangible Assets": {"2020-12-31": 0, "2020-09-30": 0, "2020-06-30": 0, "2020-03-31": "", "2019-12-31": 0, "2019-09-30": 0, "2019-06-30": 0, "2019-03-31": "", "2018-12-31": 0, "2018-09-30": 0, "2018-06-30": 0, "2018-03-31": "", "2017-12-31": 0, "2017-09-30": 0, "2017-06-30": 0, "2017-03-31": "", "2016-12-31": 0, "2016-09-30": 0, "2016-06-30": 0, "2016-03-31": "", "2015-12-31": 0, "2015-09-30": 0, "2015-06-30": 0, "2015-03-31": "", "2014-12-31": 0, "2014-09-30": 0, "2014-06-30": 0, "2014-03-31": "", "2013-12-31": 0, "2013-09-30": 0, "2013-06-30": 0, "2013-03-31": "", "2012-12-31": 0, "2012-09-30": 0, "2012-06-30": 0, "2012-03-31": "", "2011-12-31": 0, "2011-09-30": 0, "2011-06-30": 0, "2011-03-31": "", "2010-12-31": 0, "2010-09-30": 0, "2010-06-30": 0, "2010-03-31": "", "2009-12-31": 0, "2009-09-30": 0, "2009-06-30": 0, "2009-03-31": "", "2008-12-31": 0, "2008-09-30": 0, "2008-06-30": 0, "2008-03-31": "", "2007-12-31": 0, "2007-09-30": 0, "2007-06-30": 0, "2007-03-31": "", "2006-12-31": 0, "2006-09-30": 0, "2006-06-30": 0, "2006-03-31": "", "2005-12-31": 0, "2005-09-30": 0, "2005-06-30": 0, "2005-03-31": ""}, "Net Acquisitions/Divestitures": {"2020-12-31": -1, "2020-09-30": 0, "2020-06-30": 1, "2020-03-31": "", "2019-12-31": 0, "2019-09-30": 0, "2019-06-30": 0, "2019-03-31": "-18.00000", "2018-12-31": -548, "2018-09-30": 0, "2018-06-30": -5, "2018-03-31": "-5.00000", "2017-12-31": 0, "2017-09-30": 0, "2017-06-30": 0, "2017-03-31": "-1356.00000", "2016-12-31": 0, "2016-09-30": 0, "2016-06-30": 0, "2016-03-31": "", "2015-12-31": 0, "2015-09-30": 0, "2015-06-30": 0, "2015-03-31": "", "2014-12-31": 0, "2014-09-30": 0, "2014-06-30": 380, "2014-03-31": "-2.00000", "2013-12-31": 0, "2013-09-30": -24, "2013-06-30": 0, "2013-03-31": "", "2012-12-31": 0, "2012-09-30": 13, "2012-06-30": 1, "2012-03-31": "-1.00000", "2011-12-31": -917, "2011-09-30": 2, "2011-06-30": 0, "2011-03-31": "-1.00000", "2010-12-31": 0, "2010-09-30": 7, "2010-06-30": 0, "2010-03-31": "", "2009-12-31": 0, "2009-09-30": 0, "2009-06-30": 0, "2009-03-31": "12.00000", "2008-12-31": 0, "2008-09-30": 0, "2008-06-30": -120, "2008-03-31": "", "2007-12-31": -3, "2007-09-30": 6, "2007-06-30": 0, "2007-03-31": "", "2006-12-31": -14, "2006-09-30": 0, "2006-06-30": -812, "2006-03-31": "", "2005-12-31": -60, "2005-09-30": 0, "2005-06-30": -2, "2005-03-31": ""}, "Net Change In Short-term Investments": {"2020-12-31": 515, "2020-09-30": 962, "2020-06-30": 476, "2020-03-31": "-1953.00000", "2019-12-31": 676, "2019-09-30": -1296, "2019-06-30": 405, "2019-03-31": "-552.00000", "2018-12-31": 160, "2018-09-30": -153, "2018-06-30": 1021, "2018-03-31": "-1533.00000", "2017-12-31": 353, "2017-09-30": 115, "2017-06-30": 570, "2017-03-31": "1572.00000", "2016-12-31": -2540, "2016-09-30": 763, "2016-06-30": 688, "2016-03-31": "-1357.00000", "2015-12-31": 962, "2015-09-30": -186, "2015-06-30": -328, "2015-03-31": "-63.00000", "2014-12-31": 7, "2014-09-30": 325, "2014-06-30": -249, "2014-03-31": "189.00000", "2013-12-31": 117, "2013-09-30": -121, "2013-06-30": 385, "2013-03-31": "-808.00000", "2012-12-31": 586, "2012-09-30": -892, "2012-06-30": -13, "2012-03-31": "-379.00000", "2011-12-31": 2118, "2011-09-30": -1102, "2011-06-30": -483, "2011-03-31": "1649.00000", "2010-12-31": -486, "2010-09-30": -335, "2010-06-30": 28, "2010-03-31": "411.00000", "2009-12-31": 544, "2009-09-30": 2270, "2009-06-30": 2460, "2009-03-31": "707.00000", "2008-12-31": -1503, "2008-09-30": -176, "2008-06-30": -3174, "2008-03-31": "-3430.00000", "2007-12-31": 224, "2007-09-30": -1643, "2007-06-30": 333, "2007-03-31": "-237.00000", "2006-12-31": 674, "2006-09-30": 398, "2006-06-30": 322, "2006-03-31": "-62.00000", "2005-12-31": -1067, "2005-09-30": 170, "2005-06-30": 232, "2005-03-31": "44.00000"}, "Net Change In Long-Term Investments": {"2020-12-31": 494, "2020-09-30": -1178, "2020-06-30": -1365, "2020-03-31": "2049.00000", "2019-12-31": -150, "2019-09-30": -677, "2019-06-30": -1144, "2019-03-31": "340.00000", "2018-12-31": 1277, "2018-09-30": -932, "2018-06-30": -1002, "2018-03-31": "376.00000", "2017-12-31": -408, "2017-09-30": -1037, "2017-06-30": -278, "2017-03-31": "-412.00000", "2016-12-31": 786, "2016-09-30": -1506, "2016-06-30": -520, "2016-03-31": "1524.00000", "2015-12-31": -1195, "2015-09-30": 313, "2015-06-30": 401, "2015-03-31": "1193.00000", "2014-12-31": -277, "2014-09-30": 712, "2014-06-30": -430, "2014-03-31": "1208.00000", "2013-12-31": -684, "2013-09-30": -202, "2013-06-30": 2057, "2013-03-31": "970.00000", "2012-12-31": 543, "2012-09-30": 1033, "2012-06-30": 398, "2012-03-31": "519.00000", "2011-12-31": 299, "2011-09-30": 3131, "2011-06-30": 2322, "2011-03-31": "-196.00000", "2010-12-31": 1250, "2010-09-30": 627, "2010-06-30": 886, "2010-03-31": "625.00000", "2009-12-31": 677, "2009-09-30": -2088, "2009-06-30": -1344, "2009-03-31": "731.00000", "2008-12-31": 3365, "2008-09-30": 2876, "2008-06-30": 2897, "2008-03-31": "3818.00000", "2007-12-31": 757, "2007-09-30": 98, "2007-06-30": 966, "2007-03-31": "-335.00000", "2006-12-31": 187, "2006-09-30": -1383, "2006-06-30": -1153, "2006-03-31": "-79.00000", "2005-12-31": 141, "2005-09-30": -304, "2005-06-30": -1959, "2005-03-31": "-2132.00000"}, "Net Change In Investments - Total": {"2020-12-31": 1009, "2020-09-30": -216, "2020-06-30": -889, "2020-03-31": "96.00000", "2019-12-31": 526, "2019-09-30": -1973, "2019-06-30": -739, "2019-03-31": "-212.00000", "2018-12-31": 1437, "2018-09-30": -1085, "2018-06-30": 19, "2018-03-31": "-1157.00000", "2017-12-31": -55, "2017-09-30": -922, "2017-06-30": 292, "2017-03-31": "1160.00000", "2016-12-31": -1754, "2016-09-30": -743, "2016-06-30": 168, "2016-03-31": "167.00000", "2015-12-31": -233, "2015-09-30": 127, "2015-06-30": 73, "2015-03-31": "1130.00000", "2014-12-31": -270, "2014-09-30": 1037, "2014-06-30": -679, "2014-03-31": "1397.00000", "2013-12-31": -567, "2013-09-30": -323, "2013-06-30": 2442, "2013-03-31": "162.00000", "2012-12-31": 1129, "2012-09-30": 141, "2012-06-30": 385, "2012-03-31": "140.00000", "2011-12-31": 2417, "2011-09-30": 2029, "2011-06-30": 1839, "2011-03-31": "1453.00000", "2010-12-31": 764, "2010-09-30": 292, "2010-06-30": 914, "2010-03-31": "1036.00000", "2009-12-31": 1221, "2009-09-30": 182, "2009-06-30": 1116, "2009-03-31": "1438.00000", "2008-12-31": 1862, "2008-09-30": 2700, "2008-06-30": -277, "2008-03-31": "388.00000", "2007-12-31": 981, "2007-09-30": -1545, "2007-06-30": 1299, "2007-03-31": "-572.00000", "2006-12-31": 861, "2006-09-30": -985, "2006-06-30": -831, "2006-03-31": "-141.00000", "2005-12-31": -926, "2005-09-30": -134, "2005-06-30": -1727, "2005-03-31": "-2088.00000"}, "Investing Activities - Other": {"2020-12-31": 0, "2020-09-30": 0, "2020-06-30": -37, "2020-03-31": "37.00000", "2019-12-31": 42, "2019-09-30": 0, "2019-06-30": -47, "2019-03-31": "47.00000", "2018-12-31": -70, "2018-09-30": 7, "2018-06-30": -8, "2018-03-31": "-27.00000", "2017-12-31": -2, "2017-09-30": -135, "2017-06-30": 117, "2017-03-31": "-10.00000", "2016-12-31": 9, "2016-09-30": -21, "2016-06-30": -20, "2016-03-31": "-19.00000", "2015-12-31": -36, "2015-09-30": 0, "2015-06-30": -18, "2015-03-31": "2.00000", "2014-12-31": -12, "2014-09-30": 9, "2014-06-30": 13, "2014-03-31": "36.00000", "2013-12-31": 5, "2013-09-30": 1, "2013-06-30": 57, "2013-03-31": "34.00000", "2012-12-31": 64, "2012-09-30": 51, "2012-06-30": -48, "2012-03-31": "-9.00000", "2011-12-31": -58, "2011-09-30": -187, "2011-06-30": -51, "2011-03-31": "-119.00000", "2010-12-31": -55, "2010-09-30": -336, "2010-06-30": -79, "2010-03-31": "-49.00000", "2009-12-31": -196, "2009-09-30": -64, "2009-06-30": -32, "2009-03-31": "-48.00000", "2008-12-31": -54, "2008-09-30": -146, "2008-06-30": -48, "2008-03-31": "-226.00000", "2007-12-31": -112, "2007-09-30": 1812, "2007-06-30": -1773, "2007-03-31": "66.00000", "2006-12-31": 254, "2006-09-30": -90, "2006-06-30": 3, "2006-03-31": "-3.00000", "2005-12-31": 39, "2005-09-30": -23, "2005-06-30": -59, "2005-03-31": "25.00000"}, "Cash Flow From Investing Activities": {"2020-12-31": 1243, "2020-09-30": -285, "2020-06-30": -1026, "2020-03-31": "68.00000", "2019-12-31": 428, "2019-09-30": -2093, "2019-06-30": -879, "2019-03-31": "-263.00000", "2018-12-31": 737, "2018-09-30": -1145, "2018-06-30": -60, "2018-03-31": "-1251.00000", "2017-12-31": -140, "2017-09-30": -1127, "2017-06-30": 337, "2017-03-31": "-280.00000", "2016-12-31": -1868, "2016-09-30": -834, "2016-06-30": 80, "2016-03-31": "96.00000", "2015-12-31": -353, "2015-09-30": 41, "2015-06-30": -19, "2015-03-31": "1073.00000", "2014-12-31": -363, "2014-09-30": 963, "2014-06-30": -355, "2014-03-31": "1376.00000", "2013-12-31": -653, "2013-09-30": -419, "2013-06-30": 2516, "2013-03-31": "136.00000", "2012-12-31": 1084, "2012-09-30": 145, "2012-06-30": 273, "2012-03-31": "79.00000", "2011-12-31": 1356, "2011-09-30": 1790, "2011-06-30": 1730, "2011-03-31": "1285.00000", "2010-12-31": 661, "2010-09-30": -82, "2010-06-30": 790, "2010-03-31": "963.00000", "2009-12-31": 979, "2009-09-30": 79, "2009-06-30": 1033, "2009-03-31": "1349.00000", "2008-12-31": 1670, "2008-09-30": 2499, "2008-06-30": -491, "2008-03-31": "110.00000", "2007-12-31": 804, "2007-09-30": 211, "2007-06-30": -546, "2007-03-31": "-584.00000", "2006-12-31": 1048, "2006-09-30": -1070, "2006-06-30": -1686, "2006-03-31": "-211.00000", "2005-12-31": -957, "2005-09-30": -213, "2005-06-30": -1861, "2005-03-31": "-2120.00000"}, "Net Long-Term Debt": {"2020-12-31": 0, "2020-09-30": 0, "2020-06-30": 0, "2020-03-31": "", "2019-12-31": 0, "2019-09-30": -1, "2019-06-30": 175, "2019-03-31": "", "2018-12-31": 1, "2018-09-30": 0, "2018-06-30": -401, "2018-03-31": "498.00000", "2017-12-31": 0, "2017-09-30": 0, "2017-06-30": 0, "2017-03-31": "", "2016-12-31": 1235, "2016-09-30": 0, "2016-06-30": 0, "2016-03-31": "-16.00000", "2015-12-31": 0, "2015-09-30": -11, "2015-06-30": -9, "2015-03-31": "", "2014-12-31": 0, "2014-09-30": -651, "2014-06-30": -354, "2014-03-31": "-1.00000", "2013-12-31": -18, "2013-09-30": 721, "2013-06-30": -1551, "2013-03-31": "492.00000", "2012-12-31": -1, "2012-09-30": 0, "2012-06-30": -1, "2012-03-31": "143.00000", "2011-12-31": 1, "2011-09-30": 0, "2011-06-30": -1, "2011-03-31": "", "2010-12-31": -1, "2010-09-30": 0, "2010-06-30": -1, "2010-03-31": "", "2009-12-31": -751, "2009-09-30": 3, "2009-06-30": 999, "2009-03-31": "", "2008-12-31": 0, "2008-09-30": 19, "2008-06-30": 0, "2008-03-31": "", "2007-12-31": 0, "2007-09-30": 0, "2007-06-30": 987, "2007-03-31": "-9.00000", "2006-12-31": -832, "2006-09-30": -6, "2006-06-30": -7, "2006-03-31": "638.00000", "2005-12-31": -7, "2005-09-30": -285, "2005-06-30": -118, "2005-03-31": "-6.00000"}, "Net Current Debt": {"2020-12-31": 0, "2020-09-30": 0, "2020-06-30": 0, "2020-03-31": "", "2019-12-31": 0, "2019-09-30": 0, "2019-06-30": 0, "2019-03-31": "", "2018-12-31": 0, "2018-09-30": 0, "2018-06-30": 0, "2018-03-31": "", "2017-12-31": 0, "2017-09-30": 0, "2017-06-30": 0, "2017-03-31": "", "2016-12-31": 0, "2016-09-30": 0, "2016-06-30": 0, "2016-03-31": "", "2015-12-31": 0, "2015-09-30": 0, "2015-06-30": 0, "2015-03-31": "", "2014-12-31": 0, "2014-09-30": 0, "2014-06-30": 0, "2014-03-31": "", "2013-12-31": 0, "2013-09-30": -500, "2013-06-30": 500, "2013-03-31": "", "2012-12-31": 0, "2012-09-30": 0, "2012-06-30": 0, "2012-03-31": "", "2011-12-31": 0, "2011-09-30": 0, "2011-06-30": 0, "2011-03-31": "", "2010-12-31": 0, "2010-09-30": 0, "2010-06-30": 0, "2010-03-31": "", "2009-12-31": 0, "2009-09-30": 0, "2009-06-30": 0, "2009-03-31": "", "2008-12-31": 0, "2008-09-30": -18, "2008-06-30": 16, "2008-03-31": "2.00000", "2007-12-31": 0, "2007-09-30": 0, "2007-06-30": 0, "2007-03-31": "-12.00000", "2006-12-31": 12, "2006-09-30": 0, "2006-06-30": -34, "2006-03-31": "-379.00000", "2005-12-31": 413, "2005-09-30": -9, "2005-06-30": -66, "2005-03-31": "32.00000"}, "Debt Issuance/Retirement Net - Total": {"2020-12-31": 0, "2020-09-30": 0, "2020-06-30": 0, "2020-03-31": "", "2019-12-31": 0, "2019-09-30": -1, "2019-06-30": 175, "2019-03-31": "", "2018-12-31": 1, "2018-09-30": 0, "2018-06-30": -401, "2018-03-31": "498.00000", "2017-12-31": 0, "2017-09-30": 0, "2017-06-30": 0, "2017-03-31": "", "2016-12-31": 1235, "2016-09-30": 0, "2016-06-30": 0, "2016-03-31": "-16.00000", "2015-12-31": 0, "2015-09-30": -11, "2015-06-30": -9, "2015-03-31": "", "2014-12-31": 0, "2014-09-30": -651, "2014-06-30": -354, "2014-03-31": "-1.00000", "2013-12-31": -18, "2013-09-30": 221, "2013-06-30": -1051, "2013-03-31": "492.00000", "2012-12-31": -1, "2012-09-30": 0, "2012-06-30": -1, "2012-03-31": "143.00000", "2011-12-31": 1, "2011-09-30": 0, "2011-06-30": -1, "2011-03-31": "", "2010-12-31": -1, "2010-09-30": 0, "2010-06-30": -1, "2010-03-31": "", "2009-12-31": -751, "2009-09-30": 3, "2009-06-30": 999, "2009-03-31": "", "2008-12-31": 0, "2008-09-30": 1, "2008-06-30": 16, "2008-03-31": "2.00000", "2007-12-31": 0, "2007-09-30": 0, "2007-06-30": 987, "2007-03-31": "-21.00000", "2006-12-31": -820, "2006-09-30": -6, "2006-06-30": -41, "2006-03-31": "259.00000", "2005-12-31": 406, "2005-09-30": -294, "2005-06-30": -184, "2005-03-31": "26.00000"}, "Net Common Equity Issued/Repurchased": {"2020-12-31": 1683, "2020-09-30": -914, "2020-06-30": -363, "2020-03-31": "-406.00000", "2019-12-31": -777, "2019-09-30": -550, "2019-06-30": -283, "2019-03-31": "-5.00000", "2018-12-31": -1234, "2018-09-30": -186, "2018-06-30": -550, "2018-03-31": "-260.00000", "2017-12-31": -644, "2017-09-30": -167, "2017-06-30": -352, "2017-03-31": "-197.00000", "2016-12-31": -142, "2016-09-30": -199, "2016-06-30": -406, "2016-03-31": "-426.00000", "2015-12-31": -583, "2015-09-30": -780, "2015-06-30": -369, "2015-03-31": "-946.00000", "2014-12-31": -50, "2014-09-30": -877, "2014-06-30": -70, "2014-03-31": "-1038.00000", "2013-12-31": -387, "2013-09-30": -440, "2013-06-30": -115, "2013-03-31": "-722.00000", "2012-12-31": -159, "2012-09-30": -112, "2012-06-30": -263, "2012-03-31": "-294.00000", "2011-12-31": -94, "2011-09-30": -313, "2011-06-30": -231, "2011-03-31": "-296.00000", "2010-12-31": -145, "2010-09-30": 1, "2010-06-30": 11, "2010-03-31": "9.00000", "2009-12-31": 0, "2009-09-30": 2, "2009-06-30": 0, "2009-03-31": "-3.00000", "2008-12-31": -3, "2008-09-30": -435, "2008-06-30": -425, "2008-03-31": "-427.00000", "2007-12-31": -573, "2007-09-30": -1186, "2007-06-30": -1049, "2007-03-31": "-687.00000", "2006-12-31": -422, "2006-09-30": -240, "2006-06-30": -435, "2006-03-31": "-434.00000", "2005-12-31": 44, "2005-09-30": -734, "2005-06-30": -806, "2005-03-31": "-707.00000"}, "Net Total Equity Issued/Repurchased": {"2020-12-31": 1971, "2020-09-30": -914, "2020-06-30": -363, "2020-03-31": "-694.00000", "2019-12-31": -1617, "2019-09-30": 572, "2019-06-30": -283, "2019-03-31": "-5.00000", "2018-12-31": -1619, "2018-09-30": -186, "2018-06-30": -551, "2018-03-31": "298.00000", "2017-12-31": -644, "2017-09-30": -167, "2017-06-30": -352, "2017-03-31": "-197.00000", "2016-12-31": -142, "2016-09-30": -199, "2016-06-30": -406, "2016-03-31": "-426.00000", "2015-12-31": -583, "2015-09-30": -780, "2015-06-30": -369, "2015-03-31": "-946.00000", "2014-12-31": -50, "2014-09-30": -877, "2014-06-30": 170, "2014-03-31": "-313.00000", "2013-12-31": -257, "2013-09-30": -67, "2013-06-30": 163, "2013-03-31": "-722.00000", "2012-12-31": -159, "2012-09-30": -112, "2012-06-30": -263, "2012-03-31": "-294.00000", "2011-12-31": -94, "2011-09-30": -313, "2011-06-30": -231, "2011-03-31": "-296.00000", "2010-12-31": -145, "2010-09-30": 1, "2010-06-30": 11, "2010-03-31": "9.00000", "2009-12-31": 0, "2009-09-30": 2, "2009-06-30": 0, "2009-03-31": "-3.00000", "2008-12-31": -3, "2008-09-30": -435, "2008-06-30": -425, "2008-03-31": "-427.00000", "2007-12-31": -573, "2007-09-30": -1186, "2007-06-30": -1049, "2007-03-31": "-687.00000", "2006-12-31": -422, "2006-09-30": -240, "2006-06-30": -435, "2006-03-31": "-434.00000", "2005-12-31": 44, "2005-09-30": -734, "2005-06-30": -806, "2005-03-31": "-707.00000"}, "Total Common And Preferred Stock Dividends Paid": {"2020-12-31": 582, "2020-09-30": -195, "2020-06-30": -199, "2020-03-31": "-188.00000", "2019-12-31": -205, "2019-09-30": -197, "2019-06-30": -196, "2019-03-31": "-189.00000", "2018-12-31": -196, "2018-09-30": -199, "2018-06-30": -192, "2018-03-31": "-161.00000", "2017-12-31": -163, "2017-09-30": -163, "2017-06-30": -164, "2017-03-31": "-151.00000", "2016-12-31": -151, "2016-09-30": -153, "2016-06-30": -154, "2016-03-31": "-144.00000", "2015-12-31": -147, "2015-09-30": -151, "2015-06-30": -154, "2015-03-31": "-147.00000", "2014-12-31": -148, "2014-09-30": -153, "2014-06-30": -138, "2014-03-31": "-125.00000", "2013-12-31": -121, "2013-09-30": -118, "2013-06-30": -119, "2013-03-31": "", "2012-12-31": -212, "2012-09-30": -107, "2012-06-30": -109, "2012-03-31": "-106.00000", "2011-12-31": -108, "2011-09-30": -109, "2011-06-30": -111, "2011-03-31": "-107.00000", "2010-12-31": -108, "2010-09-30": -107, "2010-06-30": -108, "2010-03-31": "-107.00000", "2009-12-31": -108, "2009-09-30": -107, "2009-06-30": -107, "2009-03-31": "-220.00000", "2008-12-31": -221, "2008-09-30": -224, "2008-06-30": -228, "2008-03-31": "-216.00000", "2007-12-31": -221, "2007-09-30": -229, "2007-06-30": -233, "2007-03-31": "-218.00000", "2006-12-31": -220, "2006-09-30": -221, "2006-06-30": -225, "2006-03-31": "-207.00000", "2005-12-31": -209, "2005-09-30": -213, "2005-06-30": -216, "2005-03-31": "-192.00000"}, "Financial Activities - Other": {"2020-12-31": 344, "2020-09-30": -79, "2020-06-30": -52, "2020-03-31": "-213.00000", "2019-12-31": -89, "2019-09-30": -126, "2019-06-30": -117, "2019-03-31": "-205.00000", "2018-12-31": -241, "2018-09-30": -227, "2018-06-30": -221, "2018-03-31": "-177.00000", "2017-12-31": -226, "2017-09-30": -201, "2017-06-30": -272, "2017-03-31": "-223.00000", "2016-12-31": -278, "2016-09-30": -255, "2016-06-30": -249, "2016-03-31": "-188.00000", "2015-12-31": -257, "2015-09-30": -382, "2015-06-30": -297, "2015-03-31": "-287.00000", "2014-12-31": -338, "2014-09-30": -650, "2014-06-30": -573, "2014-03-31": "-674.00000", "2013-12-31": -529, "2013-09-30": -687, "2013-06-30": -2508, "2013-03-31": "-632.00000", "2012-12-31": -984, "2012-09-30": -699, "2012-06-30": -873, "2012-03-31": "-828.00000", "2011-12-31": -1663, "2011-09-30": -1446, "2011-06-30": -1869, "2011-03-31": "-1529.00000", "2010-12-31": -1011, "2010-09-30": -952, "2010-06-30": -1815, "2010-03-31": "-1737.00000", "2009-12-31": -1021, "2009-09-30": -950, "2009-06-30": -3055, "2009-03-31": "-2226.00000", "2008-12-31": -1740, "2008-09-30": -3491, "2008-06-30": 327, "2008-03-31": "-641.00000", "2007-12-31": -1210, "2007-09-30": -398, "2007-06-30": -311, "2007-03-31": "10.00000", "2006-12-31": -880, "2006-09-30": -180, "2006-06-30": 1294, "2006-03-31": "-228.00000", "2005-12-31": 285, "2005-09-30": -604, "2005-06-30": 1315, "2005-03-31": "1528.00000"}, "Cash Flow From Financial Activities": {"2020-12-31": 2897, "2020-09-30": -1188, "2020-06-30": -614, "2020-03-31": "-1095.00000", "2019-12-31": -1911, "2019-09-30": 248, "2019-06-30": -421, "2019-03-31": "-399.00000", "2018-12-31": -2055, "2018-09-30": -612, "2018-06-30": -1365, "2018-03-31": "458.00000", "2017-12-31": -1033, "2017-09-30": -531, "2017-06-30": -788, "2017-03-31": "-571.00000", "2016-12-31": 664, "2016-09-30": -607, "2016-06-30": -809, "2016-03-31": "-774.00000", "2015-12-31": -987, "2015-09-30": -1324, "2015-06-30": -829, "2015-03-31": "-1380.00000", "2014-12-31": -536, "2014-09-30": -2331, "2014-06-30": -895, "2014-03-31": "-1113.00000", "2013-12-31": -925, "2013-09-30": -651, "2013-06-30": -3515, "2013-03-31": "-862.00000", "2012-12-31": -1356, "2012-09-30": -918, "2012-06-30": -1246, "2012-03-31": "-1085.00000", "2011-12-31": -1864, "2011-09-30": -1868, "2011-06-30": -2212, "2011-03-31": "-1932.00000", "2010-12-31": -1265, "2010-09-30": -1058, "2010-06-30": -1913, "2010-03-31": "-1835.00000", "2009-12-31": -1880, "2009-09-30": -1052, "2009-06-30": -2163, "2009-03-31": "-2449.00000", "2008-12-31": -1964, "2008-09-30": -4149, "2008-06-30": -310, "2008-03-31": "-1282.00000", "2007-12-31": -2004, "2007-09-30": -1813, "2007-06-30": -606, "2007-03-31": "-916.00000", "2006-12-31": -2342, "2006-09-30": -647, "2006-06-30": 593, "2006-03-31": "-610.00000", "2005-12-31": 526, "2005-09-30": -1845, "2005-06-30": 109, "2005-03-31": "655.00000"}, "Net Cash Flow": {"2020-12-31": -32, "2020-09-30": -177, "2020-06-30": 209, "2020-03-31": "0.00000", "2019-12-31": -249, "2019-09-30": -12, "2019-06-30": 48, "2019-03-31": "52.00000", "2018-12-31": 39, "2018-09-30": -29, "2018-06-30": 39, "2018-03-31": "-167.00000", "2017-12-31": -73, "2017-09-30": 208, "2017-06-30": 40, "2017-03-31": "6.00000", "2016-12-31": 47, "2016-09-30": -57, "2016-06-30": -85, "2016-03-31": "36.00000", "2015-12-31": -410, "2015-09-30": 100, "2015-06-30": -111, "2015-03-31": "259.00000", "2014-12-31": -228, "2014-09-30": -4, "2014-06-30": -281, "2014-03-31": "495.00000", "2013-12-31": -394, "2013-09-30": 435, "2013-06-30": -186, "2013-03-31": "14.00000", "2012-12-31": 164, "2012-09-30": 71, "2012-06-30": -6, "2012-03-31": "-199.00000", "2011-12-31": -250, "2011-09-30": 333, "2011-06-30": 52, "2011-03-31": "79.00000", "2010-12-31": 62, "2010-09-30": -211, "2010-06-30": 7, "2010-03-31": "92.00000", "2009-12-31": -115, "2009-09-30": 60, "2009-06-30": -170, "2009-03-31": "422.00000", "2008-12-31": 60, "2008-09-30": -393, "2008-06-30": 378, "2008-03-31": "-52.00000", "2007-12-31": 115, "2007-09-30": -78, "2007-06-30": -86, "2007-03-31": "28.00000", "2006-12-31": 116, "2006-09-30": -139, "2006-06-30": 123, "2006-03-31": "30.00000", "2005-12-31": -95, "2005-09-30": 43, "2005-06-30": 26, "2005-03-31": "-75.00000"}, "Stock-Based Compensation": {"2020-12-31": 0, "2020-09-30": 0, "2020-06-30": 0, "2020-03-31": "", "2019-12-31": 0, "2019-09-30": 0, "2019-06-30": 0, "2019-03-31": "", "2018-12-31": 0, "2018-09-30": 0, "2018-06-30": 0, "2018-03-31": "", "2017-12-31": 0, "2017-09-30": 0, "2017-06-30": 0, "2017-03-31": "", "2016-12-31": 0, "2016-09-30": 0, "2016-06-30": 0, "2016-03-31": "", "2015-12-31": 0, "2015-09-30": 0, "2015-06-30": 0, "2015-03-31": "", "2014-12-31": 0, "2014-09-30": 0, "2014-06-30": 0, "2014-03-31": "", "2013-12-31": 0, "2013-09-30": 0, "2013-06-30": 0, "2013-03-31": "", "2012-12-31": 0, "2012-09-30": 0, "2012-06-30": 0, "2012-03-31": "", "2011-12-31": 0, "2011-09-30": 0, "2011-06-30": 0, "2011-03-31": "", "2010-12-31": 0, "2010-09-30": 0, "2010-06-30": 0, "2010-03-31": "", "2009-12-31": 0, "2009-09-30": 0, "2009-06-30": 0, "2009-03-31": "", "2008-12-31": 0, "2008-09-30": 0, "2008-06-30": 0, "2008-03-31": "", "2007-12-31": 0, "2007-09-30": 0, "2007-06-30": 0, "2007-03-31": "", "2006-12-31": 0, "2006-09-30": 0, "2006-06-30": 0, "2006-03-31": "", "2005-12-31": 0, "2005-09-30": 0, "2005-06-30": 0, "2005-03-31": ""}, "Common Stock Dividends Paid": {"2020-12-31": 500, "2020-09-30": -169, "2020-06-30": -172, "2020-03-31": "-159.00000", "2019-12-31": -163, "2019-09-30": -166, "2019-06-30": -166, "2019-03-31": "-158.00000", "2018-12-31": -159, "2018-09-30": -160, "2018-06-30": -163, "2018-03-31": "-132.00000", "2017-12-31": -134, "2017-09-30": -134, "2017-06-30": -135, "2017-03-31": "-122.00000", "2016-12-31": -122, "2016-09-30": -124, "2016-06-30": -125, "2016-03-31": "-115.00000", "2015-12-31": -118, "2015-09-30": -122, "2015-06-30": -125, "2015-03-31": "-118.00000", "2014-12-31": -117, "2014-09-30": -122, "2014-06-30": -125, "2014-03-31": "-113.00000", "2013-12-31": -115, "2013-09-30": -118, "2013-06-30": -119, "2013-03-31": "0.00000", "2012-12-31": -212, "2012-09-30": -107, "2012-06-30": -109, "2012-03-31": "-106.00000", "2011-12-31": -108, "2011-09-30": -109, "2011-06-30": -111, "2011-03-31": "-107.00000", "2010-12-31": -108, "2010-09-30": -107, "2010-06-30": -108, "2010-03-31": "-107.00000", "2009-12-31": -108, "2009-09-30": -107, "2009-06-30": -107, "2009-03-31": "-220.00000", "2008-12-31": -221, "2008-09-30": -224, "2008-06-30": -228, "2008-03-31": "-216.00000", "2007-12-31": -221, "2007-09-30": -229, "2007-06-30": -233, "2007-03-31": "-218.00000", "2006-12-31": -220, "2006-09-30": -221, "2006-06-30": -225, "2006-03-31": "-207.00000", "2005-12-31": -209, "2005-09-30": -213, "2005-06-30": -216, "2005-03-31": "-192.00000"}}, "financial ratios": {"Current Ratio": {"2019-12-31": "", "2018-12-31": "", "2017-12-31": "", "2016-12-31": "", "2015-12-31": "", "2014-12-31": "", "2013-12-31": "", "2012-12-31": "", "2011-12-31": "", "2010-12-31": "", "2009-12-31": "", "2008-12-31": "", "2007-12-31": "", "2006-12-31": "", "2005-12-31": ""}, "Long-term Debt / Capital": {"2019-12-31": "0.20320", "2018-12-31": "0.23240", "2017-12-31": "0.21970", "2016-12-31": "0.23580", "2015-12-31": "0.20370", "2014-12-31": "0.18730", "2013-12-31": "0.22400", "2012-12-31": "0.22740", "2011-12-31": "0.24380", "2010-12-31": "0.23680", "2009-12-31": "0.26110", "2008-12-31": "0.30870", "2007-12-31": "0.20520", "2006-12-31": "0.17550", "2005-12-31": "0.19490"}, "Debt/Equity Ratio": {"2019-12-31": "0.25510", "2018-12-31": "0.30270", "2017-12-31": "0.28160", "2016-12-31": "0.30850", "2015-12-31": "0.25590", "2014-12-31": "0.23050", "2013-12-31": "0.28870", "2012-12-31": "0.29430", "2011-12-31": "0.32240", "2010-12-31": "0.31020", "2009-12-31": "0.35340", "2008-12-31": "0.44650", "2007-12-31": "0.25810", "2006-12-31": "0.21340", "2005-12-31": "0.26260"}, "Gross Margin": {"2019-12-31": "", "2018-12-31": "", "2017-12-31": "", "2016-12-31": "", "2015-12-31": "", "2014-12-31": "", "2013-12-31": "", "2012-12-31": "", "2011-12-31": "", "2010-12-31": "", "2009-12-31": "", "2008-12-31": "", "2007-12-31": "", "2006-12-31": "", "2005-12-31": ""}, "Operating Margin": {"2019-12-31": "14.43980", "2018-12-31": "7.58760", "2017-12-31": "12.58660", "2016-12-31": "8.21950", "2015-12-31": "10.12540", "2014-12-31": "13.19840", "2013-12-31": "14.52460", "2012-12-31": "11.09110", "2011-12-31": "4.21690", "2010-12-31": "4.70700", "2009-12-31": "5.50710", "2008-12-31": "-8.99840", "2007-12-31": "19.10580", "2006-12-31": "21.81810", "2005-12-31": "6.98640"}, "EBIT Margin": {"2019-12-31": "14.43980", "2018-12-31": "7.58760", "2017-12-31": "12.58660", "2016-12-31": "8.21950", "2015-12-31": "10.12540", "2014-12-31": "13.19840", "2013-12-31": "14.52460", "2012-12-31": "11.09110", "2011-12-31": "4.21690", "2010-12-31": "4.70700", "2009-12-31": "5.50710", "2008-12-31": "-8.99840", "2007-12-31": "19.10580", "2006-12-31": "21.81810", "2005-12-31": "6.98640"}, "EBITDA Margin": {"2019-12-31": "16.12540", "2018-12-31": "8.87100", "2017-12-31": "14.12950", "2016-12-31": "9.24090", "2015-12-31": "11.16600", "2014-12-31": "14.23710", "2013-12-31": "15.59100", "2012-12-31": "12.25570", "2011-12-31": "4.98870", "2010-12-31": "5.00640", "2009-12-31": "5.22290", "2008-12-31": "-10.27760", "2007-12-31": "18.40680", "2006-12-31": "21.29290", "2005-12-31": "6.79700"}, "Pre-Tax Profit Margin": {"2019-12-31": "13.62960", "2018-12-31": "6.60050", "2017-12-31": "11.54360", "2016-12-31": "7.36380", "2015-12-31": "9.20540", "2014-12-31": "12.02080", "2013-12-31": "9.84150", "2012-12-31": "9.92350", "2011-12-31": "2.93690", "2010-12-31": "3.50320", "2009-12-31": "3.89840", "2008-12-31": "-10.29120", "2007-12-31": "18.09410", "2006-12-31": "20.05250", "2005-12-31": "5.90110"}, "Net Profit Margin": {"2019-12-31": "10.47120", "2018-12-31": "5.05340", "2017-12-31": "8.72430", "2016-12-31": "4.70870", "2015-12-31": "5.76390", "2014-12-31": "7.79250", "2013-12-31": "6.55810", "2012-12-31": "6.92180", "2011-12-31": "2.41010", "2010-12-31": "2.90130", "2009-12-31": "2.66770", "2008-12-31": "-5.71210", "2007-12-31": "12.60850", "2006-12-31": "13.94850", "2005-12-31": "4.98830"}, "Asset Turnover": {"2019-12-31": "0.37240", "2018-12-31": "0.35470", "2017-12-31": "0.35050", "2016-12-31": "0.34430", "2015-12-31": "0.34070", "2014-12-31": "0.32480", "2013-12-31": "0.27940", "2012-12-31": "0.26240", "2011-12-31": "0.26080", "2010-12-31": "0.23990", "2009-12-31": "0.24130", "2008-12-31": "0.21810", "2007-12-31": "0.23510", "2006-12-31": "0.22720", "2005-12-31": "0.22670"}, "Inventory Turnover Ratio": {"2019-12-31": "", "2018-12-31": "", "2017-12-31": "", "2016-12-31": "", "2015-12-31": "", "2014-12-31": "", "2013-12-31": "", "2012-12-31": "", "2011-12-31": "", "2010-12-31": "", "2009-12-31": "", "2008-12-31": "", "2007-12-31": "", "2006-12-31": "", "2005-12-31": ""}, "Receiveable Turnover": {"2019-12-31": "", "2018-12-31": "", "2017-12-31": "", "2016-12-31": "", "2015-12-31": "", "2014-12-31": "", "2013-12-31": "", "2012-12-31": "", "2011-12-31": "", "2010-12-31": "", "2009-12-31": "", "2008-12-31": "", "2007-12-31": "", "2006-12-31": "", "2005-12-31": ""}, "Days Sales In Receivables": {"2019-12-31": "", "2018-12-31": "", "2017-12-31": "", "2016-12-31": "", "2015-12-31": "", "2014-12-31": "", "2013-12-31": "", "2012-12-31": "", "2011-12-31": "", "2010-12-31": "", "2009-12-31": "", "2008-12-31": "", "2007-12-31": "", "2006-12-31": "", "2005-12-31": ""}, "ROE - Return On Equity": {"2019-12-31": "20.40840", "2018-12-31": "11.14440", "2017-12-31": "17.08240", "2016-12-31": "9.96970", "2015-12-31": "11.87700", "2014-12-31": "13.86320", "2013-12-31": "11.01450", "2012-12-31": "11.20510", "2011-12-31": "4.29440", "2010-12-31": "4.78370", "2009-12-31": "5.10740", "2008-12-31": "-13.24860", "2007-12-31": "21.21640", "2006-12-31": "22.85540", "2005-12-31": "8.74370"}, "Return On Tangible Equity": {"2019-12-31": "20.66690", "2018-12-31": "11.50040", "2017-12-31": "17.44720", "2016-12-31": "9.69830", "2015-12-31": "11.54420", "2014-12-31": "13.51670", "2013-12-31": "11.26650", "2012-12-31": "11.92350", "2011-12-31": "4.60670", "2010-12-31": "5.01380", "2009-12-31": "5.38940", "2008-12-31": "-14.23000", "2007-12-31": "22.04890", "2006-12-31": "23.75240", "2005-12-31": "9.11630"}, "ROA - Return On Assets": {"2019-12-31": "4.04090", "2018-12-31": "1.92430", "2017-12-31": "3.16130", "2016-12-31": "1.72820", "2015-12-31": "2.07440", "2014-12-31": "2.62720", "2013-12-31": "1.84590", "2012-12-31": "1.81650", "2011-12-31": "0.62860", "2010-12-31": "0.69610", "2009-12-31": "0.64380", "2008-12-31": "-1.24560", "2007-12-31": "2.96400", "2006-12-31": "3.16910", "2005-12-31": "1.13090"}, "ROI - Return On Investment": {"2019-12-31": "14.85490", "2018-12-31": "7.78010", "2017-12-31": "12.29720", "2016-12-31": "6.97250", "2015-12-31": "8.63250", "2014-12-31": "10.38480", "2013-12-31": "8.23670", "2012-12-31": "8.65710", "2011-12-31": "3.24750", "2010-12-31": "3.65100", "2009-12-31": "3.77360", "2008-12-31": "-9.15880", "2007-12-31": "16.86370", "2006-12-31": "18.84440", "2005-12-31": "7.03940"}, "Book Value Per Share": {"2019-12-31": "81.49840", "2018-12-31": "64.19280", "2017-12-31": "63.52390", "2016-12-31": "56.21040", "2015-12-31": "52.55910", "2014-12-31": "53.35890", "2013-12-31": "47.83970", "2012-12-31": "42.96450", "2011-12-31": "36.57880", "2010-12-31": "35.72980", "2009-12-31": "31.13780", "2008-12-31": "23.64370", "2007-12-31": "38.81170", "2006-12-31": "35.12220", "2005-12-31": "31.24770"}, "Operating Cash Flow Per Share": {"2019-12-31": 0.7275, "2018-12-31": 2.9226, "2017-12-31": 1.1461, "2016-12-31": 1.6942, "2015-12-31": 1.5041, "2014-12-31": -1.635, "2013-12-31": 2.8251, "2012-12-31": 2.5071, "2011-12-31": -3.1124, "2010-12-31": -1.1516, "2009-12-31": 0.8205, "2008-12-31": -1.9618, "2007-12-31": 1.1598, "2006-12-31": -0.4664, "2005-12-31": 8.3995}, "Free Cash Flow Per Share": {"2019-12-31": 0.2135, "2018-12-31": 2.9512, "2017-12-31": 1.1628, "2016-12-31": 1.6094, "2015-12-31": 1.4166, "2014-12-31": -1.8521, "2013-12-31": 2.963, "2012-12-31": 2.3992, "2011-12-31": -3.284, "2010-12-31": -1.1007, "2009-12-31": 1.0017, "2008-12-31": -2.0339, "2007-12-31": 0.9538, "2006-12-31": -0.4253, "2005-12-31": 8.1058}}, "financial ratios, quarterly": {"Current Ratio": {"2020-09-30": "", "2020-06-30": "", "2020-03-31": "", "2019-12-31": "", "2019-09-30": "", "2019-06-30": "", "2019-03-31": "", "2018-12-31": "", "2018-09-30": "", "2018-06-30": "", "2018-03-31": "", "2017-12-31": "", "2017-09-30": "", "2017-06-30": "", "2017-03-31": "", "2016-12-31": "", "2016-09-30": "", "2016-06-30": "", "2016-03-31": "", "2015-12-31": "", "2015-09-30": "", "2015-06-30": "", "2015-03-31": "", "2014-12-31": "", "2014-09-30": "", "2014-06-30": "", "2014-03-31": "", "2013-12-31": "", "2013-09-30": "", "2013-06-30": "", "2013-03-31": "", "2012-12-31": "", "2012-09-30": "", "2012-06-30": "", "2012-03-31": "", "2011-12-31": "", "2011-09-30": "", "2011-06-30": "", "2011-03-31": "", "2010-12-31": "", "2010-09-30": "", "2010-06-30": "", "2010-03-31": "", "2009-12-31": "", "2009-09-30": "", "2009-06-30": "", "2009-03-31": "", "2008-12-31": "", "2008-09-30": "", "2008-06-30": "", "2008-03-31": "", "2007-12-31": "", "2007-09-30": "", "2007-06-30": "", "2007-03-31": "", "2006-12-31": "", "2006-09-30": "", "2006-06-30": "", "2006-03-31": "", "2005-12-31": "", "2005-09-30": "", "2005-06-30": "", "2005-03-31": ""}, "Long-term Debt / Capital": {"2020-09-30": "0.19570", "2020-06-30": "0.19730", "2020-03-31": "0.21530", "2019-12-31": "0.20320", "2019-09-30": "0.20230", "2019-06-30": "0.21310", "2019-03-31": "0.21600", "2018-12-31": "0.23240", "2018-09-30": "0.21440", "2018-06-30": "0.21810", "2018-03-31": "0.22730", "2017-12-31": "0.21970", "2017-09-30": "0.22300", "2017-06-30": "0.22790", "2017-03-31": "0.23070", "2016-12-31": "0.23580", "2016-09-30": "0.19620", "2016-06-30": "0.19910", "2016-03-31": "0.20070", "2015-12-31": "0.20370", "2015-09-30": "0.20150", "2015-06-30": "0.19580", "2015-03-31": "0.18970", "2014-12-31": "0.18730", "2014-09-30": "0.18870", "2014-06-30": "0.20360", "2014-03-31": "0.21900", "2013-12-31": "0.22400", "2013-09-30": "0.23030", "2013-06-30": "0.21600", "2013-03-31": "0.24130", "2012-12-31": "0.22740", "2012-09-30": "0.22520", "2012-06-30": "0.23730", "2012-03-31": "0.23970", "2011-12-31": "0.24380", "2011-09-30": "0.24580", "2011-06-30": "0.23910", "2011-03-31": "0.23400", "2010-12-31": "0.23680", "2010-09-30": "0.23440", "2010-06-30": "0.24650", "2010-03-31": "0.25150", "2009-12-31": "0.26110", "2009-09-30": "0.27530", "2009-06-30": "0.30600", "2009-03-31": "0.31560", "2008-12-31": "0.30870", "2008-09-30": "0.25040", "2008-06-30": "0.22250", "2008-03-31": "0.21740", "2007-12-31": "0.20520", "2007-09-30": "0.20680", "2007-06-30": "0.20740", "2007-03-31": "0.17100", "2006-12-31": "0.17550", "2006-09-30": "0.19940", "2006-06-30": "0.21160", "2006-03-31": "0.21220", "2005-12-31": "0.19490", "2005-09-30": "0.20120", "2005-06-30": "0.18830", "2005-03-31": "0.19850"}, "Debt/Equity Ratio": {"2020-09-30": "0.24340", "2020-06-30": "0.24580", "2020-03-31": "0.27440", "2019-12-31": "0.25510", "2019-09-30": "0.25360", "2019-06-30": "0.27080", "2019-03-31": "0.27560", "2018-12-31": "0.30270", "2018-09-30": "0.27290", "2018-06-30": "0.27890", "2018-03-31": "0.29420", "2017-12-31": "0.28160", "2017-09-30": "0.28700", "2017-06-30": "0.29520", "2017-03-31": "0.29990", "2016-12-31": "0.30850", "2016-09-30": "0.24410", "2016-06-30": "0.24860", "2016-03-31": "0.25110", "2015-12-31": "0.25590", "2015-09-30": "0.25240", "2015-06-30": "0.24350", "2015-03-31": "0.23420", "2014-12-31": "0.23050", "2014-09-30": "0.23270", "2014-06-30": "0.25560", "2014-03-31": "0.28050", "2013-12-31": "0.28870", "2013-09-30": "0.29920", "2013-06-30": "0.30070", "2013-03-31": "0.31800", "2012-12-31": "0.29430", "2012-09-30": "0.29070", "2012-06-30": "0.31110", "2012-03-31": "0.31540", "2011-12-31": "0.32240", "2011-09-30": "0.32580", "2011-06-30": "0.31430", "2011-03-31": "0.30550", "2010-12-31": "0.31020", "2010-09-30": "0.30610", "2010-06-30": "0.32710", "2010-03-31": "0.33600", "2009-12-31": "0.35340", "2009-09-30": "0.37990", "2009-06-30": "0.44100", "2009-03-31": "0.46120", "2008-12-31": "0.44650", "2008-09-30": "0.33410", "2008-06-30": "0.28710", "2008-03-31": "0.27790", "2007-12-31": "0.25810", "2007-09-30": "0.26070", "2007-06-30": "0.26160", "2007-03-31": "0.20630", "2006-12-31": "0.21340", "2006-09-30": "0.24910", "2006-06-30": "0.26840", "2006-03-31": "0.27100", "2005-12-31": "0.26260", "2005-09-30": "0.25190", "2005-06-30": "0.23240", "2005-03-31": "0.25110"}, "Gross Margin": {"2020-09-30": "", "2020-06-30": "", "2020-03-31": "", "2019-12-31": "", "2019-09-30": "", "2019-06-30": "", "2019-03-31": "", "2018-12-31": "", "2018-09-30": "", "2018-06-30": "", "2018-03-31": "", "2017-12-31": "", "2017-09-30": "", "2017-06-30": "", "2017-03-31": "", "2016-12-31": "", "2016-09-30": "", "2016-06-30": "", "2016-03-31": "", "2015-12-31": "", "2015-09-30": "", "2015-06-30": "", "2015-03-31": "", "2014-12-31": "", "2014-09-30": "", "2014-06-30": "", "2014-03-31": "", "2013-12-31": "", "2013-09-30": "", "2013-06-30": "", "2013-03-31": "", "2012-12-31": "", "2012-09-30": "", "2012-06-30": "", "2012-03-31": "", "2011-12-31": "", "2011-09-30": "", "2011-06-30": "", "2011-03-31": "", "2010-12-31": "", "2010-09-30": "", "2010-06-30": "", "2010-03-31": "", "2009-12-31": "", "2009-09-30": "", "2009-06-30": "", "2009-03-31": "", "2008-12-31": "", "2008-09-30": "", "2008-06-30": "", "2008-03-31": "", "2007-12-31": "", "2007-09-30": "", "2007-06-30": "", "2007-03-31": "", "2006-12-31": "", "2006-09-30": "", "2006-06-30": "", "2006-03-31": "", "2005-12-31": "", "2005-09-30": "", "2005-06-30": "", "2005-03-31": ""}, "Operating Margin": {"2020-09-30": "14.94780", "2020-06-30": "14.62890", "2020-03-31": "7.40370", "2019-12-31": "20.25800", "2019-09-30": "11.20250", "2019-06-30": "10.47200", "2019-03-31": "15.65060", "2018-12-31": "-6.52880", "2018-09-30": "12.15480", "2018-06-30": "9.94160", "2018-03-31": "13.96110", "2017-12-31": "18.01830", "2017-09-30": "10.79090", "2017-06-30": "9.93580", "2017-03-31": "11.45790", "2016-12-31": "13.24070", "2016-09-30": "9.13130", "2016-06-30": "4.99780", "2016-03-31": "4.85850", "2015-12-31": "9.19340", "2015-09-30": "11.46430", "2015-06-30": "6.86930", "2015-03-31": "12.94680", "2014-12-31": "15.03600", "2014-09-30": "14.52550", "2014-06-30": "11.68170", "2014-03-31": "11.52700", "2013-12-31": "15.77570", "2013-09-30": "14.88480", "2013-06-30": "13.80450", "2013-03-31": "13.61220", "2012-12-31": "7.51140", "2012-09-30": "14.03790", "2012-06-30": "8.48030", "2012-03-31": "14.47020", "2011-12-31": "13.82950", "2011-09-30": "3.83400", "2011-06-30": "-11.64460", "2011-03-31": "10.66090", "2010-12-31": "5.18120", "2010-09-30": "7.34700", "2010-06-30": "3.51360", "2010-03-31": "2.69710", "2009-12-31": "10.06450", "2009-09-30": "4.80080", "2009-06-30": "6.93760", "2009-03-31": "-0.01270", "2008-12-31": "-26.12270", "2008-09-30": "-19.79510", "2008-06-30": "-0.04040", "2008-03-31": "6.46720", "2007-12-31": "12.97970", "2007-09-30": "16.37010", "2007-06-30": "22.51720", "2007-03-31": "24.18820", "2006-12-31": "20.24830", "2006-09-30": "20.42800", "2006-06-30": "21.23940", "2006-03-31": "25.29460", "2005-12-31": "17.39520", "2005-09-30": "-27.54420", "2005-06-30": "19.73610", "2005-03-31": "18.88570"}, "EBIT Margin": {"2020-09-30": "14.94780", "2020-06-30": "14.62890", "2020-03-31": "7.40370", "2019-12-31": "20.25800", "2019-09-30": "11.20250", "2019-06-30": "10.47200", "2019-03-31": "15.65060", "2018-12-31": "-6.52880", "2018-09-30": "12.15480", "2018-06-30": "9.94160", "2018-03-31": "13.96110", "2017-12-31": "18.01830", "2017-09-30": "10.79090", "2017-06-30": "9.93580", "2017-03-31": "11.45790", "2016-12-31": "13.24070", "2016-09-30": "9.13130", "2016-06-30": "4.99780", "2016-03-31": "4.85850", "2015-12-31": "9.19340", "2015-09-30": "11.46430", "2015-06-30": "6.86930", "2015-03-31": "12.94680", "2014-12-31": "15.03600", "2014-09-30": "14.52550", "2014-06-30": "11.68170", "2014-03-31": "11.52700", "2013-12-31": "15.77570", "2013-09-30": "14.88480", "2013-06-30": "13.80450", "2013-03-31": "13.61220", "2012-12-31": "7.51140", "2012-09-30": "14.03790", "2012-06-30": "8.48030", "2012-03-31": "14.47020", "2011-12-31": "13.82950", "2011-09-30": "3.83400", "2011-06-30": "-11.64460", "2011-03-31": "10.66090", "2010-12-31": "5.18120", "2010-09-30": "7.34700", "2010-06-30": "3.51360", "2010-03-31": "2.69710", "2009-12-31": "10.06450", "2009-09-30": "4.80080", "2009-06-30": "6.93760", "2009-03-31": "-0.01270", "2008-12-31": "-26.12270", "2008-09-30": "-19.79510", "2008-06-30": "-0.04040", "2008-03-31": "6.46720", "2007-12-31": "12.97970", "2007-09-30": "16.37010", "2007-06-30": "22.51720", "2007-03-31": "24.18820", "2006-12-31": "20.24830", "2006-09-30": "20.42800", "2006-06-30": "21.23940", "2006-03-31": "25.29460", "2005-12-31": "17.39520", "2005-09-30": "-27.54420", "2005-06-30": "19.73610", "2005-03-31": "18.88570"}, "EBITDA Margin": {"2020-09-30": "", "2020-06-30": "", "2020-03-31": "", "2019-12-31": "", "2019-09-30": "", "2019-06-30": "", "2019-03-31": "", "2018-12-31": "", "2018-09-30": "", "2018-06-30": "", "2018-03-31": "", "2017-12-31": "", "2017-09-30": "", "2017-06-30": "", "2017-03-31": "", "2016-12-31": "", "2016-09-30": "", "2016-06-30": "", "2016-03-31": "", "2015-12-31": "", "2015-09-30": "", "2015-06-30": "", "2015-03-31": "", "2014-12-31": "", "2014-09-30": "", "2014-06-30": "", "2014-03-31": "", "2013-12-31": "", "2013-09-30": "", "2013-06-30": "", "2013-03-31": "", "2012-12-31": "", "2012-09-30": "", "2012-06-30": "", "2012-03-31": "", "2011-12-31": "", "2011-09-30": "", "2011-06-30": "", "2011-03-31": "", "2010-12-31": "", "2010-09-30": "", "2010-06-30": "", "2010-03-31": "", "2009-12-31": "", "2009-09-30": "", "2009-06-30": "", "2009-03-31": "", "2008-12-31": "", "2008-09-30": "", "2008-06-30": "", "2008-03-31": "", "2007-12-31": "", "2007-09-30": "", "2007-06-30": "", "2007-03-31": "", "2006-12-31": "", "2006-09-30": "", "2006-06-30": "", "2006-03-31": "", "2005-12-31": "", "2005-09-30": "", "2005-06-30": "", "2005-03-31": ""}, "Pre-Tax Profit Margin": {"2020-09-30": "12.53910", "2020-06-30": "13.80730", "2020-03-31": "6.56010", "2019-12-31": "19.44740", "2019-09-30": "10.47970", "2019-06-30": "9.67340", "2019-03-31": "14.74070", "2018-12-31": "-7.48870", "2018-09-30": "11.25660", "2018-06-30": "8.88210", "2018-03-31": "12.92730", "2017-12-31": "17.04430", "2017-09-30": "9.82000", "2017-06-30": "8.67220", "2017-03-31": "10.49360", "2016-12-31": "12.40260", "2016-09-30": "8.29630", "2016-06-30": "4.10300", "2016-03-31": "4.00180", "2015-12-31": "8.28440", "2015-09-30": "10.57820", "2015-06-30": "5.85620", "2015-03-31": "12.07550", "2014-12-31": "14.17970", "2014-09-30": "13.31690", "2014-06-30": "10.77880", "2014-03-31": "9.77660", "2013-12-31": "14.13790", "2013-09-30": "6.01300", "2013-06-30": "6.98760", "2013-03-31": "12.17060", "2012-12-31": "6.36480", "2012-09-30": "12.89370", "2012-06-30": "7.27230", "2012-03-31": "13.29830", "2011-12-31": "12.55460", "2011-09-30": "2.65710", "2011-06-30": "-12.82020", "2011-03-31": "9.16620", "2010-12-31": "4.16720", "2010-09-30": "6.19630", "2010-06-30": "2.16820", "2010-03-31": "1.38080", "2009-12-31": "8.60010", "2009-09-30": "2.96760", "2009-06-30": "5.42990", "2009-03-31": "-1.66180", "2008-12-31": "-27.73630", "2008-09-30": "-21.09290", "2008-06-30": "-1.15930", "2008-03-31": "5.28010", "2007-12-31": "11.53380", "2007-09-30": "15.41370", "2007-06-30": "21.61820", "2007-03-31": "23.42730", "2006-12-31": "19.02880", "2006-09-30": "18.79150", "2006-06-30": "19.69580", "2006-03-31": "22.64070", "2005-12-31": "16.44490", "2005-09-30": "-28.65130", "2005-06-30": "18.66680", "2005-03-31": "17.66800"}, "Net Profit Margin": {"2020-09-30": "9.79130", "2020-06-30": "10.93150", "2020-03-31": "5.09130", "2019-12-31": "14.87970", "2019-09-30": "8.03140", "2019-06-30": "7.36720", "2019-03-31": "11.47410", "2018-12-31": "-6.17020", "2018-09-30": "9.00140", "2018-06-30": "6.71350", "2018-03-31": "10.00000", "2017-12-31": "15.75230", "2017-09-30": "6.44220", "2017-06-30": "5.60480", "2017-03-31": "6.90580", "2016-12-31": "7.99570", "2016-09-30": "5.32480", "2016-06-30": "2.64080", "2016-03-31": "2.44620", "2015-12-31": "5.29280", "2015-09-30": "6.87860", "2015-06-30": "3.62950", "2015-03-31": "7.23860", "2014-12-31": "9.07640", "2014-09-30": "8.39300", "2014-06-30": "6.93000", "2014-03-31": "6.75960", "2013-12-31": "9.21290", "2013-09-30": "3.66210", "2013-06-30": "4.93910", "2013-03-31": "8.37760", "2012-12-31": "4.60980", "2012-09-30": "8.89520", "2012-06-30": "5.10990", "2012-03-31": "9.16050", "2011-12-31": "8.64500", "2011-09-30": "2.12330", "2011-06-30": "-7.72180", "2011-03-31": "6.47310", "2010-12-31": "3.45000", "2010-09-30": "4.64090", "2010-06-30": "1.89390", "2010-03-31": "1.54860", "2009-12-31": "6.42840", "2009-09-30": "2.91480", "2009-06-30": "4.58190", "2009-03-31": "-3.47580", "2008-12-31": "-17.18680", "2008-09-30": "-12.60930", "2008-06-30": "0.33700", "2008-03-31": "4.30320", "2007-12-31": "8.45290", "2007-09-30": "10.87630", "2007-06-30": "14.83870", "2007-03-31": "16.02190", "2006-12-31": "13.32670", "2006-09-30": "13.25250", "2006-06-30": "13.60000", "2006-03-31": "15.58200", "2005-12-31": "11.63780", "2005-09-30": "-17.31160", "2005-06-30": "13.07020", "2005-03-31": "12.90060"}, "Asset Turnover": {"2020-09-30": "0.09370", "2020-06-30": "0.09230", "2020-03-31": "0.08680", "2019-12-31": "0.09560", "2019-09-30": "0.09140", "2019-06-30": "0.09410", "2019-03-31": "0.09490", "2018-12-31": "0.08450", "2018-09-30": "0.09140", "2018-06-30": "0.08910", "2018-03-31": "0.08620", "2017-12-31": "0.08950", "2017-09-30": "0.08700", "2017-06-30": "0.08850", "2017-03-31": "0.08750", "2016-12-31": "0.09340", "2016-09-30": "0.08500", "2016-06-30": "0.08540", "2016-03-31": "0.08370", "2015-12-31": "0.08300", "2015-09-30": "0.08530", "2015-06-30": "0.08390", "2015-03-31": "0.08280", "2014-12-31": "0.08070", "2014-09-30": "0.08250", "2014-06-30": "0.08040", "2014-03-31": "0.06990", "2013-12-31": "0.07120", "2013-09-30": "0.06920", "2013-06-30": "0.07230", "2013-03-31": "0.06680", "2012-12-31": "0.06730", "2012-09-30": "0.06400", "2012-06-30": "0.06590", "2012-03-31": "0.06640", "2011-12-31": "0.06580", "2011-09-30": "0.06490", "2011-06-30": "0.06260", "2011-03-31": "0.06210", "2010-12-31": "0.06180", "2010-09-30": "0.05970", "2010-06-30": "0.05850", "2010-03-31": "0.05850", "2009-12-31": "0.06070", "2009-09-30": "0.05600", "2009-06-30": "0.06380", "2009-03-31": "0.06050", "2008-12-31": "0.04870", "2008-09-30": "0.05100", "2008-06-30": "0.04920", "2008-03-31": "0.05310", "2007-12-31": "0.05750", "2007-09-30": "0.05640", "2007-06-30": "0.05890", "2007-03-31": "0.05830", "2006-12-31": "0.05780", "2006-09-30": "0.05450", "2006-06-30": "0.05650", "2006-03-31": "0.05790", "2005-12-31": "0.05730", "2005-09-30": "0.05730", "2005-06-30": "0.05670", "2005-03-31": "0.05750"}, "Inventory Turnover Ratio": {"2020-09-30": "", "2020-06-30": "", "2020-03-31": "", "2019-12-31": "", "2019-09-30": "", "2019-06-30": "", "2019-03-31": "", "2018-12-31": "", "2018-09-30": "", "2018-06-30": "", "2018-03-31": "", "2017-12-31": "", "2017-09-30": "", "2017-06-30": "", "2017-03-31": "", "2016-12-31": "", "2016-09-30": "", "2016-06-30": "", "2016-03-31": "", "2015-12-31": "", "2015-09-30": "", "2015-06-30": "", "2015-03-31": "", "2014-12-31": "", "2014-09-30": "", "2014-06-30": "", "2014-03-31": "", "2013-12-31": "", "2013-09-30": "", "2013-06-30": "", "2013-03-31": "", "2012-12-31": "", "2012-09-30": "", "2012-06-30": "", "2012-03-31": "", "2011-12-31": "", "2011-09-30": "", "2011-06-30": "", "2011-03-31": "", "2010-12-31": "", "2010-09-30": "", "2010-06-30": "", "2010-03-31": "", "2009-12-31": "", "2009-09-30": "", "2009-06-30": "", "2009-03-31": "", "2008-12-31": "", "2008-09-30": "", "2008-06-30": "", "2008-03-31": "", "2007-12-31": "", "2007-09-30": "", "2007-06-30": "", "2007-03-31": "", "2006-12-31": "", "2006-09-30": "", "2006-06-30": "", "2006-03-31": "", "2005-12-31": "", "2005-09-30": "", "2005-06-30": "", "2005-03-31": ""}, "Receiveable Turnover": {"2020-09-30": "", "2020-06-30": "", "2020-03-31": "", "2019-12-31": "", "2019-09-30": "", "2019-06-30": "", "2019-03-31": "", "2018-12-31": "", "2018-09-30": "", "2018-06-30": "", "2018-03-31": "", "2017-12-31": "", "2017-09-30": "", "2017-06-30": "", "2017-03-31": "", "2016-12-31": "", "2016-09-30": "", "2016-06-30": "", "2016-03-31": "", "2015-12-31": "", "2015-09-30": "", "2015-06-30": "", "2015-03-31": "", "2014-12-31": "", "2014-09-30": "", "2014-06-30": "", "2014-03-31": "", "2013-12-31": "", "2013-09-30": "", "2013-06-30": "", "2013-03-31": "", "2012-12-31": "", "2012-09-30": "", "2012-06-30": "", "2012-03-31": "", "2011-12-31": "", "2011-09-30": "", "2011-06-30": "", "2011-03-31": "", "2010-12-31": "", "2010-09-30": "", "2010-06-30": "", "2010-03-31": "", "2009-12-31": "", "2009-09-30": "", "2009-06-30": "", "2009-03-31": "", "2008-12-31": "", "2008-09-30": "", "2008-06-30": "", "2008-03-31": "", "2007-12-31": "", "2007-09-30": "", "2007-06-30": "", "2007-03-31": "", "2006-12-31": "", "2006-09-30": "", "2006-06-30": "", "2006-03-31": "", "2005-12-31": "", "2005-09-30": "", "2005-06-30": "", "2005-03-31": ""}, "Days Sales In Receivables": {"2020-09-30": "", "2020-06-30": "", "2020-03-31": "", "2019-12-31": "", "2019-09-30": "", "2019-06-30": "", "2019-03-31": "", "2018-12-31": "", "2018-09-30": "", "2018-06-30": "", "2018-03-31": "", "2017-12-31": "", "2017-09-30": "", "2017-06-30": "", "2017-03-31": "", "2016-12-31": "", "2016-09-30": "", "2016-06-30": "", "2016-03-31": "", "2015-12-31": "", "2015-09-30": "", "2015-06-30": "", "2015-03-31": "", "2014-12-31": "", "2014-09-30": "", "2014-06-30": "", "2014-03-31": "", "2013-12-31": "", "2013-09-30": "", "2013-06-30": "", "2013-03-31": "", "2012-12-31": "", "2012-09-30": "", "2012-06-30": "", "2012-03-31": "", "2011-12-31": "", "2011-09-30": "", "2011-06-30": "", "2011-03-31": "", "2010-12-31": "", "2010-09-30": "", "2010-06-30": "", "2010-03-31": "", "2009-12-31": "", "2009-09-30": "", "2009-06-30": "", "2009-03-31": "", "2008-12-31": "", "2008-09-30": "", "2008-06-30": "", "2008-03-31": "", "2007-12-31": "", "2007-09-30": "", "2007-06-30": "", "2007-03-31": "", "2006-12-31": "", "2006-09-30": "", "2006-06-30": "", "2006-03-31": "", "2005-12-31": "", "2005-09-30": "", "2005-06-30": "", "2005-03-31": ""}, "ROE - Return On Equity": {"2020-09-30": "4.55860", "2020-06-30": "4.99680", "2020-03-31": "2.47260", "2019-12-31": "7.46530", "2019-09-30": "4.03240", "2019-06-30": "3.77450", "2019-03-31": "6.01270", "2018-12-31": "-2.79640", "2018-09-30": "4.58980", "2018-06-30": "3.44400", "2018-03-31": "4.79640", "2017-12-31": "7.75780", "2017-09-30": "3.26900", "2017-06-30": "2.93090", "2017-03-31": "3.58030", "2016-12-31": "4.46170", "2016-09-30": "2.71000", "2016-06-30": "1.44100", "2016-03-31": "1.32300", "2015-12-31": "2.67520", "2015-09-30": "3.46520", "2015-06-30": "1.81570", "2015-03-31": "3.31330", "2014-12-31": "4.00820", "2014-09-30": "3.79440", "2014-06-30": "3.05310", "2014-03-31": "2.91260", "2013-12-31": "3.96620", "2013-09-30": "1.56980", "2013-06-30": "2.21530", "2013-03-31": "3.43860", "2012-12-31": "1.91450", "2012-09-30": "3.46980", "2012-06-30": "2.17200", "2012-03-31": "3.98750", "2011-12-31": "3.88520", "2011-09-30": "0.96530", "2011-06-30": "-3.32040", "2011-03-31": "2.70930", "2010-12-31": "1.46500", "2010-09-30": "1.90140", "2010-06-30": "0.80260", "2010-03-31": "0.68230", "2009-12-31": "3.09790", "2009-09-30": "1.26040", "2009-06-30": "2.57650", "2009-03-31": "-2.23290", "2008-12-31": "-8.90870", "2008-09-30": "-5.44930", "2008-06-30": "0.12680", "2008-03-31": "1.71400", "2007-12-31": "3.47810", "2007-09-30": "4.52070", "2007-06-30": "6.50740", "2007-03-31": "6.64710", "2006-12-31": "5.55250", "2006-09-30": "5.21620", "2006-06-30": "5.85780", "2006-03-31": "6.88730", "2005-12-31": "5.15700", "2005-09-30": "-7.97160", "2005-06-30": "5.14690", "2005-03-31": "5.26610"}, "Return On Tangible Equity": {"2020-09-30": "4.66440", "2020-06-30": "5.11410", "2020-03-31": "2.53830", "2019-12-31": "7.55980", "2019-09-30": "3.94580", "2019-06-30": "3.88070", "2019-03-31": "6.19040", "2018-12-31": "-2.88570", "2018-09-30": "4.56540", "2018-06-30": "3.42520", "2018-03-31": "4.77050", "2017-12-31": "7.92340", "2017-09-30": "3.36190", "2017-06-30": "3.01690", "2017-03-31": "3.68450", "2016-12-31": "4.34020", "2016-09-30": "2.63760", "2016-06-30": "1.40170", "2016-03-31": "1.28650", "2015-12-31": "2.60020", "2015-09-30": "3.37050", "2015-06-30": "1.76800", "2015-03-31": "3.23000", "2014-12-31": "3.90800", "2014-09-30": "3.69970", "2014-06-30": "2.97880", "2014-03-31": "2.87600", "2013-12-31": "4.05690", "2013-09-30": "1.61740", "2013-06-30": "2.32960", "2013-03-31": "3.65840", "2012-12-31": "2.03720", "2012-09-30": "3.68970", "2012-06-30": "2.32000", "2012-03-31": "4.26310", "2011-12-31": "4.16760", "2011-09-30": "1.01420", "2011-06-30": "-3.48230", "2011-03-31": "2.83750", "2010-12-31": "1.53550", "2010-09-30": "1.99150", "2010-06-30": "0.84340", "2010-03-31": "0.71800", "2009-12-31": "3.26900", "2009-09-30": "1.32650", "2009-06-30": "2.73480", "2009-03-31": "-2.40410", "2008-12-31": "-9.56860", "2008-09-30": "-5.74790", "2008-06-30": "0.13270", "2008-03-31": "1.78660", "2007-12-31": "3.61460", "2007-09-30": "4.69990", "2007-06-30": "6.76630", "2007-03-31": "6.90020", "2006-12-31": "5.77040", "2006-09-30": "5.41750", "2006-06-30": "6.10210", "2006-03-31": "7.17550", "2005-12-31": "5.37680", "2005-09-30": "-8.32530", "2005-06-30": "5.34440", "2005-03-31": "5.47800"}, "ROA - Return On Assets": {"2020-09-30": "0.93930", "2020-06-30": "1.03080", "2020-03-31": "0.47280", "2019-12-31": "1.47810", "2019-09-30": "0.76900", "2019-06-30": "0.71890", "2019-03-31": "1.11540", "2018-12-31": "-0.48290", "2018-09-30": "0.85510", "2018-06-30": "0.63240", "2018-03-31": "0.88800", "2017-12-31": "1.43570", "2017-09-30": "0.58610", "2017-06-30": "0.52230", "2017-03-31": "0.63040", "2016-12-31": "0.77340", "2016-09-30": "0.47910", "2016-06-30": "0.25260", "2016-03-31": "0.23220", "2015-12-31": "0.46720", "2015-09-30": "0.61410", "2015-06-30": "0.33140", "2015-03-31": "0.62650", "2014-12-31": "0.75960", "2014-09-30": "0.72110", "2014-06-30": "0.58510", "2014-03-31": "0.48270", "2013-12-31": "0.66470", "2013-09-30": "0.25840", "2013-06-30": "0.35730", "2013-03-31": "0.56000", "2012-12-31": "0.31040", "2012-09-30": "0.56930", "2012-06-30": "0.33700", "2012-03-31": "0.60830", "2011-12-31": "0.56870", "2011-09-30": "0.13780", "2011-06-30": "-0.48360", "2011-03-31": "0.40180", "2010-12-31": "0.21320", "2010-09-30": "0.27690", "2010-06-30": "0.11080", "2010-03-31": "0.09060", "2009-12-31": "0.39050", "2009-09-30": "0.16310", "2009-06-30": "0.29230", "2009-03-31": "-0.21020", "2008-12-31": "-0.83750", "2008-09-30": "-0.64290", "2008-06-30": "0.01660", "2008-03-31": "0.22860", "2007-12-31": "0.48590", "2007-09-30": "0.61370", "2007-06-30": "0.87390", "2007-03-31": "0.93390", "2006-12-31": "0.76990", "2006-09-30": "0.72230", "2006-06-30": "0.76830", "2006-03-31": "0.90240", "2005-12-31": "0.66700", "2005-09-30": "-0.99150", "2005-06-30": "0.74160", "2005-03-31": "0.74140"}, "ROI - Return On Investment": {"2020-09-30": "3.40140", "2020-06-30": "3.71800", "2020-03-31": "1.78210", "2019-12-31": "5.43380", "2019-09-30": "2.84100", "2019-06-30": "2.73600", "2019-03-31": "4.32530", "2018-12-31": "-1.95220", "2018-09-30": "3.25430", "2018-06-30": "2.42480", "2018-03-31": "3.33950", "2017-12-31": "5.58460", "2017-09-30": "2.33950", "2017-06-30": "2.07910", "2017-03-31": "2.52690", "2016-12-31": "3.12040", "2016-09-30": "1.99660", "2016-06-30": "1.05600", "2016-03-31": "0.96670", "2015-12-31": "1.94440", "2015-09-30": "2.53130", "2015-06-30": "1.34040", "2015-03-31": "2.47320", "2014-12-31": "3.00250", "2014-09-30": "2.83750", "2014-06-30": "2.24600", "2014-03-31": "2.11980", "2013-12-31": "2.96590", "2013-09-30": "1.17050", "2013-06-30": "1.71240", "2013-03-31": "2.60900", "2012-12-31": "1.47910", "2012-09-30": "2.68830", "2012-06-30": "1.65670", "2012-03-31": "3.03150", "2011-12-31": "2.93800", "2011-09-30": "0.72810", "2011-06-30": "-2.52630", "2011-03-31": "2.07530", "2010-12-31": "1.11810", "2010-09-30": "1.45570", "2010-06-30": "0.60480", "2010-03-31": "0.51070", "2009-12-31": "2.28890", "2009-09-30": "0.91340", "2009-06-30": "1.78800", "2009-03-31": "-1.52820", "2008-12-31": "-6.15860", "2008-09-30": "-4.08460", "2008-06-30": "0.09860", "2008-03-31": "1.34140", "2007-12-31": "2.76450", "2007-09-30": "3.58580", "2007-06-30": "5.15790", "2007-03-31": "5.51030", "2006-12-31": "4.57810", "2006-09-30": "4.17610", "2006-06-30": "4.61820", "2006-03-31": "5.42600", "2005-12-31": "4.15190", "2005-09-30": "-6.36750", "2005-06-30": "4.17790", "2005-03-31": "4.22100"}, "Book Value Per Share": {"2020-09-30": "89.68090", "2020-06-30": "86.21730", "2020-03-31": "76.73970", "2019-12-31": "81.49840", "2019-09-30": "80.43080", "2019-06-30": "74.16970", "2019-03-31": "70.32430", "2018-12-31": "64.19280", "2018-09-30": "68.50150", "2018-06-30": "66.63400", "2018-03-31": "66.12780", "2017-12-31": "63.52390", "2017-09-30": "61.44170", "2017-06-30": "59.55960", "2017-03-31": "57.96710", "2016-12-31": "56.21040", "2016-09-30": "56.88590", "2016-06-30": "55.39890", "2016-03-31": "54.24000", "2015-12-31": "52.55910", "2015-09-30": "52.57440", "2015-06-30": "52.98010", "2015-03-31": "54.22740", "2014-12-31": "53.35890", "2014-09-30": "53.29120", "2014-06-30": "52.70050", "2014-03-31": "50.93320", "2013-12-31": "47.83970", "2013-09-30": "45.57020", "2013-06-30": "42.72900", "2013-03-31": "44.05770", "2012-12-31": "42.96450", "2012-09-30": "43.14080", "2012-06-30": "40.07200", "2012-03-31": "38.96550", "2011-12-31": "36.57880", "2011-09-30": "35.89900", "2011-06-30": "36.35010", "2011-03-31": "36.91030", "2010-12-31": "35.72980", "2010-09-30": "35.87730", "2010-06-30": "33.58180", "2010-03-31": "32.69150", "2009-12-31": "31.13780", "2009-09-30": "32.71270", "2009-06-30": "28.16790", "2009-03-31": "22.89370", "2008-12-31": "23.64370", "2008-09-30": "31.60080", "2008-06-30": "36.09710", "2008-03-31": "36.64800", "2007-12-31": "38.81170", "2007-09-30": "37.68990", "2007-06-30": "36.66670", "2007-03-31": "36.81020", "2006-12-31": "35.12220", "2006-09-30": "35.40670", "2006-06-30": "32.65450", "2006-03-31": "32.20220", "2005-12-31": "31.24770", "2005-09-30": "29.87540", "2005-06-30": "33.77310", "2005-03-31": "31.73360"}, "Operating Cash Flow Per Share": {"2020-09-30": 4.2098, "2020-06-30": 5.8871, "2020-03-31": "3.18550", "2019-12-31": 3.6826, "2019-09-30": 5.5762, "2019-06-30": 4.0049, "2019-03-31": "2.11560", "2018-12-31": 3.796, "2018-09-30": 4.9618, "2018-06-30": 4.1546, "2018-03-31": "1.73940", "2017-12-31": 2.9741, "2017-09-30": 5.102, "2017-06-30": 1.345, "2017-03-31": "2.30810", "2016-12-31": 3.2886, "2016-09-30": 3.7029, "2016-06-30": 1.7269, "2016-03-31": "1.86470", "2015-12-31": 2.209, "2015-09-30": 3.5219, "2015-06-30": 1.8187, "2015-03-31": "1.33930", "2014-12-31": 1.4363, "2014-09-30": 3.2233, "2014-06-30": 1.6784, "2014-03-31": "1.04680", "2013-12-31": 2.4452, "2013-09-30": 3.2968, "2013-06-30": 1.7387, "2013-03-31": "1.53910", "2012-12-31": 0.8508, "2012-09-30": 1.7514, "2012-06-30": 1.9833, "2012-03-31": "1.60920", "2011-12-31": 0.4379, "2011-09-30": 0.841, "2011-06-30": 1.0481, "2011-03-31": "1.36060", "2010-12-31": 1.2328, "2010-09-30": 1.7108, "2010-06-30": 2.0771, "2010-03-31": "1.77930", "2009-12-31": 1.4604, "2009-09-30": 1.9, "2009-06-30": 1.7669, "2009-03-31": "2.82430", "2008-12-31": 0.5751, "2008-09-30": 2.4047, "2008-06-30": 2.1612, "2008-03-31": "1.99010", "2007-12-31": 2.0548, "2007-09-30": 2.7773, "2007-06-30": 1.8026, "2007-03-31": "2.45820", "2006-12-31": 2.183, "2006-09-30": 2.5128, "2006-06-30": 1.9228, "2006-03-31": "1.31450", "2005-12-31": 0.3528, "2005-09-30": 3.3366, "2005-06-30": 2.6753, "2005-03-31": "2.03480"}, "Free Cash Flow Per Share": {"2020-09-30": 3.9853, "2020-06-30": 5.565, "2020-03-31": "2.98390", "2019-12-31": 3.2642, "2019-09-30": 5.2098, "2019-06-30": 3.7285, "2019-03-31": "1.87850", "2018-12-31": 3.5661, "2018-09-30": 4.7684, "2018-06-30": 3.9659, "2018-03-31": "1.56710", "2017-12-31": 2.7496, "2017-09-30": 4.9092, "2017-06-30": 1.1487, "2017-03-31": "2.10880", "2016-12-31": 2.9645, "2016-09-30": 3.5147, "2016-06-30": 1.5454, "2016-03-31": "1.72890", "2015-12-31": 2.0088, "2015-09-30": 3.2996, "2015-06-30": 1.636, "2015-03-31": "1.19970", "2014-12-31": 1.259, "2014-09-30": 3.0247, "2014-06-30": 1.5184, "2014-03-31": "0.92540", "2013-12-31": 2.2533, "2013-09-30": 3.1393, "2013-06-30": 1.7727, "2013-03-31": "1.41430", "2012-12-31": 0.6319, "2012-09-30": 1.6271, "2012-06-30": 1.8501, "2012-03-31": "1.50750", "2011-12-31": 0.2789, "2011-09-30": 0.7324, "2011-06-30": 0.9355, "2011-03-31": "1.27060", "2010-12-31": 1.1441, "2010-09-30": 1.628, "2010-06-30": 1.9943, "2010-03-31": "1.73500", "2009-12-31": 1.375, "2009-09-30": 1.8283, "2009-06-30": 1.6729, "2009-03-31": "2.72590", "2008-12-31": 0.3264, "2008-09-30": 2.2996, "2008-06-30": 2.0767, "2008-03-31": "1.89770", "2007-12-31": 1.9585, "2007-09-30": 2.6613, "2007-06-30": 1.6818, "2007-03-31": "2.33270", "2006-12-31": 2.1008, "2006-09-30": 2.5194, "2006-06-30": 1.8493, "2006-03-31": "1.21100", "2005-12-31": 0.3431, "2005-09-30": 3.2459, "2005-06-30": 2.5654, "2005-03-31": "1.95140"}}, "revenue": {"Allstate Annual Revenue (Millions of US $)": {"2020": "$44,791", "2019": "$44,675", "2018": "$39,815", "2017": "$39,407", "2016": "$37,399", "2015": "$35,653", "2014": "$35,239", "2013": "$34,507", "2012": "$33,315", "2011": "$32,654", "2010": "$31,400", "2009": "$32,013", "2008": "$29,394", "2007": "$36,769", "2006": "$35,796", "2005": "$35,383"}, "Allstate Quarterly Revenue (Millions of US $)": {"2020-12-31": "$12,018", "2020-09-30": "$11,500", "2020-06-30": "$11,197", "2020-03-31": "$10,076", "2019-12-31": "$11,472", "2019-09-30": "$11,069", "2019-06-30": "$11,144", "2019-03-31": "$10,990", "2018-12-31": "$9,481", "2018-09-30": "$10,465", "2018-06-30": "$10,099", "2018-03-31": "$9,770", "2017-12-31": "$10,062", "2017-09-30": "$9,888", "2017-06-30": "$9,813", "2017-03-31": "$9,644", "2016-12-31": "$10,143", "2016-09-30": "$9,221", "2016-06-30": "$9,164", "2016-03-31": "$8,871", "2015-12-31": "$8,691", "2015-09-30": "$9,028", "2015-06-30": "$8,982", "2015-03-31": "$8,952", "2014-12-31": "$8,759", "2014-09-30": "$8,936", "2014-06-30": "$8,860", "2014-03-31": "$8,684", "2013-12-31": "$8,792", "2013-09-30": "$8,465", "2013-06-30": "$8,787", "2013-03-31": "$8,463", "2012-12-31": "$8,547", "2012-09-30": "$8,128", "2012-06-30": "$8,278", "2012-03-31": "$8,362", "2011-12-31": "$8,236", "2011-09-30": "$8,242", "2011-06-30": "$8,081", "2011-03-31": "$8,095", "2010-12-31": "$8,087", "2010-09-30": "$7,908", "2010-06-30": "$7,656", "2010-03-31": "$7,749", "2009-12-31": "$8,058", "2009-09-30": "$7,582", "2009-06-30": "$8,490", "2009-03-31": "$7,883", "2008-12-31": "$6,569", "2008-09-30": "$7,320", "2008-06-30": "$7,418", "2008-03-31": "$8,087", "2007-12-31": "$8,991", "2007-09-30": "$8,992", "2007-06-30": "$9,455", "2007-03-31": "$9,331", "2006-12-31": "$9,102", "2006-09-30": "$8,738", "2006-06-30": "$8,875", "2006-03-31": "$9,081", "2005-12-31": "$8,945", "2005-09-30": "$8,942", "2005-06-30": "$8,791", "2005-03-31": "$8,705"}}, "gross-profit": {"Allstate Annual Gross Profit (Millions of US $)": {"2020": "$19,909", "2019": "$18,020", "2018": "$14,410", "2017": "$14,947", "2016": "$12,595", "2015": "$12,055", "2014": "$13,127", "2013": "$13,401", "2012": "$11,697", "2011": "$9,087", "2010": "$8,827", "2009": "$9,524", "2008": "$5,307", "2007": "$14,832", "2006": "$15,600", "2005": "$10,190"}, "Allstate Quarterly Gross Profit (Millions of US $)": {"2020-12-31": "$5,978", "2020-09-30": "$4,551", "2020-06-30": "$5,278", "2020-03-31": "$4,102", "2019-12-31": "$5,052", "2019-09-30": "$4,336", "2019-06-30": "$4,121", "2019-03-31": "$4,511", "2018-12-31": "$2,761", "2018-09-30": "$3,999", "2018-06-30": "$3,674", "2018-03-31": "$3,976", "2017-12-31": "$4,190", "2017-09-30": "$3,713", "2017-06-30": "$3,463", "2017-03-31": "$3,581", "2016-12-31": "$4,428", "2016-09-30": "$3,001", "2016-06-30": "$2,624", "2016-03-31": "$2,542", "2015-12-31": "$2,853", "2015-09-30": "$3,119", "2015-06-30": "$2,764", "2015-03-31": "$3,319", "2014-12-31": "$3,508", "2014-09-30": "$3,396", "2014-06-30": "$3,093", "2014-03-31": "$3,130", "2013-12-31": "$3,714", "2013-09-30": "$3,223", "2013-06-30": "$3,264", "2013-03-31": "$3,200", "2012-12-31": "$2,684", "2012-09-30": "$3,167", "2012-06-30": "$2,640", "2012-03-31": "$3,206", "2011-12-31": "$3,203", "2011-09-30": "$2,250", "2011-06-30": "$887", "2011-03-31": "$2,747", "2010-12-31": "$2,353", "2010-09-30": "$2,415", "2010-06-30": "$2,007", "2010-03-31": "$2,052", "2009-12-31": "$2,676", "2009-09-30": "$2,131", "2009-06-30": "$2,520", "2009-03-31": "$2,197", "2008-12-31": "$888", "2008-09-30": "$345", "2008-06-30": "$1,684", "2008-03-31": "$2,390", "2007-12-31": "$3,189", "2007-09-30": "$3,427", "2007-06-30": "$4,079", "2007-03-31": "$4,137", "2006-12-31": "$3,859", "2006-09-30": "$3,671", "2006-06-30": "$3,855", "2006-03-31": "$4,215", "2005-12-31": "$3,451", "2005-09-30": "$-590", "2005-06-30": "$3,689", "2005-03-31": "$3,640"}}, "operating-income": {"Allstate Annual Operating Income (Millions of US $)": {"2020": "$7,532", "2019": "$6,451", "2018": "$3,021", "2017": "$4,960", "2016": "$3,074", "2015": "$3,610", "2014": "$4,651", "2013": "$5,012", "2012": "$3,695", "2011": "$1,377", "2010": "$1,478", "2009": "$1,763", "2008": "$-2,645", "2007": "$7,025", "2006": "$7,810", "2005": "$2,472"}, "Allstate Quarterly Operating Income (Millions of US $)": {"2020-12-31": "$3,429", "2020-09-30": "$1,719", "2020-06-30": "$1,638", "2020-03-31": "$746", "2019-12-31": "$2,324", "2019-09-30": "$1,240", "2019-06-30": "$1,167", "2019-03-31": "$1,720", "2018-12-31": "$-619", "2018-09-30": "$1,272", "2018-06-30": "$1,004", "2018-03-31": "$1,364", "2017-12-31": "$1,813", "2017-09-30": "$1,067", "2017-06-30": "$975", "2017-03-31": "$1,105", "2016-12-31": "$1,343", "2016-09-30": "$842", "2016-06-30": "$458", "2016-03-31": "$431", "2015-12-31": "$799", "2015-09-30": "$1,035", "2015-06-30": "$617", "2015-03-31": "$1,159", "2014-12-31": "$1,317", "2014-09-30": "$1,298", "2014-06-30": "$1,035", "2014-03-31": "$1,001", "2013-12-31": "$1,387", "2013-09-30": "$1,260", "2013-06-30": "$1,213", "2013-03-31": "$1,152", "2012-12-31": "$642", "2012-09-30": "$1,141", "2012-06-30": "$702", "2012-03-31": "$1,210", "2011-12-31": "$1,139", "2011-09-30": "$316", "2011-06-30": "$-941", "2011-03-31": "$863", "2010-12-31": "$419", "2010-09-30": "$581", "2010-06-30": "$269", "2010-03-31": "$209", "2009-12-31": "$811", "2009-09-30": "$364", "2009-06-30": "$589", "2009-03-31": "$-1", "2008-12-31": "$-1,716", "2008-09-30": "$-1,449", "2008-06-30": "$-3", "2008-03-31": "$523", "2007-12-31": "$1,167", "2007-09-30": "$1,472", "2007-06-30": "$2,129", "2007-03-31": "$2,257", "2006-12-31": "$1,843", "2006-09-30": "$1,785", "2006-06-30": "$1,885", "2006-03-31": "$2,297", "2005-12-31": "$1,556", "2005-09-30": "$-2,463", "2005-06-30": "$1,735", "2005-03-31": "$1,644"}}, "ebitda": {"Allstate Annual EBITDA (Millions of US $)": {"2019": "$7,204", "2018": "$3,532", "2017": "$5,568", "2016": "$3,456", "2015": "$3,981", "2014": "$5,017", "2013": "$5,380", "2012": "$4,083", "2011": "$1,629", "2010": "$1,572", "2009": "$1,672", "2008": "$-3,021", "2007": "$6,768", "2006": "$7,622", "2005": "$2,405"}, "Allstate Quarterly EBITDA (Millions of US $)": {"2020-09-30": "$1,901", "2020-06-30": "$1,801", "2020-03-31": "$901", "2019-12-31": "$2,601", "2019-09-30": "$1,399", "2019-06-30": "$1,327", "2019-03-31": "$1,877", "2018-12-31": "$-484", "2018-09-30": "$1,400", "2018-06-30": "$1,130", "2018-03-31": "$1,486", "2017-12-31": "$2,063", "2017-09-30": "$1,187", "2017-06-30": "$1,094", "2017-03-31": "$1,224", "2016-12-31": "$1,440", "2016-09-30": "$939", "2016-06-30": "$555", "2016-03-31": "$522", "2015-12-31": "$895", "2015-09-30": "$1,131", "2015-06-30": "$709", "2015-03-31": "$1,246", "2014-12-31": "$1,406", "2014-09-30": "$1,386", "2014-06-30": "$1,126", "2014-03-31": "$1,099", "2013-12-31": "$1,509", "2013-09-30": "$1,326", "2013-06-30": "$1,306", "2013-03-31": "$1,239", "2012-12-31": "$737", "2012-09-30": "$1,233", "2012-06-30": "$807", "2012-03-31": "$1,306", "2011-12-31": "$1,242", "2011-09-30": "$376", "2011-06-30": "$-883", "2011-03-31": "$894", "2010-12-31": "$458", "2010-09-30": "$610", "2010-06-30": "$279", "2010-03-31": "$225", "2009-12-31": "$807", "2009-09-30": "$363", "2009-06-30": "$577", "2009-03-31": "$-75", "2008-12-31": "$-1,825", "2008-09-30": "$-1,575", "2008-06-30": "$-85", "2008-03-31": "$464", "2007-12-31": "$1,099", "2007-09-30": "$1,397", "2007-06-30": "$2,063", "2007-03-31": "$2,209", "2006-12-31": "$1,811", "2006-09-30": "$1,723", "2006-06-30": "$1,827", "2006-03-31": "$2,261", "2005-12-31": "$1,526", "2005-09-30": "$-2,471", "2005-06-30": "$1,725", "2005-03-31": "$1,625"}}, "net-income": {"Allstate Annual Net Income (Millions of US $)": {"2020": "$5,461", "2019": "$4,678", "2018": "$2,012", "2017": "$3,438", "2016": "$1,761", "2015": "$2,055", "2014": "$2,746", "2013": "$2,263", "2012": "$2,306", "2011": "$787", "2010": "$911", "2009": "$854", "2008": "$-1,679", "2007": "$4,636", "2006": "$4,993", "2005": "$1,765"}, "Allstate Quarterly Net Income (Millions of US $)": {"2020-12-31": "$2,598", "2020-09-30": "$1,126", "2020-06-30": "$1,224", "2020-03-31": "$513", "2019-12-31": "$1,707", "2019-09-30": "$889", "2019-06-30": "$821", "2019-03-31": "$1,261", "2018-12-31": "$-585", "2018-09-30": "$942", "2018-06-30": "$678", "2018-03-31": "$977", "2017-12-31": "$1,585", "2017-09-30": "$637", "2017-06-30": "$550", "2017-03-31": "$666", "2016-12-31": "$811", "2016-09-30": "$491", "2016-06-30": "$242", "2016-03-31": "$217", "2015-12-31": "$460", "2015-09-30": "$621", "2015-06-30": "$326", "2015-03-31": "$648", "2014-12-31": "$795", "2014-09-30": "$750", "2014-06-30": "$614", "2014-03-31": "$587", "2013-12-31": "$810", "2013-09-30": "$310", "2013-06-30": "$434", "2013-03-31": "$709", "2012-12-31": "$394", "2012-09-30": "$723", "2012-06-30": "$423", "2012-03-31": "$766", "2011-12-31": "$712", "2011-09-30": "$175", "2011-06-30": "$-624", "2011-03-31": "$524", "2010-12-31": "$279", "2010-09-30": "$367", "2010-06-30": "$145", "2010-03-31": "$120", "2009-12-31": "$518", "2009-09-30": "$221", "2009-06-30": "$389", "2009-03-31": "$-274", "2008-12-31": "$-1,129", "2008-09-30": "$-923", "2008-06-30": "$25", "2008-03-31": "$348", "2007-12-31": "$760", "2007-09-30": "$978", "2007-06-30": "$1,403", "2007-03-31": "$1,495", "2006-12-31": "$1,213", "2006-09-30": "$1,158", "2006-06-30": "$1,207", "2006-03-31": "$1,415", "2005-12-31": "$1,041", "2005-09-30": "$-1,548", "2005-06-30": "$1,149", "2005-03-31": "$1,123"}}, "eps-earnings-per-share-diluted": {"Allstate Annual EPS": {"2020": "$17.31", "2019": "$14.03", "2018": "$5.70", "2017": "$9.35", "2016": "$4.67", "2015": "$5.05", "2014": "$6.27", "2013": "$4.81", "2012": "$4.68", "2011": "$1.50", "2010": "$1.68", "2009": "$1.58", "2008": "$-3.06", "2007": "$7.76", "2006": "$7.84", "2005": "$2.64"}, "Allstate Quarterly EPS": {"2020-12-31": "$8.45", "2020-09-30": "$3.58", "2020-06-30": "$3.86", "2020-03-31": "$1.59", "2019-12-31": "$5.18", "2019-09-30": "$2.67", "2019-06-30": "$2.44", "2019-03-31": "$3.74", "2018-12-31": "$-1.60", "2018-09-30": "$2.68", "2018-06-30": "$1.91", "2018-03-31": "$2.71", "2017-12-31": "$4.33", "2017-09-30": "$1.74", "2017-06-30": "$1.49", "2017-03-31": "$1.79", "2016-12-31": "$2.15", "2016-09-30": "$1.31", "2016-06-30": "$0.64", "2016-03-31": "$0.57", "2015-12-31": "$1.19", "2015-09-30": "$1.54", "2015-06-30": "$0.79", "2015-03-31": "$1.53", "2014-12-31": "$1.84", "2014-09-30": "$1.74", "2014-06-30": "$1.39", "2014-03-31": "$1.30", "2013-12-31": "$1.76", "2013-09-30": "$0.66", "2013-06-30": "$0.92", "2013-03-31": "$1.47", "2012-12-31": "$0.81", "2012-09-30": "$1.48", "2012-06-30": "$0.86", "2012-03-31": "$1.53", "2011-12-31": "$1.37", "2011-09-30": "$0.34", "2011-06-30": "$-1.19", "2011-03-31": "$0.98", "2010-12-31": "$0.51", "2010-09-30": "$0.68", "2010-06-30": "$0.27", "2010-03-31": "$0.22", "2009-12-31": "$0.96", "2009-09-30": "$0.41", "2009-06-30": "$0.72", "2009-03-31": "$-0.51", "2008-12-31": "$-2.03", "2008-09-30": "$-1.70", "2008-06-30": "$0.05", "2008-03-31": "$0.62", "2007-12-31": "$1.35", "2007-09-30": "$1.70", "2007-06-30": "$2.30", "2007-03-31": "$2.41", "2006-12-31": "$1.93", "2006-09-30": "$1.83", "2006-06-30": "$1.89", "2006-03-31": "$2.19", "2005-12-31": "$1.65", "2005-09-30": "$-2.36", "2005-06-30": "$1.71", "2005-03-31": "$1.64"}}, "shares-outstanding": {"Allstate Annual Shares Outstanding (Millions of Shares)": {"2020": "316", "2019": "334", "2018": "353", "2017": "368", "2016": "377", "2015": "407", "2014": "438", "2013": "470", "2012": "493", "2011": "523", "2010": "543", "2009": "541", "2008": "548", "2007": "598", "2006": "637", "2005": "667"}, "Allstate Quarterly Shares Outstanding (Millions of Shares)": {"2020-12-31": "308", "2020-09-30": "314", "2020-06-30": "317", "2020-03-31": "322", "2019-12-31": "334", "2019-09-30": "333", "2019-06-30": "337", "2019-03-31": "338", "2018-12-31": "353", "2018-09-30": "352", "2018-06-30": "355", "2018-03-31": "360", "2017-12-31": "368", "2017-09-30": "367", "2017-06-30": "369", "2017-03-31": "371", "2016-12-31": "377", "2016-09-30": "376", "2016-06-30": "378", "2016-03-31": "383", "2015-12-31": "407", "2015-09-30": "402", "2015-06-30": "413", "2015-03-31": "423", "2014-12-31": "438", "2014-09-30": "431", "2014-06-30": "441", "2014-03-31": "453", "2013-12-31": "470", "2013-09-30": "467", "2013-06-30": "474", "2013-03-31": "481", "2012-12-31": "493", "2012-09-30": "490", "2012-06-30": "494", "2012-03-31": "502", "2011-12-31": "523", "2011-09-30": "514", "2011-06-30": "523", "2011-03-31": "534", "2010-12-31": "543", "2010-09-30": "543", "2010-06-30": "543", "2010-03-31": "542", "2009-12-31": "541", "2009-09-30": "542", "2009-06-30": "541", "2009-03-31": "539", "2008-12-31": "548", "2008-09-30": "542", "2008-06-30": "554", "2008-03-31": "563", "2007-12-31": "598", "2007-09-30": "585", "2007-06-30": "609", "2007-03-31": "622", "2006-12-31": "637", "2006-09-30": "634", "2006-06-30": "639", "2006-03-31": "647", "2005-12-31": "667", "2005-09-30": "655", "2005-06-30": "673", "2005-03-31": "683"}}, "total-assets": {"Allstate Annual Total Assets (Millions of US $)": {"2019": "$119,950", "2018": "$112,249", "2017": "$112,422", "2016": "$108,610", "2015": "$104,656", "2014": "$108,479", "2013": "$123,520", "2012": "$126,947", "2011": "$125,193", "2010": "$130,874", "2009": "$132,652", "2008": "$134,798", "2007": "$156,408", "2006": "$157,554", "2005": "$156,072"}, "Allstate Quarterly Total Assets (Millions of US $)": {"2020-09-30": "$122,750", "2020-06-30": "$121,266", "2020-03-31": "$116,107", "2019-12-31": "$119,950", "2019-09-30": "$121,073", "2019-06-30": "$118,374", "2019-03-31": "$115,834", "2018-12-31": "$112,249", "2018-09-30": "$114,490", "2018-06-30": "$113,369", "2018-03-31": "$113,289", "2017-12-31": "$112,422", "2017-09-30": "$113,632", "2017-06-30": "$110,865", "2017-03-31": "$110,243", "2016-12-31": "$108,610", "2016-09-30": "$108,537", "2016-06-30": "$107,284", "2016-03-31": "$105,947", "2015-12-31": "$104,656", "2015-09-30": "$105,849", "2015-06-30": "$107,117", "2015-03-31": "$108,064", "2014-12-31": "$108,479", "2014-09-30": "$108,310", "2014-06-30": "$110,233", "2014-03-31": "$124,291", "2013-12-31": "$123,520", "2013-09-30": "$122,285", "2013-06-30": "$121,480", "2013-03-31": "$126,612", "2012-12-31": "$126,947", "2012-09-30": "$126,988", "2012-06-30": "$125,535", "2012-03-31": "$125,933", "2011-12-31": "$125,193", "2011-09-30": "$126,959", "2011-06-30": "$129,023", "2011-03-31": "$130,425", "2010-12-31": "$130,874", "2010-09-30": "$132,534", "2010-06-30": "$130,810", "2010-03-31": "$132,386", "2009-12-31": "$132,652", "2009-09-30": "$135,504", "2009-06-30": "$133,091", "2009-03-31": "$130,371", "2008-12-31": "$134,798", "2008-09-30": "$143,574", "2008-06-30": "$150,833", "2008-03-31": "$152,210", "2007-12-31": "$156,408", "2007-09-30": "$159,373", "2007-06-30": "$160,537", "2007-03-31": "$160,089", "2006-12-31": "$157,554", "2006-09-30": "$160,324", "2006-06-30": "$157,094", "2006-03-31": "$156,807", "2005-12-31": "$156,072", "2005-09-30": "$156,131", "2005-06-30": "$154,943", "2005-03-31": "$151,466"}}, "cash-on-hand": {"Allstate Annual Cash on Hand (Millions of US $)": {"2019": "$338", "2018": "$499", "2017": "$617", "2016": "$436", "2015": "$495", "2014": "$657", "2013": "$675", "2012": "$806", "2011": "$776", "2010": "$562", "2009": "$612", "2008": "$415", "2007": "$422", "2006": "$443", "2005": "$313"}, "Allstate Quarterly Cash on Hand (Millions of US $)": {"2020-09-30": "$370", "2020-06-30": "$547", "2020-03-31": "$338", "2019-12-31": "$338", "2019-09-30": "$587", "2019-06-30": "$599", "2019-03-31": "$551", "2018-12-31": "$499", "2018-09-30": "$460", "2018-06-30": "$489", "2018-03-31": "$450", "2017-12-31": "$617", "2017-09-30": "$690", "2017-06-30": "$482", "2017-03-31": "$442", "2016-12-31": "$436", "2016-09-30": "$389", "2016-06-30": "$446", "2016-03-31": "$531", "2015-12-31": "$495", "2015-09-30": "$905", "2015-06-30": "$805", "2015-03-31": "$916", "2014-12-31": "$657", "2014-09-30": "$885", "2014-06-30": "$889", "2014-03-31": "$1,170", "2013-12-31": "$675", "2013-09-30": "$1,069", "2013-06-30": "$634", "2013-03-31": "$820", "2012-12-31": "$806", "2012-09-30": "$642", "2012-06-30": "$571", "2012-03-31": "$577", "2011-12-31": "$776", "2011-09-30": "$1,026", "2011-06-30": "$693", "2011-03-31": "$641", "2010-12-31": "$562", "2010-09-30": "$500", "2010-06-30": "$711", "2010-03-31": "$704", "2009-12-31": "$612", "2009-09-30": "$727", "2009-06-30": "$667", "2009-03-31": "$837", "2008-12-31": "$415", "2008-09-30": "$355", "2008-06-30": "$748", "2008-03-31": "$370", "2007-12-31": "$422", "2007-09-30": "$307", "2007-06-30": "$385", "2007-03-31": "$471", "2006-12-31": "$443", "2006-09-30": "$327", "2006-06-30": "$466", "2006-03-31": "$343", "2005-12-31": "$313", "2005-09-30": "$408", "2005-06-30": "$365", "2005-03-31": "$339"}}, "long-term-debt": {"Allstate Annual Long Term Debt (Millions of US $)": {"2019": "$6,631", "2018": "$6,451", "2017": "$6,350", "2016": "$6,347", "2015": "$5,124", "2014": "$5,140", "2013": "$6,201", "2012": "$6,057", "2011": "$5,908", "2010": "$5,908", "2009": "$5,910", "2008": "$5,659", "2007": "$5,640", "2006": "$4,650", "2005": "$4,887"}, "Allstate Quarterly Long Term Debt (Millions of US $)": {"2020-09-30": "$6,635", "2020-06-30": "$6,634", "2020-03-31": "$6,633", "2019-12-31": "$6,631", "2019-09-30": "$6,630", "2019-06-30": "$6,628", "2019-03-31": "$6,453", "2018-12-31": "$6,451", "2018-09-30": "$6,450", "2018-06-30": "$6,448", "2018-03-31": "$6,847", "2017-12-31": "$6,350", "2017-09-30": "$6,349", "2017-06-30": "$6,348", "2017-03-31": "$6,346", "2016-12-31": "$6,347", "2016-09-30": "$5,110", "2016-06-30": "$5,109", "2016-03-31": "$5,108", "2015-12-31": "$5,124", "2015-09-30": "$5,175", "2015-06-30": "$5,186", "2015-03-31": "$5,194", "2014-12-31": "$5,140", "2014-09-30": "$5,195", "2014-06-30": "$5,846", "2014-03-31": "$6,200", "2013-12-31": "$6,201", "2013-09-30": "$6,217", "2013-06-30": "$5,475", "2013-03-31": "$6,556", "2012-12-31": "$6,057", "2012-09-30": "$6,057", "2012-06-30": "$6,058", "2012-03-31": "$6,058", "2011-12-31": "$5,908", "2011-09-30": "$5,907", "2011-06-30": "$5,907", "2011-03-31": "$5,908", "2010-12-31": "$5,908", "2010-09-30": "$5,909", "2010-06-30": "$5,909", "2010-03-31": "$5,910", "2009-12-31": "$5,910", "2009-09-30": "$6,661", "2009-06-30": "$6,658", "2009-03-31": "$5,659", "2008-12-31": "$5,659", "2008-09-30": "$5,659", "2008-06-30": "$5,640", "2008-03-31": "$5,640", "2007-12-31": "$5,640", "2007-09-30": "$5,640", "2007-06-30": "$5,641", "2007-03-31": "$4,640", "2006-12-31": "$4,650", "2006-09-30": "$5,529", "2006-06-30": "$5,531", "2006-03-31": "$5,533", "2005-12-31": "$4,887", "2005-09-30": "$4,892", "2005-06-30": "$5,178", "2005-03-31": "$5,280"}}, "total-liabilities": {"Allstate Annual Total Liabilities (Millions of US $)": {"2019": "$93,952", "2018": "$90,937", "2017": "$89,871", "2016": "$88,037", "2015": "$84,631", "2014": "$86,175", "2013": "$102,040", "2012": "$106,367", "2011": "$106,867", "2010": "$111,830", "2009": "$115,931", "2008": "$122,125", "2007": "$134,557", "2006": "$135,708", "2005": "$135,886"}, "Allstate Quarterly Total Liabilities (Millions of US $)": {"2020-09-30": "$95,487", "2020-06-30": "$94,280", "2020-03-31": "$91,934", "2019-12-31": "$93,952", "2019-09-30": "$94,933", "2019-06-30": "$93,898", "2019-03-31": "$92,416", "2018-12-31": "$90,937", "2018-09-30": "$90,857", "2018-06-30": "$90,247", "2018-03-31": "$90,012", "2017-12-31": "$89,871", "2017-09-30": "$91,513", "2017-06-30": "$89,364", "2017-03-31": "$89,085", "2016-12-31": "$88,037", "2016-09-30": "$87,603", "2016-06-30": "$86,731", "2016-03-31": "$85,607", "2015-12-31": "$84,631", "2015-09-30": "$85,345", "2015-06-30": "$85,819", "2015-03-31": "$85,885", "2014-12-31": "$86,175", "2014-09-30": "$85,981", "2014-06-30": "$87,361", "2014-03-31": "$102,186", "2013-12-31": "$102,040", "2013-09-30": "$101,505", "2013-06-30": "$101,611", "2013-03-31": "$105,993", "2012-12-31": "$106,367", "2012-09-30": "$106,151", "2012-06-30": "$106,060", "2012-03-31": "$106,723", "2011-12-31": "$106,867", "2011-09-30": "$108,830", "2011-06-30": "$110,230", "2011-03-31": "$111,084", "2010-12-31": "$111,830", "2010-09-30": "$113,232", "2010-06-30": "$112,743", "2010-03-31": "$114,798", "2009-12-31": "$115,931", "2009-09-30": "$117,970", "2009-06-30": "$117,993", "2009-03-31": "$118,100", "2008-12-31": "$122,125", "2008-09-30": "$126,636", "2008-06-30": "$131,124", "2008-03-31": "$131,907", "2007-12-31": "$134,557", "2007-09-30": "$137,739", "2007-06-30": "$138,977", "2007-03-31": "$137,598", "2006-12-31": "$135,708", "2006-09-30": "$138,124", "2006-06-30": "$136,489", "2006-03-31": "$136,262", "2005-12-31": "$135,886", "2005-09-30": "$136,712", "2005-06-30": "$132,619", "2005-03-31": "$130,141"}}, "total-share-holder-equity": {"Allstate Annual Share Holder Equity (Millions of US $)": {"2019": "$25,998", "2018": "$21,312", "2017": "$22,551", "2016": "$20,573", "2015": "$20,025", "2014": "$22,304", "2013": "$21,480", "2012": "$20,580", "2011": "$18,326", "2010": "$19,044", "2009": "$16,721", "2008": "$12,673", "2007": "$21,851", "2006": "$21,846", "2005": "$20,186"}, "Allstate Quarterly Share Holder Equity (Millions of US $)": {"2020-09-30": "$27,263", "2020-06-30": "$26,986", "2020-03-31": "$24,173", "2019-12-31": "$25,998", "2019-09-30": "$26,140", "2019-06-30": "$24,476", "2019-03-31": "$23,418", "2018-12-31": "$21,312", "2018-09-30": "$23,633", "2018-06-30": "$23,122", "2018-03-31": "$23,277", "2017-12-31": "$22,551", "2017-09-30": "$22,119", "2017-06-30": "$21,501", "2017-03-31": "$21,158", "2016-12-31": "$20,573", "2016-09-30": "$20,934", "2016-06-30": "$20,553", "2016-03-31": "$20,340", "2015-12-31": "$20,025", "2015-09-30": "$20,504", "2015-06-30": "$21,298", "2015-03-31": "$22,179", "2014-12-31": "$22,304", "2014-09-30": "$22,329", "2014-06-30": "$22,872", "2014-03-31": "$22,105", "2013-12-31": "$21,480", "2013-09-30": "$20,780", "2013-06-30": "$19,869", "2013-03-31": "$20,619", "2012-12-31": "$20,580", "2012-09-30": "$20,837", "2012-06-30": "$19,475", "2012-03-31": "$19,210", "2011-12-31": "$18,326", "2011-09-30": "$18,129", "2011-06-30": "$18,793", "2011-03-31": "$19,341", "2010-12-31": "$19,044", "2010-09-30": "$19,302", "2010-06-30": "$18,067", "2010-03-31": "$17,588", "2009-12-31": "$16,721", "2009-09-30": "$17,534", "2009-06-30": "$15,098", "2009-03-31": "$12,271", "2008-12-31": "$12,673", "2008-09-30": "$16,938", "2008-06-30": "$19,709", "2008-03-31": "$20,303", "2007-12-31": "$21,851", "2007-09-30": "$21,634", "2007-06-30": "$21,560", "2007-03-31": "$22,491", "2006-12-31": "$21,846", "2006-09-30": "$22,200", "2006-06-30": "$20,605", "2006-03-31": "$20,545", "2005-12-31": "$20,186", "2005-09-30": "$19,419", "2005-06-30": "$22,324", "2005-03-31": "$21,325"}}, "profit-margins": {"current": "12.45%"}, "gross margin": {"2020-12-31": "44.45%", "2020-09-30": "42.90%", "2020-06-30": "42.84%", "2020-03-31": "40.24%", "2019-12-31": "40.34%", "2019-09-30": "36.85%", "2019-06-30": "36.58%", "2019-03-31": "36.42%", "2018-12-31": "36.19%", "2018-09-30": "39.21%", "2018-06-30": "39.06%", "2018-03-31": "38.81%", "2017-12-31": "37.93%", "2017-09-30": "38.45%", "2017-06-30": "37.28%", "2017-03-31": "35.72%", "2016-12-31": "33.68%", "2016-09-30": "30.66%", "2016-06-30": "31.15%", "2016-03-31": "31.70%", "2015-12-31": "33.81%", "2015-09-30": "35.58%", "2015-06-30": "36.45%", "2015-03-31": "37.50%", "2014-12-31": "37.25%", "2014-09-30": "37.80%", "2014-06-30": "37.82%", "2014-03-31": "38.39%", "2013-12-31": "38.84%", "2013-09-30": "36.11%", "2013-06-30": "36.30%", "2013-03-31": "34.99%", "2012-12-31": "35.11%", "2012-09-30": "37.01%", "2012-06-30": "34.12%", "2012-03-31": "29.00%", "2011-12-31": "27.83%", "2011-09-30": "25.34%", "2011-06-30": "26.12%", "2011-03-31": "29.99%", "2010-12-31": "28.11%", "2010-09-30": "29.17%", "2010-06-30": "28.56%", "2010-03-31": "29.42%", "2009-12-31": "29.75%", "2009-09-30": "25.34%", "2009-06-30": "19.66%", "2009-03-31": "17.52%", "2008-12-31": "18.05%", "2008-09-30": "23.91%", "2008-06-30": "31.92%", "2008-03-31": "36.83%", "2007-12-31": "40.34%", "2007-09-30": "42.03%", "2007-06-30": "42.99%", "2007-03-31": "43.06%", "2006-12-31": "43.58%", "2006-09-30": "42.63%", "2006-06-30": "30.50%", "2006-03-31": "30.10%", "2005-12-31": "28.80%"}, "operating margin": {"2020-12-31": "16.82%", "2020-09-30": "14.53%", "2020-06-30": "13.58%", "2020-03-31": "12.52%", "2019-12-31": "14.44%", "2019-09-30": "8.22%", "2019-06-30": "8.41%", "2019-03-31": "8.23%", "2018-12-31": "7.59%", "2018-09-30": "13.50%", "2018-06-30": "13.18%", "2018-03-31": "13.20%", "2017-12-31": "12.59%", "2017-09-30": "11.37%", "2017-06-30": "10.99%", "2017-03-31": "9.82%", "2016-12-31": "8.22%", "2016-09-30": "7.04%", "2016-06-30": "7.62%", "2016-03-31": "8.10%", "2015-12-31": "10.13%", "2015-09-30": "11.56%", "2015-06-30": "12.32%", "2015-03-31": "13.54%", "2014-12-31": "13.20%", "2014-09-30": "13.38%", "2014-06-30": "13.46%", "2014-03-31": "14.00%", "2013-12-31": "14.52%", "2013-09-30": "12.45%", "2013-06-30": "12.23%", "2013-03-31": "10.88%", "2012-12-31": "11.09%", "2012-09-30": "12.70%", "2012-06-30": "10.17%", "2012-03-31": "5.24%", "2011-12-31": "4.22%", "2011-09-30": "2.02%", "2011-06-30": "2.87%", "2011-03-31": "6.72%", "2010-12-31": "4.71%", "2010-09-30": "5.96%", "2010-06-30": "5.32%", "2010-03-31": "6.19%", "2009-12-31": "5.51%", "2009-09-30": "-2.50%", "2009-06-30": "-8.52%", "2009-03-31": "-10.86%", "2008-12-31": "-9.00%", "2008-09-30": "0.75%", "2008-06-30": "9.43%", "2008-03-31": "14.89%", "2007-12-31": "19.11%", "2007-09-30": "20.88%", "2007-06-30": "21.88%", "2007-03-31": "21.56%", "2006-12-31": "21.82%", "2006-09-30": "21.11%", "2006-06-30": "9.14%", "2006-03-31": "8.74%", "2005-12-31": "6.99%"}, "ebitda margin": {"2020-09-30": "16.28%", "2020-06-30": "15.30%", "2020-03-31": "14.23%", "2019-12-31": "16.13%", "2019-09-30": "9.65%", "2019-06-30": "9.79%", "2019-03-31": "9.56%", "2018-12-31": "8.87%", "2018-09-30": "15.05%", "2018-06-30": "14.73%", "2018-03-31": "14.75%", "2017-12-31": "14.13%", "2017-09-30": "12.52%", "2017-06-30": "12.10%", "2017-03-31": "10.89%", "2016-12-31": "9.24%", "2016-09-30": "8.10%", "2016-06-30": "8.68%", "2016-03-31": "9.16%", "2015-12-31": "11.17%", "2015-09-30": "12.58%", "2015-06-30": "13.32%", "2015-03-31": "14.54%", "2014-12-31": "14.24%", "2014-09-30": "14.52%", "2014-06-30": "14.54%", "2014-03-31": "15.09%", "2013-12-31": "15.59%", "2013-09-30": "13.45%", "2013-06-30": "13.31%", "2013-03-31": "12.02%", "2012-12-31": "12.26%", "2012-09-30": "13.90%", "2012-06-30": "11.27%", "2012-03-31": "6.20%", "2011-12-31": "4.99%", "2011-09-30": "2.60%", "2011-06-30": "3.35%", "2011-03-31": "7.06%", "2010-12-31": "5.01%", "2010-09-30": "6.12%", "2010-06-30": "5.39%", "2010-03-31": "6.19%", "2009-12-31": "5.22%", "2009-09-30": "-3.15%", "2009-06-30": "-9.58%", "2009-03-31": "-12.20%", "2008-12-31": "-10.28%", "2008-09-30": "-0.30%", "2008-06-30": "8.59%", "2008-03-31": "14.14%", "2007-12-31": "18.41%", "2007-09-30": "20.28%", "2007-06-30": "21.31%", "2007-03-31": "21.00%", "2006-12-31": "21.29%", "2006-09-30": "20.59%", "2006-06-30": "8.77%", "2006-03-31": "8.50%", "2005-12-31": "6.80%"}, "pre tax profit margin": {"2020-12-31": "15.54%", "2020-09-30": "13.29%", "2020-06-30": "12.78%", "2020-03-31": "11.72%", "2019-12-31": "13.63%", "2019-09-30": "7.38%", "2019-06-30": "7.52%", "2019-03-31": "7.27%", "2018-12-31": "6.60%", "2018-09-30": "12.51%", "2018-06-30": "12.17%", "2018-03-31": "12.14%", "2017-12-31": "11.54%", "2017-09-30": "10.36%", "2017-06-30": "10.01%", "2017-03-31": "8.94%", "2016-12-31": "7.36%", "2016-09-30": "6.16%", "2016-06-30": "6.73%", "2016-03-31": "7.19%", "2015-12-31": "9.21%", "2015-09-30": "10.65%", "2015-06-30": "11.34%", "2015-03-31": "12.58%", "2014-12-31": "12.02%", "2014-09-30": "12.01%", "2014-06-30": "10.22%", "2014-03-31": "9.26%", "2013-12-31": "9.84%", "2013-09-30": "7.87%", "2013-06-30": "9.54%", "2013-03-31": "9.65%", "2012-12-31": "9.92%", "2012-09-30": "11.50%", "2012-06-30": "8.96%", "2012-03-31": "4.04%", "2011-12-31": "2.94%", "2011-09-30": "0.81%", "2011-06-30": "1.66%", "2011-03-31": "5.47%", "2010-12-31": "3.50%", "2010-09-30": "4.64%", "2010-06-30": "3.84%", "2010-03-31": "4.66%", "2009-12-31": "3.90%", "2009-09-30": "-4.15%", "2009-06-30": "-10.03%", "2009-03-31": "-12.27%", "2008-12-31": "-10.29%", "2008-09-30": "-0.52%", "2008-06-30": "8.25%", "2008-03-31": "13.78%", "2007-12-31": "18.09%", "2007-09-30": "19.92%", "2007-06-30": "20.76%", "2007-03-31": "20.27%", "2006-12-31": "20.05%", "2006-09-30": "19.41%", "2006-06-30": "7.57%", "2006-03-31": "7.29%", "2005-12-31": "5.90%"}, "net profit margin": {"2020-12-31": "12.19%", "2020-09-30": "10.33%", "2020-06-30": "9.89%", "2020-03-31": "8.98%", "2019-12-31": "10.47%", "2019-09-30": "5.59%", "2019-06-30": "5.80%", "2019-03-31": "5.60%", "2018-12-31": "5.05%", "2018-09-30": "10.35%", "2018-06-30": "9.74%", "2018-03-31": "9.48%", "2017-12-31": "8.72%", "2017-09-30": "6.75%", "2017-06-30": "6.49%", "2017-03-31": "5.79%", "2016-12-31": "4.71%", "2016-09-30": "3.92%", "2016-06-30": "4.31%", "2016-03-31": "4.57%", "2015-12-31": "5.76%", "2015-09-30": "6.69%", "2015-06-30": "7.07%", "2015-03-31": "7.91%", "2014-12-31": "7.79%", "2014-09-30": "7.83%", "2014-06-30": "6.67%", "2014-03-31": "6.17%", "2013-12-31": "6.56%", "2013-09-30": "5.39%", "2013-06-30": "6.66%", "2013-03-31": "6.73%", "2012-12-31": "6.92%", "2012-09-30": "7.95%", "2012-06-30": "6.27%", "2012-03-31": "3.13%", "2011-12-31": "2.41%", "2011-09-30": "1.09%", "2011-06-30": "1.70%", "2011-03-31": "4.14%", "2010-12-31": "2.90%", "2010-09-30": "3.67%", "2010-06-30": "3.23%", "2010-03-31": "3.91%", "2009-12-31": "2.67%", "2009-09-30": "-2.60%", "2009-06-30": "-6.40%", "2009-03-31": "-7.88%", "2008-12-31": "-5.71%", "2008-09-30": "0.66%", "2008-06-30": "6.30%", "2008-03-31": "9.82%", "2007-12-31": "12.61%", "2007-09-30": "13.80%", "2007-06-30": "14.39%", "2007-03-31": "14.07%", "2006-12-31": "13.95%", "2006-09-30": "13.53%", "2006-06-30": "5.90%", "2006-03-31": "5.75%", "2005-12-31": "4.99%"}, "pe ratio": {"current": "7.28", "2021-02-10": "11.69", "2020-12-31": "12.17", "2020-09-30": "6.57", "2020-06-30": "7.19", "2020-03-31": "7.56", "2019-12-31": "7.82", "2019-09-30": "13.34", "2019-06-30": "12.91", "2019-03-31": "12.98", "2018-12-31": "13.46", "2018-09-30": "9.33", "2018-06-30": "9.16", "2018-03-31": "9.78", "2017-12-31": "11.83", "2017-09-30": "12.03", "2017-06-30": "12.26", "2017-03-31": "12.86", "2016-12-31": "14.67", "2016-09-30": "17.31", "2016-06-30": "16.40", "2016-03-31": "15.14", "2015-12-31": "11.24", "2015-09-30": "9.25", "2015-06-30": "9.90", "2015-03-31": "9.82", "2014-12-31": "10.00", "2014-09-30": "8.84", "2014-06-30": "10.20", "2014-03-31": "10.78", "2013-12-31": "9.97", "2013-09-30": "11.46", "2013-06-30": "8.95", "2013-03-31": "9.20", "2012-12-31": "7.39", "2012-09-30": "6.40", "2012-06-30": "7.22", "2012-03-31": "13.33", "2011-12-31": "15.05", "2011-09-30": "30.37", "2011-06-30": "24.99", "2011-03-31": "10.57", "2010-12-31": "15.12", "2010-09-30": "12.00", "2010-06-30": "12.43", "2010-03-31": "11.18", "2009-12-31": "15.10", "2009-09-30": "0.00", "2009-06-30": "0.00", "2009-03-31": "0.00", "2008-12-31": "0.00", "2008-09-30": "108.74", "2008-06-30": "9.14", "2008-03-31": "5.96", "2007-12-31": "4.95", "2007-09-30": "5.02", "2007-06-30": "5.28", "2007-03-31": "5.38", "2006-12-31": "5.94"}, "price sales": {"2021-02-11": "0.73", "2020-12-31": "0.77", "2020-09-30": "0.68", "2020-06-30": "0.71", "2020-03-31": "0.68", "2019-12-31": "0.83", "2019-09-30": "0.84", "2019-06-30": "0.81", "2019-03-31": "0.77", "2018-12-31": "0.71", "2018-09-30": "0.84", "2018-06-30": "0.79", "2018-03-31": "0.83", "2017-12-31": "0.93", "2017-09-30": "0.81", "2017-06-30": "0.80", "2017-03-31": "0.75", "2016-12-31": "0.70", "2016-09-30": "0.69", "2016-06-30": "0.71", "2016-03-31": "0.70", "2015-12-31": "0.65", "2015-09-30": "0.62", "2015-06-30": "0.70", "2015-03-31": "0.78", "2014-12-31": "0.79", "2014-09-30": "0.70", "2014-06-30": "0.69", "2014-03-31": "0.67", "2013-12-31": "0.66", "2013-09-30": "0.62", "2013-06-30": "0.60", "2013-03-31": "0.62", "2012-12-31": "0.51", "2012-09-30": "0.52", "2012-06-30": "0.46", "2012-03-31": "0.44", "2011-12-31": "0.37", "2011-09-30": "0.32", "2011-06-30": "0.42", "2011-03-31": "0.44", "2010-12-31": "0.45", "2010-09-30": "0.44", "2010-06-30": "0.40", "2010-03-31": "0.44", "2009-12-31": "0.40", "2009-09-30": "0.43", "2009-06-30": "0.34", "2009-03-31": "0.28", "2008-12-31": "0.47", "2008-09-30": "0.62", "2008-06-30": "0.59", "2008-03-31": "0.59", "2007-12-31": "0.63", "2007-09-30": "0.69", "2007-06-30": "0.76", "2007-03-31": "0.76", "2006-12-31": "0.83"}, "price book": {"current": "1.16", "2021-02-11": "1.17", "2020-09-30": "1.04", "2020-06-30": "1.11", "2020-03-31": "1.18", "2019-12-31": "1.35", "2019-09-30": "1.32", "2019-06-30": "1.33", "2019-03-31": "1.29", "2018-12-31": "1.24", "2018-09-30": "1.38", "2018-06-30": "1.31", "2018-03-31": "1.36", "2017-12-31": "1.56", "2017-09-30": "1.41", "2017-06-30": "1.39", "2017-03-31": "1.31", "2016-12-31": "1.23", "2016-09-30": "1.13", "2016-06-30": "1.16", "2016-03-31": "1.14", "2015-12-31": "1.08", "2015-09-30": "1.01", "2015-06-30": "1.11", "2015-03-31": "1.18", "2014-12-31": "1.18", "2014-09-30": "1.03", "2014-06-30": "0.99", "2014-03-31": "0.98", "2013-12-31": "1.00", "2013-09-30": "0.97", "2013-06-30": "0.98", "2013-03-31": "0.96", "2012-12-31": "0.81", "2012-09-30": "0.79", "2012-06-30": "0.75", "2012-03-31": "0.71", "2011-12-31": "0.63", "2011-09-30": "0.55", "2011-06-30": "0.69", "2011-03-31": "0.71", "2010-12-31": "0.73", "2010-09-30": "0.71", "2010-06-30": "0.69", "2010-03-31": "0.79", "2009-12-31": "0.77", "2009-09-30": "0.74", "2009-06-30": "0.68", "2009-03-31": "0.65", "2008-12-31": "1.06", "2008-09-30": "1.10", "2008-06-30": "0.94", "2008-03-31": "0.97", "2007-12-31": "0.99", "2007-09-30": "1.11", "2007-06-30": "1.22", "2007-03-31": "1.18", "2006-12-31": "1.33", "2006-09-30": "1.26", "2006-06-30": "1.19", "2006-03-31": "1.14"}, "price fcf": {"2021-02-10": "", "2020-09-30": "$15.80", "2020-06-30": "$17.02", "2020-03-31": "$15.19", "2019-12-31": "$14.08", "2019-09-30": "$14.38", "2019-06-30": "$13.94", "2019-03-31": "$14.18", "2018-12-31": "$13.87", "2018-09-30": "$13.05", "2018-06-30": "$13.19", "2018-03-31": "$10.37", "2017-12-31": "$10.92", "2017-09-30": "$11.13", "2017-06-30": "$9.74", "2017-03-31": "$10.13", "2016-12-31": "$9.75", "2016-09-30": "$8.80", "2016-06-30": "$8.58", "2016-03-31": "$8.67", "2015-12-31": "$8.14", "2015-09-30": "$7.39", "2015-06-30": "$7.12", "2015-03-31": "$7.00", "2014-12-31": "$6.73", "2014-09-30": "$7.72", "2014-06-30": "$7.84", "2014-03-31": "$8.09", "2013-12-31": "$8.58", "2013-09-30": "$6.96", "2013-06-30": "$5.45", "2013-03-31": "$5.52", "2012-12-31": "$5.62", "2012-09-30": "$5.26", "2012-06-30": "$4.37", "2012-03-31": "$3.45", "2011-12-31": "$3.22", "2011-09-30": "$4.08", "2011-06-30": "$4.98", "2011-03-31": "$6.04", "2010-12-31": "$6.50", "2010-09-30": "$6.73", "2010-06-30": "$6.93", "2010-03-31": "$6.61", "2009-12-31": "$7.60", "2009-09-30": "$6.55", "2009-06-30": "$7.02", "2009-03-31": "$7.43", "2008-12-31": "$6.60", "2008-09-30": "$8.23", "2008-06-30": "$8.59", "2008-03-31": "$8.20", "2007-12-31": "$8.63", "2007-09-30": "$8.78", "2007-06-30": "$8.63", "2007-03-31": "$8.80", "2006-12-31": "$7.68"}, "net worth": {"value": "$32.8B"}, "current ratio": {"2020-12-31": "0.22", "2020-09-30": "0.21", "2020-06-30": "0.22", "2020-03-31": "0.22", "2019-12-31": "0.22", "2019-09-30": "0.22", "2019-06-30": "0.22", "2019-03-31": "0.22", "2018-12-31": "0.22", "2018-09-30": "0.21", "2018-06-30": "0.21", "2018-03-31": "0.21", "2017-12-31": "0.21", "2017-09-30": "0.22", "2017-06-30": "0.21", "2017-03-31": "0.21", "2016-12-31": "0.21", "2016-09-30": "0.21", "2016-06-30": "0.21", "2016-03-31": "0.21", "2015-12-31": "0.21", "2015-09-30": "0.21", "2015-06-30": "0.21", "2015-03-31": "0.21", "2014-12-31": "0.21", "2014-09-30": "0.20", "2014-06-30": "0.20", "2014-03-31": "0.20", "2013-12-31": "0.19", "2013-09-30": "0.19", "2013-06-30": "0.17", "2013-03-31": "0.17", "2012-12-31": "0.17", "2012-09-30": "0.15", "2012-06-30": "0.15", "2012-03-31": "0.15", "2011-12-31": "0.15", "2011-09-30": "0.14", "2011-06-30": "0.13", "2011-03-31": "0.13", "2010-12-31": "0.13", "2010-09-30": "0.13", "2010-06-30": "0.13", "2010-03-31": "0.13", "2009-12-31": "0.12", "2009-09-30": "0.13", "2009-06-30": "0.13", "2009-03-31": "0.12", "2008-12-31": "0.12", "2008-09-30": "0.11", "2008-06-30": "0.11", "2008-03-31": "0.11", "2007-12-31": "0.11", "2007-09-30": "0.11", "2007-06-30": "0.11", "2007-03-31": "0.11", "2006-12-31": "0.11", "2006-09-30": "0.11", "2006-06-30": "0.11", "2006-03-31": "0.10", "2005-12-31": "0.10", "2005-09-30": "0.09", "2005-06-30": "0.09", "2005-03-31": "0.10"}, "quick ratio": {"2020-12-31": "0.00", "2020-09-30": "0.00", "2020-06-30": "0.00", "2020-03-31": "0.00", "2019-12-31": "0.00", "2019-09-30": "0.00", "2019-06-30": "0.00", "2019-03-31": "0.00", "2018-12-31": "0.00", "2018-09-30": "0.00", "2018-06-30": "0.00", "2018-03-31": "0.00", "2017-12-31": "0.00", "2017-09-30": "0.00", "2017-06-30": "0.00", "2017-03-31": "0.00", "2016-12-31": "0.00", "2016-09-30": "0.00", "2016-06-30": "0.00", "2016-03-31": "0.00", "2015-12-31": "0.00", "2015-09-30": "0.00", "2015-06-30": "0.00", "2015-03-31": "0.00", "2014-12-31": "0.00", "2014-09-30": "0.00", "2014-06-30": "0.00", "2014-03-31": "0.00", "2013-12-31": "0.00", "2013-09-30": "0.00", "2013-06-30": "0.00", "2013-03-31": "0.00", "2012-12-31": "0.00", "2012-09-30": "0.00", "2012-06-30": "0.00", "2012-03-31": "0.00", "2011-12-31": "0.00", "2011-09-30": "0.00", "2011-06-30": "0.00", "2011-03-31": "0.00", "2010-12-31": "0.00", "2010-09-30": "0.00", "2010-06-30": "0.00", "2010-03-31": "0.00", "2009-12-31": "0.00", "2009-09-30": "0.00", "2009-06-30": "0.00", "2009-03-31": "0.00", "2008-12-31": "0.00", "2008-09-30": "0.00", "2008-06-30": "0.00", "2008-03-31": "0.00", "2007-12-31": "0.00", "2007-09-30": "0.00", "2007-06-30": "0.00", "2007-03-31": "0.00", "2006-12-31": "0.00", "2006-09-30": "0.00", "2006-06-30": "0.00", "2006-03-31": "0.00", "2005-12-31": "0.00", "2005-09-30": "0.00", "2005-06-30": "0.00", "2005-03-31": "0.00"}, "debt equity ratio": {"current": "0.28", "2020-12-31": "3.17", "2020-09-30": "3.50", "2020-06-30": "3.49", "2020-03-31": "3.80", "2019-12-31": "3.61", "2019-09-30": "3.63", "2019-06-30": "3.84", "2019-03-31": "3.95", "2018-12-31": "4.27", "2018-09-30": "3.84", "2018-06-30": "3.90", "2018-03-31": "3.87", "2017-12-31": "3.99", "2017-09-30": "4.14", "2017-06-30": "4.16", "2017-03-31": "4.21", "2016-12-31": "4.28", "2016-09-30": "4.19", "2016-06-30": "4.22", "2016-03-31": "4.21", "2015-12-31": "4.23", "2015-09-30": "4.16", "2015-06-30": "4.03", "2015-03-31": "3.87", "2014-12-31": "3.86", "2014-09-30": "3.85", "2014-06-30": "3.82", "2014-03-31": "4.62", "2013-12-31": "4.75", "2013-09-30": "4.89", "2013-06-30": "5.11", "2013-03-31": "5.14", "2012-12-31": "5.17", "2012-09-30": "5.09", "2012-06-30": "5.45", "2012-03-31": "5.56", "2011-12-31": "5.83", "2011-09-30": "6.00", "2011-06-30": "5.87", "2011-03-31": "5.74", "2010-12-31": "5.87", "2010-09-30": "5.87", "2010-06-30": "6.24", "2010-03-31": "6.53", "2009-12-31": "6.93", "2009-09-30": "6.73", "2009-06-30": "7.82", "2009-03-31": "9.62", "2008-12-31": "9.64", "2008-09-30": "7.48", "2008-06-30": "6.65", "2008-03-31": "6.50", "2007-12-31": "6.16", "2007-09-30": "6.37", "2007-06-30": "6.45", "2007-03-31": "6.12", "2006-12-31": "6.21", "2006-09-30": "6.22", "2006-06-30": "6.62", "2006-03-31": "6.63", "2005-12-31": "6.73", "2005-09-30": "7.04", "2005-06-30": "5.94", "2005-03-31": "6.10"}, "return on equity": {"2020-12-31": "20.11%", "2020-09-30": "17.51%", "2020-06-30": "16.78%", "2020-03-31": "15.60%", "2019-12-31": "18.71%", "2019-09-30": "10.01%", "2019-06-30": "10.51%", "2019-03-31": "10.04%", "2018-12-31": "8.81%", "2018-09-30": "18.07%", "2018-06-30": "17.03%", "2018-03-31": "16.77%", "2017-12-31": "15.75%", "2017-09-30": "12.48%", "2017-06-30": "11.97%", "2017-03-31": "10.62%", "2016-12-31": "8.55%", "2016-09-30": "6.89%", "2016-06-30": "7.57%", "2016-03-31": "7.91%", "2015-12-31": "9.79%", "2015-09-30": "11.08%", "2015-06-30": "11.44%", "2015-03-31": "12.52%", "2014-12-31": "12.26%", "2014-09-30": "12.44%", "2014-06-30": "10.64%", "2014-03-31": "10.17%", "2013-12-31": "10.94%", "2013-09-30": "9.03%", "2013-06-30": "11.04%", "2013-03-31": "11.04%", "2012-12-31": "11.52%", "2012-09-30": "13.48%", "2012-06-30": "11.05%", "2012-03-31": "5.53%", "2011-12-31": "4.22%", "2011-09-30": "1.88%", "2011-06-30": "2.86%", "2011-03-31": "6.94%", "2010-12-31": "4.92%", "2010-09-30": "6.42%", "2010-06-30": "5.74%", "2010-03-31": "7.46%", "2009-12-31": "5.54%", "2009-09-30": "-5.51%", "2009-06-30": "-13.60%", "2009-03-31": "-14.94%", "2008-12-31": "-9.65%", "2008-09-30": "1.07%", "2008-06-30": "10.11%", "2008-03-31": "16.35%", "2007-12-31": "21.18%", "2007-09-30": "23.26%", "2007-06-30": "23.92%", "2007-03-31": "23.29%", "2006-12-31": "23.44%", "2006-09-30": "23.08%", "2006-06-30": "10.48%", "2006-03-31": "9.98%", "2005-12-31": "8.48%"}, "return on assets": {"2020-12-31": "4.49%", "2020-09-30": "3.81%", "2020-06-30": "3.62%", "2020-03-31": "3.31%", "2019-12-31": "3.94%", "2019-09-30": "2.04%", "2019-06-30": "2.12%", "2019-03-31": "2.01%", "2018-12-31": "1.78%", "2018-09-30": "3.69%", "2018-06-30": "3.43%", "2018-03-31": "3.33%", "2017-12-31": "3.08%", "2017-09-30": "2.40%", "2017-06-30": "2.30%", "2017-03-31": "2.03%", "2016-12-31": "1.64%", "2016-09-30": "1.32%", "2016-06-30": "1.45%", "2016-03-31": "1.53%", "2015-12-31": "1.93%", "2015-09-30": "2.23%", "2015-06-30": "2.33%", "2015-03-31": "2.58%", "2014-12-31": "2.43%", "2014-09-30": "2.37%", "2014-06-30": "1.93%", "2014-03-31": "1.74%", "2013-12-31": "1.83%", "2013-09-30": "1.49%", "2013-06-30": "1.80%", "2013-03-31": "1.78%", "2012-12-31": "1.83%", "2012-09-30": "2.08%", "2012-06-30": "1.65%", "2012-03-31": "0.81%", "2011-12-31": "0.62%", "2011-09-30": "0.27%", "2011-06-30": "0.42%", "2011-03-31": "1.00%", "2010-12-31": "0.69%", "2010-09-30": "0.87%", "2010-06-30": "0.76%", "2010-03-31": "0.94%", "2009-12-31": "0.64%", "2009-09-30": "-0.59%", "2009-06-30": "-1.43%", "2009-03-31": "-1.64%", "2008-12-31": "-1.16%", "2008-09-30": "0.14%", "2008-06-30": "1.36%", "2008-03-31": "2.22%", "2007-12-31": "2.91%", "2007-09-30": "3.19%", "2007-06-30": "3.30%", "2007-03-31": "3.20%", "2006-12-31": "3.16%", "2006-09-30": "3.06%", "2006-06-30": "1.35%", "2006-03-31": "1.32%", "2005-12-31": "1.14%"}, "return on investments": {"2020-12-31": "22.09%", "2020-09-30": "19.63%", "2020-06-30": "18.33%", "2020-03-31": "17.21%", "2019-12-31": "20.42%", "2019-09-30": "11.55%", "2019-06-30": "11.92%", "2019-03-31": "11.52%", "2018-12-31": "10.28%", "2018-09-30": "18.38%", "2018-06-30": "17.93%", "2018-03-31": "18.10%", "2017-12-31": "17.60%", "2017-09-30": "16.22%", "2017-06-30": "15.75%", "2017-03-31": "14.13%", "2016-12-31": "11.81%", "2016-09-30": "9.89%", "2016-06-30": "10.68%", "2016-03-31": "11.22%", "2015-12-31": "13.79%", "2015-09-30": "15.43%", "2015-06-30": "16.14%", "2015-03-31": "17.32%", "2014-12-31": "16.61%", "2014-09-30": "16.83%", "2014-06-30": "16.77%", "2014-03-31": "17.95%", "2013-12-31": "18.70%", "2013-09-30": "16.08%", "2013-06-30": "15.65%", "2013-03-31": "13.69%", "2012-12-31": "14.17%", "2012-09-30": "16.45%", "2012-06-30": "13.59%", "2012-03-31": "7.02%", "2011-12-31": "5.61%", "2011-09-30": "2.66%", "2011-06-30": "3.68%", "2011-03-31": "8.58%", "2010-12-31": "6.06%", "2010-09-30": "7.85%", "2010-06-30": "7.01%", "2010-03-31": "8.57%", "2009-12-31": "8.15%", "2009-09-30": "-3.72%", "2009-06-30": "-12.79%", "2009-03-31": "-15.05%", "2008-12-31": "-11.47%", "2008-09-30": "0.94%", "2008-06-30": "11.91%", "2008-03-31": "19.61%", "2007-12-31": "25.76%", "2007-09-30": "28.50%", "2007-06-30": "29.53%", "2007-03-31": "28.91%", "2006-12-31": "29.35%", "2006-09-30": "28.65%", "2006-06-30": "12.89%", "2006-03-31": "12.14%", "2005-12-31": "9.55%"}, "return on tangible equity": {"2020-09-30": "19.40%", "2020-06-30": "18.61%", "2020-03-31": "17.35%", "2019-12-31": "20.83%", "2019-09-30": "11.20%", "2019-06-30": "11.75%", "2019-03-31": "11.20%", "2018-12-31": "9.79%", "2018-09-30": "19.95%", "2018-06-30": "18.87%", "2018-03-31": "18.64%", "2017-12-31": "17.58%", "2017-09-30": "13.80%", "2017-06-30": "13.06%", "2017-03-31": "11.44%", "2016-12-31": "9.09%", "2016-09-30": "7.33%", "2016-06-30": "8.05%", "2016-03-31": "8.40%", "2015-12-31": "10.39%", "2015-09-30": "11.74%", "2015-06-30": "12.11%", "2015-03-31": "13.24%", "2014-12-31": "12.97%", "2014-09-30": "13.17%", "2014-06-30": "11.28%", "2014-03-31": "10.80%", "2013-12-31": "11.64%", "2013-09-30": "9.61%", "2013-06-30": "11.75%", "2013-03-31": "11.75%", "2012-12-31": "12.28%", "2012-09-30": "14.40%", "2012-06-30": "11.77%", "2012-03-31": "5.86%", "2011-12-31": "4.45%", "2011-09-30": "1.97%", "2011-06-30": "2.99%", "2011-03-31": "7.28%", "2010-12-31": "5.17%", "2010-09-30": "6.75%", "2010-06-30": "6.05%", "2010-03-31": "7.87%", "2009-12-31": "5.88%", "2009-09-30": "-5.87%", "2009-06-30": "-14.49%", "2009-03-31": "-15.84%", "2008-12-31": "-10.15%", "2008-09-30": "1.11%", "2008-06-30": "10.54%", "2008-03-31": "17.01%", "2007-12-31": "22.01%", "2007-09-30": "24.17%", "2007-06-30": "24.85%", "2007-03-31": "24.20%", "2006-12-31": "24.39%", "2006-09-30": "24.03%", "2006-06-30": "10.92%", "2006-03-31": "10.39%", "2005-12-31": "8.83%"}, "dividend yield history": {"last payout": "$2.16", "last yield": "2.00%"}}