{"ticker": "ALLE", "price": {"title": "Allegion Historical Annual Stock Price Data", "value": 113.79, "historical": {"2020": {"Average Stock Price": "107.0469", "Year Open": "125.3900", "Year High": "138.9000", "Year Low": "78.6000", "Year Close": "116.3800", "Annual % Change": "-6.55%"}, "2019": {"Average Stock Price": "101.2575", "Year Open": "81.0500", "Year High": "125.6900", "Year Low": "79.5000", "Year Close": "124.5400", "Annual % Change": "56.24%"}, "2018": {"Average Stock Price": "83.6209", "Year Open": "79.9100", "Year High": "93.1000", "Year Low": "74.8200", "Year Close": "79.7100", "Annual % Change": "0.19%"}, "2017": {"Average Stock Price": "78.4152", "Year Open": "64.7000", "Year High": "89.5600", "Year Low": "64.5000", "Year Close": "79.5600", "Annual % Change": "24.31%"}, "2016": {"Average Stock Price": "66.1037", "Year Open": "64.5300", "Year High": "72.8200", "Year Low": "53.7700", "Year Close": "64.0000", "Annual % Change": "-2.91%"}, "2015": {"Average Stock Price": "60.9195", "Year Open": "55.0500", "Year High": "68.0300", "Year Low": "52.7900", "Year Close": "65.9200", "Annual % Change": "18.86%"}, "2014": {"Average Stock Price": "51.7987", "Year Open": "43.6500", "Year High": "57.6200", "Year Low": "43.6500", "Year Close": "55.4600", "Annual % Change": "25.50%"}, "2013": {"Average Stock Price": "43.6635", "Year Open": "48.4750", "Year High": "48.4750", "Year Low": "40.7000", "Year Close": "44.1900", "Annual % Change": "0.00%"}}}, "market cap": {"value": "$10.47B"}, "income statement": {"Revenue": {"2019-12-31": "2854.00000", "2018-12-31": "2731.70000", "2017-12-31": "2408.20000", "2016-12-31": "2238.00000", "2015-12-31": "2068.10000", "2014-12-31": "2118.30000", "2013-12-31": "2069.60000", "2012-12-31": "2023.30000", "2011-12-31": "2021.20000", "2010-12-31": "1967.70000"}, "Cost Of Goods Sold": {"2019-12-31": "1601.70000", "2018-12-31": "1558.40000", "2017-12-31": "1335.30000", "2016-12-31": "1248.30000", "2015-12-31": "1199.00000", "2014-12-31": "1264.60000", "2013-12-31": "1208.10000", "2012-12-31": "1197.70000", "2011-12-31": "1211.40000", "2010-12-31": "1201.70000"}, "Gross Profit": {"2019-12-31": "1252.30000", "2018-12-31": "1173.30000", "2017-12-31": "1072.90000", "2016-12-31": "989.70000", "2015-12-31": "869.10010", "2014-12-31": "853.70010", "2013-12-31": "861.50010", "2012-12-31": "825.60010", "2011-12-31": "809.79990", "2010-12-31": "766.00000"}, "Research And Development Expenses": {"2019-12-31": "", "2018-12-31": "", "2017-12-31": "", "2016-12-31": "", "2015-12-31": "", "2014-12-31": "", "2013-12-31": "", "2012-12-31": "", "2011-12-31": "", "2010-12-31": ""}, "SG&A Expenses": {"2019-12-31": "687.20000", "2018-12-31": "647.50000", "2017-12-31": "580.40000", "2016-12-31": "555.40000", "2015-12-31": "510.50000", "2014-12-31": "527.40000", "2013-12-31": "483.10000", "2012-12-31": "454.30000", "2011-12-31": "450.80000", "2010-12-31": "441.00000"}, "Other Operating Income Or Expenses": {"2019-12-31": "", "2018-12-31": "", "2017-12-31": "", "2016-12-31": "", "2015-12-31": "", "2014-12-31": "", "2013-12-31": "", "2012-12-31": "", "2011-12-31": "", "2010-12-31": ""}, "Operating Expenses": {"2019-12-31": "2288.90000", "2018-12-31": "2205.90000", "2017-12-31": "1915.70000", "2016-12-31": "1803.70000", "2015-12-31": "1709.50000", "2014-12-31": "1792.00000", "2013-12-31": "1828.80000", "2012-12-31": "1652.00000", "2011-12-31": "1662.20000", "2010-12-31": "1642.70000"}, "Operating Income": {"2019-12-31": "565.10010", "2018-12-31": "525.80000", "2017-12-31": "492.49990", "2016-12-31": "434.29990", "2015-12-31": "358.60010", "2014-12-31": "326.30000", "2013-12-31": "240.80020", "2012-12-31": "371.30000", "2011-12-31": "359.00000", "2010-12-31": "325.00000"}, "Total Non-Operating Income/Expense": {"2019-12-31": "-89.90000", "2018-12-31": "-50.60000", "2017-12-31": "-96.80000", "2016-12-31": "-139.30000", "2015-12-31": "-149.30000", "2014-12-31": "-58.40000", "2013-12-31": "-17.40000", "2012-12-31": "-4.60000", "2011-12-31": "3.20000", "2010-12-31": "1.70000"}, "Pre-Tax Income": {"2019-12-31": "475.20000", "2018-12-31": "475.20000", "2017-12-31": "395.70000", "2016-12-31": "295.00000", "2015-12-31": "209.30000", "2014-12-31": "267.90000", "2013-12-31": "223.40000", "2012-12-31": "366.70000", "2011-12-31": "362.20000", "2010-12-31": "326.70000"}, "Income Taxes": {"2019-12-31": "73.10000", "2018-12-31": "39.80000", "2017-12-31": "119.00000", "2016-12-31": "63.80000", "2015-12-31": "54.60000", "2014-12-31": "84.20000", "2013-12-31": "175.00000", "2012-12-31": "136.70000", "2011-12-31": "130.50000", "2010-12-31": "125.70000"}, "Income After Taxes": {"2019-12-31": "402.10000", "2018-12-31": "435.40000", "2017-12-31": "276.70000", "2016-12-31": "231.20000", "2015-12-31": "154.70000", "2014-12-31": "183.70000", "2013-12-31": "48.40000", "2012-12-31": "230.00000", "2011-12-31": "231.70000", "2010-12-31": "201.00000"}, "Other Income": {"2019-12-31": "", "2018-12-31": "", "2017-12-31": "", "2016-12-31": "", "2015-12-31": "", "2014-12-31": "", "2013-12-31": "", "2012-12-31": "", "2011-12-31": "", "2010-12-31": ""}, "Income From Continuous Operations": {"2019-12-31": "402.10000", "2018-12-31": "435.40000", "2017-12-31": "276.70000", "2016-12-31": "231.20000", "2015-12-31": "154.70000", "2014-12-31": "183.70000", "2013-12-31": "48.40000", "2012-12-31": "230.00000", "2011-12-31": "231.70000", "2010-12-31": "201.00000"}, "Income From Discontinued Operations": {"2019-12-31": "", "2018-12-31": "", "2017-12-31": "", "2016-12-31": "", "2015-12-31": "-0.40000", "2014-12-31": "-11.10000", "2013-12-31": "-3.60000", "2012-12-31": "-4.20000", "2011-12-31": "-7.30000", "2010-12-31": "-2.50000"}, "Net Income": {"2019-12-31": "401.80000", "2018-12-31": "434.90000", "2017-12-31": "273.30000", "2016-12-31": "229.10000", "2015-12-31": "153.90000", "2014-12-31": "175.20000", "2013-12-31": "32.30000", "2012-12-31": "220.10000", "2011-12-31": "218.10000", "2010-12-31": "191.80000"}, "EBITDA": {"2019-12-31": "648.10010", "2018-12-31": "612.00010", "2017-12-31": "559.39990", "2016-12-31": "501.19990", "2015-12-31": "411.80010", "2014-12-31": "375.10000", "2013-12-31": "424.50020", "2012-12-31": "415.10000", "2011-12-31": "405.00000", "2010-12-31": "372.30000"}, "EBIT": {"2019-12-31": "565.10010", "2018-12-31": "525.80000", "2017-12-31": "492.49990", "2016-12-31": "434.29990", "2015-12-31": "358.60010", "2014-12-31": "326.30000", "2013-12-31": "240.80020", "2012-12-31": "371.30000", "2011-12-31": "359.00000", "2010-12-31": "325.00000"}, "Basic Shares Outstanding": {"2019-12-31": "93.60000", "2018-12-31": "95.00000", "2017-12-31": "95.10000", "2016-12-31": "95.80000", "2015-12-31": "95.90000", "2014-12-31": "96.10000", "2013-12-31": "96.00000", "2012-12-31": "96.00000", "2011-12-31": "96.00000", "2010-12-31": ""}, "Shares Outstanding": {"2019-12-31": "94.30000", "2018-12-31": "95.70000", "2017-12-31": "96.00000", "2016-12-31": "96.90000", "2015-12-31": "96.90000", "2014-12-31": "97.20000", "2013-12-31": "96.10000", "2012-12-31": "96.00000", "2011-12-31": "96.00000", "2010-12-31": ""}, "Basic EPS": {"2019-12-31": "4.29000", "2018-12-31": "4.58000", "2017-12-31": "2.87000", "2016-12-31": "2.39000", "2015-12-31": "1.60000", "2014-12-31": "1.82000", "2013-12-31": "0.34000", "2012-12-31": "2.29000", "2011-12-31": "2.27000", "2010-12-31": ""}, "EPS - Earnings Per Share": {"2019-12-31": "4.26000", "2018-12-31": "4.54000", "2017-12-31": "2.85000", "2016-12-31": "2.36000", "2015-12-31": "1.59000", "2014-12-31": "1.80000", "2013-12-31": "0.34000", "2012-12-31": "2.29000", "2011-12-31": "2.27000", "2010-12-31": "0.00000"}}, "income statement, quarterly": {"Revenue": {"2020-09-30": "728.40000", "2020-06-30": "589.50000", "2020-03-31": "674.70000", "2019-12-31": "719.50000", "2019-09-30": "748.30000", "2019-06-30": "731.20000", "2019-03-31": "655.00000", "2018-12-31": "702.40000", "2018-09-30": "711.50000", "2018-06-30": "704.70000", "2018-03-31": "613.10000", "2017-12-31": "622.99990", "2017-09-30": "609.40000", "2017-06-30": "627.00000", "2017-03-31": "548.80000", "2016-12-31": "569.70000", "2016-09-30": "581.10000", "2016-06-30": "584.90000", "2016-03-31": "502.30000", "2015-12-31": "545.40010", "2015-09-30": "544.50000", "2015-06-30": "519.50000", "2015-03-31": "458.70000", "2014-12-31": "573.50010", "2014-09-30": "546.70000", "2014-06-30": "531.50000", "2014-03-31": "466.60000", "2013-12-31": "550.60000", "2013-09-30": "529.00000", "2013-06-30": "528.70000", "2013-03-31": "473.30000", "2012-12-31": "", "2012-09-30": "", "2011-12-31": "", "2010-12-31": ""}, "Cost Of Goods Sold": {"2020-09-30": "409.20000", "2020-06-30": "342.90000", "2020-03-31": "381.60000", "2019-12-31": "400.29990", "2019-09-30": "412.80000", "2019-06-30": "410.50000", "2019-03-31": "378.10000", "2018-12-31": "401.90010", "2018-09-30": "402.10000", "2018-06-30": "399.10000", "2018-03-31": "355.30000", "2017-12-31": "347.00000", "2017-09-30": "335.00000", "2017-06-30": "345.70000", "2017-03-31": "307.60000", "2016-12-31": "327.20010", "2016-09-30": "317.60000", "2016-06-30": "317.50000", "2016-03-31": "286.00000", "2015-12-31": "325.20000", "2015-09-30": "304.50000", "2015-06-30": "297.70000", "2015-03-31": "271.60000", "2014-12-31": "374.60000", "2014-09-30": "310.10000", "2014-06-30": "305.50000", "2014-03-31": "274.40000", "2013-12-31": "320.10000", "2013-09-30": "290.60000", "2013-06-30": "310.20000", "2013-03-31": "287.20000", "2012-12-31": "", "2012-09-30": "", "2011-12-31": "", "2010-12-31": ""}, "Gross Profit": {"2020-09-30": "319.20000", "2020-06-30": "246.60000", "2020-03-31": "293.10000", "2019-12-31": "319.20010", "2019-09-30": "335.50000", "2019-06-30": "320.70000", "2019-03-31": "276.90000", "2018-12-31": "300.49990", "2018-09-30": "309.40000", "2018-06-30": "305.60000", "2018-03-31": "257.80000", "2017-12-31": "275.99990", "2017-09-30": "274.40000", "2017-06-30": "281.30000", "2017-03-31": "241.20000", "2016-12-31": "242.49990", "2016-09-30": "263.50000", "2016-06-30": "267.40000", "2016-03-31": "216.30000", "2015-12-31": "220.20010", "2015-09-30": "240.00000", "2015-06-30": "221.80000", "2015-03-31": "187.10000", "2014-12-31": "198.90010", "2014-09-30": "236.60000", "2014-06-30": "226.00000", "2014-03-31": "192.20000", "2013-12-31": "230.50000", "2013-09-30": "238.40000", "2013-06-30": "218.50000", "2013-03-31": "186.10000", "2012-12-31": "", "2012-09-30": "", "2011-12-31": "", "2010-12-31": ""}, "Research And Development Expenses": {"2020-09-30": "", "2020-06-30": "", "2020-03-31": "", "2019-12-31": "", "2019-09-30": "", "2019-06-30": "", "2019-03-31": "", "2018-12-31": "", "2018-09-30": "", "2018-06-30": "", "2018-03-31": "", "2017-12-31": "", "2017-09-30": "", "2017-06-30": "", "2017-03-31": "", "2016-12-31": "", "2016-09-30": "", "2016-06-30": "", "2016-03-31": "", "2015-12-31": "", "2015-09-30": "", "2015-06-30": "", "2015-03-31": "", "2014-12-31": "", "2014-09-30": "", "2014-06-30": "", "2014-03-31": "", "2013-12-31": "0.00000", "2013-09-30": "", "2013-06-30": "", "2013-03-31": "", "2012-12-31": "", "2012-09-30": "0.00000", "2011-12-31": "", "2010-12-31": ""}, "SG&A Expenses": {"2020-09-30": "156.20000", "2020-06-30": "150.10000", "2020-03-31": "167.90000", "2019-12-31": "175.90010", "2019-09-30": "167.40000", "2019-06-30": "175.00000", "2019-03-31": "168.90000", "2018-12-31": "159.10000", "2018-09-30": "167.10000", "2018-06-30": "162.20000", "2018-03-31": "159.10000", "2017-12-31": "145.10010", "2017-09-30": "147.30000", "2017-06-30": "146.30000", "2017-03-31": "141.70000", "2016-12-31": "136.50000", "2016-09-30": "142.00000", "2016-06-30": "143.10000", "2016-03-31": "133.80000", "2015-12-31": "138.70000", "2015-09-30": "129.60000", "2015-06-30": "126.10000", "2015-03-31": "116.10000", "2014-12-31": "135.80000", "2014-09-30": "130.50000", "2014-06-30": "136.70000", "2014-03-31": "124.40000", "2013-12-31": "125.10000", "2013-09-30": "122.20000", "2013-06-30": "118.50000", "2013-03-31": "117.30000", "2012-12-31": "", "2012-09-30": "", "2011-12-31": "", "2010-12-31": ""}, "Other Operating Income Or Expenses": {"2020-09-30": "", "2020-06-30": "", "2020-03-31": "", "2019-12-31": "", "2019-09-30": "", "2019-06-30": "", "2019-03-31": "", "2018-12-31": "", "2018-09-30": "", "2018-06-30": "", "2018-03-31": "", "2017-12-31": "", "2017-09-30": "", "2017-06-30": "", "2017-03-31": "", "2016-12-31": "", "2016-09-30": "", "2016-06-30": "", "2016-03-31": "", "2015-12-31": "", "2015-09-30": "", "2015-06-30": "", "2015-03-31": "", "2014-12-31": "", "2014-09-30": "", "2014-06-30": "", "2014-03-31": "", "2013-12-31": "", "2013-09-30": "", "2013-06-30": "", "2013-03-31": "", "2012-12-31": "", "2012-09-30": "", "2011-12-31": "", "2010-12-31": ""}, "Operating Expenses": {"2020-09-30": "568.00000", "2020-06-30": "493.00000", "2020-03-31": "645.80000", "2019-12-31": "576.20000", "2019-09-30": "580.20000", "2019-06-30": "585.50000", "2019-03-31": "547.00000", "2018-12-31": "560.99990", "2018-09-30": "569.20000", "2018-06-30": "561.30000", "2018-03-31": "514.40000", "2017-12-31": "492.10020", "2017-09-30": "482.30000", "2017-06-30": "492.00000", "2017-03-31": "449.30000", "2016-12-31": "463.70010", "2016-09-30": "459.60000", "2016-06-30": "460.60000", "2016-03-31": "419.80000", "2015-12-31": "463.90000", "2015-09-30": "434.10000", "2015-06-30": "423.80000", "2015-03-31": "387.70000", "2014-12-31": "510.40000", "2014-09-30": "440.60000", "2014-06-30": "442.20000", "2014-03-31": "398.80000", "2013-12-31": "445.20000", "2013-09-30": "550.40000", "2013-06-30": "428.70000", "2013-03-31": "404.50000", "2012-12-31": "", "2012-09-30": "", "2011-12-31": "", "2010-12-31": ""}, "Operating Income": {"2020-09-30": "160.40000", "2020-06-30": "96.50000", "2020-03-31": "28.90000", "2019-12-31": "143.30000", "2019-09-30": "168.10000", "2019-06-30": "145.70000", "2019-03-31": "108.00000", "2018-12-31": "141.40010", "2018-09-30": "142.30000", "2018-06-30": "143.40000", "2018-03-31": "98.70000", "2017-12-31": "130.89980", "2017-09-30": "127.10000", "2017-06-30": "135.00000", "2017-03-31": "99.50000", "2016-12-31": "105.99990", "2016-09-30": "121.50000", "2016-06-30": "124.30000", "2016-03-31": "82.50000", "2015-12-31": "81.50010", "2015-09-30": "110.40000", "2015-06-30": "95.70000", "2015-03-31": "71.00000", "2014-12-31": "63.10010", "2014-09-30": "106.10000", "2014-06-30": "89.30000", "2014-03-31": "67.80000", "2013-12-31": "105.40000", "2013-09-30": "-21.40000", "2013-06-30": "100.00000", "2013-03-31": "68.80000", "2012-12-31": "", "2012-09-30": "", "2011-12-31": "", "2010-12-31": ""}, "Total Non-Operating Income/Expense": {"2020-09-30": "-0.70000", "2020-06-30": "-8.60000", "2020-03-31": "-16.90000", "2019-12-31": "-45.60000", "2019-09-30": "-17.60000", "2019-06-30": "-14.10000", "2019-03-31": "-12.60000", "2018-12-31": "-14.20000", "2018-09-30": "-12.10000", "2018-06-30": "-11.80000", "2018-03-31": "-12.50000", "2017-12-31": "-52.70000", "2017-09-30": "-15.10000", "2017-06-30": "-11.80000", "2017-03-31": "-17.20000", "2016-12-31": "-23.50000", "2016-09-30": "-100.40000", "2016-06-30": "-7.90000", "2016-03-31": "-7.50000", "2015-12-31": "-5.70000", "2015-09-30": "-117.20000", "2015-06-30": "-11.70000", "2015-03-31": "-14.70000", "2014-12-31": "-23.20000", "2014-09-30": "-10.70000", "2014-06-30": "-11.50000", "2014-03-31": "-13.00000", "2013-12-31": "-9.10000", "2013-09-30": "-0.70000", "2013-06-30": "0.30000", "2013-03-31": "-7.90000", "2012-12-31": "", "2012-09-30": "", "2011-12-31": "", "2010-12-31": ""}, "Pre-Tax Income": {"2020-09-30": "159.70000", "2020-06-30": "87.90000", "2020-03-31": "12.00000", "2019-12-31": "97.70000", "2019-09-30": "150.50000", "2019-06-30": "131.60000", "2019-03-31": "95.40000", "2018-12-31": "127.20000", "2018-09-30": "130.20000", "2018-06-30": "131.60000", "2018-03-31": "86.20000", "2017-12-31": "78.20000", "2017-09-30": "112.00000", "2017-06-30": "123.20000", "2017-03-31": "82.30000", "2016-12-31": "82.50000", "2016-09-30": "21.10000", "2016-06-30": "116.40000", "2016-03-31": "75.00000", "2015-12-31": "75.80000", "2015-09-30": "-6.80000", "2015-06-30": "84.00000", "2015-03-31": "56.30000", "2014-12-31": "39.90000", "2014-09-30": "95.40000", "2014-06-30": "77.80000", "2014-03-31": "54.80000", "2013-12-31": "84.30000", "2013-09-30": "-22.10000", "2013-06-30": "100.30000", "2013-03-31": "60.90000", "2012-12-31": "", "2012-09-30": "0.00000", "2011-12-31": "", "2010-12-31": ""}, "Income Taxes": {"2020-09-30": "12.80000", "2020-06-30": "14.20000", "2020-03-31": "11.50000", "2019-12-31": "17.00000", "2019-09-30": "18.80000", "2019-06-30": "22.20000", "2019-03-31": "15.10000", "2018-12-31": "-5.70000", "2018-09-30": "14.10000", "2018-06-30": "17.60000", "2018-03-31": "13.80000", "2017-12-31": "66.10000", "2017-09-30": "21.90000", "2017-06-30": "17.40000", "2017-03-31": "13.60000", "2016-12-31": "7.50000", "2016-09-30": "19.10000", "2016-06-30": "21.00000", "2016-03-31": "16.20000", "2015-12-31": "3.80000", "2015-09-30": "19.40000", "2015-06-30": "19.00000", "2015-03-31": "12.40000", "2014-12-31": "17.40000", "2014-09-30": "27.30000", "2014-06-30": "23.10000", "2014-03-31": "16.40000", "2013-12-31": "72.80000", "2013-09-30": "45.50000", "2013-06-30": "37.00000", "2013-03-31": "19.70000", "2012-12-31": "", "2012-09-30": "0.00000", "2011-12-31": "", "2010-12-31": ""}, "Income After Taxes": {"2020-09-30": "146.90000", "2020-06-30": "73.70000", "2020-03-31": "0.50000", "2019-12-31": "80.70000", "2019-09-30": "131.70000", "2019-06-30": "109.40000", "2019-03-31": "80.30000", "2018-12-31": "132.90000", "2018-09-30": "116.10000", "2018-06-30": "114.00000", "2018-03-31": "72.40000", "2017-12-31": "12.10000", "2017-09-30": "90.10000", "2017-06-30": "105.80000", "2017-03-31": "68.70000", "2016-12-31": "75.00000", "2016-09-30": "2.00000", "2016-06-30": "95.40000", "2016-03-31": "58.80000", "2015-12-31": "72.00000", "2015-09-30": "-26.20000", "2015-06-30": "65.00000", "2015-03-31": "43.90000", "2014-12-31": "22.50000", "2014-09-30": "68.10000", "2014-06-30": "54.70000", "2014-03-31": "38.40000", "2013-12-31": "11.50000", "2013-09-30": "-67.60000", "2013-06-30": "63.30000", "2013-03-31": "41.20000", "2012-12-31": "", "2012-09-30": "", "2011-12-31": "", "2010-12-31": ""}, "Other Income": {"2020-09-30": "", "2020-06-30": "", "2020-03-31": "", "2019-12-31": "", "2019-09-30": "", "2019-06-30": "", "2019-03-31": "", "2018-12-31": "", "2018-09-30": "", "2018-06-30": "", "2018-03-31": "", "2017-12-31": "", "2017-09-30": "", "2017-06-30": "", "2017-03-31": "", "2016-12-31": "", "2016-09-30": "", "2016-06-30": "", "2016-03-31": "", "2015-12-31": "", "2015-09-30": "", "2015-06-30": "", "2015-03-31": "", "2014-12-31": "", "2014-09-30": "", "2014-06-30": "", "2014-03-31": "", "2013-12-31": "0.00000", "2013-09-30": "", "2013-06-30": "", "2013-03-31": "", "2012-12-31": "", "2012-09-30": "0.00000", "2011-12-31": "", "2010-12-31": ""}, "Income From Continuous Operations": {"2020-09-30": "146.90000", "2020-06-30": "73.70000", "2020-03-31": "0.50000", "2019-12-31": "80.70000", "2019-09-30": "131.70000", "2019-06-30": "109.40000", "2019-03-31": "80.30000", "2018-12-31": "132.90000", "2018-09-30": "116.10000", "2018-06-30": "114.00000", "2018-03-31": "72.40000", "2017-12-31": "12.10000", "2017-09-30": "90.10000", "2017-06-30": "105.80000", "2017-03-31": "68.70000", "2016-12-31": "75.00000", "2016-09-30": "2.00000", "2016-06-30": "95.40000", "2016-03-31": "58.80000", "2015-12-31": "72.00000", "2015-09-30": "-26.20000", "2015-06-30": "65.00000", "2015-03-31": "43.90000", "2014-12-31": "22.50000", "2014-09-30": "68.10000", "2014-06-30": "54.70000", "2014-03-31": "38.40000", "2013-12-31": "10.10000", "2013-09-30": "-67.60000", "2013-06-30": "63.30000", "2013-03-31": "41.20000", "2012-12-31": "", "2012-09-30": "0.00000", "2011-12-31": "", "2010-12-31": ""}, "Income From Discontinued Operations": {"2020-09-30": "", "2020-06-30": "", "2020-03-31": "", "2019-12-31": "", "2019-09-30": "", "2019-06-30": "", "2019-03-31": "", "2018-12-31": "", "2018-09-30": "", "2018-06-30": "", "2018-03-31": "", "2017-12-31": "", "2017-09-30": "", "2017-06-30": "", "2017-03-31": "", "2016-12-31": "", "2016-09-30": "", "2016-06-30": "", "2016-03-31": "", "2015-12-31": "", "2015-09-30": "-0.20000", "2015-06-30": "", "2015-03-31": "-0.20000", "2014-12-31": "-0.30000", "2014-09-30": "-2.00000", "2014-06-30": "-8.00000", "2014-03-31": "-0.80000", "2013-12-31": "-0.50000", "2013-09-30": "-0.40000", "2013-06-30": "-0.80000", "2013-03-31": "-0.20000", "2012-12-31": "", "2012-09-30": "0.00000", "2011-12-31": "", "2010-12-31": ""}, "Net Income": {"2020-09-30": "146.90000", "2020-06-30": "73.70000", "2020-03-31": "0.40000", "2019-12-31": "80.70000", "2019-09-30": "131.60000", "2019-06-30": "109.30000", "2019-03-31": "80.20000", "2018-12-31": "132.80000", "2018-09-30": "116.00000", "2018-06-30": "113.90000", "2018-03-31": "72.20000", "2017-12-31": "9.60000", "2017-09-30": "89.80000", "2017-06-30": "105.50000", "2017-03-31": "68.40000", "2016-12-31": "74.80000", "2016-09-30": "1.60000", "2016-06-30": "95.00000", "2016-03-31": "57.70000", "2015-12-31": "71.90000", "2015-09-30": "-27.30000", "2015-06-30": "63.90000", "2015-03-31": "45.40000", "2014-12-31": "35.40000", "2014-09-30": "60.80000", "2014-06-30": "43.20000", "2014-03-31": "35.80000", "2013-12-31": "9.60000", "2013-09-30": "-78.10000", "2013-06-30": "60.30000", "2013-03-31": "39.40000", "2012-12-31": "", "2012-09-30": "", "2011-12-31": "", "2010-12-31": ""}, "EBITDA": {"2020-09-30": "183.60000", "2020-06-30": "212.70000", "2020-03-31": "48.70000", "2019-12-31": "163.70000", "2019-09-30": "189.30000", "2019-06-30": "166.40000", "2019-03-31": "128.70000", "2018-12-31": "161.80010", "2018-09-30": "162.60000", "2018-06-30": "166.40000", "2018-03-31": "121.20000", "2017-12-31": "147.89980", "2017-09-30": "144.30000", "2017-06-30": "151.20000", "2017-03-31": "116.00000", "2016-12-31": "122.19990", "2016-09-30": "138.70000", "2016-06-30": "141.40000", "2016-03-31": "98.90000", "2015-12-31": "97.20010", "2015-09-30": "123.10000", "2015-06-30": "108.40000", "2015-03-31": "83.10000", "2014-12-31": "75.40010", "2014-09-30": "118.20000", "2014-06-30": "101.50000", "2014-03-31": "80.00000", "2013-12-31": "117.30000", "2013-09-30": "127.50000", "2013-06-30": "111.20000", "2013-03-31": "80.50000", "2012-12-31": "", "2012-09-30": "", "2011-12-31": "", "2010-12-31": ""}, "EBIT": {"2020-09-30": "160.40000", "2020-06-30": "96.50000", "2020-03-31": "28.90000", "2019-12-31": "143.30000", "2019-09-30": "168.10000", "2019-06-30": "145.70000", "2019-03-31": "108.00000", "2018-12-31": "141.40010", "2018-09-30": "142.30000", "2018-06-30": "143.40000", "2018-03-31": "98.70000", "2017-12-31": "130.89980", "2017-09-30": "127.10000", "2017-06-30": "135.00000", "2017-03-31": "99.50000", "2016-12-31": "105.99990", "2016-09-30": "121.50000", "2016-06-30": "124.30000", "2016-03-31": "82.50000", "2015-12-31": "81.50010", "2015-09-30": "110.40000", "2015-06-30": "95.70000", "2015-03-31": "71.00000", "2014-12-31": "63.10000", "2014-09-30": "106.10000", "2014-06-30": "89.30000", "2014-03-31": "67.80000", "2013-12-31": "105.40000", "2013-09-30": "-21.40000", "2013-06-30": "100.00000", "2013-03-31": "68.80000", "2012-12-31": "", "2012-09-30": "", "2011-12-31": "", "2010-12-31": ""}, "Basic Shares Outstanding": {"2020-09-30": "92.30000", "2020-06-30": "92.30000", "2020-03-31": "92.70000", "2019-12-31": "93.60000", "2019-09-30": "93.30000", "2019-06-30": "93.80000", "2019-03-31": "94.50000", "2018-12-31": "95.00000", "2018-09-30": "95.10000", "2018-06-30": "95.00000", "2018-03-31": "95.10000", "2017-12-31": "95.10000", "2017-09-30": "95.00000", "2017-06-30": "95.20000", "2017-03-31": "95.30000", "2016-12-31": "95.80000", "2016-09-30": "96.00000", "2016-06-30": "95.80000", "2016-03-31": "95.90000", "2015-12-31": "95.90000", "2015-09-30": "95.90000", "2015-06-30": "95.80000", "2015-03-31": "95.90000", "2014-12-31": "96.10000", "2014-09-30": "95.90000", "2014-06-30": "96.30000", "2014-03-31": "96.30000", "2013-12-31": "96.00000", "2013-09-30": "96.00000", "2013-06-30": "96.00000", "2013-03-31": "96.00000", "2012-12-31": "", "2012-09-30": "", "2011-12-31": "", "2010-12-31": ""}, "Shares Outstanding": {"2020-09-30": "92.70000", "2020-06-30": "92.70000", "2020-03-31": "93.30000", "2019-12-31": "94.30000", "2019-09-30": "94.00000", "2019-06-30": "94.50000", "2019-03-31": "95.10000", "2018-12-31": "95.70000", "2018-09-30": "95.80000", "2018-06-30": "95.60000", "2018-03-31": "95.80000", "2017-12-31": "96.00000", "2017-09-30": "95.80000", "2017-06-30": "95.90000", "2017-03-31": "96.10000", "2016-12-31": "96.90000", "2016-09-30": "96.90000", "2016-06-30": "96.80000", "2016-03-31": "96.90000", "2015-12-31": "96.90000", "2015-09-30": "95.90000", "2015-06-30": "96.70000", "2015-03-31": "96.90000", "2014-12-31": "97.20000", "2014-09-30": "96.90000", "2014-06-30": "97.30000", "2014-03-31": "97.40000", "2013-12-31": "96.40000", "2013-09-30": "96.00000", "2013-06-30": "96.00000", "2013-03-31": "96.00000", "2012-12-31": "", "2012-09-30": "", "2011-12-31": "", "2010-12-31": ""}, "Basic EPS": {"2020-09-30": "1.59000", "2020-06-30": "0.80000", "2020-03-31": "0.00430", "2019-12-31": "0.86000", "2019-09-30": "1.41000", "2019-06-30": "1.17000", "2019-03-31": "0.85000", "2018-12-31": "1.40000", "2018-09-30": "1.22000", "2018-06-30": "1.20000", "2018-03-31": "0.76000", "2017-12-31": "0.09000", "2017-09-30": "0.95000", "2017-06-30": "1.11000", "2017-03-31": "0.72000", "2016-12-31": "0.78000", "2016-09-30": "0.02000", "2016-06-30": "0.99000", "2016-03-31": "0.60000", "2015-12-31": "0.74000", "2015-09-30": "-0.28000", "2015-06-30": "0.67000", "2015-03-31": "0.47000", "2014-12-31": "0.37000", "2014-09-30": "0.63000", "2014-06-30": "0.45000", "2014-03-31": "0.37000", "2013-12-31": "0.10000", "2013-09-30": "-0.81000", "2013-06-30": "0.63000", "2013-03-31": "0.41000", "2012-12-31": "", "2012-09-30": "", "2011-12-31": "", "2010-12-31": ""}, "EPS - Earnings Per Share": {"2020-09-30": "1.58000", "2020-06-30": "0.80000", "2020-03-31": "0.00430", "2019-12-31": "0.86000", "2019-09-30": "1.40000", "2019-06-30": "1.16000", "2019-03-31": "0.84000", "2018-12-31": "1.39000", "2018-09-30": "1.21000", "2018-06-30": "1.19000", "2018-03-31": "0.75000", "2017-12-31": "0.10000", "2017-09-30": "0.94000", "2017-06-30": "1.10000", "2017-03-31": "0.71000", "2016-12-31": "0.76000", "2016-09-30": "0.02000", "2016-06-30": "0.98000", "2016-03-31": "0.60000", "2015-12-31": "0.74000", "2015-09-30": "-0.28000", "2015-06-30": "0.66000", "2015-03-31": "0.47000", "2014-12-31": "0.36000", "2014-09-30": "0.63000", "2014-06-30": "0.44000", "2014-03-31": "0.37000", "2013-12-31": "0.10000", "2013-09-30": "-0.81000", "2013-06-30": "0.63000", "2013-03-31": "0.41000", "2012-12-31": "0.00000", "2012-09-30": "0.00000", "2011-12-31": "0.00000", "2010-12-31": "0.00000"}}, "balance sheet": {"Cash On Hand": {"2019-12-31": "358.70000", "2018-12-31": "290.60000", "2017-12-31": "466.20000", "2016-12-31": "312.40000", "2015-12-31": "199.70000", "2014-12-31": "290.50000", "2013-12-31": "267.60000", "2012-12-31": "317.50000", "2011-12-31": "376.80000", "2010-12-31": ""}, "Receivables": {"2019-12-31": "329.80000", "2018-12-31": "324.90000", "2017-12-31": "296.60000", "2016-12-31": "260.00000", "2015-12-31": "303.40000", "2014-12-31": "230.40000", "2013-12-31": "260.00000", "2012-12-31": "288.20000", "2011-12-31": "287.40000", "2010-12-31": ""}, "Inventory": {"2019-12-31": "269.90000", "2018-12-31": "280.30000", "2017-12-31": "239.80000", "2016-12-31": "220.60000", "2015-12-31": "204.10000", "2014-12-31": "169.30000", "2013-12-31": "187.50000", "2012-12-31": "166.40000", "2011-12-31": "163.80000", "2010-12-31": ""}, "Pre-Paid Expenses": {"2019-12-31": "", "2018-12-31": "", "2017-12-31": "", "2016-12-31": "", "2015-12-31": "", "2014-12-31": "", "2013-12-31": "", "2012-12-31": "", "2011-12-31": "", "2010-12-31": ""}, "Other Current Assets": {"2019-12-31": "29.20000", "2018-12-31": "19.60000", "2017-12-31": "17.00000", "2016-12-31": "22.20000", "2015-12-31": "17.40000", "2014-12-31": "55.60000", "2013-12-31": "193.60000", "2012-12-31": "100.60000", "2011-12-31": "98.80000", "2010-12-31": ""}, "Total Current Assets": {"2019-12-31": "1001.80000", "2018-12-31": "931.60000", "2017-12-31": "1032.70000", "2016-12-31": "829.30000", "2015-12-31": "735.10000", "2014-12-31": "1001.70000", "2013-12-31": "946.80000", "2012-12-31": "909.90000", "2011-12-31": "961.70000", "2010-12-31": ""}, "Property, Plant, And Equipment": {"2019-12-31": "291.40000", "2018-12-31": "276.70000", "2017-12-31": "252.20000", "2016-12-31": "226.60000", "2015-12-31": "224.80000", "2014-12-31": "207.20000", "2013-12-31": "200.20000", "2012-12-31": "232.00000", "2011-12-31": "244.60000", "2010-12-31": ""}, "Long-Term Investments": {"2019-12-31": "", "2018-12-31": "", "2017-12-31": "", "2016-12-31": "", "2015-12-31": "", "2014-12-31": "", "2013-12-31": "", "2012-12-31": "", "2011-12-31": "", "2010-12-31": ""}, "Goodwill And Intangible Assets": {"2019-12-31": "1384.20000", "2018-12-31": "1430.10000", "2017-12-31": "1155.50000", "2016-12-31": "1074.20000", "2015-12-31": "1086.50000", "2014-12-31": "609.80000", "2013-12-31": "651.00000", "2012-12-31": "788.40000", "2011-12-31": "788.40000", "2010-12-31": "0.00000"}, "Other Long-Term Assets": {"2019-12-31": "177.30000", "2018-12-31": "87.20000", "2017-12-31": "66.20000", "2016-12-31": "45.00000", "2015-12-31": "124.70000", "2014-12-31": "125.00000", "2013-12-31": "124.10000", "2012-12-31": "53.50000", "2011-12-31": "41.50000", "2010-12-31": ""}, "Total Long-Term Assets": {"2019-12-31": "1965.40000", "2018-12-31": "1878.60000", "2017-12-31": "1509.30000", "2016-12-31": "1418.10000", "2015-12-31": "1527.90000", "2014-12-31": "1014.20000", "2013-12-31": "1053.80000", "2012-12-31": "1073.90000", "2011-12-31": "1074.50000", "2010-12-31": ""}, "Total Assets": {"2019-12-31": "2967.20000", "2018-12-31": "2810.20000", "2017-12-31": "2542.00000", "2016-12-31": "2247.40000", "2015-12-31": "2263.00000", "2014-12-31": "2015.90000", "2013-12-31": "2000.60000", "2012-12-31": "1983.80000", "2011-12-31": "2036.20000", "2010-12-31": "0.00000"}, "Total Current Liabilities": {"2019-12-31": "507.00000", "2018-12-31": "520.80000", "2017-12-31": "460.80000", "2016-12-31": "429.60000", "2015-12-31": "447.10000", "2014-12-31": "532.50000", "2013-12-31": "490.50000", "2012-12-31": "382.70000", "2011-12-31": "374.50000", "2010-12-31": ""}, "Long Term Debt": {"2019-12-31": "1427.60000", "2018-12-31": "1409.50000", "2017-12-31": "1442.30000", "2016-12-31": "1415.60000", "2015-12-31": "1457.50000", "2014-12-31": "1215.00000", "2013-12-31": "1272.00000", "2012-12-31": "2.80000", "2011-12-31": "3.50000", "2010-12-31": ""}, "Other Non-Current Liabilities": {"2019-12-31": "76.70000", "2018-12-31": "28.80000", "2017-12-31": "23.90000", "2016-12-31": "32.60000", "2015-12-31": "63.30000", "2014-12-31": "70.90000", "2013-12-31": "75.80000", "2012-12-31": "18.60000", "2011-12-31": "17.80000", "2010-12-31": ""}, "Total Long Term Liabilities": {"2019-12-31": "1699.80000", "2018-12-31": "1635.40000", "2017-12-31": "1675.70000", "2016-12-31": "1701.40000", "2015-12-31": "1786.20000", "2014-12-31": "1464.90000", "2013-12-31": "1545.10000", "2012-12-31": "234.90000", "2011-12-31": "225.90000", "2010-12-31": ""}, "Total Liabilities": {"2019-12-31": "2206.80000", "2018-12-31": "2156.20000", "2017-12-31": "2136.50000", "2016-12-31": "2131.00000", "2015-12-31": "2233.30000", "2014-12-31": "1997.40000", "2013-12-31": "2035.60000", "2012-12-31": "617.60000", "2011-12-31": "600.40000", "2010-12-31": "0.00000"}, "Common Stock Net": {"2019-12-31": "0.90000", "2018-12-31": "0.90000", "2017-12-31": "1.00000", "2016-12-31": "1.00000", "2015-12-31": "1.00000", "2014-12-31": "1.00000", "2013-12-31": "1.00000", "2012-12-31": "", "2011-12-31": "", "2010-12-31": "0.00000"}, "Retained Earnings (Accumulated Deficit)": {"2019-12-31": "975.10000", "2018-12-31": "873.60000", "2017-12-31": "544.40000", "2016-12-31": "376.60000", "2015-12-31": "232.40000", "2014-12-31": "142.40000", "2013-12-31": "1.10000", "2012-12-31": "", "2011-12-31": "", "2010-12-31": ""}, "Comprehensive Income": {"2019-12-31": "-218.60000", "2018-12-31": "-223.50000", "2017-12-31": "-152.90000", "2016-12-31": "-264.30000", "2015-12-31": "-232.20000", "2014-12-31": "-148.20000", "2013-12-31": "-96.70000", "2012-12-31": "-7.70000", "2011-12-31": "-29.10000", "2010-12-31": ""}, "Other Share Holders Equity": {"2019-12-31": "", "2018-12-31": "", "2017-12-31": "", "2016-12-31": "", "2015-12-31": "", "2014-12-31": "", "2013-12-31": "", "2012-12-31": "", "2011-12-31": "", "2010-12-31": "0.00000"}, "Share Holder Equity": {"2019-12-31": "760.40000", "2018-12-31": "654.00000", "2017-12-31": "405.50000", "2016-12-31": "116.40000", "2015-12-31": "29.70000", "2014-12-31": "18.50000", "2013-12-31": "-35.00000", "2012-12-31": "1366.20000", "2011-12-31": "1435.80000", "2010-12-31": "0.00000"}, "Total Liabilities And Share Holders Equity": {"2019-12-31": "2967.20000", "2018-12-31": "2810.20000", "2017-12-31": "2542.00000", "2016-12-31": "2247.40000", "2015-12-31": "2263.00000", "2014-12-31": "2015.90000", "2013-12-31": "2000.60000", "2012-12-31": "1983.80000", "2011-12-31": "2036.20000", "2010-12-31": "0.00000"}}, "balance sheet, quarterly": {"Cash On Hand": {"2020-09-30": "430.80000", "2020-06-30": "304.30000", "2020-03-31": "248.70000", "2019-12-31": "358.70000", "2019-09-30": "236.30000", "2019-06-30": "161.20000", "2019-03-31": "160.60000", "2018-12-31": "290.60000", "2018-09-30": "196.50000", "2018-06-30": "189.60000", "2018-03-31": "151.80000", "2017-12-31": "466.20000", "2017-09-30": "334.90000", "2017-06-30": "245.50000", "2017-03-31": "189.60000", "2016-12-31": "312.40000", "2016-09-30": "214.50000", "2016-06-30": "169.10000", "2016-03-31": "125.50000", "2015-12-31": "199.70000", "2015-09-30": "175.20000", "2015-06-30": "201.00000", "2015-03-31": "229.60000", "2014-12-31": "290.50000", "2014-09-30": "251.40000", "2014-06-30": "193.20000", "2014-03-31": "245.50000", "2013-12-31": "267.60000", "2013-09-30": "368.50000", "2013-06-30": "", "2013-03-31": "", "2012-12-31": "317.50000", "2012-09-30": "", "2011-12-31": "376.80000", "2010-12-31": ""}, "Receivables": {"2020-09-30": "350.90000", "2020-06-30": "329.20000", "2020-03-31": "343.10000", "2019-12-31": "329.80000", "2019-09-30": "367.50000", "2019-06-30": "380.00000", "2019-03-31": "359.60000", "2018-12-31": "324.90000", "2018-09-30": "361.40000", "2018-06-30": "366.00000", "2018-03-31": "336.40000", "2017-12-31": "296.60000", "2017-09-30": "302.80000", "2017-06-30": "310.90000", "2017-03-31": "268.90000", "2016-12-31": "260.00000", "2016-09-30": "277.10000", "2016-06-30": "348.30000", "2016-03-31": "325.80000", "2015-12-31": "303.40000", "2015-09-30": "273.10000", "2015-06-30": "274.70000", "2015-03-31": "255.80000", "2014-12-31": "230.40000", "2014-09-30": "287.30000", "2014-06-30": "295.60000", "2014-03-31": "284.10000", "2013-12-31": "260.00000", "2013-09-30": "306.40000", "2013-06-30": "", "2013-03-31": "", "2012-12-31": "288.20000", "2012-09-30": "", "2011-12-31": "287.40000", "2010-12-31": ""}, "Inventory": {"2020-09-30": "289.60000", "2020-06-30": "293.60000", "2020-03-31": "275.50000", "2019-12-31": "269.90000", "2019-09-30": "293.90000", "2019-06-30": "304.70000", "2019-03-31": "296.80000", "2018-12-31": "280.30000", "2018-09-30": "278.30000", "2018-06-30": "265.40000", "2018-03-31": "271.50000", "2017-12-31": "239.80000", "2017-09-30": "257.10000", "2017-06-30": "247.80000", "2017-03-31": "238.00000", "2016-12-31": "220.60000", "2016-09-30": "228.30000", "2016-06-30": "225.30000", "2016-03-31": "216.50000", "2015-12-31": "204.10000", "2015-09-30": "216.30000", "2015-06-30": "205.90000", "2015-03-31": "184.90000", "2014-12-31": "169.30000", "2014-09-30": "180.70000", "2014-06-30": "174.10000", "2014-03-31": "167.20000", "2013-12-31": "187.50000", "2013-09-30": "163.20000", "2013-06-30": "", "2013-03-31": "", "2012-12-31": "166.40000", "2012-09-30": "", "2011-12-31": "163.80000", "2010-12-31": ""}, "Pre-Paid Expenses": {"2020-09-30": "", "2020-06-30": "", "2020-03-31": "", "2019-12-31": "", "2019-09-30": "", "2019-06-30": "", "2019-03-31": "", "2018-12-31": "", "2018-09-30": "", "2018-06-30": "", "2018-03-31": "", "2017-12-31": "", "2017-09-30": "", "2017-06-30": "", "2017-03-31": "", "2016-12-31": "", "2016-09-30": "", "2016-06-30": "", "2016-03-31": "", "2015-12-31": "", "2015-09-30": "", "2015-06-30": "", "2015-03-31": "", "2014-12-31": "", "2014-09-30": "", "2014-06-30": "", "2014-03-31": "", "2013-12-31": "", "2013-09-30": "", "2013-06-30": "", "2013-03-31": "", "2012-12-31": "", "2012-09-30": "", "2011-12-31": "", "2010-12-31": ""}, "Other Current Assets": {"2020-09-30": "49.70000", "2020-06-30": "50.00000", "2020-03-31": "54.70000", "2019-12-31": "43.40000", "2019-09-30": "32.50000", "2019-06-30": "37.30000", "2019-03-31": "33.20000", "2018-12-31": "19.60000", "2018-09-30": "37.10000", "2018-06-30": "31.50000", "2018-03-31": "42.90000", "2017-12-31": "17.00000", "2017-09-30": "29.80000", "2017-06-30": "35.00000", "2017-03-31": "45.70000", "2016-12-31": "22.20000", "2016-09-30": "82.40000", "2016-06-30": "85.20000", "2016-03-31": "42.60000", "2015-12-31": "17.40000", "2015-09-30": "56.80000", "2015-06-30": "241.60000", "2015-03-31": "233.40000", "2014-12-31": "55.60000", "2014-09-30": "214.60000", "2014-06-30": "220.80000", "2014-03-31": "217.10000", "2013-12-31": "193.60000", "2013-09-30": "165.00000", "2013-06-30": "", "2013-03-31": "", "2012-12-31": "137.80000", "2012-09-30": "", "2011-12-31": "133.70000", "2010-12-31": ""}, "Total Current Assets": {"2020-09-30": "1121.00000", "2020-06-30": "977.10000", "2020-03-31": "922.00000", "2019-12-31": "1001.80000", "2019-09-30": "933.10000", "2019-06-30": "883.20000", "2019-03-31": "850.20000", "2018-12-31": "931.60000", "2018-09-30": "873.30000", "2018-06-30": "852.50000", "2018-03-31": "802.60000", "2017-12-31": "1032.70000", "2017-09-30": "924.60000", "2017-06-30": "839.20000", "2017-03-31": "742.20000", "2016-12-31": "829.30000", "2016-09-30": "802.30000", "2016-06-30": "827.90000", "2016-03-31": "710.40000", "2015-12-31": "735.10000", "2015-09-30": "875.70000", "2015-06-30": "923.20000", "2015-03-31": "903.70000", "2014-12-31": "1001.70000", "2014-09-30": "934.00000", "2014-06-30": "887.60000", "2014-03-31": "913.90000", "2013-12-31": "946.80000", "2013-09-30": "1003.10000", "2013-06-30": "", "2013-03-31": "", "2012-12-31": "909.90000", "2012-09-30": "", "2011-12-31": "961.70000", "2010-12-31": ""}, "Property, Plant, And Equipment": {"2020-09-30": "293.70000", "2020-06-30": "292.50000", "2020-03-31": "289.20000", "2019-12-31": "291.40000", "2019-09-30": "281.90000", "2019-06-30": "281.70000", "2019-03-31": "275.10000", "2018-12-31": "276.70000", "2018-09-30": "273.30000", "2018-06-30": "272.50000", "2018-03-31": "277.40000", "2017-12-31": "252.20000", "2017-09-30": "246.10000", "2017-06-30": "241.30000", "2017-03-31": "232.10000", "2016-12-31": "226.60000", "2016-09-30": "226.40000", "2016-06-30": "227.10000", "2016-03-31": "226.10000", "2015-12-31": "224.80000", "2015-09-30": "227.90000", "2015-06-30": "207.80000", "2015-03-31": "206.30000", "2014-12-31": "207.20000", "2014-09-30": "212.50000", "2014-06-30": "210.30000", "2014-03-31": "208.90000", "2013-12-31": "200.20000", "2013-09-30": "", "2013-06-30": "", "2013-03-31": "", "2012-12-31": "586.80000", "2012-09-30": "", "2011-12-31": "558.00000", "2010-12-31": ""}, "Long-Term Investments": {"2020-09-30": "", "2020-06-30": "", "2020-03-31": "", "2019-12-31": "", "2019-09-30": "", "2019-06-30": "", "2019-03-31": "", "2018-12-31": "", "2018-09-30": "", "2018-06-30": "", "2018-03-31": "", "2017-12-31": "", "2017-09-30": "", "2017-06-30": "", "2017-03-31": "", "2016-12-31": "", "2016-09-30": "", "2016-06-30": "", "2016-03-31": "", "2015-12-31": "", "2015-09-30": "", "2015-06-30": "", "2015-03-31": "", "2014-12-31": "", "2014-09-30": "", "2014-06-30": "", "2014-03-31": "", "2013-12-31": "", "2013-09-30": "", "2013-06-30": "", "2013-03-31": "", "2012-12-31": "", "2012-09-30": "", "2011-12-31": "", "2010-12-31": ""}, "Goodwill And Intangible Assets": {"2020-09-30": "1284.40000", "2020-06-30": "1266.60000", "2020-03-31": "1258.30000", "2019-12-31": "1384.20000", "2019-09-30": "1372.10000", "2019-06-30": "1411.70000", "2019-03-31": "1415.00000", "2018-12-31": "1430.10000", "2018-09-30": "1436.40000", "2018-06-30": "1373.40000", "2018-03-31": "1423.80000", "2017-12-31": "1155.50000", "2017-09-30": "1149.10000", "2017-06-30": "1132.50000", "2017-03-31": "1092.80000", "2016-12-31": "1074.20000", "2016-09-30": "1126.10000", "2016-06-30": "1118.70000", "2016-03-31": "1111.70000", "2015-12-31": "1086.50000", "2015-09-30": "1083.70000", "2015-06-30": "650.00000", "2015-03-31": "610.30000", "2014-12-31": "609.80000", "2014-09-30": "643.00000", "2014-06-30": "662.70000", "2014-03-31": "650.60000", "2013-12-31": "651.00000", "2013-09-30": "650.80000", "2013-06-30": "0.00000", "2013-03-31": "0.00000", "2012-12-31": "788.40000", "2012-09-30": "0.00000", "2011-12-31": "788.40000", "2010-12-31": "0.00000"}, "Other Long-Term Assets": {"2020-09-30": "328.60000", "2020-06-30": "297.70000", "2020-03-31": "288.20000", "2019-12-31": "289.80000", "2019-09-30": "278.30000", "2019-06-30": "272.70000", "2019-03-31": "260.50000", "2018-12-31": "87.20000", "2018-09-30": "147.10000", "2018-06-30": "133.30000", "2018-03-31": "124.30000", "2017-12-31": "66.20000", "2017-09-30": "127.50000", "2017-06-30": "121.60000", "2017-03-31": "118.30000", "2016-12-31": "45.00000", "2016-09-30": "151.80000", "2016-06-30": "171.80000", "2016-03-31": "221.80000", "2015-12-31": "124.70000", "2015-09-30": "221.70000", "2015-06-30": "208.60000", "2015-03-31": "207.10000", "2014-12-31": "125.00000", "2014-09-30": "202.70000", "2014-06-30": "207.50000", "2014-03-31": "204.50000", "2013-12-31": "124.10000", "2013-09-30": "64.60000", "2013-06-30": "", "2013-03-31": "", "2012-12-31": "53.50000", "2012-09-30": "", "2011-12-31": "41.50000", "2010-12-31": ""}, "Total Long-Term Assets": {"2020-09-30": "1906.70000", "2020-06-30": "1856.80000", "2020-03-31": "1835.70000", "2019-12-31": "1965.40000", "2019-09-30": "1932.30000", "2019-06-30": "1966.10000", "2019-03-31": "1950.60000", "2018-12-31": "1878.60000", "2018-09-30": "1856.80000", "2018-06-30": "1779.20000", "2018-03-31": "1825.50000", "2017-12-31": "1509.30000", "2017-09-30": "1522.70000", "2017-06-30": "1495.40000", "2017-03-31": "1443.20000", "2016-12-31": "1418.10000", "2016-09-30": "1504.30000", "2016-06-30": "1517.60000", "2016-03-31": "1559.60000", "2015-12-31": "1527.90000", "2015-09-30": "1533.30000", "2015-06-30": "1066.40000", "2015-03-31": "1023.70000", "2014-12-31": "1014.20000", "2014-09-30": "1058.20000", "2014-06-30": "1080.50000", "2014-03-31": "1064.00000", "2013-12-31": "1053.80000", "2013-09-30": "715.40000", "2013-06-30": "", "2013-03-31": "", "2012-12-31": "1428.70000", "2012-09-30": "", "2011-12-31": "1387.90000", "2010-12-31": ""}, "Total Assets": {"2020-09-30": "3027.70000", "2020-06-30": "2833.90000", "2020-03-31": "2757.70000", "2019-12-31": "2967.20000", "2019-09-30": "2865.40000", "2019-06-30": "2849.30000", "2019-03-31": "2800.80000", "2018-12-31": "2810.20000", "2018-09-30": "2730.10000", "2018-06-30": "2631.70000", "2018-03-31": "2628.10000", "2017-12-31": "2542.00000", "2017-09-30": "2447.30000", "2017-06-30": "2334.60000", "2017-03-31": "2185.40000", "2016-12-31": "2247.40000", "2016-09-30": "2306.60000", "2016-06-30": "2345.50000", "2016-03-31": "2270.00000", "2015-12-31": "2263.00000", "2015-09-30": "2409.00000", "2015-06-30": "1989.60000", "2015-03-31": "1927.40000", "2014-12-31": "2015.90000", "2014-09-30": "1992.20000", "2014-06-30": "1968.10000", "2014-03-31": "1977.90000", "2013-12-31": "2000.60000", "2013-09-30": "1925.10000", "2013-06-30": "0.00000", "2013-03-31": "0.00000", "2012-12-31": "1983.80000", "2012-09-30": "0.00000", "2011-12-31": "2036.20000", "2010-12-31": "0.00000"}, "Total Current Liabilities": {"2020-09-30": "489.10000", "2020-06-30": "463.70000", "2020-03-31": "456.70000", "2019-12-31": "507.00000", "2019-09-30": "491.20000", "2019-06-30": "517.10000", "2019-03-31": "485.40000", "2018-12-31": "520.80000", "2018-09-30": "486.90000", "2018-06-30": "473.10000", "2018-03-31": "452.10000", "2017-12-31": "460.80000", "2017-09-30": "432.20000", "2017-06-30": "436.80000", "2017-03-31": "398.50000", "2016-12-31": "429.60000", "2016-09-30": "432.30000", "2016-06-30": "469.70000", "2016-03-31": "406.10000", "2015-12-31": "447.10000", "2015-09-30": "517.20000", "2015-06-30": "479.00000", "2015-03-31": "482.10000", "2014-12-31": "532.50000", "2014-09-30": "464.20000", "2014-06-30": "437.40000", "2014-03-31": "461.50000", "2013-12-31": "490.50000", "2013-09-30": "371.60000", "2013-06-30": "", "2013-03-31": "", "2012-12-31": "382.70000", "2012-09-30": "", "2011-12-31": "374.50000", "2010-12-31": ""}, "Long Term Debt": {"2020-09-30": "1428.90000", "2020-06-30": "1428.50000", "2020-03-31": "1428.00000", "2019-12-31": "1427.60000", "2019-09-30": "1427.00000", "2019-06-30": "1393.10000", "2019-03-31": "1401.30000", "2018-12-31": "1409.50000", "2018-09-30": "1417.70000", "2018-06-30": "1425.90000", "2018-03-31": "1474.10000", "2017-12-31": "1442.30000", "2017-09-30": "1412.00000", "2017-06-30": "1394.10000", "2017-03-31": "1404.80000", "2016-12-31": "1415.60000", "2016-09-30": "1426.40000", "2016-06-30": "1437.10000", "2016-03-31": "1446.90000", "2015-12-31": "1457.50000", "2015-09-30": "1575.90000", "2015-06-30": "1190.50000", "2015-03-31": "1202.70000", "2014-12-31": "1215.00000", "2014-09-30": "1249.20000", "2014-06-30": "1256.90000", "2014-03-31": "1264.40000", "2013-12-31": "1272.00000", "2013-09-30": "2.70000", "2013-06-30": "", "2013-03-31": "", "2012-12-31": "2.80000", "2012-09-30": "", "2011-12-31": "3.50000", "2010-12-31": ""}, "Other Non-Current Liabilities": {"2020-09-30": "282.60000", "2020-06-30": "261.70000", "2020-03-31": "259.20000", "2019-12-31": "272.20000", "2019-09-30": "260.00000", "2019-06-30": "275.50000", "2019-03-31": "276.70000", "2018-12-31": "28.80000", "2018-09-30": "226.50000", "2018-06-30": "224.00000", "2018-03-31": "240.80000", "2017-12-31": "23.90000", "2017-09-30": "231.00000", "2017-06-30": "234.30000", "2017-03-31": "227.10000", "2016-12-31": "32.60000", "2016-09-30": "292.40000", "2016-06-30": "295.90000", "2016-03-31": "339.30000", "2015-12-31": "63.30000", "2015-09-30": "287.90000", "2015-06-30": "247.40000", "2015-03-31": "241.10000", "2014-12-31": "70.90000", "2014-09-30": "272.80000", "2014-06-30": "285.00000", "2014-03-31": "280.30000", "2013-12-31": "75.80000", "2013-09-30": "154.80000", "2013-06-30": "", "2013-03-31": "", "2012-12-31": "140.10000", "2012-09-30": "", "2011-12-31": "130.00000", "2010-12-31": ""}, "Total Long Term Liabilities": {"2020-09-30": "1711.50000", "2020-06-30": "1690.20000", "2020-03-31": "1687.20000", "2019-12-31": "1699.80000", "2019-09-30": "1687.00000", "2019-06-30": "1668.60000", "2019-03-31": "1678.00000", "2018-12-31": "1635.40000", "2018-09-30": "1644.20000", "2018-06-30": "1649.90000", "2018-03-31": "1714.90000", "2017-12-31": "1675.70000", "2017-09-30": "1643.00000", "2017-06-30": "1628.40000", "2017-03-31": "1631.90000", "2016-12-31": "1701.40000", "2016-09-30": "1718.80000", "2016-06-30": "1733.00000", "2016-03-31": "1786.20000", "2015-12-31": "1786.20000", "2015-09-30": "1863.80000", "2015-06-30": "1437.90000", "2015-03-31": "1443.80000", "2014-12-31": "1464.90000", "2014-09-30": "1522.00000", "2014-06-30": "1541.90000", "2014-03-31": "1544.70000", "2013-12-31": "1545.10000", "2013-09-30": "252.50000", "2013-06-30": "", "2013-03-31": "", "2012-12-31": "234.90000", "2012-09-30": "", "2011-12-31": "225.90000", "2010-12-31": ""}, "Total Liabilities": {"2020-09-30": "2200.60000", "2020-06-30": "2153.90000", "2020-03-31": "2143.90000", "2019-12-31": "2206.80000", "2019-09-30": "2178.20000", "2019-06-30": "2185.70000", "2019-03-31": "2163.40000", "2018-12-31": "2156.20000", "2018-09-30": "2131.10000", "2018-06-30": "2123.00000", "2018-03-31": "2167.00000", "2017-12-31": "2136.50000", "2017-09-30": "2075.20000", "2017-06-30": "2065.20000", "2017-03-31": "2030.40000", "2016-12-31": "2131.00000", "2016-09-30": "2151.10000", "2016-06-30": "2202.70000", "2016-03-31": "2192.30000", "2015-12-31": "2233.30000", "2015-09-30": "2381.00000", "2015-06-30": "1916.90000", "2015-03-31": "1925.90000", "2014-12-31": "1997.40000", "2014-09-30": "1986.20000", "2014-06-30": "1979.30000", "2014-03-31": "2006.20000", "2013-12-31": "2035.60000", "2013-09-30": "624.10000", "2013-06-30": "0.00000", "2013-03-31": "0.00000", "2012-12-31": "617.60000", "2012-09-30": "0.00000", "2011-12-31": "600.40000", "2010-12-31": "0.00000"}, "Common Stock Net": {"2020-09-30": "0.90000", "2020-06-30": "0.90000", "2020-03-31": "0.90000", "2019-12-31": "0.90000", "2019-09-30": "0.90000", "2019-06-30": "0.90000", "2019-03-31": "0.90000", "2018-12-31": "0.90000", "2018-09-30": "1.00000", "2018-06-30": "0.90000", "2018-03-31": "0.90000", "2017-12-31": "1.00000", "2017-09-30": "1.00000", "2017-06-30": "0.90000", "2017-03-31": "1.00000", "2016-12-31": "1.00000", "2016-09-30": "1.00000", "2016-06-30": "1.00000", "2016-03-31": "1.00000", "2015-12-31": "1.00000", "2015-09-30": "1.00000", "2015-06-30": "1.00000", "2015-03-31": "1.00000", "2014-12-31": "1.00000", "2014-09-30": "1.00000", "2014-06-30": "1.00000", "2014-03-31": "1.00000", "2013-12-31": "1.00000", "2013-09-30": "0.00000", "2013-06-30": "0.00000", "2013-03-31": "0.00000", "2012-12-31": "0.00000", "2012-09-30": "0.00000", "2011-12-31": "0.00000", "2010-12-31": "0.00000"}, "Retained Earnings (Accumulated Deficit)": {"2020-09-30": "1023.40000", "2020-06-30": "906.00000", "2020-03-31": "861.80000", "2019-12-31": "975.10000", "2019-09-30": "957.10000", "2019-06-30": "892.70000", "2019-03-31": "871.60000", "2018-12-31": "873.60000", "2018-09-30": "771.90000", "2018-06-30": "675.80000", "2018-03-31": "581.90000", "2017-12-31": "544.40000", "2017-09-30": "543.50000", "2017-06-30": "468.90000", "2017-03-31": "401.80000", "2016-12-31": "376.60000", "2016-09-30": "350.70000", "2016-06-30": "360.60000", "2016-03-31": "277.30000", "2015-12-31": "232.40000", "2015-09-30": "170.20000", "2015-06-30": "207.10000", "2015-03-31": "152.80000", "2014-12-31": "142.40000", "2014-09-30": "95.40000", "2014-06-30": "55.50000", "2014-03-31": "28.00000", "2013-12-31": "1.10000", "2013-09-30": "", "2013-06-30": "", "2013-03-31": "", "2012-12-31": "", "2012-09-30": "", "2011-12-31": "", "2010-12-31": ""}, "Comprehensive Income": {"2020-09-30": "-206.80000", "2020-06-30": "-231.00000", "2020-03-31": "-251.40000", "2019-12-31": "-218.60000", "2019-09-30": "-273.00000", "2019-06-30": "-233.10000", "2019-03-31": "-238.80000", "2018-12-31": "-223.50000", "2018-09-30": "-188.20000", "2018-06-30": "-175.90000", "2018-03-31": "-126.80000", "2017-12-31": "-152.90000", "2017-09-30": "-182.50000", "2017-06-30": "-204.50000", "2017-03-31": "-251.40000", "2016-12-31": "-264.30000", "2016-09-30": "-216.80000", "2016-06-30": "-231.20000", "2016-03-31": "-205.70000", "2015-12-31": "-232.20000", "2015-09-30": "-174.60000", "2015-06-30": "-173.10000", "2015-03-31": "-178.70000", "2014-12-31": "-148.20000", "2014-09-30": "-129.70000", "2014-06-30": "-104.30000", "2014-03-31": "-109.80000", "2013-12-31": "-96.70000", "2013-09-30": "", "2013-06-30": "", "2013-03-31": "", "2012-12-31": "", "2012-09-30": "", "2011-12-31": "", "2010-12-31": ""}, "Other Share Holders Equity": {"2020-09-30": "", "2020-06-30": "", "2020-03-31": "", "2019-12-31": "", "2019-09-30": "", "2019-06-30": "", "2019-03-31": "", "2018-12-31": "", "2018-09-30": "", "2018-06-30": "", "2018-03-31": "", "2017-12-31": "", "2017-09-30": "", "2017-06-30": "", "2017-03-31": "", "2016-12-31": "", "2016-09-30": "", "2016-06-30": "", "2016-03-31": "", "2015-12-31": "", "2015-09-30": "", "2015-06-30": "", "2015-03-31": "", "2014-12-31": "", "2014-09-30": "", "2014-06-30": "", "2014-03-31": "", "2013-12-31": "", "2013-09-30": "1301.00000", "2013-06-30": "0.00000", "2013-03-31": "0.00000", "2012-12-31": "1366.20000", "2012-09-30": "0.00000", "2011-12-31": "1435.80000", "2010-12-31": "0.00000"}, "Share Holder Equity": {"2020-09-30": "827.10000", "2020-06-30": "680.00000", "2020-03-31": "613.80000", "2019-12-31": "760.40000", "2019-09-30": "687.20000", "2019-06-30": "663.60000", "2019-03-31": "637.40000", "2018-12-31": "654.00000", "2018-09-30": "599.00000", "2018-06-30": "508.70000", "2018-03-31": "461.10000", "2017-12-31": "405.50000", "2017-09-30": "372.10000", "2017-06-30": "269.40000", "2017-03-31": "155.00000", "2016-12-31": "116.40000", "2016-09-30": "155.50000", "2016-06-30": "142.80000", "2016-03-31": "77.70000", "2015-12-31": "29.70000", "2015-09-30": "28.00000", "2015-06-30": "72.70000", "2015-03-31": "1.50000", "2014-12-31": "18.50000", "2014-09-30": "6.00000", "2014-06-30": "-11.20000", "2014-03-31": "-28.30000", "2013-12-31": "-35.00000", "2013-09-30": "1301.00000", "2013-06-30": "0.00000", "2013-03-31": "0.00000", "2012-12-31": "1366.20000", "2012-09-30": "0.00000", "2011-12-31": "1435.80000", "2010-12-31": "0.00000"}, "Total Liabilities And Share Holders Equity": {"2020-09-30": "3027.70000", "2020-06-30": "2833.90000", "2020-03-31": "2757.70000", "2019-12-31": "2967.20000", "2019-09-30": "2865.40000", "2019-06-30": "2849.30000", "2019-03-31": "2800.80000", "2018-12-31": "2810.20000", "2018-09-30": "2730.10000", "2018-06-30": "2631.70000", "2018-03-31": "2628.10000", "2017-12-31": "2542.00000", "2017-09-30": "2447.30000", "2017-06-30": "2334.60000", "2017-03-31": "2185.40000", "2016-12-31": "2247.40000", "2016-09-30": "2306.60000", "2016-06-30": "2345.50000", "2016-03-31": "2270.00000", "2015-12-31": "2263.00000", "2015-09-30": "2409.00000", "2015-06-30": "1989.60000", "2015-03-31": "1927.40000", "2014-12-31": "2015.90000", "2014-09-30": "1992.20000", "2014-06-30": "1968.10000", "2014-03-31": "1977.90000", "2013-12-31": "2000.60000", "2013-09-30": "1925.10000", "2013-06-30": "0.00000", "2013-03-31": "0.00000", "2012-12-31": "1983.80000", "2012-09-30": "0.00000", "2011-12-31": "2036.20000", "2010-12-31": "0.00000"}}, "cash flow statement": {"Net Income/Loss": {"2019-12-31": "402.10000", "2018-12-31": "435.40000", "2017-12-31": "276.70000", "2016-12-31": "231.20000", "2015-12-31": "154.30000", "2014-12-31": "172.60000", "2013-12-31": "44.80000", "2012-12-31": "225.80000", "2011-12-31": "224.40000", "2010-12-31": "198.50000"}, "Total Depreciation And Amortization - Cash Flow": {"2019-12-31": "83.00000", "2018-12-31": "86.20000", "2017-12-31": "66.90000", "2016-12-31": "66.90000", "2015-12-31": "53.20000", "2014-12-31": "48.80000", "2013-12-31": "183.70000", "2012-12-31": "43.80000", "2011-12-31": "46.00000", "2010-12-31": "47.30000"}, "Other Non-Cash Items": {"2019-12-31": "25.30000", "2018-12-31": "-52.80000", "2017-12-31": "31.80000", "2016-12-31": "85.30000", "2015-12-31": "91.00000", "2014-12-31": "48.80000", "2013-12-31": "-35.20000", "2012-12-31": "8.90000", "2011-12-31": "12.30000", "2010-12-31": "-10.70000"}, "Total Non-Cash Items": {"2019-12-31": "108.30000", "2018-12-31": "33.40000", "2017-12-31": "98.70000", "2016-12-31": "152.20000", "2015-12-31": "144.20000", "2014-12-31": "97.60000", "2013-12-31": "148.50000", "2012-12-31": "52.70000", "2011-12-31": "58.30000", "2010-12-31": "36.60000"}, "Change In Accounts Receivable": {"2019-12-31": "-6.00000", "2018-12-31": "-8.60000", "2017-12-31": "-22.70000", "2016-12-31": "-19.80000", "2015-12-31": "-13.50000", "2014-12-31": "-8.00000", "2013-12-31": "27.90000", "2012-12-31": "2.00000", "2011-12-31": "-12.00000", "2010-12-31": "-23.70000"}, "Change In Inventories": {"2019-12-31": "5.40000", "2018-12-31": "-19.70000", "2017-12-31": "-4.40000", "2016-12-31": "-15.60000", "2015-12-31": "-5.80000", "2014-12-31": "3.40000", "2013-12-31": "3.90000", "2012-12-31": "-1.20000", "2011-12-31": "-12.90000", "2010-12-31": "7.20000"}, "Change In Accounts Payable": {"2019-12-31": "-11.00000", "2018-12-31": "33.90000", "2017-12-31": "0.40000", "2016-12-31": "3.40000", "2015-12-31": "-14.70000", "2014-12-31": "43.40000", "2013-12-31": "-16.70000", "2012-12-31": "8.00000", "2011-12-31": "25.50000", "2010-12-31": "3.00000"}, "Change In Assets/Liabilities": {"2019-12-31": "-10.60000", "2018-12-31": "-16.60000", "2017-12-31": "-1.50000", "2016-12-31": "26.10000", "2015-12-31": "-7.50000", "2014-12-31": "-53.10000", "2013-12-31": "15.50000", "2012-12-31": "-18.10000", "2011-12-31": "-17.80000", "2010-12-31": "-13.80000"}, "Total Change In Assets/Liabilities": {"2019-12-31": "-22.20000", "2018-12-31": "-11.00000", "2017-12-31": "-28.20000", "2016-12-31": "-5.90000", "2015-12-31": "-41.50000", "2014-12-31": "-14.30000", "2013-12-31": "30.60000", "2012-12-31": "-9.30000", "2011-12-31": "-17.20000", "2010-12-31": "-27.30000"}, "Cash Flow From Operating Activities": {"2019-12-31": "488.20000", "2018-12-31": "457.80000", "2017-12-31": "347.20000", "2016-12-31": "377.50000", "2015-12-31": "257.00000", "2014-12-31": "255.90000", "2013-12-31": "223.90000", "2012-12-31": "269.20000", "2011-12-31": "265.50000", "2010-12-31": "207.80000"}, "Net Change In Property, Plant, And Equipment": {"2019-12-31": "-65.60000", "2018-12-31": "-49.10000", "2017-12-31": "-49.30000", "2016-12-31": "-42.40000", "2015-12-31": "-34.90000", "2014-12-31": "-51.00000", "2013-12-31": "21.50000", "2012-12-31": "-17.50000", "2011-12-31": "-22.70000", "2010-12-31": "-20.10000"}, "Net Change In Intangible Assets": {"2019-12-31": "", "2018-12-31": "", "2017-12-31": "", "2016-12-31": "", "2015-12-31": "", "2014-12-31": "", "2013-12-31": "", "2012-12-31": "", "2011-12-31": "", "2010-12-31": ""}, "Net Acquisitions/Divestitures": {"2019-12-31": "-4.30000", "2018-12-31": "-376.10000", "2017-12-31": "-19.60000", "2016-12-31": "-35.70000", "2015-12-31": "-511.20000", "2014-12-31": "-24.00000", "2013-12-31": "", "2012-12-31": "", "2011-12-31": "19.20000", "2010-12-31": ""}, "Net Change In Short-term Investments": {"2019-12-31": "", "2018-12-31": "", "2017-12-31": "15.60000", "2016-12-31": "", "2015-12-31": "", "2014-12-31": "", "2013-12-31": "", "2012-12-31": "", "2011-12-31": "", "2010-12-31": ""}, "Net Change In Long-Term Investments": {"2019-12-31": "", "2018-12-31": "-14.30000", "2017-12-31": "", "2016-12-31": "14.10000", "2015-12-31": "12.30000", "2014-12-31": "", "2013-12-31": "", "2012-12-31": "", "2011-12-31": "", "2010-12-31": ""}, "Net Change In Investments - Total": {"2019-12-31": "", "2018-12-31": "-14.30000", "2017-12-31": "15.60000", "2016-12-31": "14.10000", "2015-12-31": "12.30000", "2014-12-31": "", "2013-12-31": "", "2012-12-31": "", "2011-12-31": "", "2010-12-31": ""}, "Investing Activities - Other": {"2019-12-31": "-7.70000", "2018-12-31": "-4.30000", "2017-12-31": "3.10000", "2016-12-31": "", "2015-12-31": "", "2014-12-31": "40.20000", "2013-12-31": "-40.20000", "2012-12-31": "", "2011-12-31": "", "2010-12-31": ""}, "Cash Flow From Investing Activities": {"2019-12-31": "-77.60000", "2018-12-31": "-443.80000", "2017-12-31": "-50.20000", "2016-12-31": "-64.00000", "2015-12-31": "-533.80000", "2014-12-31": "-34.80000", "2013-12-31": "-18.70000", "2012-12-31": "-17.50000", "2011-12-31": "-3.50000", "2010-12-31": "-20.10000"}, "Net Long-Term Debt": {"2019-12-31": "-17.70000", "2018-12-31": "-35.50000", "2017-12-31": "11.40000", "2016-12-31": "-47.00000", "2015-12-31": "259.50000", "2014-12-31": "-56.00000", "2013-12-31": "1300.00000", "2012-12-31": "-0.10000", "2011-12-31": "-0.10000", "2010-12-31": "-0.20000"}, "Net Current Debt": {"2019-12-31": "-0.20000", "2018-12-31": "-0.60000", "2017-12-31": "-1.30000", "2016-12-31": "-17.40000", "2015-12-31": "18.80000", "2014-12-31": "-22.00000", "2013-12-31": "38.90000", "2012-12-31": "-1.00000", "2011-12-31": "-2.50000", "2010-12-31": "7.20000"}, "Debt Issuance/Retirement Net - Total": {"2019-12-31": "-17.90000", "2018-12-31": "-36.10000", "2017-12-31": "10.10000", "2016-12-31": "-64.40000", "2015-12-31": "278.30000", "2014-12-31": "-78.00000", "2013-12-31": "1338.90000", "2012-12-31": "-1.10000", "2011-12-31": "-2.60000", "2010-12-31": "7.00000"}, "Net Common Equity Issued/Repurchased": {"2019-12-31": "-219.50000", "2018-12-31": "-64.10000", "2017-12-31": "-52.80000", "2016-12-31": "-79.30000", "2015-12-31": "-19.00000", "2014-12-31": "-36.20000", "2013-12-31": "1.30000", "2012-12-31": "", "2011-12-31": "", "2010-12-31": ""}, "Net Total Equity Issued/Repurchased": {"2019-12-31": "-219.50000", "2018-12-31": "-64.10000", "2017-12-31": "-52.80000", "2016-12-31": "-79.30000", "2015-12-31": "-19.00000", "2014-12-31": "-36.20000", "2013-12-31": "1.30000", "2012-12-31": "", "2011-12-31": "", "2010-12-31": ""}, "Total Common And Preferred Stock Dividends Paid": {"2019-12-31": "-100.60000", "2018-12-31": "-79.40000", "2017-12-31": "-60.90000", "2016-12-31": "-46.00000", "2015-12-31": "-58.30000", "2014-12-31": "-34.50000", "2013-12-31": "-5.20000", "2012-12-31": "-5.20000", "2011-12-31": "-9.30000", "2010-12-31": "-6.40000"}, "Financial Activities - Other": {"2019-12-31": "-4.20000", "2018-12-31": "-3.80000", "2017-12-31": "-47.30000", "2016-12-31": "-6.30000", "2015-12-31": "-6.00000", "2014-12-31": "-1.30000", "2013-12-31": "-1627.40000", "2012-12-31": "-311.60000", "2011-12-31": "-241.70000", "2010-12-31": "-106.90000"}, "Cash Flow From Financial Activities": {"2019-12-31": "-342.20000", "2018-12-31": "-183.40000", "2017-12-31": "-150.90000", "2016-12-31": "-196.00000", "2015-12-31": "195.00000", "2014-12-31": "-150.00000", "2013-12-31": "-292.40000", "2012-12-31": "-317.90000", "2011-12-31": "-253.60000", "2010-12-31": "-106.30000"}, "Net Cash Flow": {"2019-12-31": "68.10000", "2018-12-31": "-175.60000", "2017-12-31": "153.80000", "2016-12-31": "112.70000", "2015-12-31": "-90.80000", "2014-12-31": "63.10000", "2013-12-31": "-90.10000", "2012-12-31": "-59.30000", "2011-12-31": "-1.50000", "2010-12-31": "83.20000"}, "Stock-Based Compensation": {"2019-12-31": "20.40000", "2018-12-31": "19.60000", "2017-12-31": "16.20000", "2016-12-31": "16.60000", "2015-12-31": "14.60000", "2014-12-31": "13.10000", "2013-12-31": "0.80000", "2012-12-31": "", "2011-12-31": "", "2010-12-31": ""}, "Common Stock Dividends Paid": {"2019-12-31": "-100.60000", "2018-12-31": "-79.40000", "2017-12-31": "-60.90000", "2016-12-31": "-46.00000", "2015-12-31": "-58.30000", "2014-12-31": "-34.50000", "2013-12-31": "-5.20000", "2012-12-31": "-5.20000", "2011-12-31": "-9.30000", "2010-12-31": "-6.40000"}}, "cash flow statement, quarterly": {"Net Income/Loss": {"2020-09-30": 146.9, "2020-06-30": 73.7, "2020-03-31": "0.50000", "2019-12-31": 80.7, "2019-09-30": 131.7, "2019-06-30": 109.4, "2019-03-31": "80.30000", "2018-12-31": 132.9, "2018-09-30": 116.1, "2018-06-30": 114, "2018-03-31": "72.40000", "2017-12-31": 12.1, "2017-09-30": 90.1, "2017-06-30": 105.8, "2017-03-31": "68.70000", "2016-12-31": 75, "2016-09-30": 2, "2016-06-30": 95.4, "2016-03-31": "58.80000", "2015-12-31": 72, "2015-09-30": -26.4, "2015-06-30": 65, "2015-03-31": "43.70000", "2014-12-31": 22.2, "2014-09-30": 66.1, "2014-06-30": 46.7, "2014-03-31": "37.60000", "2013-12-31": 8, "2013-09-30": -68, "2013-06-30": 62.3, "2013-03-31": "41.20000", "2012-12-31": 60.5, "2012-09-30": -59.6, "2011-12-31": 25.9, "2010-12-31": 198.5}, "Total Depreciation And Amortization - Cash Flow": {"2020-09-30": 23.2, "2020-06-30": 116.2, "2020-03-31": "19.80000", "2019-12-31": 20.4, "2019-09-30": 21.2, "2019-06-30": 20.7, "2019-03-31": "20.70000", "2018-12-31": 20.4, "2018-09-30": 20.3, "2018-06-30": 23, "2018-03-31": "22.50000", "2017-12-31": 17, "2017-09-30": 17.2, "2017-06-30": 16.2, "2017-03-31": "16.50000", "2016-12-31": 16.2, "2016-09-30": 17.2, "2016-06-30": 17.1, "2016-03-31": "16.40000", "2015-12-31": 15.7, "2015-09-30": 12.7, "2015-06-30": 12.7, "2015-03-31": "12.10000", "2014-12-31": 12.3, "2014-09-30": 12.1, "2014-06-30": 12.2, "2014-03-31": "12.20000", "2013-12-31": 11.9, "2013-09-30": 148.9, "2013-06-30": 11.2, "2013-03-31": "11.70000", "2012-12-31": 11.2, "2012-09-30": -13.4, "2011-12-31": -1.3, "2010-12-31": 47.3}, "Other Non-Cash Items": {"2020-09-30": 0, "2020-06-30": -96.3, "2020-03-31": "96.30000", "2019-12-31": 25.3, "2019-09-30": 0, "2019-06-30": 0, "2019-03-31": "", "2018-12-31": -52.8, "2018-09-30": 0, "2018-06-30": 0, "2018-03-31": "", "2017-12-31": 81.8, "2017-09-30": 0, "2017-06-30": 0, "2017-03-31": "-50.00000", "2016-12-31": 0.9, "2016-09-30": 84.4, "2016-06-30": 0, "2016-03-31": "", "2015-12-31": -13.4, "2015-09-30": 104.4, "2015-06-30": 0, "2015-03-31": "0.00000", "2014-12-31": 40.8, "2014-09-30": 0.8, "2014-06-30": 7.3, "2014-03-31": "-0.10000", "2013-12-31": -14.9, "2013-09-30": -18.2, "2013-06-30": -0.1, "2013-03-31": "-0.20000", "2012-12-31": 0, "2012-09-30": 0, "2011-12-31": -2.3, "2010-12-31": 2.3}, "Total Non-Cash Items": {"2020-09-30": 23.2, "2020-06-30": 19.9, "2020-03-31": "116.10000", "2019-12-31": 45.7, "2019-09-30": 21.2, "2019-06-30": 20.7, "2019-03-31": "20.70000", "2018-12-31": -32.4, "2018-09-30": 20.3, "2018-06-30": 23, "2018-03-31": "22.50000", "2017-12-31": 98.8, "2017-09-30": 17.2, "2017-06-30": 16.2, "2017-03-31": "-33.50000", "2016-12-31": 17.1, "2016-09-30": 101.6, "2016-06-30": 17.1, "2016-03-31": "16.40000", "2015-12-31": 2.3, "2015-09-30": 117.1, "2015-06-30": 12.7, "2015-03-31": "12.10000", "2014-12-31": 53.1, "2014-09-30": 12.9, "2014-06-30": 19.5, "2014-03-31": "12.10000", "2013-12-31": 30.4, "2013-09-30": 130.7, "2013-06-30": 11.1, "2013-03-31": "11.50000", "2012-12-31": 11.2, "2012-09-30": -13.4, "2011-12-31": -3.6, "2010-12-31": 49.6}, "Change In Accounts Receivable": {"2020-09-30": 0, "2020-06-30": 0, "2020-03-31": "", "2019-12-31": -6, "2019-09-30": 0, "2019-06-30": 0, "2019-03-31": "", "2018-12-31": -8.6, "2018-09-30": 0, "2018-06-30": 0, "2018-03-31": "", "2017-12-31": -22.7, "2017-09-30": 0, "2017-06-30": 0, "2017-03-31": "", "2016-12-31": -19.8, "2016-09-30": 0, "2016-06-30": 0, "2016-03-31": "", "2015-12-31": -13.5, "2015-09-30": 0, "2015-06-30": 0, "2015-03-31": "", "2014-12-31": -8, "2014-09-30": 0, "2014-06-30": 0, "2014-03-31": "", "2013-12-31": 27.9, "2013-09-30": 0, "2013-06-30": 0, "2013-03-31": "", "2012-12-31": 0, "2012-09-30": 0, "2011-12-31": 0, "2010-12-31": 0}, "Change In Inventories": {"2020-09-30": 0, "2020-06-30": 0, "2020-03-31": "", "2019-12-31": 5.4, "2019-09-30": 0, "2019-06-30": 0, "2019-03-31": "", "2018-12-31": -19.7, "2018-09-30": 0, "2018-06-30": 0, "2018-03-31": "", "2017-12-31": -4.4, "2017-09-30": 0, "2017-06-30": 0, "2017-03-31": "", "2016-12-31": -15.6, "2016-09-30": 0, "2016-06-30": 0, "2016-03-31": "", "2015-12-31": -5.8, "2015-09-30": 0, "2015-06-30": 0, "2015-03-31": "", "2014-12-31": 3.4, "2014-09-30": 0, "2014-06-30": 0, "2014-03-31": "", "2013-12-31": 3.9, "2013-09-30": 0, "2013-06-30": 0, "2013-03-31": "", "2012-12-31": 0, "2012-09-30": 0, "2011-12-31": 0, "2010-12-31": 0}, "Change In Accounts Payable": {"2020-09-30": 0, "2020-06-30": 0, "2020-03-31": "", "2019-12-31": -11, "2019-09-30": 0, "2019-06-30": 0, "2019-03-31": "", "2018-12-31": 33.9, "2018-09-30": 0, "2018-06-30": 0, "2018-03-31": "", "2017-12-31": 0.4, "2017-09-30": 0, "2017-06-30": 0, "2017-03-31": "", "2016-12-31": 3.4, "2016-09-30": 0, "2016-06-30": 0, "2016-03-31": "", "2015-12-31": -14.7, "2015-09-30": 0, "2015-06-30": 0, "2015-03-31": "", "2014-12-31": 43.4, "2014-09-30": 0, "2014-06-30": 0, "2014-03-31": "", "2013-12-31": -16.7, "2013-09-30": 0, "2013-06-30": 0, "2013-03-31": "", "2012-12-31": 0, "2012-09-30": 0, "2011-12-31": 0, "2010-12-31": 0}, "Change In Assets/Liabilities": {"2020-09-30": -8.7, "2020-06-30": 3.6, "2020-03-31": "-85.80000", "2019-12-31": 94, "2019-09-30": 19.5, "2019-06-30": -10.5, "2019-03-31": "-113.60000", "2018-12-31": 91.3, "2018-09-30": 5.3, "2018-06-30": -8.2, "2018-03-31": "-105.00000", "2017-12-31": 93, "2017-09-30": -1.3, "2017-06-30": -17.1, "2017-03-31": "-76.10000", "2016-12-31": 139, "2016-09-30": -26.4, "2016-06-30": -10.5, "2016-03-31": "-76.00000", "2015-12-31": 91.2, "2015-09-30": 1.6, "2015-06-30": -48.9, "2015-03-31": "-51.40000", "2014-12-31": -30.2, "2014-09-30": 29.2, "2014-06-30": -1.5, "2014-03-31": "-50.60000", "2013-12-31": 46.7, "2013-09-30": 35.7, "2013-06-30": -14.6, "2013-03-31": "-52.30000", "2012-12-31": 0, "2012-09-30": 0, "2011-12-31": 0, "2010-12-31": 0}, "Total Change In Assets/Liabilities": {"2020-09-30": -8.7, "2020-06-30": 3.6, "2020-03-31": "-85.80000", "2019-12-31": 82.4, "2019-09-30": 19.5, "2019-06-30": -10.5, "2019-03-31": "-113.60000", "2018-12-31": 96.9, "2018-09-30": 5.3, "2018-06-30": -8.2, "2018-03-31": "-105.00000", "2017-12-31": 66.3, "2017-09-30": -1.3, "2017-06-30": -17.1, "2017-03-31": "-76.10000", "2016-12-31": 107, "2016-09-30": -26.4, "2016-06-30": -10.5, "2016-03-31": "-76.00000", "2015-12-31": 57.2, "2015-09-30": 1.6, "2015-06-30": -48.9, "2015-03-31": "-51.40000", "2014-12-31": 8.6, "2014-09-30": 29.2, "2014-06-30": -1.5, "2014-03-31": "-50.60000", "2013-12-31": 62.2, "2013-09-30": 35.7, "2013-06-30": -14.6, "2013-03-31": "-52.30000", "2012-12-31": -8.8, "2012-09-30": 17.1, "2011-12-31": 10.1, "2010-12-31": -27.3}, "Cash Flow From Operating Activities": {"2020-09-30": 161.4, "2020-06-30": 97.2, "2020-03-31": "30.80000", "2019-12-31": 208.8, "2019-09-30": 172.4, "2019-06-30": 119.6, "2019-03-31": "-12.60000", "2018-12-31": 197.4, "2018-09-30": 141.7, "2018-06-30": 128.8, "2018-03-31": "-10.10000", "2017-12-31": 177.2, "2017-09-30": 106, "2017-06-30": 104.9, "2017-03-31": "-40.90000", "2016-12-31": 199.1, "2016-09-30": 77.2, "2016-06-30": 102, "2016-03-31": "-0.80000", "2015-12-31": 131.5, "2015-09-30": 92.3, "2015-06-30": 28.8, "2015-03-31": "4.40000", "2014-12-31": 83.9, "2014-09-30": 108.2, "2014-06-30": 64.7, "2014-03-31": "-0.90000", "2013-12-31": 66.3, "2013-09-30": 98.4, "2013-06-30": 58.8, "2013-03-31": "0.40000", "2012-12-31": 71.8, "2012-09-30": -68.1, "2011-12-31": 57.7, "2010-12-31": 207.8}, "Net Change In Property, Plant, And Equipment": {"2020-09-30": -8.9, "2020-06-30": -12.6, "2020-03-31": "-11.80000", "2019-12-31": -16.2, "2019-09-30": -20.1, "2019-06-30": -17, "2019-03-31": "-12.30000", "2018-12-31": -17.3, "2018-09-30": -10.9, "2018-06-30": -12.2, "2018-03-31": "-8.70000", "2017-12-31": -15.6, "2017-09-30": -12.3, "2017-06-30": -13.6, "2017-03-31": "-7.80000", "2016-12-31": -16, "2016-09-30": -9.9, "2016-06-30": -9.1, "2016-03-31": "-7.40000", "2015-12-31": -7.6, "2015-09-30": -8.7, "2015-06-30": -9.2, "2015-03-31": "-9.40000", "2014-12-31": -11.2, "2014-09-30": -13.8, "2014-06-30": -16.8, "2014-03-31": "-9.20000", "2013-12-31": 33.5, "2013-09-30": -3.3, "2013-06-30": -3.4, "2013-03-31": "-5.30000", "2012-12-31": -5.5, "2012-09-30": 10.7, "2011-12-31": -2.6, "2010-12-31": -20.1}, "Net Change In Intangible Assets": {"2020-09-30": 0, "2020-06-30": 0, "2020-03-31": "", "2019-12-31": 0, "2019-09-30": 0, "2019-06-30": 0, "2019-03-31": "", "2018-12-31": 0, "2018-09-30": 0, "2018-06-30": 0, "2018-03-31": "", "2017-12-31": 0, "2017-09-30": 0, "2017-06-30": 0, "2017-03-31": "", "2016-12-31": 0, "2016-09-30": 0, "2016-06-30": 0, "2016-03-31": "", "2015-12-31": 0, "2015-09-30": 0, "2015-06-30": 0, "2015-03-31": "", "2014-12-31": 0, "2014-09-30": 0, "2014-06-30": 0, "2014-03-31": "", "2013-12-31": 0, "2013-09-30": 0, "2013-06-30": 0, "2013-03-31": "", "2012-12-31": 0, "2012-09-30": 0, "2011-12-31": 0, "2010-12-31": 0}, "Net Acquisitions/Divestitures": {"2020-09-30": 0, "2020-06-30": 0, "2020-03-31": "", "2019-12-31": 0.3, "2019-09-30": 0, "2019-06-30": 0, "2019-03-31": "-4.60000", "2018-12-31": -376.1, "2018-09-30": 280.5, "2018-06-30": -4.2, "2018-03-31": "-276.30000", "2017-12-31": 1.2, "2017-09-30": 0, "2017-06-30": 0, "2017-03-31": "-20.80000", "2016-12-31": -4.3, "2016-09-30": 0, "2016-06-30": -31.4, "2016-03-31": "", "2015-12-31": 0.1, "2015-09-30": -459.3, "2015-06-30": -43, "2015-03-31": "-9.00000", "2014-12-31": -1, "2014-09-30": 0, "2014-06-30": -17.7, "2014-03-31": "-5.30000", "2013-12-31": 0, "2013-09-30": 0, "2013-06-30": 0, "2013-03-31": "", "2012-12-31": 0, "2012-09-30": -19.2, "2011-12-31": 19.2, "2010-12-31": 0}, "Net Change In Short-term Investments": {"2020-09-30": 0, "2020-06-30": 0, "2020-03-31": "", "2019-12-31": 0, "2019-09-30": 0, "2019-06-30": 0, "2019-03-31": "", "2018-12-31": 375.8, "2018-09-30": -375.8, "2018-06-30": 0, "2018-03-31": "", "2017-12-31": 0.1, "2017-09-30": 0.3, "2017-06-30": 15.2, "2017-03-31": "", "2016-12-31": 0, "2016-09-30": 0, "2016-06-30": 0, "2016-03-31": "", "2015-12-31": 0, "2015-09-30": 0, "2015-06-30": 0, "2015-03-31": "", "2014-12-31": 0, "2014-09-30": 0, "2014-06-30": 0, "2014-03-31": "", "2013-12-31": 0, "2013-09-30": 0, "2013-06-30": 0, "2013-03-31": "", "2012-12-31": 0, "2012-09-30": 0, "2011-12-31": 0, "2010-12-31": 0}, "Net Change In Long-Term Investments": {"2020-09-30": 0, "2020-06-30": 0, "2020-03-31": "", "2019-12-31": 0, "2019-09-30": 0, "2019-06-30": 0, "2019-03-31": "", "2018-12-31": -14.3, "2018-09-30": 0, "2018-06-30": 0, "2018-03-31": "", "2017-12-31": 0, "2017-09-30": 0, "2017-06-30": 0, "2017-03-31": "", "2016-12-31": 0, "2016-09-30": 0, "2016-06-30": 7.5, "2016-03-31": "6.60000", "2015-12-31": 10.8, "2015-09-30": 1.5, "2015-06-30": 0, "2015-03-31": "", "2014-12-31": 0, "2014-09-30": 0, "2014-06-30": 0, "2014-03-31": "", "2013-12-31": 0, "2013-09-30": 0, "2013-06-30": 0, "2013-03-31": "", "2012-12-31": 0, "2012-09-30": 0, "2011-12-31": 0, "2010-12-31": 0}, "Net Change In Investments - Total": {"2020-09-30": 0, "2020-06-30": 0, "2020-03-31": "", "2019-12-31": 0, "2019-09-30": 0, "2019-06-30": 0, "2019-03-31": "", "2018-12-31": 361.5, "2018-09-30": -375.8, "2018-06-30": 0, "2018-03-31": "", "2017-12-31": 0.1, "2017-09-30": 0.3, "2017-06-30": 15.2, "2017-03-31": "", "2016-12-31": 0, "2016-09-30": 0, "2016-06-30": 7.5, "2016-03-31": "6.60000", "2015-12-31": 10.8, "2015-09-30": 1.5, "2015-06-30": 0, "2015-03-31": "", "2014-12-31": 0, "2014-09-30": 0, "2014-06-30": 0, "2014-03-31": "", "2013-12-31": 0, "2013-09-30": 0, "2013-06-30": 0, "2013-03-31": "", "2012-12-31": 0, "2012-09-30": 0, "2011-12-31": 0, "2010-12-31": 0}, "Investing Activities - Other": {"2020-09-30": 0.2, "2020-06-30": 0.8, "2020-03-31": "-7.00000", "2019-12-31": -5.7, "2019-09-30": 0.3, "2019-06-30": -1.5, "2019-03-31": "-0.80000", "2018-12-31": -3.2, "2018-09-30": -1.2, "2018-06-30": 0, "2018-03-31": "0.10000", "2017-12-31": 0.2, "2017-09-30": 1.8, "2017-06-30": 0.3, "2017-03-31": "0.80000", "2016-12-31": 5.6, "2016-09-30": -0.9, "2016-06-30": -2.7, "2016-03-31": "-2.00000", "2015-12-31": -2.7, "2015-09-30": -1.4, "2015-06-30": 0.1, "2015-03-31": "4.00000", "2014-12-31": -1.7, "2014-09-30": 1.1, "2014-06-30": 40.6, "2014-03-31": "0.20000", "2013-12-31": -64.6, "2013-09-30": 22.6, "2013-06-30": 0.6, "2013-03-31": "1.20000", "2012-12-31": 0, "2012-09-30": 0, "2011-12-31": 0, "2010-12-31": 0}, "Cash Flow From Investing Activities": {"2020-09-30": -8.7, "2020-06-30": -11.8, "2020-03-31": "-18.80000", "2019-12-31": -21.6, "2019-09-30": -19.8, "2019-06-30": -18.5, "2019-03-31": "-17.70000", "2018-12-31": -35.1, "2018-09-30": -107.4, "2018-06-30": -16.4, "2018-03-31": "-284.90000", "2017-12-31": -14.1, "2017-09-30": -10.2, "2017-06-30": 1.9, "2017-03-31": "-27.80000", "2016-12-31": -14.7, "2016-09-30": -10.8, "2016-06-30": -35.7, "2016-03-31": "-2.80000", "2015-12-31": 0.6, "2015-09-30": -467.9, "2015-06-30": -52.1, "2015-03-31": "-14.40000", "2014-12-31": -13.9, "2014-09-30": -12.7, "2014-06-30": 6.1, "2014-03-31": "-14.30000", "2013-12-31": -31.1, "2013-09-30": 19.3, "2013-06-30": -2.8, "2013-03-31": "-4.10000", "2012-12-31": -5.5, "2012-09-30": -8.5, "2011-12-31": 16.6, "2010-12-31": -20.1}, "Net Long-Term Debt": {"2020-09-30": -0.1, "2020-06-30": 0, "2020-03-31": "", "2019-12-31": 0, "2019-09-30": 0, "2019-06-30": -8.9, "2019-03-31": "-8.80000", "2018-12-31": -8.8, "2018-09-30": -8.8, "2018-06-30": -49.1, "2018-03-31": "31.20000", "2017-12-31": 26.2, "2017-09-30": 8.7, "2017-06-30": -11.7, "2017-03-31": "-11.80000", "2016-12-31": 6.6, "2016-09-30": -13.1, "2016-06-30": -28.8, "2016-03-31": "-11.70000", "2015-12-31": -96.1, "2015-09-30": 380, "2015-06-30": -12.2, "2015-03-31": "-12.20000", "2014-12-31": -33.5, "2014-09-30": -7.5, "2014-06-30": -7, "2014-03-31": "-8.00000", "2013-12-31": 1300.2, "2013-09-30": -0.6, "2013-06-30": -1.3, "2013-03-31": "1.70000", "2012-12-31": 0, "2012-09-30": 0, "2011-12-31": 0, "2010-12-31": 0}, "Net Current Debt": {"2020-09-30": -0.6, "2020-06-30": -2.6, "2020-03-31": "3.20000", "2019-12-31": 0.1, "2019-09-30": -0.1, "2019-06-30": 0, "2019-03-31": "-0.20000", "2018-12-31": 0.1, "2018-09-30": -0.2, "2018-06-30": -0.5, "2018-03-31": "", "2017-12-31": 0, "2017-09-30": 0, "2017-06-30": -0.2, "2017-03-31": "-1.10000", "2016-12-31": -17.4, "2016-09-30": 0, "2016-06-30": 16.6, "2016-03-31": "-16.60000", "2015-12-31": 7, "2015-09-30": -0.4, "2015-06-30": 12.4, "2015-03-31": "-0.20000", "2014-12-31": 18.6, "2014-09-30": -0.4, "2014-06-30": -40.2, "2014-03-31": "", "2013-12-31": 38.9, "2013-09-30": 0, "2013-06-30": 0, "2013-03-31": "", "2012-12-31": -0.7, "2012-09-30": 2.2, "2011-12-31": -9.7, "2010-12-31": 7.2}, "Debt Issuance/Retirement Net - Total": {"2020-09-30": -0.7, "2020-06-30": -2.6, "2020-03-31": "3.20000", "2019-12-31": 0.1, "2019-09-30": -0.1, "2019-06-30": -8.9, "2019-03-31": "-9.00000", "2018-12-31": -8.7, "2018-09-30": -9, "2018-06-30": -49.6, "2018-03-31": "31.20000", "2017-12-31": 26.2, "2017-09-30": 8.7, "2017-06-30": -11.9, "2017-03-31": "-12.90000", "2016-12-31": -10.8, "2016-09-30": -13.1, "2016-06-30": -12.2, "2016-03-31": "-28.30000", "2015-12-31": -89.1, "2015-09-30": 379.6, "2015-06-30": 0.2, "2015-03-31": "-12.40000", "2014-12-31": -14.9, "2014-09-30": -7.9, "2014-06-30": -47.2, "2014-03-31": "-8.00000", "2013-12-31": 1300.2, "2013-09-30": -0.6, "2013-06-30": -1.3, "2013-03-31": "1.70000", "2012-12-31": 0, "2012-09-30": 0, "2011-12-31": 0.1, "2010-12-31": -0.2}, "Net Common Equity Issued/Repurchased": {"2020-09-30": 0, "2020-06-30": 0, "2020-03-31": "-94.10000", "2019-12-31": -39.8, "2019-09-30": -46.1, "2019-06-30": -69.8, "2019-03-31": "-63.80000", "2018-12-31": -34.1, "2018-09-30": 0, "2018-06-30": 0, "2018-03-31": "-30.00000", "2017-12-31": 7.2, "2017-09-30": 0, "2017-06-30": -30, "2017-03-31": "-30.00000", "2016-12-31": -49.3, "2016-09-30": 0, "2016-06-30": 0, "2016-03-31": "-30.00000", "2015-12-31": 11, "2015-09-30": 0, "2015-06-30": 0, "2015-03-31": "-30.00000", "2014-12-31": 14.1, "2014-09-30": -20, "2014-06-30": -30.3, "2014-03-31": "", "2013-12-31": 1.3, "2013-09-30": 0, "2013-06-30": 0, "2013-03-31": "", "2012-12-31": 0, "2012-09-30": 0, "2011-12-31": 0, "2010-12-31": 0}, "Net Total Equity Issued/Repurchased": {"2020-09-30": 0, "2020-06-30": 0, "2020-03-31": "-94.10000", "2019-12-31": -39.8, "2019-09-30": -46.1, "2019-06-30": -69.8, "2019-03-31": "-63.80000", "2018-12-31": -34.1, "2018-09-30": 0, "2018-06-30": 0, "2018-03-31": "-30.00000", "2017-12-31": 7.2, "2017-09-30": 0, "2017-06-30": -30, "2017-03-31": "-30.00000", "2016-12-31": -49.3, "2016-09-30": 0, "2016-06-30": 0, "2016-03-31": "-30.00000", "2015-12-31": 11, "2015-09-30": 0, "2015-06-30": 0, "2015-03-31": "-30.00000", "2014-12-31": 14.1, "2014-09-30": -20, "2014-06-30": -30.3, "2014-03-31": "", "2013-12-31": 1.3, "2013-09-30": 0, "2013-06-30": 0, "2013-03-31": "", "2012-12-31": 0, "2012-09-30": 0, "2011-12-31": 0, "2010-12-31": 0}, "Total Common And Preferred Stock Dividends Paid": {"2020-09-30": -29.6, "2020-06-30": -29.7, "2020-03-31": "-29.00000", "2019-12-31": -25.1, "2019-09-30": -25, "2019-06-30": -25.3, "2019-03-31": "-25.20000", "2018-12-31": -19.8, "2018-09-30": -19.9, "2018-06-30": -20, "2018-03-31": "-19.70000", "2017-12-31": -15.3, "2017-09-30": -15.2, "2017-06-30": -15.2, "2017-03-31": "-15.20000", "2016-12-31": -11.5, "2016-09-30": -11.6, "2016-06-30": -11.5, "2016-03-31": "-11.40000", "2015-12-31": -29.6, "2015-09-30": -9.6, "2015-06-30": -9.6, "2015-03-31": "-9.50000", "2014-12-31": -11.9, "2014-09-30": -7.7, "2014-06-30": -7.7, "2014-03-31": "-7.20000", "2013-12-31": -5.2, "2013-09-30": 0, "2013-06-30": 0, "2013-03-31": "", "2012-12-31": -2.3, "2012-09-30": 6.4, "2011-12-31": -2.9, "2010-12-31": -6.4}, "Financial Activities - Other": {"2020-09-30": 0.2, "2020-06-30": -0.1, "2020-03-31": "3.10000", "2019-12-31": -3, "2019-09-30": -2.6, "2019-06-30": 2.6, "2019-03-31": "-1.20000", "2018-12-31": -3.9, "2018-09-30": 2.4, "2018-06-30": 0.1, "2018-03-31": "-2.40000", "2017-12-31": -50.3, "2017-09-30": -1.7, "2017-06-30": 2.6, "2017-03-31": "2.10000", "2016-12-31": -8.4, "2016-09-30": 3.7, "2016-06-30": 3.5, "2016-03-31": "-5.10000", "2015-12-31": 1.8, "2015-09-30": -16.5, "2015-06-30": 3.5, "2015-03-31": "5.20000", "2014-12-31": -16.7, "2014-09-30": 0.8, "2014-06-30": 2.8, "2014-03-31": "11.80000", "2013-12-31": -1503.7, "2013-09-30": -87.4, "2013-06-30": -52.8, "2013-03-31": "16.50000", "2012-12-31": -72.8, "2012-09-30": 2.9, "2011-12-31": -134.8, "2010-12-31": -106.9}, "Cash Flow From Financial Activities": {"2020-09-30": -30.1, "2020-06-30": -32.4, "2020-03-31": "-116.80000", "2019-12-31": -67.8, "2019-09-30": -73.8, "2019-06-30": -101.4, "2019-03-31": "-99.20000", "2018-12-31": -66.5, "2018-09-30": -26.5, "2018-06-30": -69.5, "2018-03-31": "-20.90000", "2017-12-31": -32.2, "2017-09-30": -8.2, "2017-06-30": -54.5, "2017-03-31": "-56.00000", "2016-12-31": -80, "2016-09-30": -21, "2016-06-30": -20.2, "2016-03-31": "-74.80000", "2015-12-31": -105.9, "2015-09-30": 353.5, "2015-06-30": -5.9, "2015-03-31": "-46.70000", "2014-12-31": -29.4, "2014-09-30": -34.8, "2014-06-30": -82.4, "2014-03-31": "-3.40000", "2013-12-31": -168.5, "2013-09-30": -88, "2013-06-30": -54.1, "2013-03-31": "18.20000", "2012-12-31": -75.8, "2012-09-30": 11.5, "2011-12-31": -147.3, "2010-12-31": -106.3}, "Net Cash Flow": {"2020-09-30": 126.5, "2020-06-30": 55.6, "2020-03-31": "-110.00000", "2019-12-31": 122.4, "2019-09-30": 75.1, "2019-06-30": 0.6, "2019-03-31": "-130.00000", "2018-12-31": 94.1, "2018-09-30": 6.9, "2018-06-30": 37.8, "2018-03-31": "-314.40000", "2017-12-31": 131.3, "2017-09-30": 89.4, "2017-06-30": 55.9, "2017-03-31": "-122.80000", "2016-12-31": 97.9, "2016-09-30": 45.4, "2016-06-30": 43.6, "2016-03-31": "-74.20000", "2015-12-31": 24.5, "2015-09-30": -25.8, "2015-06-30": -28.6, "2015-03-31": "-60.90000", "2014-12-31": 39.1, "2014-09-30": 58.2, "2014-06-30": -12.2, "2014-03-31": "-22.00000", "2013-12-31": -141.1, "2013-09-30": 46.3, "2013-06-30": 8.4, "2013-03-31": "-3.70000", "2012-12-31": -17.1, "2012-09-30": -40.7, "2011-12-31": -84.7, "2010-12-31": 83.2}, "Stock-Based Compensation": {"2020-09-30": 0, "2020-06-30": 0, "2020-03-31": "", "2019-12-31": 20.4, "2019-09-30": 0, "2019-06-30": 0, "2019-03-31": "", "2018-12-31": 19.6, "2018-09-30": 0, "2018-06-30": 0, "2018-03-31": "", "2017-12-31": 16.2, "2017-09-30": 0, "2017-06-30": 0, "2017-03-31": "", "2016-12-31": 16.6, "2016-09-30": 0, "2016-06-30": 0, "2016-03-31": "", "2015-12-31": 14.6, "2015-09-30": 0, "2015-06-30": 0, "2015-03-31": "", "2014-12-31": 13.1, "2014-09-30": 0, "2014-06-30": 0, "2014-03-31": "", "2013-12-31": 0.8, "2013-09-30": 0, "2013-06-30": 0, "2013-03-31": "", "2012-12-31": 0, "2012-09-30": 0, "2011-12-31": 0, "2010-12-31": 0}, "Common Stock Dividends Paid": {"2020-09-30": -29.6, "2020-06-30": -29.7, "2020-03-31": "-29.00000", "2019-12-31": -25.1, "2019-09-30": -25, "2019-06-30": -25.3, "2019-03-31": "-25.20000", "2018-12-31": -19.8, "2018-09-30": -19.9, "2018-06-30": -20, "2018-03-31": "-19.70000", "2017-12-31": -15.3, "2017-09-30": -15.2, "2017-06-30": -15.2, "2017-03-31": "-15.20000", "2016-12-31": -11.5, "2016-09-30": -11.6, "2016-06-30": -11.5, "2016-03-31": "-11.40000", "2015-12-31": -29.6, "2015-09-30": -9.6, "2015-06-30": -9.6, "2015-03-31": "-9.50000", "2014-12-31": -11.9, "2014-09-30": -7.7, "2014-06-30": -7.7, "2014-03-31": "-7.20000", "2013-12-31": -5.2, "2013-09-30": 0, "2013-06-30": 0, "2013-03-31": "", "2012-12-31": 0, "2012-09-30": 0, "2011-12-31": 0, "2010-12-31": 0}}, "financial ratios": {"Current Ratio": {"2019-12-31": "1.97590", "2018-12-31": "1.78880", "2017-12-31": "2.24110", "2016-12-31": "1.93040", "2015-12-31": "1.64420", "2014-12-31": "1.88110", "2013-12-31": "1.93030", "2012-12-31": "2.37760", "2011-12-31": "2.56800", "2010-12-31": ""}, "Long-term Debt / Capital": {"2019-12-31": "0.65250", "2018-12-31": "0.68310", "2017-12-31": "0.78050", "2016-12-31": "0.92400", "2015-12-31": "0.98000", "2014-12-31": "0.98500", "2013-12-31": "1.02830", "2012-12-31": "0.00200", "2011-12-31": "0.00240", "2010-12-31": ""}, "Debt/Equity Ratio": {"2019-12-31": "1.87760", "2018-12-31": "2.20920", "2017-12-31": "3.64320", "2016-12-31": "12.57560", "2015-12-31": "51.28280", "2014-12-31": "68.35680", "2013-12-31": "-38.39710", "2012-12-31": "0.00370", "2011-12-31": "0.00340", "2010-12-31": ""}, "Gross Margin": {"2019-12-31": "43.87880", "2018-12-31": "42.95130", "2017-12-31": "44.55200", "2016-12-31": "44.22250", "2015-12-31": "42.02410", "2014-12-31": "40.30120", "2013-12-31": "41.62640", "2012-12-31": "40.80460", "2011-12-31": "40.06530", "2010-12-31": "38.92870"}, "Operating Margin": {"2019-12-31": "19.80030", "2018-12-31": "19.24810", "2017-12-31": "20.45100", "2016-12-31": "19.40570", "2015-12-31": "17.33960", "2014-12-31": "15.40390", "2013-12-31": "11.63510", "2012-12-31": "18.35120", "2011-12-31": "17.76170", "2010-12-31": "16.51680"}, "EBIT Margin": {"2019-12-31": "19.80030", "2018-12-31": "19.24810", "2017-12-31": "20.45100", "2016-12-31": "19.40570", "2015-12-31": "17.33960", "2014-12-31": "15.40390", "2013-12-31": "11.63510", "2012-12-31": "18.35120", "2011-12-31": "17.76170", "2010-12-31": "16.51680"}, "EBITDA Margin": {"2019-12-31": "22.70850", "2018-12-31": "22.40360", "2017-12-31": "23.22900", "2016-12-31": "22.39500", "2015-12-31": "19.91200", "2014-12-31": "17.70760", "2013-12-31": "20.51120", "2012-12-31": "20.51600", "2011-12-31": "20.03760", "2010-12-31": "18.92060"}, "Pre-Tax Profit Margin": {"2019-12-31": "16.65030", "2018-12-31": "17.39580", "2017-12-31": "16.43140", "2016-12-31": "13.18140", "2015-12-31": "10.12040", "2014-12-31": "12.64690", "2013-12-31": "10.79440", "2012-12-31": "18.12390", "2011-12-31": "17.92010", "2010-12-31": "16.60310"}, "Net Profit Margin": {"2019-12-31": "14.07850", "2018-12-31": "15.92050", "2017-12-31": "11.34870", "2016-12-31": "10.23680", "2015-12-31": "7.44160", "2014-12-31": "8.27080", "2013-12-31": "1.56070", "2012-12-31": "10.87830", "2011-12-31": "10.79060", "2010-12-31": "9.74740"}, "Asset Turnover": {"2019-12-31": "0.96180", "2018-12-31": "0.97210", "2017-12-31": "0.94740", "2016-12-31": "0.99580", "2015-12-31": "0.91390", "2014-12-31": "1.05080", "2013-12-31": "1.03450", "2012-12-31": "1.01990", "2011-12-31": "0.99260", "2010-12-31": ""}, "Inventory Turnover Ratio": {"2019-12-31": "5.93440", "2018-12-31": "5.55980", "2017-12-31": "5.56840", "2016-12-31": "5.65870", "2015-12-31": "5.87460", "2014-12-31": "7.46960", "2013-12-31": "6.44320", "2012-12-31": "7.19770", "2011-12-31": "7.39560", "2010-12-31": ""}, "Receiveable Turnover": {"2019-12-31": "8.65370", "2018-12-31": "8.40780", "2017-12-31": "8.11940", "2016-12-31": "8.60770", "2015-12-31": "6.81640", "2014-12-31": "9.19400", "2013-12-31": "7.96000", "2012-12-31": "7.02050", "2011-12-31": "7.03270", "2010-12-31": ""}, "Days Sales In Receivables": {"2019-12-31": "42.17840", "2018-12-31": "43.41200", "2017-12-31": "44.95430", "2016-12-31": "42.40390", "2015-12-31": "53.54720", "2014-12-31": "39.69980", "2013-12-31": "45.85430", "2012-12-31": "51.99080", "2011-12-31": "51.90040", "2010-12-31": ""}, "ROE - Return On Equity": {"2019-12-31": "52.88010", "2018-12-31": "66.57490", "2017-12-31": "68.23680", "2016-12-31": "198.62540", "2015-12-31": "520.87550", "2014-12-31": "992.97310", "2013-12-31": "-138.28570", "2012-12-31": "16.83500", "2011-12-31": "16.13730", "2010-12-31": ""}, "Return On Tangible Equity": {"2019-12-31": "-64.45980", "2018-12-31": "-56.10100", "2017-12-31": "-36.89330", "2016-12-31": "-24.13870", "2015-12-31": "-14.63850", "2014-12-31": "-31.06710", "2013-12-31": "-7.05540", "2012-12-31": "39.80620", "2011-12-31": "35.78930", "2010-12-31": ""}, "ROA - Return On Assets": {"2019-12-31": "13.55150", "2018-12-31": "15.49360", "2017-12-31": "10.88510", "2016-12-31": "10.28740", "2015-12-31": "6.83610", "2014-12-31": "9.11260", "2013-12-31": "2.41930", "2012-12-31": "11.59390", "2011-12-31": "11.37900", "2010-12-31": ""}, "ROI - Return On Investment": {"2019-12-31": "18.37750", "2018-12-31": "21.10010", "2017-12-31": "14.97460", "2016-12-31": "15.09140", "2015-12-31": "10.40210", "2014-12-31": "14.89260", "2013-12-31": "3.91270", "2012-12-31": "16.80060", "2011-12-31": "16.09810", "2010-12-31": ""}, "Book Value Per Share": {"2019-12-31": "8.20070", "2018-12-31": "6.91060", "2017-12-31": "4.26560", "2016-12-31": "1.22170", "2015-12-31": "0.30940", "2014-12-31": "0.19310", "2013-12-31": "-0.36460", "2012-12-31": "", "2011-12-31": "", "2010-12-31": ""}, "Operating Cash Flow Per Share": {"2019-12-31": 0.3934, "2018-12-31": 1.167, "2017-12-31": -0.2791, "2016-12-31": 1.2436, "2015-12-31": 0.0195, "2014-12-31": 0.3028, "2013-12-31": -0.4743, "2012-12-31": 0.0386, "2011-12-31": 2.7656, "2010-12-31": 0}, "Free Cash Flow Per Share": {"2019-12-31": 0.2108, "2018-12-31": 1.1675, "2017-12-31": -0.3551, "2016-12-31": 1.1661, "2015-12-31": 0.1841, "2014-12-31": -0.4456, "2013-12-31": -0.0683, "2012-12-31": 0.0927, "2011-12-31": 2.5292, "2010-12-31": 0}}, "financial ratios, quarterly": {"Current Ratio": {"2020-09-30": "2.29200", "2020-06-30": "2.10720", "2020-03-31": "2.01880", "2019-12-31": "1.97590", "2019-09-30": "1.89960", "2019-06-30": "1.70800", "2019-03-31": "1.75150", "2018-12-31": "1.78880", "2018-09-30": "1.79360", "2018-06-30": "1.80190", "2018-03-31": "1.77530", "2017-12-31": "2.24110", "2017-09-30": "2.13930", "2017-06-30": "1.92120", "2017-03-31": "1.86250", "2016-12-31": "1.93040", "2016-09-30": "1.85590", "2016-06-30": "1.76260", "2016-03-31": "1.74930", "2015-12-31": "1.64420", "2015-09-30": "1.69320", "2015-06-30": "1.92730", "2015-03-31": "1.87450", "2014-12-31": "1.88110", "2014-09-30": "2.01210", "2014-06-30": "2.02930", "2014-03-31": "1.98030", "2013-12-31": "1.93030", "2013-09-30": "2.69940", "2013-06-30": "", "2013-03-31": "", "2012-12-31": "", "2012-09-30": "", "2011-12-31": "", "2010-12-31": ""}, "Long-term Debt / Capital": {"2020-09-30": "0.63340", "2020-06-30": "0.67750", "2020-03-31": "0.69940", "2019-12-31": "0.65250", "2019-09-30": "0.67500", "2019-06-30": "0.67730", "2019-03-31": "0.68730", "2018-12-31": "0.68310", "2018-09-30": "0.70300", "2018-06-30": "0.73710", "2018-03-31": "0.76170", "2017-12-31": "0.78050", "2017-09-30": "0.79140", "2017-06-30": "0.83810", "2017-03-31": "0.90060", "2016-12-31": "0.92400", "2016-09-30": "0.90170", "2016-06-30": "0.90960", "2016-03-31": "0.94900", "2015-12-31": "0.98000", "2015-09-30": "0.98250", "2015-06-30": "0.94240", "2015-03-31": "0.99880", "2014-12-31": "0.98500", "2014-09-30": "0.99520", "2014-06-30": "1.00900", "2014-03-31": "1.02290", "2013-12-31": "1.02830", "2013-09-30": "0.00210", "2013-06-30": "", "2013-03-31": "", "2012-12-31": "", "2012-09-30": "", "2011-12-31": "", "2010-12-31": ""}, "Debt/Equity Ratio": {"2020-09-30": "1.72780", "2020-06-30": "2.10190", "2020-03-31": "2.33200", "2019-12-31": "1.87760", "2019-09-30": "2.07670", "2019-06-30": "2.15220", "2019-03-31": "2.25350", "2018-12-31": "2.20920", "2018-09-30": "2.42520", "2018-06-30": "2.87220", "2018-03-31": "3.27350", "2017-12-31": "3.64320", "2017-09-30": "3.88870", "2017-06-30": "5.34890", "2017-03-31": "9.36710", "2016-12-31": "12.57560", "2016-09-30": "9.47650", "2016-06-30": "10.40410", "2016-03-31": "19.25350", "2015-12-31": "51.28280", "2015-09-30": "58.38930", "2015-06-30": "17.22560", "2015-03-31": "834.73330", "2014-12-31": "68.35680", "2014-09-30": "213.25000", "2014-06-30": "-114.96430", "2014-03-31": "-47.16960", "2013-12-31": "-38.39710", "2013-09-30": "0.00370", "2013-06-30": "", "2013-03-31": "", "2012-12-31": "", "2012-09-30": "", "2011-12-31": "", "2010-12-31": ""}, "Gross Margin": {"2020-09-30": "43.82210", "2020-06-30": "41.83210", "2020-03-31": "43.44150", "2019-12-31": "44.36420", "2019-09-30": "44.83500", "2019-06-30": "43.85940", "2019-03-31": "42.27480", "2018-12-31": "42.78190", "2018-09-30": "43.48560", "2018-06-30": "43.36600", "2018-03-31": "42.04860", "2017-12-31": "44.30180", "2017-09-30": "45.02790", "2017-06-30": "44.86440", "2017-03-31": "43.95040", "2016-12-31": "42.56630", "2016-09-30": "45.34500", "2016-06-30": "45.71720", "2016-03-31": "43.06190", "2015-12-31": "40.37400", "2015-09-30": "44.07710", "2015-06-30": "42.69490", "2015-03-31": "40.78920", "2014-12-31": "34.68180", "2014-09-30": "43.27790", "2014-06-30": "42.52120", "2014-03-31": "41.19160", "2013-12-31": "82.63710", "2013-09-30": "45.06620", "2013-06-30": "41.32780", "2013-03-31": "39.31970", "2012-12-31": "", "2012-09-30": "", "2011-12-31": "", "2010-12-31": ""}, "Operating Margin": {"2020-09-30": "22.02090", "2020-06-30": "16.36980", "2020-03-31": "4.28340", "2019-12-31": "19.91660", "2019-09-30": "22.46430", "2019-06-30": "19.92620", "2019-03-31": "16.48860", "2018-12-31": "20.13100", "2018-09-30": "20.00000", "2018-06-30": "20.34910", "2018-03-31": "16.09850", "2017-12-31": "21.01120", "2017-09-30": "20.85660", "2017-06-30": "21.53110", "2017-03-31": "18.13050", "2016-12-31": "18.60630", "2016-09-30": "20.90860", "2016-06-30": "21.25150", "2016-03-31": "16.42450", "2015-12-31": "14.94320", "2015-09-30": "20.27550", "2015-06-30": "18.42160", "2015-03-31": "15.47850", "2014-12-31": "11.00260", "2014-09-30": "19.40740", "2014-06-30": "16.80150", "2014-03-31": "14.53070", "2013-12-31": "19.14280", "2013-09-30": "-4.04540", "2013-06-30": "18.91430", "2013-03-31": "14.53620", "2012-12-31": "", "2012-09-30": "", "2011-12-31": "", "2010-12-31": ""}, "EBIT Margin": {"2020-09-30": "22.02090", "2020-06-30": "16.36980", "2020-03-31": "4.28340", "2019-12-31": "19.91660", "2019-09-30": "22.46430", "2019-06-30": "19.92620", "2019-03-31": "16.48860", "2018-12-31": "20.13100", "2018-09-30": "20.00000", "2018-06-30": "20.34910", "2018-03-31": "16.09850", "2017-12-31": "21.01120", "2017-09-30": "20.85660", "2017-06-30": "21.53110", "2017-03-31": "18.13050", "2016-12-31": "18.60630", "2016-09-30": "20.90860", "2016-06-30": "21.25150", "2016-03-31": "16.42450", "2015-12-31": "14.94320", "2015-09-30": "20.27550", "2015-06-30": "18.42160", "2015-03-31": "15.47850", "2014-12-31": "11.00260", "2014-09-30": "19.40740", "2014-06-30": "16.80150", "2014-03-31": "14.53070", "2013-12-31": "19.14280", "2013-09-30": "-4.04540", "2013-06-30": "18.91430", "2013-03-31": "14.53620", "2012-12-31": "", "2012-09-30": "", "2011-12-31": "", "2010-12-31": ""}, "EBITDA Margin": {"2020-09-30": "", "2020-06-30": "", "2020-03-31": "", "2019-12-31": "", "2019-09-30": "", "2019-06-30": "", "2019-03-31": "", "2018-12-31": "", "2018-09-30": "", "2018-06-30": "", "2018-03-31": "", "2017-12-31": "", "2017-09-30": "", "2017-06-30": "", "2017-03-31": "", "2016-12-31": "", "2016-09-30": "", "2016-06-30": "", "2016-03-31": "", "2015-12-31": "", "2015-09-30": "", "2015-06-30": "", "2015-03-31": "", "2014-12-31": "", "2014-09-30": "", "2014-06-30": "", "2014-03-31": "", "2013-12-31": "", "2013-09-30": "", "2013-06-30": "", "2013-03-31": "", "2012-12-31": "", "2012-09-30": "", "2011-12-31": "", "2010-12-31": ""}, "Pre-Tax Profit Margin": {"2020-09-30": "21.92480", "2020-06-30": "14.91090", "2020-03-31": "1.77860", "2019-12-31": "13.57890", "2019-09-30": "20.11230", "2019-06-30": "17.99780", "2019-03-31": "14.56490", "2018-12-31": "18.10930", "2018-09-30": "18.29940", "2018-06-30": "18.67460", "2018-03-31": "14.05970", "2017-12-31": "12.55220", "2017-09-30": "18.37870", "2017-06-30": "19.64910", "2017-03-31": "14.99640", "2016-12-31": "14.48130", "2016-09-30": "3.63100", "2016-06-30": "19.90080", "2016-03-31": "14.93130", "2015-12-31": "13.89810", "2015-09-30": "-1.24890", "2015-06-30": "16.16940", "2015-03-31": "12.27380", "2014-12-31": "6.95730", "2014-09-30": "17.45020", "2014-06-30": "14.63780", "2014-03-31": "11.74450", "2013-12-31": "15.31060", "2013-09-30": "-4.17770", "2013-06-30": "18.97110", "2013-03-31": "12.86710", "2012-12-31": "", "2012-09-30": "", "2011-12-31": "", "2010-12-31": ""}, "Net Profit Margin": {"2020-09-30": "20.16750", "2020-06-30": "12.50210", "2020-03-31": "0.05930", "2019-12-31": "11.21610", "2019-09-30": "17.58650", "2019-06-30": "14.94800", "2019-03-31": "12.24430", "2018-12-31": "18.90660", "2018-09-30": "16.30360", "2018-06-30": "16.16290", "2018-03-31": "11.77620", "2017-12-31": "1.54090", "2017-09-30": "14.73580", "2017-06-30": "16.82620", "2017-03-31": "12.46360", "2016-12-31": "13.12970", "2016-09-30": "0.27530", "2016-06-30": "16.24210", "2016-03-31": "11.48720", "2015-12-31": "13.18300", "2015-09-30": "-5.01380", "2015-06-30": "12.30030", "2015-03-31": "9.89750", "2014-12-31": "6.17260", "2014-09-30": "11.12130", "2014-06-30": "8.12790", "2014-03-31": "7.67250", "2013-12-31": "1.74360", "2013-09-30": "-14.76370", "2013-06-30": "11.40530", "2013-03-31": "8.32450", "2012-12-31": "", "2012-09-30": "", "2011-12-31": "", "2010-12-31": ""}, "Asset Turnover": {"2020-09-30": "0.24060", "2020-06-30": "0.20800", "2020-03-31": "0.24470", "2019-12-31": "0.24250", "2019-09-30": "0.26120", "2019-06-30": "0.25660", "2019-03-31": "0.23390", "2018-12-31": "0.24990", "2018-09-30": "0.26060", "2018-06-30": "0.26780", "2018-03-31": "0.23330", "2017-12-31": "0.24510", "2017-09-30": "0.24900", "2017-06-30": "0.26860", "2017-03-31": "0.25110", "2016-12-31": "0.25350", "2016-09-30": "0.25190", "2016-06-30": "0.24940", "2016-03-31": "0.22130", "2015-12-31": "0.24100", "2015-09-30": "0.22600", "2015-06-30": "0.26110", "2015-03-31": "0.23800", "2014-12-31": "0.28450", "2014-09-30": "0.27440", "2014-06-30": "0.27010", "2014-03-31": "0.23590", "2013-12-31": "0.27520", "2013-09-30": "0.27480", "2013-06-30": "", "2013-03-31": "", "2012-12-31": "", "2012-09-30": "", "2011-12-31": "", "2010-12-31": ""}, "Inventory Turnover Ratio": {"2020-09-30": "1.41300", "2020-06-30": "1.16790", "2020-03-31": "1.38510", "2019-12-31": "1.48310", "2019-09-30": "1.40460", "2019-06-30": "1.34720", "2019-03-31": "1.27390", "2018-12-31": "1.43380", "2018-09-30": "1.44480", "2018-06-30": "1.50380", "2018-03-31": "1.30870", "2017-12-31": "1.44700", "2017-09-30": "1.30300", "2017-06-30": "1.39510", "2017-03-31": "1.29240", "2016-12-31": "1.48320", "2016-09-30": "1.39120", "2016-06-30": "1.40920", "2016-03-31": "1.32100", "2015-12-31": "1.59330", "2015-09-30": "1.40780", "2015-06-30": "1.44580", "2015-03-31": "1.46890", "2014-12-31": "2.21260", "2014-09-30": "1.71610", "2014-06-30": "1.75470", "2014-03-31": "1.64110", "2013-12-31": "1.70720", "2013-09-30": "1.78060", "2013-06-30": "", "2013-03-31": "", "2012-12-31": "", "2012-09-30": "", "2011-12-31": "", "2010-12-31": ""}, "Receiveable Turnover": {"2020-09-30": "2.07580", "2020-06-30": "1.79070", "2020-03-31": "1.96650", "2019-12-31": "2.18160", "2019-09-30": "2.03620", "2019-06-30": "1.92420", "2019-03-31": "1.82150", "2018-12-31": "2.16190", "2018-09-30": "1.96870", "2018-06-30": "1.92540", "2018-03-31": "1.82250", "2017-12-31": "2.10050", "2017-09-30": "2.01260", "2017-06-30": "2.01670", "2017-03-31": "2.04090", "2016-12-31": "2.19120", "2016-09-30": "2.09710", "2016-06-30": "1.67930", "2016-03-31": "1.54170", "2015-12-31": "1.79760", "2015-09-30": "1.99380", "2015-06-30": "1.89120", "2015-03-31": "1.79320", "2014-12-31": "2.48920", "2014-09-30": "1.90290", "2014-06-30": "1.79800", "2014-03-31": "1.64240", "2013-12-31": "2.11770", "2013-09-30": "1.72650", "2013-06-30": "", "2013-03-31": "", "2012-12-31": "", "2012-09-30": "", "2011-12-31": "", "2010-12-31": ""}, "Days Sales In Receivables": {"2020-09-30": "43.35670", "2020-06-30": "50.25950", "2020-03-31": "45.76700", "2019-12-31": "41.25370", "2019-09-30": "44.20020", "2019-06-30": "46.77240", "2019-03-31": "49.41070", "2018-12-31": "41.63010", "2018-09-30": "45.71470", "2018-06-30": "46.74330", "2018-03-31": "49.38180", "2017-12-31": "42.84750", "2017-09-30": "44.71940", "2017-06-30": "44.62680", "2017-03-31": "44.09800", "2016-12-31": "41.07430", "2016-09-30": "42.91690", "2016-06-30": "53.59380", "2016-03-31": "58.37550", "2015-12-31": "50.06600", "2015-09-30": "45.14050", "2015-06-30": "47.59000", "2015-03-31": "50.18970", "2014-12-31": "36.15690", "2014-09-30": "47.29650", "2014-06-30": "50.05460", "2014-03-31": "54.79860", "2013-12-31": "42.49910", "2013-09-30": "52.12850", "2013-06-30": "", "2013-03-31": "", "2012-12-31": "", "2012-09-30": "", "2011-12-31": "", "2010-12-31": ""}, "ROE - Return On Equity": {"2020-09-30": "17.76090", "2020-06-30": "10.83820", "2020-03-31": "0.08150", "2019-12-31": "10.61280", "2019-09-30": "19.16470", "2019-06-30": "16.48580", "2019-03-31": "12.59810", "2018-12-31": "20.32110", "2018-09-30": "19.38230", "2018-06-30": "22.41010", "2018-03-31": "15.70160", "2017-12-31": "2.98400", "2017-09-30": "24.21390", "2017-06-30": "39.27250", "2017-03-31": "44.32260", "2016-12-31": "64.43300", "2016-09-30": "1.28620", "2016-06-30": "66.80670", "2016-03-31": "75.67570", "2015-12-31": "242.42430", "2015-09-30": "-93.57150", "2015-06-30": "89.40850", "2015-03-31": "2926.64500", "2014-12-31": "121.62160", "2014-09-30": "1134.99900", "2014-06-30": "-488.39270", "2014-03-31": "-135.68900", "2013-12-31": "-28.85720", "2013-09-30": "-5.19600", "2013-06-30": "", "2013-03-31": "", "2012-12-31": "", "2012-09-30": "", "2011-12-31": "", "2010-12-31": ""}, "Return On Tangible Equity": {"2020-09-30": "-32.12330", "2020-06-30": "-12.56390", "2020-03-31": "-0.07760", "2019-12-31": "-12.93680", "2019-09-30": "-19.22910", "2019-06-30": "-14.62370", "2019-03-31": "-10.32670", "2018-12-31": "-17.12410", "2018-09-30": "-13.86430", "2018-06-30": "-13.18380", "2018-03-31": "-7.52050", "2017-12-31": "-1.61330", "2017-09-30": "-11.59590", "2017-06-30": "-12.25810", "2017-03-31": "-7.32570", "2016-12-31": "-7.83040", "2016-09-30": "-0.20610", "2016-06-30": "-9.77560", "2016-03-31": "-5.68670", "2015-12-31": "-6.81300", "2015-09-30": "2.48180", "2015-06-30": "-11.25930", "2015-03-31": "-7.21090", "2014-12-31": "-3.80520", "2014-09-30": "-10.69070", "2014-06-30": "-8.11690", "2014-03-31": "-5.65620", "2013-12-31": "-1.47230", "2013-09-30": "-10.39680", "2013-06-30": "", "2013-03-31": "", "2012-12-31": "", "2012-09-30": "", "2011-12-31": "", "2010-12-31": ""}, "ROA - Return On Assets": {"2020-09-30": "4.85190", "2020-06-30": "2.60070", "2020-03-31": "0.01810", "2019-12-31": "2.71970", "2019-09-30": "4.59620", "2019-06-30": "3.83950", "2019-03-31": "2.86700", "2018-12-31": "4.72920", "2018-09-30": "4.25260", "2018-06-30": "4.33180", "2018-03-31": "2.75480", "2017-12-31": "0.47600", "2017-09-30": "3.68160", "2017-06-30": "4.53180", "2017-03-31": "3.14360", "2016-12-31": "3.33720", "2016-09-30": "0.08670", "2016-06-30": "4.06740", "2016-03-31": "2.59030", "2015-12-31": "3.18160", "2015-09-30": "-1.08760", "2015-06-30": "3.26700", "2015-03-31": "2.27770", "2014-12-31": "1.11610", "2014-09-30": "3.41830", "2014-06-30": "2.77930", "2014-03-31": "1.94150", "2013-12-31": "0.50480", "2013-09-30": "-3.51150", "2013-06-30": "", "2013-03-31": "", "2012-12-31": "", "2012-09-30": "", "2011-12-31": "", "2010-12-31": ""}, "ROI - Return On Investment": {"2020-09-30": "6.51150", "2020-06-30": "3.49540", "2020-03-31": "0.02450", "2019-12-31": "3.68830", "2019-09-30": "6.22930", "2019-06-30": "5.31920", "2019-03-31": "3.93880", "2018-12-31": "6.44050", "2018-09-30": "5.75690", "2018-06-30": "5.89270", "2018-03-31": "3.74120", "2017-12-31": "0.65480", "2017-09-30": "5.05020", "2017-06-30": "6.36010", "2017-03-31": "4.40440", "2016-12-31": "4.89560", "2016-09-30": "0.12640", "2016-06-30": "6.03840", "2016-03-31": "3.85680", "2015-12-31": "4.84130", "2015-09-30": "-1.63350", "2015-06-30": "5.14570", "2015-03-31": "3.64560", "2014-12-31": "1.82410", "2014-09-30": "5.42540", "2014-06-30": "4.39110", "2014-03-31": "3.10650", "2013-12-31": "0.81650", "2013-09-30": "-5.18520", "2013-06-30": "", "2013-03-31": "", "2012-12-31": "", "2012-09-30": "", "2011-12-31": "", "2010-12-31": ""}, "Book Value Per Share": {"2020-09-30": "8.96590", "2020-06-30": "7.37260", "2020-03-31": "6.65600", "2019-12-31": "8.20070", "2019-09-30": "7.38780", "2019-06-30": "7.10100", "2019-03-31": "6.77420", "2018-12-31": "6.91060", "2018-09-30": "6.30180", "2018-06-30": "5.35530", "2018-03-31": "4.85610", "2017-12-31": "4.26560", "2017-09-30": "3.91580", "2017-06-30": "2.83640", "2017-03-31": "1.62710", "2016-12-31": "1.22170", "2016-09-30": "1.61950", "2016-06-30": "1.47520", "2016-03-31": "0.81160", "2015-12-31": "0.30940", "2015-09-30": "0.29190", "2015-06-30": "0.75880", "2015-03-31": "0.01570", "2014-12-31": "0.19310", "2014-09-30": "0.06270", "2014-06-30": "-0.11660", "2014-03-31": "-0.29320", "2013-12-31": "-0.36460", "2013-09-30": "", "2013-06-30": "", "2013-03-31": "", "2012-12-31": "", "2012-09-30": "", "2011-12-31": "", "2010-12-31": ""}, "Operating Cash Flow Per Share": {"2020-09-30": 1.7411, "2020-06-30": 1.0507, "2020-03-31": "0.33010", "2019-12-31": 2.2048, "2019-09-30": 1.84, "2019-06-30": 1.2648, "2019-03-31": "-0.13250", "2018-12-31": 2.0655, "2018-09-30": 1.4766, "2018-06-30": 1.347, "2018-03-31": "-0.10540", "2017-12-31": 1.8422, "2017-09-30": 1.1071, "2017-06-30": 1.093, "2017-03-31": "-0.42560", "2016-12-31": 2.0547, "2016-09-30": 0.7956, "2016-06-30": 1.0538, "2016-03-31": "-0.00830", "2015-12-31": 1.3435, "2015-09-30": 0.9654, "2015-06-30": 0.2979, "2015-03-31": "0.04540", "2014-12-31": 0.8577, "2014-09-30": 1.1193, "2014-06-30": 0.6649, "2014-03-31": "-0.00920", "2013-12-31": 0.6809, "2013-09-30": 1.025, "2013-06-30": 0.6125, "2013-03-31": "0.00420", "2012-12-31": 0, "2012-09-30": 0, "2011-12-31": 0, "2010-12-31": 0}, "Free Cash Flow Per Share": {"2020-09-30": 1.6451, "2020-06-30": 0.914, "2020-03-31": "0.20360", "2019-12-31": 2.0346, "2019-09-30": 1.6246, "2019-06-30": 1.084, "2019-03-31": "-0.26180", "2018-12-31": 1.8844, "2018-09-30": 1.3632, "2018-06-30": 1.2192, "2018-03-31": "-0.19620", "2017-12-31": 1.6803, "2017-09-30": 0.9786, "2017-06-30": 0.951, "2017-03-31": "-0.50680", "2016-12-31": 1.8896, "2016-09-30": 0.6936, "2016-06-30": 0.9596, "2016-03-31": "-0.08460", "2015-12-31": 1.2681, "2015-09-30": 0.873, "2015-06-30": 0.2026, "2015-03-31": "-0.05160", "2014-12-31": 0.7437, "2014-09-30": 0.9758, "2014-06-30": 0.4922, "2014-03-31": "-0.10370", "2013-12-31": 1.0289, "2013-09-30": 0.9907, "2013-06-30": 0.577, "2013-03-31": "-0.05100", "2012-12-31": 0, "2012-09-30": 0, "2011-12-31": 0, "2010-12-31": 0}}, "revenue": {"Allegion Annual Revenue (Millions of US $)": {"2019": "$2,854", "2018": "$2,732", "2017": "$2,408", "2016": "$2,238", "2015": "$2,068", "2014": "$2,118", "2013": "$2,070", "2012": "$2,023", "2011": "$2,021", "2010": "$1,968"}, "Allegion Quarterly Revenue (Millions of US $)": {"2020-09-30": "$728", "2020-06-30": "$590", "2020-03-31": "$675", "2019-12-31": "$720", "2019-09-30": "$748", "2019-06-30": "$731", "2019-03-31": "$655", "2018-12-31": "$702", "2018-09-30": "$712", "2018-06-30": "$705", "2018-03-31": "$613", "2017-12-31": "$623", "2017-09-30": "$609", "2017-06-30": "$627", "2017-03-31": "$549", "2016-12-31": "$570", "2016-09-30": "$581", "2016-06-30": "$585", "2016-03-31": "$502", "2015-12-31": "$545", "2015-09-30": "$545", "2015-06-30": "$520", "2015-03-31": "$459", "2014-12-31": "$574", "2014-09-30": "$547", "2014-06-30": "$532", "2014-03-31": "$467", "2013-12-31": "$551", "2013-09-30": "$529", "2013-06-30": "$529", "2013-03-31": "$473", "2012-12-31": "", "2012-09-30": "", "2011-12-31": "", "2010-12-31": ""}}, "gross-profit": {"Allegion Annual Gross Profit (Millions of US $)": {"2019": "$1,252", "2018": "$1,173", "2017": "$1,073", "2016": "$990", "2015": "$869", "2014": "$854", "2013": "$862", "2012": "$826", "2011": "$810", "2010": "$766"}, "Allegion Quarterly Gross Profit (Millions of US $)": {"2020-09-30": "$319", "2020-06-30": "$247", "2020-03-31": "$293", "2019-12-31": "$319", "2019-09-30": "$336", "2019-06-30": "$321", "2019-03-31": "$277", "2018-12-31": "$301", "2018-09-30": "$309", "2018-06-30": "$306", "2018-03-31": "$258", "2017-12-31": "$276", "2017-09-30": "$274", "2017-06-30": "$281", "2017-03-31": "$241", "2016-12-31": "$243", "2016-09-30": "$264", "2016-06-30": "$267", "2016-03-31": "$216", "2015-12-31": "$220", "2015-09-30": "$240", "2015-06-30": "$222", "2015-03-31": "$187", "2014-12-31": "$199", "2014-09-30": "$237", "2014-06-30": "$226", "2014-03-31": "$192", "2013-12-31": "$231", "2013-09-30": "$238", "2013-06-30": "$219", "2013-03-31": "$186", "2012-12-31": "", "2012-09-30": "", "2011-12-31": "", "2010-12-31": ""}}, "operating-income": {"Allegion Annual Operating Income (Millions of US $)": {"2019": "$565", "2018": "$526", "2017": "$493", "2016": "$434", "2015": "$359", "2014": "$326", "2013": "$241", "2012": "$371", "2011": "$359", "2010": "$325"}, "Allegion Quarterly Operating Income (Millions of US $)": {"2020-09-30": "$160", "2020-06-30": "$97", "2020-03-31": "$29", "2019-12-31": "$143", "2019-09-30": "$168", "2019-06-30": "$146", "2019-03-31": "$108", "2018-12-31": "$141", "2018-09-30": "$142", "2018-06-30": "$143", "2018-03-31": "$99", "2017-12-31": "$131", "2017-09-30": "$127", "2017-06-30": "$135", "2017-03-31": "$100", "2016-12-31": "$106", "2016-09-30": "$122", "2016-06-30": "$124", "2016-03-31": "$83", "2015-12-31": "$82", "2015-09-30": "$110", "2015-06-30": "$96", "2015-03-31": "$71", "2014-12-31": "$63", "2014-09-30": "$106", "2014-06-30": "$89", "2014-03-31": "$68", "2013-12-31": "$105", "2013-09-30": "$-21", "2013-06-30": "$100", "2013-03-31": "$69", "2012-12-31": "", "2012-09-30": "", "2011-12-31": "", "2010-12-31": ""}}, "ebitda": {"Allegion Annual EBITDA (Millions of US $)": {"2019": "$648", "2018": "$612", "2017": "$559", "2016": "$501", "2015": "$412", "2014": "$375", "2013": "$425", "2012": "$415", "2011": "$405", "2010": "$372"}, "Allegion Quarterly EBITDA (Millions of US $)": {"2020-09-30": "$184", "2020-06-30": "$213", "2020-03-31": "$49", "2019-12-31": "$164", "2019-09-30": "$189", "2019-06-30": "$166", "2019-03-31": "$129", "2018-12-31": "$162", "2018-09-30": "$163", "2018-06-30": "$166", "2018-03-31": "$121", "2017-12-31": "$148", "2017-09-30": "$144", "2017-06-30": "$151", "2017-03-31": "$116", "2016-12-31": "$122", "2016-09-30": "$139", "2016-06-30": "$141", "2016-03-31": "$99", "2015-12-31": "$97", "2015-09-30": "$123", "2015-06-30": "$108", "2015-03-31": "$83", "2014-12-31": "$75", "2014-09-30": "$118", "2014-06-30": "$102", "2014-03-31": "$80", "2013-12-31": "$117", "2013-09-30": "$128", "2013-06-30": "$111", "2013-03-31": "$81", "2012-12-31": "", "2012-09-30": "", "2011-12-31": "", "2010-12-31": ""}}, "net-income": {"Allegion Annual Net Income (Millions of US $)": {"2019": "$402", "2018": "$435", "2017": "$273", "2016": "$229", "2015": "$154", "2014": "$175", "2013": "$32", "2012": "$220", "2011": "$218", "2010": "$192"}, "Allegion Quarterly Net Income (Millions of US $)": {"2020-09-30": "$147", "2020-06-30": "$74", "2020-03-31": "$0", "2019-12-31": "$81", "2019-09-30": "$132", "2019-06-30": "$109", "2019-03-31": "$80", "2018-12-31": "$133", "2018-09-30": "$116", "2018-06-30": "$114", "2018-03-31": "$72", "2017-12-31": "$10", "2017-09-30": "$90", "2017-06-30": "$106", "2017-03-31": "$68", "2016-12-31": "$75", "2016-09-30": "$2", "2016-06-30": "$95", "2016-03-31": "$58", "2015-12-31": "$72", "2015-09-30": "$-27", "2015-06-30": "$64", "2015-03-31": "$45", "2014-12-31": "$35", "2014-09-30": "$61", "2014-06-30": "$43", "2014-03-31": "$36", "2013-12-31": "$10", "2013-09-30": "$-78", "2013-06-30": "$60", "2013-03-31": "$39", "2012-12-31": "", "2012-09-30": "", "2011-12-31": "", "2010-12-31": ""}}, "eps-earnings-per-share-diluted": {"Allegion Annual EPS": {"2019": "$4.26", "2018": "$4.54", "2017": "$2.85", "2016": "$2.36", "2015": "$1.59", "2014": "$1.80", "2013": "$0.34", "2012": "$2.29", "2011": "$2.27", "2010": "$0.00"}, "Allegion Quarterly EPS": {"2020-09-30": "$1.58", "2020-06-30": "$0.80", "2020-03-31": "$0.00", "2019-12-31": "$0.86", "2019-09-30": "$1.40", "2019-06-30": "$1.16", "2019-03-31": "$0.84", "2018-12-31": "$1.39", "2018-09-30": "$1.21", "2018-06-30": "$1.19", "2018-03-31": "$0.75", "2017-12-31": "$0.10", "2017-09-30": "$0.94", "2017-06-30": "$1.10", "2017-03-31": "$0.71", "2016-12-31": "$0.76", "2016-09-30": "$0.02", "2016-06-30": "$0.98", "2016-03-31": "$0.60", "2015-12-31": "$0.74", "2015-09-30": "$-0.28", "2015-06-30": "$0.66", "2015-03-31": "$0.47", "2014-12-31": "$0.36", "2014-09-30": "$0.63", "2014-06-30": "$0.44", "2014-03-31": "$0.37", "2013-12-31": "$0.10", "2013-09-30": "$-0.81", "2013-06-30": "$0.63", "2013-03-31": "$0.41", "2012-12-31": "$0.00", "2012-09-30": "$0.00", "2011-12-31": "$0.00", "2010-12-31": "$0.00"}}, "shares-outstanding": {"Allegion Annual Shares Outstanding (Millions of Shares)": {"2019": "94", "2018": "96", "2017": "96", "2016": "97", "2015": "97", "2014": "97", "2013": "96", "2012": "96", "2011": "96", "2010": ""}, "Allegion Quarterly Shares Outstanding (Millions of Shares)": {"2020-09-30": "93", "2020-06-30": "93", "2020-03-31": "93", "2019-12-31": "94", "2019-09-30": "94", "2019-06-30": "95", "2019-03-31": "95", "2018-12-31": "96", "2018-09-30": "96", "2018-06-30": "96", "2018-03-31": "96", "2017-12-31": "96", "2017-09-30": "96", "2017-06-30": "96", "2017-03-31": "96", "2016-12-31": "97", "2016-09-30": "97", "2016-06-30": "97", "2016-03-31": "97", "2015-12-31": "97", "2015-09-30": "96", "2015-06-30": "97", "2015-03-31": "97", "2014-12-31": "97", "2014-09-30": "97", "2014-06-30": "97", "2014-03-31": "97", "2013-12-31": "96", "2013-09-30": "96", "2013-06-30": "96", "2013-03-31": "96", "2012-12-31": "", "2012-09-30": "", "2011-12-31": "", "2010-12-31": ""}}, "total-assets": {"Allegion Annual Total Assets (Millions of US $)": {"2019": "$2,967", "2018": "$2,810", "2017": "$2,542", "2016": "$2,247", "2015": "$2,263", "2014": "$2,016", "2013": "$2,001", "2012": "$1,984", "2011": "$2,036", "2010": "$0"}, "Allegion Quarterly Total Assets (Millions of US $)": {"2020-09-30": "$3,028", "2020-06-30": "$2,834", "2020-03-31": "$2,758", "2019-12-31": "$2,967", "2019-09-30": "$2,865", "2019-06-30": "$2,849", "2019-03-31": "$2,801", "2018-12-31": "$2,810", "2018-09-30": "$2,730", "2018-06-30": "$2,632", "2018-03-31": "$2,628", "2017-12-31": "$2,542", "2017-09-30": "$2,447", "2017-06-30": "$2,335", "2017-03-31": "$2,185", "2016-12-31": "$2,247", "2016-09-30": "$2,307", "2016-06-30": "$2,346", "2016-03-31": "$2,270", "2015-12-31": "$2,263", "2015-09-30": "$2,409", "2015-06-30": "$1,990", "2015-03-31": "$1,927", "2014-12-31": "$2,016", "2014-09-30": "$1,992", "2014-06-30": "$1,968", "2014-03-31": "$1,978", "2013-12-31": "$2,001", "2013-09-30": "$1,925", "2013-06-30": "$0", "2013-03-31": "$0", "2012-12-31": "$1,984", "2012-09-30": "$0", "2011-12-31": "$2,036", "2010-12-31": "$0"}}, "cash-on-hand": {"Allegion Annual Cash on Hand (Millions of US $)": {"2019": "$359", "2018": "$291", "2017": "$466", "2016": "$312", "2015": "$200", "2014": "$291", "2013": "$268", "2012": "$318", "2011": "$377", "2010": "$"}, "Allegion Quarterly Cash on Hand (Millions of US $)": {"2020-09-30": "$431", "2020-06-30": "$304", "2020-03-31": "$249", "2019-12-31": "$359", "2019-09-30": "$236", "2019-06-30": "$161", "2019-03-31": "$161", "2018-12-31": "$291", "2018-09-30": "$197", "2018-06-30": "$190", "2018-03-31": "$152", "2017-12-31": "$466", "2017-09-30": "$335", "2017-06-30": "$246", "2017-03-31": "$190", "2016-12-31": "$312", "2016-09-30": "$215", "2016-06-30": "$169", "2016-03-31": "$126", "2015-12-31": "$200", "2015-09-30": "$175", "2015-06-30": "$201", "2015-03-31": "$230", "2014-12-31": "$291", "2014-09-30": "$251", "2014-06-30": "$193", "2014-03-31": "$246", "2013-12-31": "$268", "2013-09-30": "$369", "2013-06-30": "", "2013-03-31": "", "2012-12-31": "$318", "2012-09-30": "", "2011-12-31": "$377", "2010-12-31": ""}}, "long-term-debt": {"Allegion Annual Long Term Debt (Millions of US $)": {"2019": "$1,428", "2018": "$1,410", "2017": "$1,442", "2016": "$1,416", "2015": "$1,458", "2014": "$1,215", "2013": "$1,272", "2012": "$3", "2011": "$4", "2010": "$"}, "Allegion Quarterly Long Term Debt (Millions of US $)": {"2020-09-30": "$1,429", "2020-06-30": "$1,429", "2020-03-31": "$1,428", "2019-12-31": "$1,428", "2019-09-30": "$1,427", "2019-06-30": "$1,393", "2019-03-31": "$1,401", "2018-12-31": "$1,410", "2018-09-30": "$1,418", "2018-06-30": "$1,426", "2018-03-31": "$1,474", "2017-12-31": "$1,442", "2017-09-30": "$1,412", "2017-06-30": "$1,394", "2017-03-31": "$1,405", "2016-12-31": "$1,416", "2016-09-30": "$1,426", "2016-06-30": "$1,437", "2016-03-31": "$1,447", "2015-12-31": "$1,458", "2015-09-30": "$1,576", "2015-06-30": "$1,191", "2015-03-31": "$1,203", "2014-12-31": "$1,215", "2014-09-30": "$1,249", "2014-06-30": "$1,257", "2014-03-31": "$1,264", "2013-12-31": "$1,272", "2013-09-30": "$3", "2013-06-30": "", "2013-03-31": "", "2012-12-31": "$3", "2012-09-30": "", "2011-12-31": "$4", "2010-12-31": ""}}, "total-liabilities": {"Allegion Annual Total Liabilities (Millions of US $)": {"2019": "$2,207", "2018": "$2,156", "2017": "$2,137", "2016": "$2,131", "2015": "$2,233", "2014": "$1,997", "2013": "$2,036", "2012": "$618", "2011": "$600", "2010": "$0"}, "Allegion Quarterly Total Liabilities (Millions of US $)": {"2020-09-30": "$2,201", "2020-06-30": "$2,154", "2020-03-31": "$2,144", "2019-12-31": "$2,207", "2019-09-30": "$2,178", "2019-06-30": "$2,186", "2019-03-31": "$2,163", "2018-12-31": "$2,156", "2018-09-30": "$2,131", "2018-06-30": "$2,123", "2018-03-31": "$2,167", "2017-12-31": "$2,137", "2017-09-30": "$2,075", "2017-06-30": "$2,065", "2017-03-31": "$2,030", "2016-12-31": "$2,131", "2016-09-30": "$2,151", "2016-06-30": "$2,203", "2016-03-31": "$2,192", "2015-12-31": "$2,233", "2015-09-30": "$2,381", "2015-06-30": "$1,917", "2015-03-31": "$1,926", "2014-12-31": "$1,997", "2014-09-30": "$1,986", "2014-06-30": "$1,979", "2014-03-31": "$2,006", "2013-12-31": "$2,036", "2013-09-30": "$624", "2013-06-30": "$0", "2013-03-31": "$0", "2012-12-31": "$618", "2012-09-30": "$0", "2011-12-31": "$600", "2010-12-31": "$0"}}, "total-share-holder-equity": {"Allegion Annual Share Holder Equity (Millions of US $)": {"2019": "$760", "2018": "$654", "2017": "$406", "2016": "$116", "2015": "$30", "2014": "$19", "2013": "$-35", "2012": "$1,366", "2011": "$1,436", "2010": "$0"}, "Allegion Quarterly Share Holder Equity (Millions of US $)": {"2020-09-30": "$827", "2020-06-30": "$680", "2020-03-31": "$614", "2019-12-31": "$760", "2019-09-30": "$687", "2019-06-30": "$664", "2019-03-31": "$637", "2018-12-31": "$654", "2018-09-30": "$599", "2018-06-30": "$509", "2018-03-31": "$461", "2017-12-31": "$406", "2017-09-30": "$372", "2017-06-30": "$269", "2017-03-31": "$155", "2016-12-31": "$116", "2016-09-30": "$156", "2016-06-30": "$143", "2016-03-31": "$78", "2015-12-31": "$30", "2015-09-30": "$28", "2015-06-30": "$73", "2015-03-31": "$2", "2014-12-31": "$19", "2014-09-30": "$6", "2014-06-30": "$-11", "2014-03-31": "$-28", "2013-12-31": "$-35", "2013-09-30": "$1,301", "2013-06-30": "$0", "2013-03-31": "$0", "2012-12-31": "$1,366", "2012-09-30": "$0", "2011-12-31": "$1,436", "2010-12-31": "$0"}}, "profit-margins": {"current": "11.12%"}, "gross margin": {"2020-09-30": "43.42%", "2020-06-30": "43.72%", "2020-03-31": "44.15%", "2019-12-31": "43.90%", "2019-09-30": "43.51%", "2019-06-30": "43.11%", "2019-03-31": "42.97%", "2018-12-31": "42.94%", "2018-09-30": "43.31%", "2018-06-30": "43.69%", "2018-03-31": "44.05%", "2017-12-31": "44.52%", "2017-09-30": "44.08%", "2017-06-30": "44.18%", "2017-03-31": "44.38%", "2016-12-31": "44.19%", "2016-09-30": "43.70%", "2016-06-30": "43.32%", "2016-03-31": "42.52%", "2015-12-31": "42.00%", "2015-09-30": "40.42%", "2015-06-30": "40.24%", "2015-03-31": "40.20%", "2014-12-31": "40.28%", "2014-09-30": "42.25%", "2014-06-30": "42.66%", "2014-03-31": "42.39%", "2013-12-31": "41.98%"}, "operating margin": {"2020-09-30": "15.81%", "2020-06-30": "15.99%", "2020-03-31": "16.91%", "2019-12-31": "19.80%", "2019-09-30": "19.85%", "2019-06-30": "19.18%", "2019-03-31": "19.25%", "2018-12-31": "19.22%", "2018-09-30": "19.41%", "2018-06-30": "19.61%", "2018-03-31": "19.90%", "2017-12-31": "20.47%", "2017-09-30": "19.87%", "2017-06-30": "19.90%", "2017-03-31": "19.78%", "2016-12-31": "19.44%", "2016-09-30": "18.57%", "2016-06-30": "18.33%", "2016-03-31": "17.57%", "2015-12-31": "17.35%", "2015-09-30": "16.21%", "2015-06-30": "16.00%", "2015-03-31": "15.58%", "2014-12-31": "15.38%", "2014-09-30": "17.55%", "2014-06-30": "11.59%", "2014-03-31": "12.14%", "2013-12-31": "12.15%"}, "ebitda margin": {"2020-09-30": "22.48%", "2020-06-30": "22.50%", "2020-03-31": "19.76%", "2019-12-31": "22.70%", "2019-09-30": "22.78%", "2019-06-30": "22.14%", "2019-03-31": "22.35%", "2018-12-31": "22.40%", "2018-09-30": "22.54%", "2018-06-30": "22.71%", "2018-03-31": "22.82%", "2017-12-31": "23.21%", "2017-09-30": "22.63%", "2017-06-30": "22.69%", "2017-03-31": "22.67%", "2016-12-31": "22.39%", "2016-09-30": "21.51%", "2016-06-30": "21.13%", "2016-03-31": "20.22%", "2015-12-31": "19.86%", "2015-09-30": "18.54%", "2015-06-30": "18.29%", "2015-03-31": "17.90%", "2014-12-31": "17.69%", "2014-09-30": "19.89%", "2014-06-30": "20.54%", "2014-03-31": "21.00%", "2013-12-31": "20.99%"}, "pre tax profit margin": {"2020-09-30": "13.20%", "2020-06-30": "12.77%", "2020-03-31": "13.67%", "2019-12-31": "16.68%", "2019-09-30": "17.81%", "2019-06-30": "17.29%", "2019-03-31": "17.45%", "2018-12-31": "17.39%", "2018-09-30": "16.06%", "2018-06-30": "16.00%", "2018-03-31": "16.14%", "2017-12-31": "16.40%", "2017-09-30": "16.99%", "2017-06-30": "13.28%", "2017-03-31": "13.22%", "2016-12-31": "13.18%", "2016-09-30": "13.01%", "2016-06-30": "11.94%", "2016-03-31": "10.80%", "2015-12-31": "10.10%", "2015-09-30": "8.25%", "2015-06-30": "13.10%", "2015-03-31": "12.74%", "2014-12-31": "12.64%", "2014-09-30": "14.88%", "2014-06-30": "9.38%", "2014-03-31": "10.45%", "2013-12-31": "10.71%"}, "net profit margin": {"2020-09-30": "11.13%", "2020-06-30": "10.50%", "2020-03-31": "11.20%", "2019-12-31": "14.09%", "2019-09-30": "16.01%", "2019-06-30": "15.64%", "2019-03-31": "15.97%", "2018-12-31": "15.92%", "2018-09-30": "11.76%", "2018-06-30": "11.22%", "2018-03-31": "11.25%", "2017-12-31": "11.38%", "2017-09-30": "14.39%", "2017-06-30": "10.79%", "2017-03-31": "10.50%", "2016-12-31": "10.28%", "2016-09-30": "10.26%", "2016-06-30": "9.10%", "2016-03-31": "7.91%", "2015-12-31": "7.44%", "2015-09-30": "5.58%", "2015-06-30": "9.76%", "2015-03-31": "8.71%", "2014-12-31": "8.25%", "2014-09-30": "7.15%", "2014-06-30": "0.53%", "2014-03-31": "1.35%", "2013-12-31": "1.49%"}, "pe ratio": {"current": "23.18", "2021-02-05": "35.12", "2020-09-30": "30.44", "2020-06-30": "33.20", "2020-03-31": "26.66", "2019-12-31": "28.87", "2019-09-30": "21.32", "2019-06-30": "23.62", "2019-03-31": "19.21", "2018-12-31": "17.16", "2018-09-30": "27.17", "2018-06-30": "25.25", "2018-03-31": "28.63", "2017-12-31": "27.02", "2017-09-30": "23.73", "2017-06-30": "30.08", "2017-03-31": "29.37", "2016-12-31": "25.93", "2016-09-30": "28.22", "2016-06-30": "32.56", "2016-03-31": "35.37", "2015-12-31": "39.52", "2015-09-30": "44.98", "2015-06-30": "26.95", "2015-03-31": "30.38", "2014-12-31": "29.01", "2014-09-30": "29.25"}, "price sales": {"2021-02-05": "3.91", "2020-09-30": "3.39", "2020-06-30": "3.48", "2020-03-31": "2.98", "2019-12-31": "4.07", "2019-09-30": "3.41", "2019-06-30": "3.70", "2019-03-31": "3.06", "2018-12-31": "2.73", "2018-09-30": "3.19", "2018-06-30": "2.83", "2018-03-31": "3.21", "2017-12-31": "3.07", "2017-09-30": "3.41", "2017-06-30": "3.24", "2017-03-31": "3.08", "2016-12-31": "2.66", "2016-09-30": "2.89", "2016-06-30": "2.95", "2016-03-31": "2.78", "2015-12-31": "2.93", "2015-09-30": "2.53", "2015-06-30": "2.64", "2015-03-31": "2.67", "2014-12-31": "2.41", "2014-09-30": "2.08"}, "price book": {"current": "12.66", "2021-02-05": "12.69", "2020-09-30": "11.00", "2020-06-30": "13.78", "2020-03-31": "13.70", "2019-12-31": "15.00", "2019-09-30": "13.83", "2019-06-30": "15.30", "2019-03-31": "13.13", "2018-12-31": "11.27", "2018-09-30": "14.01", "2018-06-30": "14.05", "2018-03-31": "17.04", "2017-12-31": "18.05", "2017-09-30": "21.33", "2017-06-30": "27.57", "2017-03-31": "44.76", "2016-12-31": "50.30", "2016-09-30": "40.78", "2016-06-30": "45.02", "2016-03-31": "74.96", "2015-12-31": "203.07", "2015-09-30": "187.99", "2015-06-30": "75.30", "2015-03-31": "3695.73", "2014-12-31": "271.96", "2014-09-30": "718.41", "2014-06-30": "-458.90", "2014-03-31": "-167.74", "2013-12-31": "-114.09"}, "price fcf": {"2021-02-05": "", "2020-09-30": "$4.80", "2020-06-30": "$4.78", "2020-03-31": "$4.95", "2019-12-31": "$4.48", "2019-09-30": "$4.33", "2019-06-30": "$4.07", "2019-03-31": "$4.21", "2018-12-31": "$4.27", "2018-09-30": "$4.07", "2018-06-30": "$3.68", "2018-03-31": "$3.41", "2017-12-31": "$3.10", "2017-09-30": "$3.31", "2017-06-30": "$3.03", "2017-03-31": "$3.04", "2016-12-31": "$3.46", "2016-09-30": "$2.84", "2016-06-30": "$3.02", "2016-03-31": "$2.26", "2015-12-31": "$2.29", "2015-09-30": "$1.77", "2015-06-30": "$1.87", "2015-03-31": "$2.16", "2014-12-31": "$2.11", "2014-09-30": "$3.91"}, "net worth": {"value": "$10.47B"}, "current ratio": {"current": "2.29", "2020-09-30": "2.29", "2020-06-30": "2.11", "2020-03-31": "2.02", "2019-12-31": "1.98", "2019-09-30": "1.90", "2019-06-30": "1.71", "2019-03-31": "1.75", "2018-12-31": "1.79", "2018-09-30": "1.79", "2018-06-30": "1.80", "2018-03-31": "1.78", "2017-12-31": "2.24", "2017-09-30": "2.14", "2017-06-30": "1.92", "2017-03-31": "1.86", "2016-12-31": "1.93", "2016-09-30": "1.86", "2016-06-30": "1.76", "2016-03-31": "1.75", "2015-12-31": "1.64", "2015-09-30": "1.69", "2015-06-30": "1.93", "2015-03-31": "1.88", "2014-12-31": "1.88", "2014-09-30": "2.01", "2014-06-30": "2.03", "2014-03-31": "1.98", "2013-12-31": "1.93", "2013-09-30": "2.70", "2013-06-30": "0.00", "2013-03-31": "0.00", "2012-12-31": "2.38", "2012-09-30": "0.00", "2011-12-31": "2.57", "2010-12-31": "0.00"}, "quick ratio": {"2020-09-30": "1.70", "2020-06-30": "1.47", "2020-03-31": "1.42", "2019-12-31": "1.44", "2019-09-30": "1.30", "2019-06-30": "1.12", "2019-03-31": "1.14", "2018-12-31": "1.25", "2018-09-30": "1.22", "2018-06-30": "1.24", "2018-03-31": "1.18", "2017-12-31": "1.72", "2017-09-30": "1.54", "2017-06-30": "1.35", "2017-03-31": "1.27", "2016-12-31": "1.42", "2016-09-30": "1.33", "2016-06-30": "1.28", "2016-03-31": "1.22", "2015-12-31": "1.19", "2015-09-30": "1.28", "2015-06-30": "1.50", "2015-03-31": "1.49", "2014-12-31": "1.56", "2014-09-30": "1.62", "2014-06-30": "1.63", "2014-03-31": "1.62", "2013-12-31": "1.55", "2013-09-30": "2.26", "2013-06-30": "0.00", "2013-03-31": "0.00", "2012-12-31": "1.94", "2012-09-30": "0.00", "2011-12-31": "2.13", "2010-12-31": "0.00"}, "debt equity ratio": {"current": "1.73", "2020-09-30": "2.66", "2020-06-30": "3.17", "2020-03-31": "3.49", "2019-12-31": "2.90", "2019-09-30": "3.17", "2019-06-30": "3.29", "2019-03-31": "3.39", "2018-12-31": "3.30", "2018-09-30": "3.56", "2018-06-30": "4.17", "2018-03-31": "4.70", "2017-12-31": "5.27", "2017-09-30": "5.58", "2017-06-30": "7.67", "2017-03-31": "13.10", "2016-12-31": "18.31", "2016-09-30": "13.83", "2016-06-30": "15.43", "2016-03-31": "28.22", "2015-12-31": "75.20", "2015-09-30": "85.04", "2015-06-30": "26.37", "2015-03-31": "1283.93", "2014-12-31": "107.97", "2014-09-30": "331.03", "2014-06-30": "-176.72", "2014-03-31": "-70.89", "2013-12-31": "-58.16", "2013-09-30": "0.48", "2013-06-30": "0.00", "2013-03-31": "0.00", "2012-12-31": "0.45", "2012-09-30": "0.00", "2011-12-31": "0.42", "2010-12-31": "0.00"}, "return on equity": {"2020-09-30": "41.93%", "2020-06-30": "41.88%", "2020-03-31": "47.27%", "2019-12-31": "58.52%", "2019-09-30": "68.74%", "2019-06-30": "68.60%", "2019-03-31": "73.86%", "2018-12-31": "78.27%", "2018-09-30": "63.19%", "2018-06-30": "65.45%", "2018-03-31": "73.74%", "2017-12-31": "91.18%", "2017-09-30": "148.68%", "2017-06-30": "144.25%", "2017-03-31": "168.42%", "2016-12-31": "186.61%", "2016-09-30": "223.10%", "2016-06-30": "283.87%", "2016-03-31": "319.62%", "2015-12-31": "463.16%", "2015-09-30": "383.61%", "2015-06-30": "820.00%", "2015-03-31": "4600.00%", "2014-12-31": "-5000.00%", "2014-09-30": "-882.35%", "2014-06-30": "3.59%", "2014-03-31": "9.05%", "2013-12-31": "9.79%"}, "return on assets": {"2020-09-30": "10.43%", "2020-06-30": "10.05%", "2020-03-31": "11.26%", "2019-12-31": "14.00%", "2019-09-30": "16.04%", "2019-06-30": "15.66%", "2019-03-31": "16.15%", "2018-12-31": "16.11%", "2018-09-30": "11.85%", "2018-06-30": "11.16%", "2018-03-31": "11.17%", "2017-12-31": "11.53%", "2017-09-30": "14.72%", "2017-06-30": "11.06%", "2017-03-31": "10.57%", "2016-12-31": "10.03%", "2016-09-30": "9.88%", "2016-06-30": "8.53%", "2016-03-31": "7.48%", "2015-12-31": "7.17%", "2015-09-30": "5.61%", "2015-06-30": "10.35%", "2015-03-31": "9.31%", "2014-12-31": "8.80%", "2014-09-30": "7.56%", "2014-06-30": "0.56%", "2014-03-31": "1.90%", "2013-12-31": "3.16%"}, "return on investments": {"2020-09-30": "19.97%", "2020-06-30": "20.68%", "2020-03-31": "23.14%", "2019-12-31": "26.91%", "2019-09-30": "27.22%", "2019-06-30": "26.27%", "2019-03-31": "26.52%", "2018-12-31": "26.41%", "2018-09-30": "26.63%", "2018-06-30": "26.66%", "2018-03-31": "27.22%", "2017-12-31": "28.76%", "2017-09-30": "28.62%", "2017-06-30": "29.22%", "2017-03-31": "28.91%", "2016-12-31": "27.98%", "2016-09-30": "26.63%", "2016-06-30": "25.76%", "2016-03-31": "25.24%", "2015-12-31": "25.84%", "2015-09-30": "25.64%", "2015-06-30": "27.12%", "2015-03-31": "26.65%", "2014-12-31": "26.23%", "2014-09-30": "29.59%", "2014-06-30": "19.19%", "2014-03-31": "26.69%", "2013-12-31": "39.83%"}, "return on tangible equity": {"2020-09-30": "-52.23%", "2020-06-30": "-45.18%", "2020-03-31": "-47.67%", "2019-12-31": "-56.72%", "2019-09-30": "-60.80%", "2019-06-30": "-55.81%", "2019-03-31": "-54.42%", "2018-12-31": "-50.57%", "2018-09-30": "-36.54%", "2018-06-30": "-34.10%", "2018-03-31": "-33.16%", "2017-12-31": "-32.93%", "2017-09-30": "-38.35%", "2017-06-30": "-26.92%", "2017-03-31": "-24.98%", "2016-12-31": "-23.36%", "2016-09-30": "-22.49%", "2016-06-30": "-19.21%", "2016-03-31": "-17.94%", "2015-12-31": "-18.67%", "2015-09-30": "-16.52%", "2015-06-30": "-33.97%", "2015-03-31": "-29.31%", "2014-12-31": "-27.12%", "2014-09-30": "-22.42%", "2014-06-30": "-3.17%", "2014-03-31": "-15.66%", "2013-12-31": "-344.44%"}, "dividend yield history": {"last payout": "$1.28", "last yield": "1.12%"}}