{"ticker": "Y", "price": {"title": "Alleghany Historical Annual Stock Price Data", "value": 601.18, "historical": {"2021": {"Average Stock Price": "599.9225", "Year Open": "596.6300", "Year High": "639.2400", "Year Low": "564.7600", "Year Close": "601.1800", "Annual % Change": "-0.42%"}, "2020": {"Average Stock Price": "585.7334", "Year Open": "809.7400", "Year High": "839.4700", "Year Low": "451.8600", "Year Close": "603.6900", "Annual % Change": "-24.50%"}, "2019": {"Average Stock Price": "702.2527", "Year Open": "615.7300", "Year High": "802.0100", "Year Low": "605.8300", "Year Close": "799.5700", "Annual % Change": "28.28%"}, "2018": {"Average Stock Price": "607.1513", "Year Open": "582.7200", "Year High": "656.0600", "Year Low": "562.4500", "Year Close": "623.3200", "Annual % Change": "4.57%"}, "2017": {"Average Stock Price": "593.0748", "Year Open": "610.7600", "Year High": "656.2200", "Year Low": "523.1900", "Year Close": "596.0900", "Annual % Change": "-1.98%"}, "2016": {"Average Stock Price": "522.1082", "Year Open": "472.7700", "Year High": "616.1300", "Year Low": "450.9400", "Year Close": "608.1200", "Annual % Change": "27.24%"}, "2015": {"Average Stock Price": "481.0063", "Year Open": "462.1000", "Year High": "515.2500", "Year Low": "440.6100", "Year Close": "477.9300", "Annual % Change": "3.11%"}, "2014": {"Average Stock Price": "419.7780", "Year Open": "393.8800", "Year High": "482.0000", "Year Low": "363.6000", "Year Close": "463.5000", "Annual % Change": "15.89%"}, "2013": {"Average Stock Price": "389.4796", "Year Open": "343.4300", "Year High": "417.3900", "Year Low": "343.3000", "Year Close": "399.9600", "Annual % Change": "19.24%"}, "2012": {"Average Stock Price": "330.8737", "Year Open": "284.8600", "Year High": "355.4600", "Year Low": "284.2500", "Year Close": "335.4200", "Annual % Change": "17.57%"}, "2011": {"Average Stock Price": "313.0770", "Year Open": "309.9600", "Year High": "342.2400", "Year Low": "277.1500", "Year Close": "285.2900", "Annual % Change": "-6.88%"}, "2010": {"Average Stock Price": "293.3529", "Year Open": "274.0500", "Year High": "311.0000", "Year Low": "258.8000", "Year Close": "306.3700", "Annual % Change": "11.00%"}, "2009": {"Average Stock Price": "265.3842", "Year Open": "285.4000", "Year High": "305.4400", "Year Low": "223.4100", "Year Close": "276.0000", "Annual % Change": "-2.13%"}, "2008": {"Average Stock Price": "325.4589", "Year Open": "389.7500", "Year High": "420.0000", "Year Low": "189.5000", "Year Close": "282.0000", "Annual % Change": "-29.85%"}, "2007": {"Average Stock Price": "391.3644", "Year Open": "371.5000", "Year High": "430.5000", "Year Low": "347.6000", "Year Close": "402.0000", "Annual % Change": "10.56%"}, "2006": {"Average Stock Price": "293.2621", "Year Open": "285.5000", "Year High": "364.0000", "Year Low": "264.0000", "Year Close": "363.6000", "Annual % Change": "28.03%"}, "2005": {"Average Stock Price": "288.4043", "Year Open": "285.9000", "Year High": "320.0000", "Year Low": "266.4500", "Year Close": "284.0000", "Annual % Change": "-0.44%"}, "2004": {"Average Stock Price": "264.4242", "Year Open": "220.2800", "Year High": "299.7600", "Year Low": "220.2800", "Year Close": "285.2500", "Annual % Change": "28.20%"}, "2003": {"Average Stock Price": "188.3986", "Year Open": "177.0000", "Year High": "224.0300", "Year Low": "156.4500", "Year Close": "222.5000", "Annual % Change": "25.35%"}, "2002": {"Average Stock Price": "186.1011", "Year Open": "192.2000", "Year High": "195.0000", "Year Low": "173.2500", "Year Close": "177.5000", "Annual % Change": "-7.77%"}, "2001": {"Average Stock Price": "202.0745", "Year Open": "204.5000", "Year High": "224.0000", "Year Low": "182.9600", "Year Close": "192.4500", "Annual % Change": "-6.35%"}, "2000": {"Average Stock Price": "181.8700", "Year Open": "186.6300", "Year High": "205.5000", "Year Low": "161.9400", "Year Close": "205.5000", "Annual % Change": "10.78%"}, "1999": {"Average Stock Price": "183.5767", "Year Open": "186.7500", "Year High": "204.2500", "Year Low": "175.3100", "Year Close": "185.5000", "Annual % Change": "-1.26%"}, "1998": {"Average Stock Price": "263.0435", "Year Open": "284.0000", "Year High": "376.8700", "Year Low": "173.0000", "Year Close": "187.8700", "Annual % Change": "-34.02%"}, "1997": {"Average Stock Price": "234.0241", "Year Open": "210.5000", "Year High": "288.0000", "Year Low": "207.8700", "Year Close": "284.7500", "Annual % Change": "34.32%"}, "1996": {"Average Stock Price": "199.0553", "Year Open": "198.0000", "Year High": "212.8700", "Year Low": "187.0000", "Year Close": "212.0000", "Annual % Change": "7.07%"}, "1995": {"Average Stock Price": "165.8036", "Year Open": "150.2500", "Year High": "198.5000", "Year Low": "149.0000", "Year Close": "198.0000", "Annual % Change": "30.26%"}, "1994": {"Average Stock Price": "145.2902", "Year Open": "145.0000", "Year High": "152.0000", "Year Low": "138.6200", "Year Close": "152.0000", "Annual % Change": "5.92%"}, "1993": {"Average Stock Price": "140.7349", "Year Open": "133.7500", "Year High": "153.5000", "Year Low": "131.5000", "Year Close": "143.5000", "Annual % Change": "7.29%"}, "1992": {"Average Stock Price": "120.8407", "Year Open": "108.5000", "Year High": "133.7500", "Year Low": "108.5000", "Year Close": "133.7500", "Annual % Change": "20.50%"}, "1991": {"Average Stock Price": "95.5829", "Year Open": "84.5000", "Year High": "111.0000", "Year Low": "80.2500", "Year Close": "111.0000", "Annual % Change": "30.40%"}, "1990": {"Average Stock Price": "83.7855", "Year Open": "91.0000", "Year High": "91.5000", "Year Low": "74.5000", "Year Close": "85.1200", "Annual % Change": "-6.97%"}, "1989": {"Average Stock Price": "88.9083", "Year Open": "70.6200", "Year High": "103.0000", "Year Low": "70.6200", "Year Close": "91.5000", "Annual % Change": "28.87%"}, "1988": {"Average Stock Price": "71.2584", "Year Open": "72.2500", "Year High": "76.1200", "Year Low": "67.8700", "Year Close": "71.0000", "Annual % Change": "-2.07%"}, "1987": {"Average Stock Price": "68.9947", "Year Open": "46.1643", "Year High": "91.7500", "Year Low": "45.8248", "Year Close": "72.5000", "Annual % Change": "58.21%"}, "1986": {"Average Stock Price": "66.3155", "Year Open": "60.4209", "Year High": "76.3747", "Year Low": "44.1276", "Year Close": "45.8248", "Annual % Change": "-23.62%"}, "1985": {"Average Stock Price": "54.2166", "Year Open": "52.6952", "Year High": "59.9932", "Year Low": "49.3890", "Year Close": "59.9932", "Annual % Change": "13.85%"}}}, "market cap": {"value": "$8.49B"}, "income statement": {"Revenue": {"2019-12-31": "9040.71600", "2018-12-31": "6887.16000", "2017-12-31": "6424.65500", "2016-12-31": "6131.01900", "2015-12-31": "4999.47800", "2014-12-31": "5231.80900", "2013-12-31": "4971.65400", "2012-12-31": "4753.21200", "2011-12-31": "981.83700", "2010-12-31": "985.35200", "2009-12-31": "1184.39200", "2008-12-31": "989.10000", "2007-12-31": "1228.59600", "2006-12-31": "1060.33200", "2005-12-31": "1095.82600"}, "Cost Of Goods Sold": {"2019-12-31": "5445.13300", "2018-12-31": "5137.76400", "2017-12-31": "5271.37400", "2016-12-31": "4574.41700", "2015-12-31": "3763.67900", "2014-12-31": "3915.87100", "2013-12-31": "3818.54400", "2012-12-31": "3512.67200", "2011-12-31": "698.11100", "2010-12-31": "637.27200", "2009-12-31": "715.82600", "2008-12-31": "856.59200", "2007-12-31": "706.25000", "2006-12-31": "625.86800", "2005-12-31": "964.76300"}, "Gross Profit": {"2019-12-31": "3595.58300", "2018-12-31": "1749.39600", "2017-12-31": "1153.28100", "2016-12-31": "1556.60200", "2015-12-31": "1235.79900", "2014-12-31": "1315.93800", "2013-12-31": "1153.11000", "2012-12-31": "1240.54000", "2011-12-31": "283.72600", "2010-12-31": "348.08000", "2009-12-31": "468.56600", "2008-12-31": "132.50800", "2007-12-31": "522.34590", "2006-12-31": "434.46410", "2005-12-31": "131.06300"}, "Research And Development Expenses": {"2019-12-31": "", "2018-12-31": "", "2017-12-31": "", "2016-12-31": "", "2015-12-31": "", "2014-12-31": "", "2013-12-31": "", "2012-12-31": "", "2011-12-31": "", "2010-12-31": "", "2009-12-31": "", "2008-12-31": "", "2007-12-31": "", "2006-12-31": "", "2005-12-31": ""}, "SG&A Expenses": {"2019-12-31": "", "2018-12-31": "", "2017-12-31": "", "2016-12-31": "", "2015-12-31": "", "2014-12-31": "", "2013-12-31": "", "2012-12-31": "", "2011-12-31": "", "2010-12-31": "", "2009-12-31": "", "2008-12-31": "", "2007-12-31": "", "2006-12-31": "", "2005-12-31": ""}, "Other Operating Income Or Expenses": {"2019-12-31": "-2338.15600", "2018-12-31": "-1595.04100", "2017-12-31": "-1014.10200", "2016-12-31": "-808.18600", "2015-12-31": "-388.86400", "2014-12-31": "-299.72700", "2013-12-31": "-200.97000", "2012-12-31": "-199.54200", "2011-12-31": "-72.10800", "2010-12-31": "-62.65700", "2009-12-31": "-72.55300", "2008-12-31": "-70.75600", "2007-12-31": "-88.59100", "2006-12-31": "-89.02800", "2005-12-31": "-67.77000"}, "Operating Expenses": {"2019-12-31": "7817.12300", "2018-12-31": "6756.84400", "2017-12-31": "6304.89500", "2016-12-31": "5401.61500", "2015-12-31": "4150.33200", "2014-12-31": "4209.84800", "2013-12-31": "4029.67800", "2012-12-31": "3965.51200", "2011-12-31": "773.57400", "2010-12-31": "703.28300", "2009-12-31": "788.37900", "2008-12-31": "927.34800", "2007-12-31": "794.84100", "2006-12-31": "714.89600", "2005-12-31": "1032.53300"}, "Operating Income": {"2019-12-31": "1223.59300", "2018-12-31": "130.31640", "2017-12-31": "119.75980", "2016-12-31": "729.40380", "2015-12-31": "849.14600", "2014-12-31": "1021.96100", "2013-12-31": "941.97580", "2012-12-31": "787.70000", "2011-12-31": "208.26300", "2010-12-31": "282.06900", "2009-12-31": "396.01300", "2008-12-31": "61.75200", "2007-12-31": "433.75490", "2006-12-31": "345.43600", "2005-12-31": "63.29310"}, "Total Non-Operating Income/Expense": {"2019-12-31": "-99.95700", "2018-12-31": "-90.72400", "2017-12-31": "-83.07000", "2016-12-31": "-81.59900", "2015-12-31": "-91.77800", "2014-12-31": "-90.05200", "2013-12-31": "-86.74000", "2012-12-31": "-68.42400", "2011-12-31": "-17.42600", "2010-12-31": "-4.69800", "2009-12-31": "-0.63300", "2008-12-31": "-0.70000", "2007-12-31": "-1.47600", "2006-12-31": "-5.62600", "2005-12-31": "-3.47400"}, "Pre-Tax Income": {"2019-12-31": "1123.63600", "2018-12-31": "39.59200", "2017-12-31": "36.69000", "2016-12-31": "647.80500", "2015-12-31": "757.36800", "2014-12-31": "931.90900", "2013-12-31": "855.23600", "2012-12-31": "719.27600", "2011-12-31": "190.83700", "2010-12-31": "277.37100", "2009-12-31": "395.38000", "2008-12-31": "61.05200", "2007-12-31": "432.27900", "2006-12-31": "339.81000", "2005-12-31": "59.81900"}, "Income Taxes": {"2019-12-31": "233.43500", "2018-12-31": "-15.06200", "2017-12-31": "-63.80200", "2016-12-31": "187.14100", "2015-12-31": "195.17300", "2014-12-31": "251.77700", "2013-12-31": "225.88200", "2012-12-31": "17.03200", "2011-12-31": "47.58600", "2010-12-31": "78.86900", "2009-12-31": "124.38100", "2008-12-31": "20.48500", "2007-12-31": "144.73700", "2006-12-31": "98.86300", "2005-12-31": "13.84200"}, "Income After Taxes": {"2019-12-31": "890.20100", "2018-12-31": "54.65400", "2017-12-31": "100.49200", "2016-12-31": "460.66400", "2015-12-31": "562.19490", "2014-12-31": "680.13200", "2013-12-31": "629.35400", "2012-12-31": "702.24400", "2011-12-31": "143.25100", "2010-12-31": "198.50200", "2009-12-31": "270.99900", "2008-12-31": "40.56700", "2007-12-31": "287.54200", "2006-12-31": "240.94700", "2005-12-31": "45.97700"}, "Other Income": {"2019-12-31": "", "2018-12-31": "", "2017-12-31": "", "2016-12-31": "", "2015-12-31": "", "2014-12-31": "", "2013-12-31": "", "2012-12-31": "", "2011-12-31": "", "2010-12-31": "", "2009-12-31": "", "2008-12-31": "", "2007-12-31": "", "2006-12-31": "", "2005-12-31": ""}, "Income From Continuous Operations": {"2019-12-31": "890.20100", "2018-12-31": "54.65400", "2017-12-31": "100.49200", "2016-12-31": "460.66400", "2015-12-31": "562.19490", "2014-12-31": "680.13200", "2013-12-31": "629.35400", "2012-12-31": "702.24400", "2011-12-31": "143.25100", "2010-12-31": "198.50200", "2009-12-31": "270.99900", "2008-12-31": "40.56700", "2007-12-31": "287.54200", "2006-12-31": "240.94700", "2005-12-31": "45.97700"}, "Income From Discontinued Operations": {"2019-12-31": "", "2018-12-31": "", "2017-12-31": "", "2016-12-31": "", "2015-12-31": "", "2014-12-31": "", "2013-12-31": "", "2012-12-31": "", "2011-12-31": "", "2010-12-31": "", "2009-12-31": "", "2008-12-31": "107.40400", "2007-12-31": "11.52800", "2006-12-31": "6.95600", "2005-12-31": "6.35700"}, "Net Income": {"2019-12-31": "857.80100", "2018-12-31": "39.53900", "2017-12-31": "90.13300", "2016-12-31": "456.92100", "2015-12-31": "560.31500", "2014-12-31": "679.23900", "2013-12-31": "628.42100", "2012-12-31": "702.24400", "2011-12-31": "143.25100", "2010-12-31": "198.50200", "2009-12-31": "264.84100", "2008-12-31": "130.75300", "2007-12-31": "281.84700", "2006-12-31": "238.90900", "2005-12-31": "52.33400"}, "EBITDA": {"2019-12-31": "1343.10600", "2018-12-31": "257.69040", "2017-12-31": "254.78880", "2016-12-31": "889.87280", "2015-12-31": "1012.20800", "2014-12-31": "1200.91000", "2013-12-31": "1188.57400", "2012-12-31": "1252.55700", "2011-12-31": "235.30800", "2010-12-31": "315.88500", "2009-12-31": "428.37100", "2008-12-31": "87.42600", "2007-12-31": "450.02990", "2006-12-31": "357.11000", "2005-12-31": "84.12110"}, "EBIT": {"2019-12-31": "1223.59300", "2018-12-31": "130.31640", "2017-12-31": "119.75980", "2016-12-31": "729.40380", "2015-12-31": "849.14600", "2014-12-31": "1021.96100", "2013-12-31": "941.97580", "2012-12-31": "787.70000", "2011-12-31": "208.26300", "2010-12-31": "282.06900", "2009-12-31": "396.01300", "2008-12-31": "61.75200", "2007-12-31": "433.75490", "2006-12-31": "345.43600", "2005-12-31": "63.29310"}, "Basic Shares Outstanding": {"2019-12-31": "14.43200", "2018-12-31": "15.06300", "2017-12-31": "15.41000", "2016-12-31": "15.43600", "2015-12-31": "15.87100", "2014-12-31": "16.40500", "2013-12-31": "16.78700", "2012-12-31": "15.44200", "2011-12-31": "8.80700", "2010-12-31": "9.08200", "2009-12-31": "9.05600", "2008-12-31": "8.82200", "2007-12-31": "9.07780", "2006-12-31": "9.06710", "2005-12-31": "9.14260"}, "Shares Outstanding": {"2019-12-31": "14.44300", "2018-12-31": "15.06300", "2017-12-31": "15.41000", "2016-12-31": "15.44300", "2015-12-31": "15.87900", "2014-12-31": "16.40500", "2013-12-31": "16.78700", "2012-12-31": "15.44200", "2011-12-31": "8.81200", "2010-12-31": "9.08200", "2009-12-31": "9.51800", "2008-12-31": "8.82200", "2007-12-31": "10.19380", "2006-12-31": "9.06710", "2005-12-31": "9.14260"}, "Basic EPS": {"2019-12-31": "59.44000", "2018-12-31": "2.62000", "2017-12-31": "5.85000", "2016-12-31": "29.60000", "2015-12-31": "35.14000", "2014-12-31": "41.40000", "2013-12-31": "37.44000", "2012-12-31": "45.48000", "2011-12-31": "16.26000", "2010-12-31": "21.85000", "2009-12-31": "29.25000", "2008-12-31": "14.82350", "2007-12-31": "31.04580", "2006-12-31": "26.35430", "2005-12-31": "5.71680"}, "EPS - Earnings Per Share": {"2019-12-31": "59.39000", "2018-12-31": "2.62000", "2017-12-31": "5.85000", "2016-12-31": "29.59000", "2015-12-31": "35.13000", "2014-12-31": "41.40000", "2013-12-31": "37.44000", "2012-12-31": "45.48000", "2011-12-31": "16.20000", "2010-12-31": "21.85000", "2009-12-31": "28.51000", "2008-12-31": "14.82350", "2007-12-31": "29.36510", "2006-12-31": "25.64030", "2005-12-31": "5.71680"}}, "income statement, quarterly": {"Revenue": {"2020-09-30": "2522.91300", "2020-06-30": "2227.36700", "2020-03-31": "1482.92600", "2019-12-31": "2300.83000", "2019-09-30": "2159.95700", "2019-06-30": "2258.67300", "2019-03-31": "2321.25600", "2018-12-31": "1227.12700", "2018-09-30": "2177.41500", "2018-06-30": "1897.66400", "2018-03-31": "1584.95400", "2017-12-31": "1670.80200", "2017-09-30": "1667.48300", "2017-06-30": "1553.91800", "2017-03-31": "1532.45200", "2016-12-31": "1455.42200", "2016-09-30": "1614.61600", "2016-06-30": "1582.03100", "2016-03-31": "1478.95000", "2015-12-31": "1352.38000", "2015-09-30": "1189.03700", "2015-06-30": "1300.43800", "2015-03-31": "1157.62300", "2014-12-31": "1302.03500", "2014-09-30": "1351.91600", "2014-06-30": "1291.21600", "2014-03-31": "1286.64200", "2013-12-31": "1362.40900", "2013-09-30": "1189.47100", "2013-06-30": "1196.21900", "2013-03-31": "1223.55500", "2012-12-31": "1240.43400", "2012-09-30": "1229.52000", "2012-06-30": "1234.39100", "2012-03-31": "1048.86700", "2011-12-31": "282.01000", "2011-09-30": "232.53000", "2011-06-30": "219.16100", "2011-03-31": "248.13600", "2010-12-31": "232.92800", "2010-09-30": "250.16300", "2010-06-30": "250.60900", "2010-03-31": "251.65200", "2009-12-31": "356.70200", "2009-09-30": "288.33000", "2009-06-30": "299.44200", "2009-03-31": "239.91800", "2008-12-31": "116.93800", "2008-09-30": "263.28900", "2008-06-30": "253.34500", "2008-03-31": "355.52800", "2007-12-31": "262.33400", "2007-09-30": "308.69600", "2007-06-30": "281.96000", "2007-03-31": "375.60600", "2006-12-31": "175.48600", "2006-09-30": "302.40500", "2006-06-30": "313.62600", "2006-03-31": "268.81500", "2005-12-31": "306.76710", "2005-09-30": "267.92900", "2005-06-30": "242.75000", "2005-03-31": "278.38000"}, "Cost Of Goods Sold": {"2020-09-30": "1638.17700", "2020-06-30": "1434.37900", "2020-03-31": "1468.84000", "2019-12-31": "1634.13500", "2019-09-30": "1357.25500", "2019-06-30": "1241.11900", "2019-03-31": "1212.62400", "2018-12-31": "1555.21600", "2018-09-30": "1365.38200", "2018-06-30": "1140.29300", "2018-03-31": "1076.87300", "2017-12-31": "1124.92000", "2017-09-30": "1890.01100", "2017-06-30": "1148.62300", "2017-03-31": "1107.82000", "2016-12-31": "1137.19300", "2016-09-30": "1141.59800", "2016-06-30": "1224.24900", "2016-03-31": "1071.37700", "2015-12-31": "958.81300", "2015-09-30": "954.93200", "2015-06-30": "959.40910", "2015-03-31": "890.52500", "2014-12-31": "996.23580", "2014-09-30": "995.42300", "2014-06-30": "988.81700", "2014-03-31": "935.39500", "2013-12-31": "957.33620", "2013-09-30": "978.04000", "2013-06-30": "989.52800", "2013-03-31": "893.64000", "2012-12-31": "1332.04800", "2012-09-30": "926.74000", "2012-06-30": "920.07800", "2012-03-31": "333.80600", "2011-12-31": "183.79400", "2011-09-30": "190.01600", "2011-06-30": "186.75100", "2011-03-31": "137.55000", "2010-12-31": "155.87100", "2010-09-30": "170.61800", "2010-06-30": "147.80000", "2010-03-31": "162.98300", "2009-12-31": "134.62200", "2009-09-30": "186.72800", "2009-06-30": "214.18900", "2009-03-31": "180.28700", "2008-12-31": "164.09590", "2008-09-30": "274.85900", "2008-06-30": "211.99700", "2008-03-31": "205.64000", "2007-12-31": "157.33900", "2007-09-30": "174.81400", "2007-06-30": "180.21500", "2007-03-31": "193.88200", "2006-12-31": "107.94900", "2006-09-30": "190.99800", "2006-06-30": "183.35000", "2006-03-31": "179.91500", "2005-12-31": "210.98300", "2005-09-30": "415.77600", "2005-06-30": "169.68300", "2005-03-31": "168.32100"}, "Gross Profit": {"2020-09-30": "884.73610", "2020-06-30": "792.98790", "2020-03-31": "14.08610", "2019-12-31": "666.69490", "2019-09-30": "802.70200", "2019-06-30": "1017.55400", "2019-03-31": "1108.63200", "2018-12-31": "-328.08900", "2018-09-30": "812.03310", "2018-06-30": "757.37100", "2018-03-31": "508.08090", "2017-12-31": "545.88170", "2017-09-30": "-222.52800", "2017-06-30": "405.29490", "2017-03-31": "424.63200", "2016-12-31": "318.22950", "2016-09-30": "473.01790", "2016-06-30": "357.78200", "2016-03-31": "407.57300", "2015-12-31": "393.56690", "2015-09-30": "234.10500", "2015-06-30": "341.02890", "2015-03-31": "267.09800", "2014-12-31": "305.79940", "2014-09-30": "356.49300", "2014-06-30": "302.39890", "2014-03-31": "351.24690", "2013-12-31": "405.07260", "2013-09-30": "211.43100", "2013-06-30": "206.69100", "2013-03-31": "329.91500", "2012-12-31": "-91.61400", "2012-09-30": "302.78000", "2012-06-30": "314.31300", "2012-03-31": "715.06090", "2011-12-31": "98.21600", "2011-09-30": "42.51400", "2011-06-30": "32.41000", "2011-03-31": "110.58600", "2010-12-31": "77.05700", "2010-09-30": "79.54500", "2010-06-30": "102.80900", "2010-03-31": "88.66900", "2009-12-31": "222.08000", "2009-09-30": "101.60200", "2009-06-30": "85.25300", "2009-03-31": "59.63100", "2008-12-31": "-47.15800", "2008-09-30": "-11.57000", "2008-06-30": "41.34800", "2008-03-31": "149.88800", "2007-12-31": "104.99490", "2007-09-30": "133.88200", "2007-06-30": "101.74500", "2007-03-31": "181.72400", "2006-12-31": "67.53700", "2006-09-30": "111.40700", "2006-06-30": "130.27600", "2006-03-31": "88.90000", "2005-12-31": "95.78410", "2005-09-30": "-147.84700", "2005-06-30": "73.06700", "2005-03-31": "110.05900"}, "Research And Development Expenses": {"2020-09-30": "", "2020-06-30": "", "2020-03-31": "", "2019-12-31": "", "2019-09-30": "", "2019-06-30": "", "2019-03-31": "", "2018-12-31": "", "2018-09-30": "", "2018-06-30": "", "2018-03-31": "", "2017-12-31": "", "2017-09-30": "", "2017-06-30": "", "2017-03-31": "", "2016-12-31": "", "2016-09-30": "", "2016-06-30": "", "2016-03-31": "", "2015-12-31": "", "2015-09-30": "", "2015-06-30": "", "2015-03-31": "", "2014-12-31": "", "2014-09-30": "", "2014-06-30": "", "2014-03-31": "", "2013-12-31": "", "2013-09-30": "", "2013-06-30": "", "2013-03-31": "", "2012-12-31": "", "2012-09-30": "", "2012-06-30": "", "2012-03-31": "", "2011-12-31": "", "2011-09-30": "", "2011-06-30": "", "2011-03-31": "", "2010-12-31": "", "2010-09-30": "", "2010-06-30": "", "2010-03-31": "", "2009-12-31": "", "2009-09-30": "", "2009-06-30": "", "2009-03-31": "", "2008-12-31": "", "2008-09-30": "", "2008-06-30": "", "2008-03-31": "", "2007-12-31": "", "2007-09-30": "", "2007-06-30": "", "2007-03-31": "", "2006-12-31": "", "2006-09-30": "", "2006-06-30": "", "2006-03-31": "", "2005-12-31": "", "2005-09-30": "", "2005-06-30": "", "2005-03-31": ""}, "SG&A Expenses": {"2020-09-30": "", "2020-06-30": "", "2020-03-31": "", "2019-12-31": "", "2019-09-30": "", "2019-06-30": "", "2019-03-31": "", "2018-12-31": "", "2018-09-30": "", "2018-06-30": "", "2018-03-31": "", "2017-12-31": "", "2017-09-30": "", "2017-06-30": "", "2017-03-31": "", "2016-12-31": "", "2016-09-30": "", "2016-06-30": "", "2016-03-31": "", "2015-12-31": "", "2015-09-30": "", "2015-06-30": "", "2015-03-31": "", "2014-12-31": "", "2014-09-30": "", "2014-06-30": "", "2014-03-31": "", "2013-12-31": "", "2013-09-30": "", "2013-06-30": "", "2013-03-31": "", "2012-12-31": "", "2012-09-30": "", "2012-06-30": "", "2012-03-31": "", "2011-12-31": "", "2011-09-30": "", "2011-06-30": "", "2011-03-31": "", "2010-12-31": "", "2010-09-30": "", "2010-06-30": "", "2010-03-31": "", "2009-12-31": "", "2009-09-30": "", "2009-06-30": "", "2009-03-31": "", "2008-12-31": "", "2008-09-30": "", "2008-06-30": "", "2008-03-31": "", "2007-12-31": "", "2007-09-30": "", "2007-06-30": "", "2007-03-31": "", "2006-12-31": "", "2006-09-30": "", "2006-06-30": "", "2006-03-31": "", "2005-12-31": "", "2005-09-30": "", "2005-06-30": "", "2005-03-31": "8.15300"}, "Other Operating Income Or Expenses": {"2020-09-30": "-682.29390", "2020-06-30": "-528.88500", "2020-03-31": "-452.35400", "2019-12-31": "-569.32600", "2019-09-30": "-639.60200", "2019-06-30": "-607.44100", "2019-03-31": "-521.78700", "2018-12-31": "-530.60310", "2018-09-30": "-434.47200", "2018-06-30": "-357.28400", "2018-03-31": "-272.68200", "2017-12-31": "-309.27500", "2017-09-30": "-273.22900", "2017-06-30": "-239.57500", "2017-03-31": "-192.02300", "2016-12-31": "-198.72100", "2016-09-30": "-239.15300", "2016-06-30": "-198.41400", "2016-03-31": "-171.89800", "2015-12-31": "-155.75300", "2015-09-30": "-79.37500", "2015-06-30": "-73.65300", "2015-03-31": "-80.08300", "2014-12-31": "-88.75300", "2014-09-30": "-69.07700", "2014-06-30": "-78.92300", "2014-03-31": "-62.97400", "2013-12-31": "-77.97300", "2013-09-30": "-42.74700", "2013-06-30": "-37.09000", "2013-03-31": "-43.16000", "2012-12-31": "-33.94100", "2012-09-30": "-56.73600", "2012-06-30": "-45.92000", "2012-03-31": "-62.94500", "2011-12-31": "-39.08000", "2011-09-30": "-4.40600", "2011-06-30": "-12.83600", "2011-03-31": "-15.78600", "2010-12-31": "-15.68500", "2010-09-30": "-18.48100", "2010-06-30": "-14.40600", "2010-03-31": "-14.08500", "2009-12-31": "-23.07800", "2009-09-30": "-20.93900", "2009-06-30": "-19.41500", "2009-03-31": "-9.12100", "2008-12-31": "-18.98200", "2008-09-30": "-9.32700", "2008-06-30": "-20.76800", "2008-03-31": "-21.67900", "2007-12-31": "-21.83300", "2007-09-30": "-23.62900", "2007-06-30": "-21.95900", "2007-03-31": "-21.17000", "2006-12-31": "25.30100", "2006-09-30": "-23.95400", "2006-06-30": "-21.27100", "2006-03-31": "-19.25200", "2005-12-31": "7.60200", "2005-09-30": "-19.55600", "2005-06-30": "-19.58600", "2005-03-31": "-8.95800"}, "Operating Expenses": {"2020-09-30": "2331.69400", "2020-06-30": "1975.35700", "2020-03-31": "1930.76200", "2019-12-31": "2213.50500", "2019-09-30": "2004.95200", "2019-06-30": "1857.35500", "2019-03-31": "1741.31100", "2018-12-31": "2070.85100", "2018-09-30": "1805.35400", "2018-06-30": "1525.82000", "2018-03-31": "1354.81900", "2017-12-31": "1439.47400", "2017-09-30": "2169.00500", "2017-06-30": "1392.80900", "2017-03-31": "1303.60700", "2016-12-31": "1340.43600", "2016-09-30": "1386.75900", "2016-06-30": "1428.06000", "2016-03-31": "1246.36000", "2015-12-31": "1116.17000", "2015-09-30": "1033.20300", "2015-06-30": "1032.01100", "2015-03-31": "968.94810", "2014-12-31": "1083.11800", "2014-09-30": "1063.35800", "2014-06-30": "1066.86400", "2014-03-31": "996.50800", "2013-12-31": "1033.83300", "2013-09-30": "1019.97200", "2013-06-30": "1027.44300", "2013-03-31": "948.43000", "2012-12-31": "1405.89400", "2012-09-30": "1056.83200", "2012-06-30": "1074.09600", "2012-03-31": "428.69000", "2011-12-31": "223.71290", "2011-09-30": "195.26000", "2011-06-30": "200.42600", "2011-03-31": "154.17500", "2010-12-31": "174.91000", "2010-09-30": "189.09900", "2010-06-30": "162.20600", "2010-03-31": "177.06800", "2009-12-31": "157.70000", "2009-09-30": "207.66700", "2009-06-30": "233.60400", "2009-03-31": "189.40800", "2008-12-31": "183.07800", "2008-09-30": "284.18600", "2008-06-30": "232.76500", "2008-03-31": "227.31900", "2007-12-31": "179.17200", "2007-09-30": "198.44300", "2007-06-30": "202.17400", "2007-03-31": "215.05200", "2006-12-31": "44.05700", "2006-09-30": "214.95200", "2006-06-30": "204.62100", "2006-03-31": "199.16700", "2005-12-31": "45.03400", "2005-09-30": "435.33200", "2005-06-30": "189.26900", "2005-03-31": "185.43200"}, "Operating Income": {"2020-09-30": "191.21920", "2020-06-30": "252.00990", "2020-03-31": "-447.83590", "2019-12-31": "87.32500", "2019-09-30": "155.00510", "2019-06-30": "401.31810", "2019-03-31": "579.94510", "2018-12-31": "-843.72380", "2018-09-30": "372.06100", "2018-06-30": "371.84410", "2018-03-31": "230.13490", "2017-12-31": "231.32790", "2017-09-30": "-501.52190", "2017-06-30": "161.10900", "2017-03-31": "228.84500", "2016-12-31": "114.98610", "2016-09-30": "227.85690", "2016-06-30": "153.97090", "2016-03-31": "232.59010", "2015-12-31": "236.21000", "2015-09-30": "155.83400", "2015-06-30": "268.42700", "2015-03-31": "188.67500", "2014-12-31": "218.91710", "2014-09-30": "288.55810", "2014-06-30": "224.35190", "2014-03-31": "290.13400", "2013-12-31": "328.57580", "2013-09-30": "169.49900", "2013-06-30": "168.77600", "2013-03-31": "275.12510", "2012-12-31": "-165.46000", "2012-09-30": "172.68800", "2012-06-30": "160.29490", "2012-03-31": "620.17690", "2011-12-31": "58.29710", "2011-09-30": "37.27000", "2011-06-30": "18.73500", "2011-03-31": "93.96100", "2010-12-31": "58.01800", "2010-09-30": "61.06400", "2010-06-30": "88.40300", "2010-03-31": "74.58400", "2009-12-31": "199.00200", "2009-09-30": "80.66300", "2009-06-30": "65.83800", "2009-03-31": "50.51000", "2008-12-31": "-66.14000", "2008-09-30": "-20.89700", "2008-06-30": "20.58000", "2008-03-31": "128.20900", "2007-12-31": "83.16190", "2007-09-30": "110.25300", "2007-06-30": "79.78600", "2007-03-31": "160.55400", "2006-12-31": "131.42900", "2006-09-30": "87.45300", "2006-06-30": "109.00500", "2006-03-31": "69.64800", "2005-12-31": "261.73310", "2005-09-30": "-167.40300", "2005-06-30": "53.48100", "2005-03-31": "92.94800"}, "Total Non-Operating Income/Expense": {"2020-09-30": "-23.31900", "2020-06-30": "-22.19400", "2020-03-31": "-18.35600", "2019-12-31": "-25.59400", "2019-09-30": "-25.70300", "2019-06-30": "-25.12900", "2019-03-31": "-23.53100", "2018-12-31": "-47.00400", "2018-09-30": "-22.18900", "2018-06-30": "", "2018-03-31": "-21.53100", "2017-12-31": "-20.34200", "2017-09-30": "-20.80400", "2017-06-30": "-20.98900", "2017-03-31": "-20.93500", "2016-12-31": "-20.21500", "2016-09-30": "-20.68200", "2016-06-30": "-20.43300", "2016-03-31": "-20.26900", "2015-12-31": "-22.62000", "2015-09-30": "-22.69100", "2015-06-30": "-23.37500", "2015-03-31": "-23.09200", "2014-12-31": "-23.63800", "2014-09-30": "-22.67100", "2014-06-30": "-21.93200", "2014-03-31": "-21.81100", "2013-12-31": "-21.70300", "2013-09-30": "-21.51600", "2013-06-30": "-21.78500", "2013-03-31": "-21.73600", "2012-12-31": "-21.84000", "2012-09-30": "-21.76400", "2012-06-30": "-15.74300", "2012-03-31": "-9.07700", "2011-12-31": "-4.37700", "2011-09-30": "-4.32900", "2011-06-30": "-4.26800", "2011-03-31": "-4.45200", "2010-12-31": "-3.56700", "2010-09-30": "-0.69600", "2010-06-30": "-0.21600", "2010-03-31": "-0.21900", "2009-12-31": "-0.13300", "2009-09-30": "-0.16800", "2009-06-30": "-0.16900", "2009-03-31": "-0.16300", "2008-12-31": "-0.16600", "2008-09-30": "-0.19800", "2008-06-30": "-0.17900", "2008-03-31": "-0.15700", "2007-12-31": "-0.31000", "2007-09-30": "-0.19200", "2007-06-30": "-0.25100", "2007-03-31": "-0.72300", "2006-12-31": "-1.35100", "2006-09-30": "-1.36900", "2006-06-30": "-1.80500", "2006-03-31": "-1.10100", "2005-12-31": "-0.93200", "2005-09-30": "-0.87700", "2005-06-30": "-1.00000", "2005-03-31": "-0.66500"}, "Pre-Tax Income": {"2020-09-30": "167.90000", "2020-06-30": "229.81600", "2020-03-31": "-466.19200", "2019-12-31": "61.73100", "2019-09-30": "129.30200", "2019-06-30": "376.18900", "2019-03-31": "556.41400", "2018-12-31": "-890.72800", "2018-09-30": "349.87200", "2018-06-30": "371.84400", "2018-03-31": "208.60400", "2017-12-31": "210.98600", "2017-09-30": "-522.32600", "2017-06-30": "140.12000", "2017-03-31": "207.91000", "2016-12-31": "94.77100", "2016-09-30": "207.17500", "2016-06-30": "133.53800", "2016-03-31": "212.32100", "2015-12-31": "213.59000", "2015-09-30": "133.14300", "2015-06-30": "245.05200", "2015-03-31": "165.58300", "2014-12-31": "195.27900", "2014-09-30": "265.88700", "2014-06-30": "202.42000", "2014-03-31": "268.32300", "2013-12-31": "306.87310", "2013-09-30": "147.98300", "2013-06-30": "146.99100", "2013-03-31": "253.38900", "2012-12-31": "-187.30000", "2012-09-30": "150.92400", "2012-06-30": "144.55200", "2012-03-31": "611.10000", "2011-12-31": "53.92000", "2011-09-30": "32.94100", "2011-06-30": "14.46700", "2011-03-31": "89.50900", "2010-12-31": "54.45100", "2010-09-30": "60.36800", "2010-06-30": "88.18700", "2010-03-31": "74.36500", "2009-12-31": "198.86900", "2009-09-30": "80.49500", "2009-06-30": "65.66900", "2009-03-31": "50.34700", "2008-12-31": "-66.30600", "2008-09-30": "-21.09500", "2008-06-30": "20.40100", "2008-03-31": "128.05200", "2007-12-31": "82.85200", "2007-09-30": "110.06100", "2007-06-30": "79.53500", "2007-03-31": "159.83100", "2006-12-31": "-44.05700", "2006-09-30": "86.08400", "2006-06-30": "107.20000", "2006-03-31": "68.54700", "2005-12-31": "-45.03400", "2005-09-30": "-168.28000", "2005-06-30": "52.48100", "2005-03-31": "92.28300"}, "Income Taxes": {"2020-09-30": "30.25300", "2020-06-30": "53.35600", "2020-03-31": "-104.72000", "2019-12-31": "25.55700", "2019-09-30": "28.01000", "2019-06-30": "71.35600", "2019-03-31": "108.51200", "2018-12-31": "-186.33700", "2018-09-30": "60.41300", "2018-06-30": "73.44000", "2018-03-31": "37.42200", "2017-12-31": "52.56600", "2017-09-30": "-212.37900", "2017-06-30": "37.46100", "2017-03-31": "58.55000", "2016-12-31": "24.86700", "2016-09-30": "48.32800", "2016-06-30": "56.27800", "2016-03-31": "57.66800", "2015-12-31": "57.06000", "2015-09-30": "36.04500", "2015-06-30": "61.90500", "2015-03-31": "40.16300", "2014-12-31": "55.36200", "2014-09-30": "79.54700", "2014-06-30": "53.18600", "2014-03-31": "63.68200", "2013-12-31": "100.89500", "2013-09-30": "34.61000", "2013-06-30": "33.28200", "2013-03-31": "57.09500", "2012-12-31": "-94.68800", "2012-09-30": "25.48000", "2012-06-30": "35.24300", "2012-03-31": "50.99700", "2011-12-31": "16.24900", "2011-09-30": "13.78300", "2011-06-30": "-0.61500", "2011-03-31": "18.16900", "2010-12-31": "17.02100", "2010-09-30": "23.73600", "2010-06-30": "21.91600", "2010-03-31": "16.19600", "2009-12-31": "67.93300", "2009-09-30": "31.00700", "2009-06-30": "19.66800", "2009-03-31": "5.77300", "2008-12-31": "-12.13800", "2008-09-30": "-12.26200", "2008-06-30": "7.38000", "2008-03-31": "37.50500", "2007-12-31": "30.26100", "2007-09-30": "42.61900", "2007-06-30": "20.80100", "2007-03-31": "51.05600", "2006-12-31": "25.78500", "2006-09-30": "30.88500", "2006-06-30": "32.85200", "2006-03-31": "9.34100", "2005-12-31": "34.74800", "2005-09-30": "-67.52000", "2005-06-30": "15.55400", "2005-03-31": "31.06000"}, "Income After Taxes": {"2020-09-30": "137.64700", "2020-06-30": "176.46000", "2020-03-31": "-361.47200", "2019-12-31": "36.17400", "2019-09-30": "101.29200", "2019-06-30": "304.83300", "2019-03-31": "447.90200", "2018-12-31": "-704.39100", "2018-09-30": "289.45900", "2018-06-30": "298.40400", "2018-03-31": "171.18200", "2017-12-31": "158.42000", "2017-09-30": "-309.94700", "2017-06-30": "102.65900", "2017-03-31": "149.36000", "2016-12-31": "69.90400", "2016-09-30": "158.84700", "2016-06-30": "77.26000", "2016-03-31": "154.65300", "2015-12-31": "156.52990", "2015-09-30": "97.09800", "2015-06-30": "183.14700", "2015-03-31": "125.42000", "2014-12-31": "139.91710", "2014-09-30": "186.34000", "2014-06-30": "149.23400", "2014-03-31": "204.64100", "2013-12-31": "205.97800", "2013-09-30": "113.37300", "2013-06-30": "113.70900", "2013-03-31": "196.29400", "2012-12-31": "-92.61190", "2012-09-30": "125.44400", "2012-06-30": "109.30900", "2012-03-31": "560.10300", "2011-12-31": "37.67100", "2011-09-30": "19.15800", "2011-06-30": "15.08200", "2011-03-31": "71.34000", "2010-12-31": "37.43000", "2010-09-30": "36.63200", "2010-06-30": "66.27100", "2010-03-31": "58.16900", "2009-12-31": "130.93600", "2009-09-30": "49.48800", "2009-06-30": "46.00100", "2009-03-31": "44.57400", "2008-12-31": "-54.16800", "2008-09-30": "-8.83300", "2008-06-30": "13.02100", "2008-03-31": "90.54700", "2007-12-31": "52.59100", "2007-09-30": "67.44200", "2007-06-30": "58.73400", "2007-03-31": "108.77500", "2006-12-31": "-44.05700", "2006-09-30": "55.19900", "2006-06-30": "74.34800", "2006-03-31": "59.20600", "2005-12-31": "-45.03400", "2005-09-30": "-100.76000", "2005-06-30": "36.92700", "2005-03-31": "61.22300"}, "Other Income": {"2020-09-30": "", "2020-06-30": "", "2020-03-31": "", "2019-12-31": "", "2019-09-30": "", "2019-06-30": "", "2019-03-31": "", "2018-12-31": "", "2018-09-30": "", "2018-06-30": "", "2018-03-31": "", "2017-12-31": "", "2017-09-30": "", "2017-06-30": "", "2017-03-31": "", "2016-12-31": "", "2016-09-30": "", "2016-06-30": "", "2016-03-31": "", "2015-12-31": "", "2015-09-30": "", "2015-06-30": "", "2015-03-31": "", "2014-12-31": "", "2014-09-30": "", "2014-06-30": "", "2014-03-31": "", "2013-12-31": "", "2013-09-30": "", "2013-06-30": "", "2013-03-31": "", "2012-12-31": "", "2012-09-30": "", "2012-06-30": "", "2012-03-31": "", "2011-12-31": "", "2011-09-30": "", "2011-06-30": "", "2011-03-31": "", "2010-12-31": "", "2010-09-30": "", "2010-06-30": "", "2010-03-31": "", "2009-12-31": "", "2009-09-30": "", "2009-06-30": "", "2009-03-31": "", "2008-12-31": "", "2008-09-30": "", "2008-06-30": "", "2008-03-31": "", "2007-12-31": "", "2007-09-30": "", "2007-06-30": "", "2007-03-31": "", "2006-12-31": "", "2006-09-30": "", "2006-06-30": "", "2006-03-31": "", "2005-12-31": "", "2005-09-30": "", "2005-06-30": "", "2005-03-31": ""}, "Income From Continuous Operations": {"2020-09-30": "137.64700", "2020-06-30": "176.46000", "2020-03-31": "-361.47200", "2019-12-31": "36.17400", "2019-09-30": "101.29200", "2019-06-30": "304.83300", "2019-03-31": "447.90200", "2018-12-31": "-704.39100", "2018-09-30": "289.45900", "2018-06-30": "298.40400", "2018-03-31": "171.18200", "2017-12-31": "158.42000", "2017-09-30": "-309.94700", "2017-06-30": "102.65900", "2017-03-31": "149.36000", "2016-12-31": "69.90400", "2016-09-30": "158.84700", "2016-06-30": "77.26000", "2016-03-31": "154.65300", "2015-12-31": "156.52990", "2015-09-30": "97.09800", "2015-06-30": "183.14700", "2015-03-31": "125.42000", "2014-12-31": "139.91710", "2014-09-30": "186.34000", "2014-06-30": "149.23400", "2014-03-31": "204.64100", "2013-12-31": "205.97800", "2013-09-30": "113.37300", "2013-06-30": "113.70900", "2013-03-31": "196.29400", "2012-12-31": "-92.61190", "2012-09-30": "125.44400", "2012-06-30": "109.30900", "2012-03-31": "560.10300", "2011-12-31": "37.67100", "2011-09-30": "19.15800", "2011-06-30": "15.08200", "2011-03-31": "71.34000", "2010-12-31": "37.43000", "2010-09-30": "36.63200", "2010-06-30": "66.27100", "2010-03-31": "58.16900", "2009-12-31": "130.93600", "2009-09-30": "49.48800", "2009-06-30": "46.00100", "2009-03-31": "44.57400", "2008-12-31": "-54.16800", "2008-09-30": "-8.83300", "2008-06-30": "13.02100", "2008-03-31": "90.54700", "2007-12-31": "54.94800", "2007-09-30": "67.44200", "2007-06-30": "58.73400", "2007-03-31": "106.41800", "2006-12-31": "-44.05700", "2006-09-30": "53.39700", "2006-06-30": "73.20000", "2006-03-31": "59.20600", "2005-12-31": "-45.03400", "2005-09-30": "-100.76000", "2005-06-30": "36.92700", "2005-03-31": "61.22300"}, "Income From Discontinued Operations": {"2020-09-30": "", "2020-06-30": "", "2020-03-31": "", "2019-12-31": "", "2019-09-30": "", "2019-06-30": "", "2019-03-31": "", "2018-12-31": "", "2018-09-30": "", "2018-06-30": "", "2018-03-31": "", "2017-12-31": "", "2017-09-30": "", "2017-06-30": "", "2017-03-31": "", "2016-12-31": "", "2016-09-30": "", "2016-06-30": "", "2016-03-31": "", "2015-12-31": "", "2015-09-30": "", "2015-06-30": "", "2015-03-31": "", "2014-12-31": "", "2014-09-30": "", "2014-06-30": "", "2014-03-31": "", "2013-12-31": "", "2013-09-30": "", "2013-06-30": "", "2013-03-31": "", "2012-12-31": "", "2012-09-30": "", "2012-06-30": "", "2012-03-31": "", "2011-12-31": "", "2011-09-30": "", "2011-06-30": "", "2011-03-31": "", "2010-12-31": "", "2010-09-30": "", "2010-06-30": "", "2010-03-31": "", "2009-12-31": "", "2009-09-30": "", "2009-06-30": "", "2009-03-31": "", "2008-12-31": "92.65400", "2008-09-30": "4.61800", "2008-06-30": "4.81900", "2008-03-31": "5.31300", "2007-12-31": "4.37500", "2007-09-30": "2.94700", "2007-06-30": "4.20600", "2007-03-31": "", "2006-12-31": "", "2006-09-30": "", "2006-06-30": "", "2006-03-31": "", "2005-12-31": "3.96300", "2005-09-30": "8.27100", "2005-06-30": "-5.52500", "2005-03-31": "-0.35200"}, "Net Income": {"2020-09-30": "126.52200", "2020-06-30": "177.37800", "2020-03-31": "-361.21800", "2019-12-31": "31.68300", "2019-09-30": "90.43200", "2019-06-30": "295.45900", "2019-03-31": "440.22700", "2018-12-31": "-712.05200", "2018-09-30": "284.90000", "2018-06-30": "295.11600", "2018-03-31": "171.57500", "2017-12-31": "153.30300", "2017-09-30": "-314.15700", "2017-06-30": "101.81100", "2017-03-31": "149.17600", "2016-12-31": "69.51400", "2016-09-30": "155.83100", "2016-06-30": "77.07100", "2016-03-31": "154.50500", "2015-12-31": "156.09800", "2015-09-30": "96.53000", "2015-06-30": "182.47800", "2015-03-31": "125.20900", "2014-12-31": "139.06400", "2014-09-30": "186.31500", "2014-06-30": "148.98000", "2014-03-31": "204.88000", "2013-12-31": "205.25100", "2013-09-30": "113.16700", "2013-06-30": "113.70900", "2013-03-31": "196.29400", "2012-12-31": "-92.61200", "2012-09-30": "125.44400", "2012-06-30": "109.30900", "2012-03-31": "560.10300", "2011-12-31": "37.77100", "2011-09-30": "19.15800", "2011-06-30": "15.08200", "2011-03-31": "71.24000", "2010-12-31": "37.43000", "2010-09-30": "36.63200", "2010-06-30": "66.27100", "2010-03-31": "58.16900", "2009-12-31": "130.93600", "2009-09-30": "49.48800", "2009-06-30": "43.75100", "2009-03-31": "40.66600", "2008-12-31": "29.87300", "2008-09-30": "-4.21500", "2008-06-30": "13.54000", "2008-03-31": "91.55500", "2007-12-31": "55.01800", "2007-09-30": "66.08200", "2007-06-30": "58.63500", "2007-03-31": "102.11200", "2006-12-31": "-44.05700", "2006-09-30": "49.04000", "2006-06-30": "72.86900", "2006-03-31": "59.20600", "2005-12-31": "-45.03400", "2005-09-30": "-92.48900", "2005-06-30": "31.40200", "2005-03-31": "60.87100"}, "EBITDA": {"2020-09-30": "232.51920", "2020-06-30": "292.26890", "2020-03-31": "-414.67790", "2019-12-31": "121.89500", "2019-09-30": "183.00610", "2019-06-30": "430.52810", "2019-03-31": "607.67710", "2018-12-31": "-811.77670", "2018-09-30": "402.97800", "2018-06-30": "425.52410", "2018-03-31": "263.24190", "2017-12-31": "260.15990", "2017-09-30": "-465.04790", "2017-06-30": "195.16900", "2017-03-31": "264.50800", "2016-12-31": "160.43510", "2016-09-30": "268.12390", "2016-06-30": "193.81890", "2016-03-31": "267.49510", "2015-12-31": "274.73900", "2015-09-30": "193.87400", "2015-06-30": "312.83700", "2015-03-31": "230.75800", "2014-12-31": "265.58610", "2014-09-30": "337.32610", "2014-06-30": "273.45790", "2014-03-31": "324.54000", "2013-12-31": "378.20480", "2013-09-30": "227.72000", "2013-06-30": "242.32500", "2013-03-31": "340.32410", "2012-12-31": "-59.20900", "2012-09-30": "313.29300", "2012-06-30": "333.14990", "2012-03-31": "665.32290", "2011-12-31": "65.44310", "2011-09-30": "43.72400", "2011-06-30": "25.40500", "2011-03-31": "100.73600", "2010-12-31": "66.40100", "2010-09-30": "68.45200", "2010-06-30": "95.86100", "2010-03-31": "85.17100", "2009-12-31": "199.48300", "2009-09-30": "96.19300", "2009-06-30": "74.44300", "2009-03-31": "58.25200", "2008-12-31": "-57.86500", "2008-09-30": "-14.73200", "2008-06-30": "26.91600", "2008-03-31": "133.10700", "2007-12-31": "88.79290", "2007-09-30": "113.97600", "2007-06-30": "84.43800", "2007-03-31": "162.82300", "2006-12-31": "136.73300", "2006-09-30": "89.18000", "2006-06-30": "111.31900", "2006-03-31": "71.97700", "2005-12-31": "264.87910", "2005-09-30": "-162.35300", "2005-06-30": "59.57700", "2005-03-31": "99.48400"}, "EBIT": {"2020-09-30": "191.21920", "2020-06-30": "252.00990", "2020-03-31": "-447.83590", "2019-12-31": "87.32450", "2019-09-30": "155.00510", "2019-06-30": "401.31810", "2019-03-31": "579.94510", "2018-12-31": "-866.00060", "2018-09-30": "372.06100", "2018-06-30": "394.12110", "2018-03-31": "230.13490", "2017-12-31": "231.32760", "2017-09-30": "-501.52190", "2017-06-30": "161.10900", "2017-03-31": "228.84500", "2016-12-31": "114.98580", "2016-09-30": "227.85690", "2016-06-30": "153.97090", "2016-03-31": "232.59010", "2015-12-31": "236.21000", "2015-09-30": "155.83400", "2015-06-30": "268.42700", "2015-03-31": "188.67500", "2014-12-31": "218.91690", "2014-09-30": "288.55810", "2014-06-30": "224.35190", "2014-03-31": "290.13400", "2013-12-31": "328.57580", "2013-09-30": "169.49900", "2013-06-30": "168.77600", "2013-03-31": "275.12510", "2012-12-31": "-165.45990", "2012-09-30": "172.68800", "2012-06-30": "160.29490", "2012-03-31": "620.17690", "2011-12-31": "58.29700", "2011-09-30": "37.27000", "2011-06-30": "18.73500", "2011-03-31": "93.96100", "2010-12-31": "58.01810", "2010-09-30": "61.06400", "2010-06-30": "88.40300", "2010-03-31": "74.58400", "2009-12-31": "199.00200", "2009-09-30": "80.66300", "2009-06-30": "65.83800", "2009-03-31": "50.51000", "2008-12-31": "-66.14000", "2008-09-30": "-20.89700", "2008-06-30": "20.58000", "2008-03-31": "128.20900", "2007-12-31": "83.16190", "2007-09-30": "110.25300", "2007-06-30": "79.78600", "2007-03-31": "160.55400", "2006-12-31": "-44.05700", "2006-09-30": "87.45300", "2006-06-30": "109.00500", "2006-03-31": "69.64800", "2005-12-31": "-45.03400", "2005-09-30": "-167.40300", "2005-06-30": "53.48100", "2005-03-31": "92.94800"}, "Basic Shares Outstanding": {"2020-09-30": "14.27500", "2020-06-30": "14.31100", "2020-03-31": "14.34100", "2019-12-31": "14.43200", "2019-09-30": "14.42300", "2019-06-30": "14.43900", "2019-03-31": "14.48100", "2018-12-31": "15.06300", "2018-09-30": "14.93700", "2018-06-30": "15.18000", "2018-03-31": "15.38900", "2017-12-31": "15.41000", "2017-09-30": "15.41600", "2017-06-30": "15.41900", "2017-03-31": "15.41400", "2016-12-31": "15.43600", "2016-09-30": "15.43800", "2016-06-30": "15.43900", "2016-03-31": "15.45200", "2015-12-31": "15.87100", "2015-09-30": "15.90100", "2015-06-30": "15.99500", "2015-03-31": "16.01400", "2014-12-31": "16.40500", "2014-09-30": "16.34400", "2014-06-30": "16.44300", "2014-03-31": "16.68400", "2013-12-31": "16.78700", "2013-09-30": "16.76600", "2013-06-30": "16.78100", "2013-03-31": "16.82200", "2012-12-31": "15.44200", "2012-09-30": "16.93200", "2012-06-30": "16.93100", "2012-03-31": "10.94500", "2011-12-31": "8.80700", "2011-09-30": "8.81200", "2011-06-30": "8.91700", "2011-03-31": "8.92900", "2010-12-31": "9.08200", "2010-09-30": "9.00600", "2010-06-30": "9.12400", "2010-03-31": "9.21300", "2009-12-31": "9.05600", "2009-09-30": "9.35950", "2009-06-30": "8.90260", "2009-03-31": "8.77510", "2008-12-31": "8.82200", "2008-09-30": "9.08210", "2008-06-30": "9.11210", "2008-03-31": "9.09920", "2007-12-31": "9.07780", "2007-09-30": "9.08890", "2007-06-30": "9.08130", "2007-03-31": "9.05510", "2006-12-31": "9.06710", "2006-09-30": "9.03790", "2006-06-30": "9.03230", "2006-03-31": "9.12920", "2005-12-31": "9.14260", "2005-09-30": "9.14930", "2005-06-30": "9.14360", "2005-03-31": "9.11740"}, "Shares Outstanding": {"2020-09-30": "14.27500", "2020-06-30": "14.31100", "2020-03-31": "14.35600", "2019-12-31": "14.44300", "2019-09-30": "14.42300", "2019-06-30": "14.43900", "2019-03-31": "14.48500", "2018-12-31": "15.06300", "2018-09-30": "14.93700", "2018-06-30": "15.18000", "2018-03-31": "15.41900", "2017-12-31": "15.41000", "2017-09-30": "15.45800", "2017-06-30": "15.41900", "2017-03-31": "15.42000", "2016-12-31": "15.44300", "2016-09-30": "15.43800", "2016-06-30": "15.43900", "2016-03-31": "15.46400", "2015-12-31": "15.87900", "2015-09-30": "15.90100", "2015-06-30": "16.00300", "2015-03-31": "16.01400", "2014-12-31": "16.40500", "2014-09-30": "16.34400", "2014-06-30": "16.44300", "2014-03-31": "16.68400", "2013-12-31": "16.78700", "2013-09-30": "16.76600", "2013-06-30": "16.78100", "2013-03-31": "16.82200", "2012-12-31": "15.44200", "2012-09-30": "16.93200", "2012-06-30": "16.95000", "2012-03-31": "10.97300", "2011-12-31": "8.81200", "2011-09-30": "8.82300", "2011-06-30": "8.92200", "2011-03-31": "8.93600", "2010-12-31": "9.08200", "2010-09-30": "9.00600", "2010-06-30": "9.13400", "2010-03-31": "9.22400", "2009-12-31": "9.51800", "2009-09-30": "9.35950", "2009-06-30": "9.58090", "2009-03-31": "9.88180", "2008-12-31": "8.82200", "2008-09-30": "9.08210", "2008-06-30": "9.11210", "2008-03-31": "10.21310", "2007-12-31": "10.19380", "2007-09-30": "10.26880", "2007-06-30": "9.08130", "2007-03-31": "10.18900", "2006-12-31": "9.06710", "2006-09-30": "10.23120", "2006-06-30": "9.15480", "2006-03-31": "9.16150", "2005-12-31": "9.14260", "2005-09-30": "9.14930", "2005-06-30": "9.17880", "2005-03-31": "9.15380"}, "Basic EPS": {"2020-09-30": "8.86000", "2020-06-30": "12.39000", "2020-03-31": "-25.19000", "2019-12-31": "2.31000", "2019-09-30": "6.27000", "2019-06-30": "20.46000", "2019-03-31": "30.40000", "2018-12-31": "-47.04000", "2018-09-30": "19.07000", "2018-06-30": "19.44000", "2018-03-31": "11.15000", "2017-12-31": "9.95000", "2017-09-30": "-20.38000", "2017-06-30": "6.60000", "2017-03-31": "9.68000", "2016-12-31": "4.52000", "2016-09-30": "10.09000", "2016-06-30": "4.99000", "2016-03-31": "10.00000", "2015-12-31": "9.84000", "2015-09-30": "6.07000", "2015-06-30": "11.41000", "2015-03-31": "7.82000", "2014-12-31": "8.66000", "2014-09-30": "11.40000", "2014-06-30": "9.06000", "2014-03-31": "12.28000", "2013-12-31": "12.24000", "2013-09-30": "6.75000", "2013-06-30": "6.78000", "2013-03-31": "11.67000", "2012-12-31": "-19.56000", "2012-09-30": "7.41000", "2012-06-30": "6.46000", "2012-03-31": "51.17000", "2011-12-31": "4.41000", "2011-09-30": "2.17000", "2011-06-30": "1.69000", "2011-03-31": "7.99000", "2010-12-31": "4.21000", "2010-09-30": "4.07000", "2010-06-30": "7.26000", "2010-03-31": "6.31000", "2009-12-31": "14.41670", "2009-09-30": "5.28430", "2009-06-30": "4.91180", "2009-03-31": "4.63730", "2008-12-31": "4.20730", "2008-09-30": "-0.93370", "2008-06-30": "1.48460", "2008-03-31": "10.06540", "2007-12-31": "6.04620", "2007-09-30": "7.26830", "2007-06-30": "6.45360", "2007-03-31": "11.27770", "2006-12-31": "6.36810", "2006-09-30": "5.42960", "2006-06-30": "8.06810", "2006-03-31": "6.48860", "2005-12-31": "5.71680", "2005-09-30": "-10.10950", "2005-06-30": "3.43140", "2005-03-31": "6.67810"}, "EPS - Earnings Per Share": {"2020-09-30": "8.86000", "2020-06-30": "12.39000", "2020-03-31": "-25.37000", "2019-12-31": "2.27000", "2019-09-30": "6.27000", "2019-06-30": "20.46000", "2019-03-31": "30.39000", "2018-12-31": "-46.93000", "2018-09-30": "19.07000", "2018-06-30": "19.44000", "2018-03-31": "11.04000", "2017-12-31": "10.48000", "2017-09-30": "-20.90000", "2017-06-30": "6.60000", "2017-03-31": "9.67000", "2016-12-31": "4.55000", "2016-09-30": "10.09000", "2016-06-30": "4.99000", "2016-03-31": "9.96000", "2015-12-31": "9.84000", "2015-09-30": "6.07000", "2015-06-30": "11.40000", "2015-03-31": "7.82000", "2014-12-31": "8.66000", "2014-09-30": "11.40000", "2014-06-30": "9.06000", "2014-03-31": "12.28000", "2013-12-31": "12.24000", "2013-09-30": "6.75000", "2013-06-30": "6.78000", "2013-03-31": "11.67000", "2012-12-31": "-19.44000", "2012-09-30": "7.41000", "2012-06-30": "6.45000", "2012-03-31": "51.06000", "2011-12-31": "4.52000", "2011-09-30": "2.03000", "2011-06-30": "1.68000", "2011-03-31": "7.97000", "2010-12-31": "4.29000", "2010-09-30": "4.07000", "2010-06-30": "7.24000", "2010-03-31": "6.25000", "2009-12-31": "14.05900", "2009-09-30": "5.28430", "2009-06-30": "4.80390", "2009-03-31": "4.36270", "2008-12-31": "4.87960", "2008-09-30": "-0.93370", "2008-06-30": "1.48460", "2008-03-31": "9.39310", "2007-12-31": "5.83020", "2007-09-30": "6.90210", "2007-06-30": "6.17890", "2007-03-31": "10.45390", "2006-12-31": "5.94130", "2006-09-30": "5.22320", "2006-06-30": "8.00530", "2006-03-31": "6.47060", "2005-12-31": "5.75200", "2005-09-30": "-10.10950", "2005-06-30": "3.42260", "2005-03-31": "6.65170"}}, "balance sheet": {"Cash On Hand": {"2019-12-31": "1179.09800", "2018-12-31": "1038.76300", "2017-12-31": "838.37500", "2016-12-31": "594.09100", "2015-12-31": "475.26700", "2014-12-31": "605.25900", "2013-12-31": "498.31500", "2012-12-31": "649.52400", "2011-12-31": "84.74900", "2010-12-31": "76.74100", "2009-12-31": "32.52600", "2008-12-31": "18.12500", "2007-12-31": "57.64600", "2006-12-31": "68.33200", "2005-12-31": "47.45700"}, "Receivables": {"2019-12-31": "2634.05300", "2018-12-31": "2880.55700", "2017-12-31": "2574.91900", "2016-12-31": "2041.86100", "2015-12-31": "2014.18000", "2014-12-31": "2136.13300", "2013-12-31": "2052.01100", "2012-12-31": "2013.72700", "2011-12-31": "999.85100", "2010-12-31": "1001.37000", "2009-12-31": "1122.16400", "2008-12-31": "1224.79800", "2007-12-31": "1192.86900", "2006-12-31": "1382.42000", "2005-12-31": "1975.42200"}, "Inventory": {"2019-12-31": "", "2018-12-31": "", "2017-12-31": "", "2016-12-31": "", "2015-12-31": "", "2014-12-31": "", "2013-12-31": "", "2012-12-31": "", "2011-12-31": "", "2010-12-31": "", "2009-12-31": "", "2008-12-31": "", "2007-12-31": "", "2006-12-31": "", "2005-12-31": ""}, "Pre-Paid Expenses": {"2019-12-31": "", "2018-12-31": "", "2017-12-31": "", "2016-12-31": "", "2015-12-31": "", "2014-12-31": "", "2013-12-31": "", "2012-12-31": "", "2011-12-31": "", "2010-12-31": "", "2009-12-31": "", "2008-12-31": "", "2007-12-31": "", "2006-12-31": "", "2005-12-31": ""}, "Other Current Assets": {"2019-12-31": "", "2018-12-31": "", "2017-12-31": "", "2016-12-31": "", "2015-12-31": "", "2014-12-31": "", "2013-12-31": "", "2012-12-31": "", "2011-12-31": "", "2010-12-31": "", "2009-12-31": "", "2008-12-31": "", "2007-12-31": "", "2006-12-31": "", "2005-12-31": ""}, "Total Current Assets": {"2019-12-31": "3813.15100", "2018-12-31": "3919.32000", "2017-12-31": "3413.29400", "2016-12-31": "2635.95200", "2015-12-31": "2489.44700", "2014-12-31": "2741.39200", "2013-12-31": "2550.32600", "2012-12-31": "2663.25100", "2011-12-31": "1084.60000", "2010-12-31": "1078.11100", "2009-12-31": "1154.69000", "2008-12-31": "1242.92300", "2007-12-31": "1250.51500", "2006-12-31": "1450.75200", "2005-12-31": "2022.87900"}, "Property, Plant, And Equipment": {"2019-12-31": "205.39700", "2018-12-31": "195.24300", "2017-12-31": "125.33700", "2016-12-31": "112.92000", "2015-12-31": "101.30600", "2014-12-31": "88.91000", "2013-12-31": "58.97400", "2012-12-31": "34.11800", "2011-12-31": "17.90600", "2010-12-31": "19.50400", "2009-12-31": "20.09700", "2008-12-31": "23.31000", "2007-12-31": "19.73500", "2006-12-31": "18.40400", "2005-12-31": "19.70800"}, "Long-Term Investments": {"2019-12-31": "18988.34000", "2018-12-31": "17614.95000", "2017-12-31": "18906.52000", "2016-12-31": "18225.03000", "2015-12-31": "17947.75000", "2014-12-31": "18971.86000", "2013-12-31": "19138.54000", "2012-12-31": "18492.80000", "2011-12-31": "4855.68900", "2010-12-31": "4805.20200", "2009-12-31": "4414.68900", "2008-12-31": "4276.14100", "2007-12-31": "4251.29800", "2006-12-31": "4057.42500", "2005-12-31": "3135.28500"}, "Goodwill And Intangible Assets": {"2019-12-31": "1208.97400", "2018-12-31": "1008.27800", "2017-12-31": "793.94200", "2016-12-31": "663.65400", "2015-12-31": "353.80500", "2014-12-31": "245.28200", "2013-12-31": "227.03100", "2012-12-31": "212.22000", "2011-12-31": "138.95800", "2010-12-31": "142.31200", "2009-12-31": "145.66700", "2008-12-31": "151.22300", "2007-12-31": "207.54000", "2006-12-31": "159.77200", "2005-12-31": "167.50600"}, "Other Long-Term Assets": {"2019-12-31": "2187.30100", "2018-12-31": "1977.66800", "2017-12-31": "1555.39000", "2016-12-31": "1315.54700", "2015-12-31": "1058.88100", "2014-12-31": "699.23200", "2013-12-31": "581.68700", "2012-12-31": "569.49100", "2011-12-31": "229.42400", "2010-12-31": "241.73100", "2009-12-31": "262.26300", "2008-12-31": "286.18500", "2007-12-31": "325.28200", "2006-12-31": "412.36900", "2005-12-31": "388.66800"}, "Total Long-Term Assets": {"2019-12-31": "23118.45000", "2018-12-31": "21425.57000", "2017-12-31": "21971.03000", "2016-12-31": "21120.64000", "2015-12-31": "20349.63000", "2014-12-31": "20748.04000", "2013-12-31": "20810.76000", "2012-12-31": "20144.71000", "2011-12-31": "5393.48900", "2010-12-31": "5353.58800", "2009-12-31": "5038.08000", "2008-12-31": "4938.90500", "2007-12-31": "5691.59700", "2006-12-31": "4727.98800", "2005-12-31": "3773.32800"}, "Total Assets": {"2019-12-31": "26931.60000", "2018-12-31": "25344.90000", "2017-12-31": "25384.32000", "2016-12-31": "23756.59000", "2015-12-31": "22839.08000", "2014-12-31": "23489.44000", "2013-12-31": "23361.09000", "2012-12-31": "22807.97000", "2011-12-31": "6478.08900", "2010-12-31": "6431.69900", "2009-12-31": "6192.77000", "2008-12-31": "6181.82800", "2007-12-31": "6942.11200", "2006-12-31": "6178.74000", "2005-12-31": "5796.20700"}, "Total Current Liabilities": {"2019-12-31": "14682.93000", "2018-12-31": "14686.04000", "2017-12-31": "14209.92000", "2016-12-31": "13353.36000", "2015-12-31": "12944.60000", "2014-12-31": "13510.50000", "2013-12-31": "13808.65000", "2012-12-31": "14012.76000", "2011-12-31": "2908.23700", "2010-12-31": "2894.16900", "2009-12-31": "3146.68000", "2008-12-31": "3246.19800", "2007-12-31": "3136.49000", "2006-12-31": "3305.63700", "2005-12-31": "3575.71600"}, "Long Term Debt": {"2019-12-31": "1751.11300", "2018-12-31": "1669.03900", "2017-12-31": "1484.89700", "2016-12-31": "1476.48900", "2015-12-31": "1419.36300", "2014-12-31": "1767.12500", "2013-12-31": "1794.40700", "2012-12-31": "1811.48300", "2011-12-31": "299.03500", "2010-12-31": "298.92300", "2009-12-31": "", "2008-12-31": "", "2007-12-31": "", "2006-12-31": "80.00000", "2005-12-31": "80.00000"}, "Other Non-Current Liabilities": {"2019-12-31": "1516.07600", "2018-12-31": "1127.34600", "2017-12-31": "1068.90700", "2016-12-31": "912.08100", "2015-12-31": "894.69000", "2014-12-31": "729.76700", "2013-12-31": "810.50700", "2012-12-31": "579.93500", "2011-12-31": "328.89300", "2010-12-31": "326.51900", "2009-12-31": "324.74200", "2008-12-31": "288.94100", "2007-12-31": "286.28400", "2006-12-31": "199.54600", "2005-12-31": "176.17600"}, "Total Long Term Liabilities": {"2019-12-31": "3471.94200", "2018-12-31": "2966.14700", "2017-12-31": "2660.33400", "2016-12-31": "2463.29000", "2015-12-31": "2339.77200", "2014-12-31": "2505.50800", "2013-12-31": "2604.91400", "2012-12-31": "2391.41800", "2011-12-31": "644.17500", "2010-12-31": "628.66200", "2009-12-31": "328.56900", "2008-12-31": "288.94100", "2007-12-31": "1021.29500", "2006-12-31": "423.79800", "2005-12-31": "352.16400"}, "Total Liabilities": {"2019-12-31": "18154.87000", "2018-12-31": "17652.18000", "2017-12-31": "16870.25000", "2016-12-31": "15816.65000", "2015-12-31": "15284.37000", "2014-12-31": "16016.01000", "2013-12-31": "16413.57000", "2012-12-31": "16404.18000", "2011-12-31": "3552.41200", "2010-12-31": "3522.83100", "2009-12-31": "3475.24900", "2008-12-31": "3535.13900", "2007-12-31": "4157.78500", "2006-12-31": "3729.43500", "2005-12-31": "3927.88000"}, "Common Stock Net": {"2019-12-31": "17.46000", "2018-12-31": "17.46000", "2017-12-31": "17.46000", "2016-12-31": "17.46000", "2015-12-31": "17.46000", "2014-12-31": "17.46000", "2013-12-31": "17.46000", "2012-12-31": "17.47900", "2011-12-31": "9.11800", "2010-12-31": "9.11800", "2009-12-31": "9.11800", "2008-12-31": "8.34900", "2007-12-31": "8.15900", "2006-12-31": "7.95900", "2005-12-31": "7.90500"}, "Retained Earnings (Accumulated Deficit)": {"2019-12-31": "6435.16300", "2018-12-31": "5577.36200", "2017-12-31": "5091.28200", "2016-12-31": "5014.04800", "2015-12-31": "4557.12700", "2014-12-31": "3999.36600", "2013-12-31": "3320.12700", "2012-12-31": "2691.70600", "2011-12-31": "1990.30900", "2010-12-31": "1900.35800", "2009-12-31": "1759.45800", "2008-12-31": "1533.08900", "2007-12-31": "1458.62100", "2006-12-31": "1238.73300", "2005-12-31": "1014.86100"}, "Comprehensive Income": {"2019-12-31": "171.35000", "2018-12-31": "-202.00300", "2017-12-31": "618.11800", "2016-12-31": "109.28400", "2015-12-31": "116.27300", "2014-12-31": "353.58400", "2013-12-31": "186.93000", "2012-12-31": "250.50800", "2011-12-31": "155.53200", "2010-12-31": "170.26200", "2009-12-31": "94.04500", "2008-12-31": "87.24900", "2007-12-31": "328.63200", "2006-12-31": "275.87100", "2005-12-31": "254.39700"}, "Other Share Holders Equity": {"2019-12-31": "", "2018-12-31": "", "2017-12-31": "", "2016-12-31": "", "2015-12-31": "", "2014-12-31": "", "2013-12-31": "", "2012-12-31": "", "2011-12-31": "", "2010-12-31": "", "2009-12-31": "", "2008-12-31": "", "2007-12-31": "", "2006-12-31": "", "2005-12-31": ""}, "Share Holder Equity": {"2019-12-31": "8776.73400", "2018-12-31": "7692.71000", "2017-12-31": "8514.06300", "2016-12-31": "7939.94500", "2015-12-31": "7554.70700", "2014-12-31": "7473.42800", "2013-12-31": "6947.52100", "2012-12-31": "6403.78700", "2011-12-31": "2925.67700", "2010-12-31": "2908.86800", "2009-12-31": "2717.52100", "2008-12-31": "2646.68900", "2007-12-31": "2784.32700", "2006-12-31": "2449.30500", "2005-12-31": "1868.32700"}, "Total Liabilities And Share Holders Equity": {"2019-12-31": "26931.60000", "2018-12-31": "25344.90000", "2017-12-31": "25384.32000", "2016-12-31": "23756.59000", "2015-12-31": "22839.08000", "2014-12-31": "23489.44000", "2013-12-31": "23361.09000", "2012-12-31": "22807.97000", "2011-12-31": "6478.08900", "2010-12-31": "6431.69900", "2009-12-31": "6192.77000", "2008-12-31": "6181.82800", "2007-12-31": "6942.11200", "2006-12-31": "6178.74000", "2005-12-31": "5796.20700"}}, "balance sheet, quarterly": {"Cash On Hand": {"2020-09-30": "1230.57900", "2020-06-30": "1652.67100", "2020-03-31": "1555.18500", "2019-12-31": "1179.09800", "2019-09-30": "897.47700", "2019-06-30": "824.81800", "2019-03-31": "778.06400", "2018-12-31": "1038.76300", "2018-09-30": "646.90800", "2018-06-30": "623.22300", "2018-03-31": "711.04000", "2017-12-31": "838.37500", "2017-09-30": "701.84100", "2017-06-30": "643.68500", "2017-03-31": "624.44500", "2016-12-31": "594.09100", "2016-09-30": "568.90700", "2016-06-30": "510.81900", "2016-03-31": "509.74300", "2015-12-31": "475.26700", "2015-09-30": "563.18700", "2015-06-30": "647.90100", "2015-03-31": "537.48500", "2014-12-31": "605.25900", "2014-09-30": "607.60500", "2014-06-30": "419.45500", "2014-03-31": "481.41400", "2013-12-31": "498.31500", "2013-09-30": "414.68200", "2013-06-30": "481.16100", "2013-03-31": "574.87900", "2012-12-31": "649.52400", "2012-09-30": "571.31300", "2012-06-30": "404.61500", "2012-03-31": "520.21600", "2011-12-31": "84.74900", "2011-09-30": "90.47900", "2011-06-30": "85.48400", "2011-03-31": "64.88100", "2010-12-31": "76.74100", "2010-09-30": "103.45900", "2010-06-30": "84.18200", "2010-03-31": "55.77500", "2009-12-31": "32.52600", "2009-09-30": "63.28200", "2009-06-30": "74.94100", "2009-03-31": "50.87000", "2008-12-31": "18.12500", "2008-09-30": "30.13200", "2008-06-30": "29.72400", "2008-03-31": "52.25300", "2007-12-31": "57.64600", "2007-09-30": "33.34000", "2007-06-30": "27.34500", "2007-03-31": "33.26000", "2006-12-31": "68.33200", "2006-09-30": "71.09500", "2006-06-30": "63.93100", "2006-03-31": "29.47200", "2005-12-31": "47.45700", "2005-09-30": "74.78800", "2005-06-30": "74.13500", "2005-03-31": "240.72900"}, "Receivables": {"2020-09-30": "2789.28000", "2020-06-30": "2629.19800", "2020-03-31": "2751.42000", "2019-12-31": "2634.05300", "2019-09-30": "2577.66200", "2019-06-30": "2662.65800", "2019-03-31": "2780.43600", "2018-12-31": "2880.55700", "2018-09-30": "2707.98800", "2018-06-30": "2502.98500", "2018-03-31": "2573.40400", "2017-12-31": "2574.91900", "2017-09-30": "2699.80500", "2017-06-30": "2047.02500", "2017-03-31": "2079.77300", "2016-12-31": "2041.86100", "2016-09-30": "2010.69400", "2016-06-30": "2093.69400", "2016-03-31": "1990.02900", "2015-12-31": "2014.18000", "2015-09-30": "2148.55700", "2015-06-30": "2318.97700", "2015-03-31": "2079.47700", "2014-12-31": "2136.13300", "2014-09-30": "2186.69000", "2014-06-30": "2289.54000", "2014-03-31": "2168.13300", "2013-12-31": "2052.01100", "2013-09-30": "2094.74600", "2013-06-30": "2153.55800", "2013-03-31": "1983.38200", "2012-12-31": "2013.72700", "2012-09-30": "2015.41000", "2012-06-30": "2124.37900", "2012-03-31": "2220.89600", "2011-12-31": "999.85100", "2011-09-30": "1002.10800", "2011-06-30": "1081.10300", "2011-03-31": "1012.02800", "2010-12-31": "1001.37000", "2010-09-30": "1040.48000", "2010-06-30": "1147.35300", "2010-03-31": "1120.59100", "2009-12-31": "1122.16400", "2009-09-30": "1140.15200", "2009-06-30": "1231.44000", "2009-03-31": "1206.02200", "2008-12-31": "1224.79800", "2008-09-30": "1257.80700", "2008-06-30": "1252.47700", "2008-03-31": "1192.36500", "2007-12-31": "1192.86900", "2007-09-30": "1170.28800", "2007-06-30": "1265.29900", "2007-03-31": "1219.06900", "2006-12-31": "1382.42000", "2006-09-30": "1502.38200", "2006-06-30": "1741.58100", "2006-03-31": "1809.72100", "2005-12-31": "1975.42200", "2005-09-30": "1965.79000", "2005-06-30": "1020.14100", "2005-03-31": "985.06100"}, "Inventory": {"2020-09-30": "", "2020-06-30": "", "2020-03-31": "", "2019-12-31": "", "2019-09-30": "", "2019-06-30": "", "2019-03-31": "", "2018-12-31": "", "2018-09-30": "", "2018-06-30": "", "2018-03-31": "", "2017-12-31": "", "2017-09-30": "", "2017-06-30": "", "2017-03-31": "", "2016-12-31": "", "2016-09-30": "", "2016-06-30": "", "2016-03-31": "", "2015-12-31": "", "2015-09-30": "", "2015-06-30": "", "2015-03-31": "", "2014-12-31": "", "2014-09-30": "", "2014-06-30": "", "2014-03-31": "", "2013-12-31": "", "2013-09-30": "", "2013-06-30": "", "2013-03-31": "", "2012-12-31": "", "2012-09-30": "", "2012-06-30": "", "2012-03-31": "", "2011-12-31": "", "2011-09-30": "", "2011-06-30": "", "2011-03-31": "", "2010-12-31": "", "2010-09-30": "", "2010-06-30": "", "2010-03-31": "", "2009-12-31": "", "2009-09-30": "", "2009-06-30": "", "2009-03-31": "", "2008-12-31": "", "2008-09-30": "", "2008-06-30": "", "2008-03-31": "", "2007-12-31": "", "2007-09-30": "", "2007-06-30": "", "2007-03-31": "", "2006-12-31": "", "2006-09-30": "", "2006-06-30": "", "2006-03-31": "", "2005-12-31": "", "2005-09-30": "", "2005-06-30": "", "2005-03-31": ""}, "Pre-Paid Expenses": {"2020-09-30": "", "2020-06-30": "", "2020-03-31": "", "2019-12-31": "", "2019-09-30": "", "2019-06-30": "", "2019-03-31": "", "2018-12-31": "", "2018-09-30": "", "2018-06-30": "", "2018-03-31": "", "2017-12-31": "", "2017-09-30": "", "2017-06-30": "", "2017-03-31": "", "2016-12-31": "", "2016-09-30": "", "2016-06-30": "", "2016-03-31": "", "2015-12-31": "", "2015-09-30": "", "2015-06-30": "", "2015-03-31": "", "2014-12-31": "", "2014-09-30": "", "2014-06-30": "", "2014-03-31": "", "2013-12-31": "", "2013-09-30": "", "2013-06-30": "", "2013-03-31": "", "2012-12-31": "", "2012-09-30": "", "2012-06-30": "", "2012-03-31": "", "2011-12-31": "", "2011-09-30": "", "2011-06-30": "", "2011-03-31": "", "2010-12-31": "", "2010-09-30": "", "2010-06-30": "", "2010-03-31": "", "2009-12-31": "", "2009-09-30": "", "2009-06-30": "", "2009-03-31": "", "2008-12-31": "", "2008-09-30": "", "2008-06-30": "", "2008-03-31": "", "2007-12-31": "", "2007-09-30": "", "2007-06-30": "", "2007-03-31": "", "2006-12-31": "", "2006-09-30": "", "2006-06-30": "", "2006-03-31": "", "2005-12-31": "", "2005-09-30": "", "2005-06-30": "", "2005-03-31": ""}, "Other Current Assets": {"2020-09-30": "", "2020-06-30": "", "2020-03-31": "", "2019-12-31": "", "2019-09-30": "", "2019-06-30": "", "2019-03-31": "", "2018-12-31": "", "2018-09-30": "", "2018-06-30": "", "2018-03-31": "", "2017-12-31": "", "2017-09-30": "", "2017-06-30": "", "2017-03-31": "", "2016-12-31": "", "2016-09-30": "", "2016-06-30": "", "2016-03-31": "", "2015-12-31": "", "2015-09-30": "", "2015-06-30": "", "2015-03-31": "", "2014-12-31": "", "2014-09-30": "", "2014-06-30": "", "2014-03-31": "", "2013-12-31": "", "2013-09-30": "", "2013-06-30": "", "2013-03-31": "", "2012-12-31": "", "2012-09-30": "", "2012-06-30": "", "2012-03-31": "", "2011-12-31": "", "2011-09-30": "", "2011-06-30": "", "2011-03-31": "", "2010-12-31": "", "2010-09-30": "", "2010-06-30": "", "2010-03-31": "", "2009-12-31": "", "2009-09-30": "", "2009-06-30": "", "2009-03-31": "", "2008-12-31": "", "2008-09-30": "", "2008-06-30": "", "2008-03-31": "", "2007-12-31": "", "2007-09-30": "", "2007-06-30": "", "2007-03-31": "", "2006-12-31": "", "2006-09-30": "", "2006-06-30": "", "2006-03-31": "", "2005-12-31": "", "2005-09-30": "", "2005-06-30": "", "2005-03-31": ""}, "Total Current Assets": {"2020-09-30": "4019.85900", "2020-06-30": "4281.86900", "2020-03-31": "4306.60500", "2019-12-31": "3813.15100", "2019-09-30": "3475.13900", "2019-06-30": "3487.47600", "2019-03-31": "3558.50000", "2018-12-31": "3919.32000", "2018-09-30": "3354.89600", "2018-06-30": "3126.20800", "2018-03-31": "3284.44400", "2017-12-31": "3413.29400", "2017-09-30": "3401.64600", "2017-06-30": "2690.71000", "2017-03-31": "2704.21800", "2016-12-31": "2635.95200", "2016-09-30": "2579.60100", "2016-06-30": "2604.51300", "2016-03-31": "2499.77200", "2015-12-31": "2489.44700", "2015-09-30": "2711.74400", "2015-06-30": "2966.87800", "2015-03-31": "2616.96200", "2014-12-31": "2741.39200", "2014-09-30": "2794.29500", "2014-06-30": "2708.99500", "2014-03-31": "2649.54700", "2013-12-31": "2550.32600", "2013-09-30": "2509.42800", "2013-06-30": "2634.71900", "2013-03-31": "2558.26100", "2012-12-31": "2663.25100", "2012-09-30": "2586.72300", "2012-06-30": "2528.99400", "2012-03-31": "2741.11200", "2011-12-31": "1084.60000", "2011-09-30": "1092.58700", "2011-06-30": "1166.58700", "2011-03-31": "1076.90900", "2010-12-31": "1078.11100", "2010-09-30": "1143.93900", "2010-06-30": "1231.53500", "2010-03-31": "1176.36600", "2009-12-31": "1154.69000", "2009-09-30": "1203.43400", "2009-06-30": "1306.38100", "2009-03-31": "1256.89200", "2008-12-31": "1242.92300", "2008-09-30": "1287.93900", "2008-06-30": "1282.20100", "2008-03-31": "1244.61800", "2007-12-31": "1250.51500", "2007-09-30": "1203.62800", "2007-06-30": "1292.64400", "2007-03-31": "1252.32900", "2006-12-31": "1450.75200", "2006-09-30": "1573.47700", "2006-06-30": "1805.51200", "2006-03-31": "1839.19300", "2005-12-31": "2022.87900", "2005-09-30": "2040.57800", "2005-06-30": "1094.27600", "2005-03-31": "1225.79000"}, "Property, Plant, And Equipment": {"2020-09-30": "270.17800", "2020-06-30": "272.36000", "2020-03-31": "208.30000", "2019-12-31": "205.39700", "2019-09-30": "206.34600", "2019-06-30": "202.48000", "2019-03-31": "199.04500", "2018-12-31": "195.24300", "2018-09-30": "196.31400", "2018-06-30": "197.67800", "2018-03-31": "198.70700", "2017-12-31": "125.33700", "2017-09-30": "130.52400", "2017-06-30": "130.42000", "2017-03-31": "111.42000", "2016-12-31": "112.92000", "2016-09-30": "109.82100", "2016-06-30": "104.97700", "2016-03-31": "99.95800", "2015-12-31": "101.30600", "2015-09-30": "95.74000", "2015-06-30": "96.88900", "2015-03-31": "95.34200", "2014-12-31": "88.91000", "2014-09-30": "86.64600", "2014-06-30": "82.70600", "2014-03-31": "67.77700", "2013-12-31": "58.97400", "2013-09-30": "55.08000", "2013-06-30": "35.10500", "2013-03-31": "33.21800", "2012-12-31": "34.11800", "2012-09-30": "31.09800", "2012-06-30": "31.54100", "2012-03-31": "22.30400", "2011-12-31": "17.90600", "2011-09-30": "18.82700", "2011-06-30": "20.26900", "2011-03-31": "20.18900", "2010-12-31": "19.50400", "2010-09-30": "19.52700", "2010-06-30": "20.12800", "2010-03-31": "19.73800", "2009-12-31": "20.09700", "2009-09-30": "20.83100", "2009-06-30": "21.10100", "2009-03-31": "22.75500", "2008-12-31": "23.31000", "2008-09-30": "22.05000", "2008-06-30": "19.72500", "2008-03-31": "20.90500", "2007-12-31": "19.73500", "2007-09-30": "21.47700", "2007-06-30": "17.79800", "2007-03-31": "18.03800", "2006-12-31": "18.40400", "2006-09-30": "18.10600", "2006-06-30": "18.80800", "2006-03-31": "19.00600", "2005-12-31": "19.70800", "2005-09-30": "18.24600", "2005-06-30": "17.75300", "2005-03-31": "164.97600"}, "Long-Term Investments": {"2020-09-30": "19612.02000", "2020-06-30": "18700.71000", "2020-03-31": "16902.52000", "2019-12-31": "18988.34000", "2019-09-30": "18965.45000", "2019-06-30": "18849.01000", "2019-03-31": "18414.66000", "2018-12-31": "17614.95000", "2018-09-30": "19141.45000", "2018-06-30": "18741.37000", "2018-03-31": "18587.26000", "2017-12-31": "18906.52000", "2017-09-30": "19077.92000", "2017-06-30": "18788.59000", "2017-03-31": "18404.24000", "2016-12-31": "18225.03000", "2016-09-30": "18636.84000", "2016-06-30": "18266.22000", "2016-03-31": "18090.08000", "2015-12-31": "17947.75000", "2015-09-30": "18761.41000", "2015-06-30": "19175.59000", "2015-03-31": "19103.83000", "2014-12-31": "18971.86000", "2014-09-30": "19293.00000", "2014-06-30": "19412.31000", "2014-03-31": "19128.09000", "2013-12-31": "19138.54000", "2013-09-30": "18944.67000", "2013-06-30": "18472.26000", "2013-03-31": "18673.32000", "2012-12-31": "18492.80000", "2012-09-30": "18624.60000", "2012-06-30": "18264.82000", "2012-03-31": "17681.92000", "2011-12-31": "4855.68900", "2011-09-30": "4713.39500", "2011-06-30": "4898.66200", "2011-03-31": "4880.69000", "2010-12-31": "4805.20200", "2010-09-30": "4749.20300", "2010-06-30": "4314.96900", "2010-03-31": "4357.94500", "2009-12-31": "4414.68900", "2009-09-30": "4375.71600", "2009-06-30": "4184.79100", "2009-03-31": "4061.38400", "2008-12-31": "4276.14100", "2008-09-30": "4229.13200", "2008-06-30": "4401.96100", "2008-03-31": "4891.57100", "2007-12-31": "4251.29800", "2007-09-30": "4717.76900", "2007-06-30": "4392.05700", "2007-03-31": "4313.95200", "2006-12-31": "4057.42500", "2006-09-30": "3950.96900", "2006-06-30": "3732.75100", "2006-03-31": "3273.10100", "2005-12-31": "3135.28500", "2005-09-30": "2958.73200", "2005-06-30": "2573.03500", "2005-03-31": "2369.58200"}, "Goodwill And Intangible Assets": {"2020-09-30": "1411.40400", "2020-06-30": "1421.98700", "2020-03-31": "1218.46100", "2019-12-31": "1208.97400", "2019-09-30": "1072.73400", "2019-06-30": "1069.01900", "2019-03-31": "1005.44200", "2018-12-31": "1008.27800", "2018-09-30": "811.85200", "2018-06-30": "809.81400", "2018-03-31": "812.78100", "2017-12-31": "793.94200", "2017-09-30": "798.70400", "2017-06-30": "790.54000", "2017-03-31": "659.88900", "2016-12-31": "663.65400", "2016-09-30": "635.29000", "2016-06-30": "618.22300", "2016-03-31": "350.71900", "2015-12-31": "353.80500", "2015-09-30": "249.09700", "2015-06-30": "247.99300", "2015-03-31": "246.94300", "2014-12-31": "245.28200", "2014-09-30": "231.20400", "2014-06-30": "229.76700", "2014-03-31": "228.89200", "2013-12-31": "227.03100", "2013-09-30": "225.55500", "2013-06-30": "199.76500", "2013-03-31": "200.58900", "2012-12-31": "212.22000", "2012-09-30": "248.16400", "2012-06-30": "357.57100", "2012-03-31": "430.56800", "2011-12-31": "138.95800", "2011-09-30": "139.79600", "2011-06-30": "140.63500", "2011-03-31": "141.47400", "2010-12-31": "142.31200", "2010-09-30": "143.15100", "2010-06-30": "143.98900", "2010-03-31": "144.82900", "2009-12-31": "145.66700", "2009-09-30": "137.47500", "2009-06-30": "138.20000", "2009-03-31": "150.30600", "2008-12-31": "151.22300", "2008-09-30": "201.40600", "2008-06-30": "203.45200", "2008-03-31": "217.94500", "2007-12-31": "207.54000", "2007-09-30": "222.86800", "2007-06-30": "156.17100", "2007-03-31": "157.97200", "2006-12-31": "159.77200", "2006-09-30": "161.57300", "2006-06-30": "163.37400", "2006-03-31": "165.48300", "2005-12-31": "167.50600", "2005-09-30": "169.62700", "2005-06-30": "171.75000", "2005-03-31": "221.33900"}, "Other Long-Term Assets": {"2020-09-30": "2558.40100", "2020-06-30": "2343.92300", "2020-03-31": "2386.20100", "2019-12-31": "2187.30100", "2019-09-30": "2265.33400", "2019-06-30": "2245.74600", "2019-03-31": "2117.01900", "2018-12-31": "1977.66800", "2018-09-30": "1820.09400", "2018-06-30": "1680.76700", "2018-03-31": "1622.59300", "2017-12-31": "1555.39000", "2017-09-30": "1562.54300", "2017-06-30": "1474.55900", "2017-03-31": "1339.15300", "2016-12-31": "1315.54700", "2016-09-30": "1444.79400", "2016-06-30": "1429.09900", "2016-03-31": "1220.88000", "2015-12-31": "1058.88100", "2015-09-30": "749.24300", "2015-06-30": "670.01900", "2015-03-31": "788.34700", "2014-12-31": "699.23200", "2014-09-30": "772.22200", "2014-06-30": "710.07800", "2014-03-31": "648.93300", "2013-12-31": "581.68700", "2013-09-30": "592.14500", "2013-06-30": "599.49800", "2013-03-31": "532.36400", "2012-12-31": "569.49100", "2012-09-30": "532.12300", "2012-06-30": "510.30200", "2012-03-31": "295.93000", "2011-12-31": "229.42400", "2011-09-30": "254.92300", "2011-06-30": "280.39300", "2011-03-31": "327.20900", "2010-12-31": "241.73100", "2010-09-30": "255.71300", "2010-06-30": "288.21700", "2010-03-31": "305.14600", "2009-12-31": "262.26300", "2009-09-30": "356.09300", "2009-06-30": "306.75200", "2009-03-31": "296.39000", "2008-12-31": "286.18500", "2008-09-30": "388.27600", "2008-06-30": "332.71800", "2008-03-31": "363.31100", "2007-12-31": "325.28200", "2007-09-30": "394.35900", "2007-06-30": "394.41700", "2007-03-31": "387.06200", "2006-12-31": "412.36900", "2006-09-30": "445.44400", "2006-06-30": "395.97200", "2006-03-31": "375.72500", "2005-12-31": "388.66800", "2005-09-30": "354.07800", "2005-06-30": "356.91900", "2005-03-31": "436.21200"}, "Total Long-Term Assets": {"2020-09-30": "24432.71000", "2020-06-30": "23339.00000", "2020-03-31": "21446.34000", "2019-12-31": "23118.45000", "2019-09-30": "23015.69000", "2019-06-30": "22868.90000", "2019-03-31": "22234.56000", "2018-12-31": "21425.57000", "2018-09-30": "22440.99000", "2018-06-30": "21959.68000", "2018-03-31": "21812.81000", "2017-12-31": "21971.03000", "2017-09-30": "22312.59000", "2017-06-30": "21838.78000", "2017-03-31": "21234.92000", "2016-12-31": "21120.64000", "2016-09-30": "21537.39000", "2016-06-30": "21210.28000", "2016-03-31": "20555.57000", "2015-12-31": "20349.63000", "2015-09-30": "20722.39000", "2015-06-30": "20961.41000", "2015-03-31": "20943.97000", "2014-12-31": "20748.04000", "2014-09-30": "21135.17000", "2014-06-30": "21132.91000", "2014-03-31": "20844.79000", "2013-12-31": "20810.76000", "2013-09-30": "20732.32000", "2013-06-30": "20255.36000", "2013-03-31": "20246.29000", "2012-12-31": "20144.71000", "2012-09-30": "20170.92000", "2012-06-30": "19889.70000", "2012-03-31": "19034.04000", "2011-12-31": "5393.48900", "2011-09-30": "5319.73700", "2011-06-30": "5449.28000", "2011-03-31": "5453.09000", "2010-12-31": "5353.58800", "2010-09-30": "5350.85000", "2010-06-30": "4987.29400", "2010-03-31": "5009.93000", "2009-12-31": "5038.08000", "2009-09-30": "5059.63900", "2009-06-30": "4868.75400", "2009-03-31": "4755.79400", "2008-12-31": "4938.90500", "2008-09-30": "5908.05300", "2008-06-30": "5927.15500", "2008-03-31": "5583.03700", "2007-12-31": "5691.59700", "2007-09-30": "5447.46500", "2007-06-30": "5046.65200", "2007-03-31": "4958.72700", "2006-12-31": "4727.98800", "2006-09-30": "4656.44500", "2006-06-30": "4387.05200", "2006-03-31": "4043.01900", "2005-12-31": "3773.32800", "2005-09-30": "3673.69800", "2005-06-30": "3614.03600", "2005-03-31": "3358.36100"}, "Total Assets": {"2020-09-30": "28452.57000", "2020-06-30": "27620.87000", "2020-03-31": "25752.94000", "2019-12-31": "26931.60000", "2019-09-30": "26490.83000", "2019-06-30": "26356.38000", "2019-03-31": "25793.06000", "2018-12-31": "25344.90000", "2018-09-30": "25795.88000", "2018-06-30": "25085.89000", "2018-03-31": "25097.26000", "2017-12-31": "25384.32000", "2017-09-30": "25714.23000", "2017-06-30": "24529.49000", "2017-03-31": "23939.14000", "2016-12-31": "23756.59000", "2016-09-30": "24117.00000", "2016-06-30": "23814.79000", "2016-03-31": "23055.34000", "2015-12-31": "22839.08000", "2015-09-30": "23434.13000", "2015-06-30": "23928.29000", "2015-03-31": "23560.93000", "2014-12-31": "23489.44000", "2014-09-30": "23929.47000", "2014-06-30": "23841.91000", "2014-03-31": "23494.34000", "2013-12-31": "23361.09000", "2013-09-30": "23241.75000", "2013-06-30": "22890.08000", "2013-03-31": "22804.55000", "2012-12-31": "22807.97000", "2012-09-30": "22757.64000", "2012-06-30": "22418.69000", "2012-03-31": "21775.15000", "2011-12-31": "6478.08900", "2011-09-30": "6412.32400", "2011-06-30": "6615.86700", "2011-03-31": "6529.99900", "2010-12-31": "6431.69900", "2010-09-30": "6494.78900", "2010-06-30": "6218.82900", "2010-03-31": "6186.29600", "2009-12-31": "6192.77000", "2009-09-30": "6263.07300", "2009-06-30": "6175.13500", "2009-03-31": "6012.68600", "2008-12-31": "6181.82800", "2008-09-30": "7195.99200", "2008-06-30": "7209.35600", "2008-03-31": "6827.65500", "2007-12-31": "6942.11200", "2007-09-30": "6651.09300", "2007-06-30": "6339.29600", "2007-03-31": "6211.05500", "2006-12-31": "6178.74000", "2006-09-30": "6229.92200", "2006-06-30": "6192.56400", "2006-03-31": "5882.21200", "2005-12-31": "5796.20700", "2005-09-30": "5714.27600", "2005-06-30": "4708.31200", "2005-03-31": "4584.15100"}, "Total Current Liabilities": {"2020-09-30": "15771.55000", "2020-06-30": "15024.77000", "2020-03-31": "14919.63000", "2019-12-31": "14682.93000", "2019-09-30": "14314.26000", "2019-06-30": "14281.96000", "2019-03-31": "14398.45000", "2018-12-31": "14686.04000", "2018-09-30": "14316.27000", "2018-06-30": "13955.25000", "2018-03-31": "14126.09000", "2017-12-31": "14209.92000", "2017-09-30": "14895.61000", "2017-06-30": "13435.31000", "2017-03-31": "13317.11000", "2016-12-31": "13353.36000", "2016-09-30": "13399.62000", "2016-06-30": "13401.15000", "2016-03-31": "13016.95000", "2015-12-31": "12944.60000", "2015-09-30": "13434.99000", "2015-06-30": "13527.58000", "2015-03-31": "13405.35000", "2014-12-31": "13510.50000", "2014-09-30": "13777.08000", "2014-06-30": "13910.42000", "2014-03-31": "13830.07000", "2013-12-31": "13808.65000", "2013-09-30": "13956.77000", "2013-06-30": "14003.18000", "2013-03-31": "13855.60000", "2012-12-31": "14012.76000", "2012-09-30": "13730.30000", "2012-06-30": "13664.69000", "2012-03-31": "13652.33000", "2011-12-31": "2908.23700", "2011-09-30": "2951.63100", "2011-06-30": "2980.47500", "2011-03-31": "2837.68400", "2010-12-31": "2894.16900", "2010-09-30": "3005.23400", "2010-06-30": "3083.74400", "2010-03-31": "3071.69800", "2009-12-31": "3146.68000", "2009-09-30": "3280.85700", "2009-06-30": "3338.44100", "2009-03-31": "3222.85900", "2008-12-31": "3246.19800", "2008-09-30": "3371.83600", "2008-06-30": "3265.48700", "2008-03-31": "3556.07800", "2007-12-31": "3136.49000", "2007-09-30": "3505.74100", "2007-06-30": "3366.19300", "2007-03-31": "3259.91400", "2006-12-31": "3305.63700", "2006-09-30": "3407.96700", "2006-06-30": "3477.65500", "2006-03-31": "3419.94000", "2005-12-31": "3575.71600", "2005-09-30": "3462.66800", "2005-06-30": "2276.60200", "2005-03-31": "2117.72200"}, "Long Term Debt": {"2020-09-30": "2041.61000", "2020-06-30": "2017.90300", "2020-03-31": "1514.38100", "2019-12-31": "1751.11300", "2019-09-30": "1695.30300", "2019-06-30": "1714.65200", "2019-03-31": "1676.42100", "2018-12-31": "1669.03900", "2018-09-30": "1581.67600", "2018-06-30": "1569.36700", "2018-03-31": "1540.86500", "2017-12-31": "1484.89700", "2017-09-30": "1486.37500", "2017-06-30": "1487.47500", "2017-03-31": "1471.18300", "2016-12-31": "1476.48900", "2016-09-30": "1383.68000", "2016-06-30": "1383.62800", "2016-03-31": "1383.57200", "2015-12-31": "1419.36300", "2015-09-30": "1759.48800", "2015-06-30": "1762.06900", "2015-03-31": "1764.60300", "2014-12-31": "1767.12500", "2014-09-30": "2079.17000", "2014-06-30": "1785.66100", "2014-03-31": "1790.04100", "2013-12-31": "1794.40700", "2013-09-30": "1798.70900", "2013-06-30": "1803.00800", "2013-03-31": "1807.25200", "2012-12-31": "1811.48300", "2012-09-30": "1815.66000", "2012-06-30": "1819.82500", "2012-03-31": "1423.88300", "2011-12-31": "299.03500", "2011-09-30": "299.00700", "2011-06-30": "298.97900", "2011-03-31": "298.95200", "2010-12-31": "298.92300", "2010-09-30": "298.89600", "2010-06-30": "", "2010-03-31": "", "2009-12-31": "", "2009-09-30": "", "2009-06-30": "", "2009-03-31": "", "2008-12-31": "", "2008-09-30": "", "2008-06-30": "", "2008-03-31": "5.00000", "2007-12-31": "", "2007-09-30": "", "2007-06-30": "", "2007-03-31": "", "2006-12-31": "80.00000", "2006-09-30": "80.00000", "2006-06-30": "80.00000", "2006-03-31": "80.00000", "2005-12-31": "80.00000", "2005-09-30": "80.00000", "2005-06-30": "80.00000", "2005-03-31": "138.86000"}, "Other Non-Current Liabilities": {"2020-09-30": "1800.36000", "2020-06-30": "1881.47300", "2020-03-31": "1253.51100", "2019-12-31": "1516.07600", "2019-09-30": "1468.22200", "2019-06-30": "1455.40600", "2019-03-31": "1305.97600", "2018-12-31": "1127.34600", "2018-09-30": "1158.14600", "2018-06-30": "1021.51200", "2018-03-31": "919.27000", "2017-12-31": "1068.90700", "2017-09-30": "1027.74600", "2017-06-30": "1070.75900", "2017-03-31": "892.52600", "2016-12-31": "912.08100", "2016-09-30": "1151.39000", "2016-06-30": "997.16500", "2016-03-31": "857.21600", "2015-12-31": "894.69000", "2015-09-30": "778.87100", "2015-06-30": "988.26100", "2015-03-31": "752.67100", "2014-12-31": "729.76700", "2014-09-30": "658.75100", "2014-06-30": "738.52700", "2014-03-31": "736.14700", "2013-12-31": "810.50700", "2013-09-30": "736.57100", "2013-06-30": "585.51600", "2013-03-31": "506.08500", "2012-12-31": "579.93500", "2012-09-30": "630.61400", "2012-06-30": "654.05100", "2012-03-31": "515.84500", "2011-12-31": "328.89300", "2011-09-30": "314.03100", "2011-06-30": "306.96400", "2011-03-31": "338.82400", "2010-12-31": "326.51900", "2010-09-30": "372.39000", "2010-06-30": "420.99400", "2010-03-31": "328.06100", "2009-12-31": "324.74200", "2009-09-30": "301.49100", "2009-06-30": "269.44100", "2009-03-31": "238.79800", "2008-12-31": "288.94100", "2008-09-30": "352.07400", "2008-06-30": "279.45400", "2008-03-31": "251.73900", "2007-12-31": "286.28400", "2007-09-30": "274.48000", "2007-06-30": "239.25000", "2007-03-31": "221.32100", "2006-12-31": "199.54600", "2006-09-30": "226.28500", "2006-06-30": "173.41000", "2006-03-31": "152.46100", "2005-12-31": "176.17600", "2005-09-30": "152.92000", "2005-06-30": "139.59500", "2005-03-31": "228.38900"}, "Total Long Term Liabilities": {"2020-09-30": "4084.62200", "2020-06-30": "4139.86200", "2020-03-31": "2976.25300", "2019-12-31": "3471.94200", "2019-09-30": "3347.91100", "2019-06-30": "3388.49800", "2019-03-31": "3158.11800", "2018-12-31": "2966.14700", "2018-09-30": "2884.52700", "2018-06-30": "2726.25100", "2018-03-31": "2597.76600", "2017-12-31": "2660.33400", "2017-09-30": "2617.60000", "2017-06-30": "2658.92400", "2017-03-31": "2437.18100", "2016-12-31": "2463.29000", "2016-09-30": "2612.25500", "2016-06-30": "2495.83800", "2016-03-31": "2266.65400", "2015-12-31": "2339.77200", "2015-09-30": "2538.35900", "2015-06-30": "2750.33000", "2015-03-31": "2517.27400", "2014-12-31": "2505.50800", "2014-09-30": "2737.92100", "2014-06-30": "2524.18800", "2014-03-31": "2526.18800", "2013-12-31": "2604.91400", "2013-09-30": "2545.41500", "2013-06-30": "2388.52400", "2013-03-31": "2323.64800", "2012-12-31": "2391.41800", "2012-09-30": "2446.27400", "2012-06-30": "2473.87600", "2012-03-31": "1939.72800", "2011-12-31": "644.17500", "2011-09-30": "613.03800", "2011-06-30": "605.94300", "2011-03-31": "640.33300", "2010-12-31": "628.66200", "2010-09-30": "675.97600", "2010-06-30": "420.99400", "2010-03-31": "340.30600", "2009-12-31": "328.56900", "2009-09-30": "301.75900", "2009-06-30": "269.44100", "2009-03-31": "238.79800", "2008-12-31": "288.94100", "2008-09-30": "1134.67500", "2008-06-30": "1046.68000", "2008-03-31": "433.22200", "2007-12-31": "1021.29500", "2007-09-30": "450.49900", "2007-06-30": "372.07000", "2007-03-31": "439.35600", "2006-12-31": "423.79800", "2006-09-30": "477.42800", "2006-06-30": "426.59100", "2006-03-31": "521.61500", "2005-12-31": "352.16400", "2005-09-30": "444.32300", "2005-06-30": "591.21800", "2005-03-31": "638.64100"}, "Total Liabilities": {"2020-09-30": "19856.18000", "2020-06-30": "19164.64000", "2020-03-31": "17895.88000", "2019-12-31": "18154.87000", "2019-09-30": "17662.17000", "2019-06-30": "17670.46000", "2019-03-31": "17556.57000", "2018-12-31": "17652.18000", "2018-09-30": "17200.80000", "2018-06-30": "16681.50000", "2018-03-31": "16723.85000", "2017-12-31": "16870.25000", "2017-09-30": "17513.21000", "2017-06-30": "16094.23000", "2017-03-31": "15754.29000", "2016-12-31": "15816.65000", "2016-09-30": "16011.88000", "2016-06-30": "15896.99000", "2016-03-31": "15283.61000", "2015-12-31": "15284.37000", "2015-09-30": "15973.35000", "2015-06-30": "16277.91000", "2015-03-31": "15922.62000", "2014-12-31": "16016.01000", "2014-09-30": "16515.00000", "2014-06-30": "16434.61000", "2014-03-31": "16356.26000", "2013-12-31": "16413.57000", "2013-09-30": "16502.18000", "2013-06-30": "16391.71000", "2013-03-31": "16179.25000", "2012-12-31": "16404.18000", "2012-09-30": "16176.57000", "2012-06-30": "16138.57000", "2012-03-31": "15592.05000", "2011-12-31": "3552.41200", "2011-09-30": "3564.66900", "2011-06-30": "3586.41800", "2011-03-31": "3478.01700", "2010-12-31": "3522.83100", "2010-09-30": "3681.21000", "2010-06-30": "3504.73800", "2010-03-31": "3412.00400", "2009-12-31": "3475.24900", "2009-09-30": "3582.61600", "2009-06-30": "3607.88200", "2009-03-31": "3461.65700", "2008-12-31": "3535.13900", "2008-09-30": "4506.51100", "2008-06-30": "4312.16700", "2008-03-31": "3989.30000", "2007-12-31": "4157.78500", "2007-09-30": "3956.24000", "2007-06-30": "3738.26300", "2007-03-31": "3699.27000", "2006-12-31": "3729.43500", "2006-09-30": "3885.39500", "2006-06-30": "3904.24600", "2006-03-31": "3941.55500", "2005-12-31": "3927.88000", "2005-09-30": "3906.99100", "2005-06-30": "2867.82000", "2005-03-31": "2756.36300"}, "Common Stock Net": {"2020-09-30": "17.46000", "2020-06-30": "17.46000", "2020-03-31": "17.46000", "2019-12-31": "17.46000", "2019-09-30": "17.46000", "2019-06-30": "17.46000", "2019-03-31": "17.46000", "2018-12-31": "17.46000", "2018-09-30": "17.46000", "2018-06-30": "17.46000", "2018-03-31": "17.46000", "2017-12-31": "17.46000", "2017-09-30": "17.46000", "2017-06-30": "17.46000", "2017-03-31": "17.46000", "2016-12-31": "17.46000", "2016-09-30": "17.46000", "2016-06-30": "17.46000", "2016-03-31": "17.46000", "2015-12-31": "17.46000", "2015-09-30": "17.46000", "2015-06-30": "17.46000", "2015-03-31": "17.46000", "2014-12-31": "17.46000", "2014-09-30": "17.46000", "2014-06-30": "17.46000", "2014-03-31": "17.46000", "2013-12-31": "17.46000", "2013-09-30": "17.46000", "2013-06-30": "17.46000", "2013-03-31": "17.46000", "2012-12-31": "17.47900", "2012-09-30": "17.47900", "2012-06-30": "17.47900", "2012-03-31": "17.47900", "2011-12-31": "9.11800", "2011-09-30": "9.11800", "2011-06-30": "9.11700", "2011-03-31": "9.11800", "2010-12-31": "9.11800", "2010-09-30": "9.11800", "2010-06-30": "9.11800", "2010-03-31": "9.11800", "2009-12-31": "9.11800", "2009-09-30": "9.11800", "2009-06-30": "9.11800", "2009-03-31": "8.34600", "2008-12-31": "8.34900", "2008-09-30": "8.34900", "2008-06-30": "8.34900", "2008-03-31": "8.17600", "2007-12-31": "8.15900", "2007-09-30": "8.15900", "2007-06-30": "8.15300", "2007-03-31": "7.98600", "2006-12-31": "7.95900", "2006-09-30": "7.95300", "2006-06-30": "7.95000", "2006-03-31": "7.92500", "2005-12-31": "7.90500", "2005-09-30": "", "2005-06-30": "", "2005-03-31": ""}, "Retained Earnings (Accumulated Deficit)": {"2020-09-30": "6159.26200", "2020-06-30": "6032.74000", "2020-03-31": "5855.36200", "2019-12-31": "6435.16300", "2019-09-30": "6403.48000", "2019-06-30": "6313.04800", "2019-03-31": "6017.58900", "2018-12-31": "5577.36200", "2018-09-30": "6289.40600", "2018-06-30": "6004.50600", "2018-03-31": "5709.42700", "2017-12-31": "5091.28200", "2017-09-30": "4950.87800", "2017-06-30": "5265.03500", "2017-03-31": "5163.22400", "2016-12-31": "5014.04800", "2016-09-30": "4944.53400", "2016-06-30": "4788.70300", "2016-03-31": "4711.63200", "2015-12-31": "4557.12700", "2015-09-30": "4403.58300", "2015-06-30": "4307.05300", "2015-03-31": "4124.57500", "2014-12-31": "3999.36600", "2014-09-30": "3860.30200", "2014-06-30": "3673.98700", "2014-03-31": "3525.00700", "2013-12-31": "3320.12700", "2013-09-30": "3114.87600", "2013-06-30": "3001.70900", "2013-03-31": "2888.00000", "2012-12-31": "2691.70600", "2012-09-30": "2784.32000", "2012-06-30": "2658.98800", "2012-03-31": "2549.68000", "2011-12-31": "1990.30900", "2011-09-30": "1952.63700", "2011-06-30": "1933.39700", "2011-03-31": "1976.67300", "2010-12-31": "1900.35800", "2010-09-30": "1862.85700", "2010-06-30": "1826.17200", "2010-03-31": "1812.80300", "2009-12-31": "1759.45800", "2009-09-30": "1628.52300", "2009-06-30": "1579.03600", "2009-03-31": "1573.75500", "2008-12-31": "1533.08900", "2008-09-30": "1498.90900", "2008-06-30": "1522.43000", "2008-03-31": "1562.77500", "2007-12-31": "1458.62100", "2007-09-30": "1382.47300", "2007-06-30": "1314.80400", "2007-03-31": "1314.78700", "2006-12-31": "1238.73300", "2006-09-30": "1151.53800", "2006-06-30": "1102.49900", "2006-03-31": "1074.06700", "2005-12-31": "1014.86100", "2005-09-30": "", "2005-06-30": "", "2005-03-31": ""}, "Comprehensive Income": {"2020-09-30": "375.31000", "2020-06-30": "291.99300", "2020-03-31": "-129.34300", "2019-12-31": "171.35000", "2019-09-30": "223.26600", "2019-06-30": "151.96400", "2019-03-31": "-14.15700", "2018-12-31": "-202.00300", "2018-09-30": "-220.80800", "2018-06-30": "-172.30700", "2018-03-31": "-123.62000", "2017-12-31": "618.11800", "2017-09-30": "438.40300", "2017-06-30": "350.35700", "2017-03-31": "202.18500", "2016-12-31": "109.28400", "2016-09-30": "331.59300", "2016-06-30": "297.95200", "2016-03-31": "229.37600", "2015-12-31": "116.27300", "2015-09-30": "116.33300", "2015-06-30": "252.23400", "2015-03-31": "409.78900", "2014-12-31": "353.58400", "2014-09-30": "346.03000", "2014-06-30": "464.56100", "2014-03-31": "279.04900", "2013-12-31": "186.93000", "2013-09-30": "185.55400", "2013-06-30": "80.89200", "2013-03-31": "313.50400", "2012-12-31": "250.50800", "2012-09-30": "314.01800", "2012-06-30": "139.03100", "2012-03-31": "152.36000", "2011-12-31": "155.53200", "2011-09-30": "71.75700", "2011-06-30": "218.14900", "2011-03-31": "241.86600", "2010-12-31": "170.26200", "2010-09-30": "96.64300", "2010-06-30": "32.11400", "2010-03-31": "107.40700", "2009-12-31": "94.04500", "2009-09-30": "159.57600", "2009-06-30": "81.13300", "2009-03-31": "50.14500", "2008-12-31": "87.24900", "2008-09-30": "154.40100", "2008-06-30": "317.65100", "2008-03-31": "281.12500", "2007-12-31": "328.63200", "2007-09-30": "318.36300", "2007-06-30": "297.41300", "2007-03-31": "270.56400", "2006-12-31": "275.87100", "2006-09-30": "258.30700", "2006-06-30": "256.04500", "2006-03-31": "284.40700", "2005-12-31": "254.39700", "2005-09-30": "", "2005-06-30": "", "2005-03-31": ""}, "Other Share Holders Equity": {"2020-09-30": "", "2020-06-30": "", "2020-03-31": "", "2019-12-31": "", "2019-09-30": "", "2019-06-30": "", "2019-03-31": "", "2018-12-31": "", "2018-09-30": "", "2018-06-30": "", "2018-03-31": "", "2017-12-31": "", "2017-09-30": "", "2017-06-30": "", "2017-03-31": "", "2016-12-31": "", "2016-09-30": "", "2016-06-30": "", "2016-03-31": "", "2015-12-31": "", "2015-09-30": "", "2015-06-30": "", "2015-03-31": "", "2014-12-31": "", "2014-09-30": "", "2014-06-30": "", "2014-03-31": "", "2013-12-31": "", "2013-09-30": "", "2013-06-30": "", "2013-03-31": "", "2012-12-31": "", "2012-09-30": "", "2012-06-30": "", "2012-03-31": "", "2011-12-31": "", "2011-09-30": "", "2011-06-30": "", "2011-03-31": "", "2010-12-31": "", "2010-09-30": "", "2010-06-30": "", "2010-03-31": "", "2009-12-31": "", "2009-09-30": "", "2009-06-30": "", "2009-03-31": "", "2008-12-31": "", "2008-09-30": "", "2008-06-30": "", "2008-03-31": "", "2007-12-31": "", "2007-09-30": "", "2007-06-30": "", "2007-03-31": "", "2006-12-31": "", "2006-09-30": "", "2006-06-30": "", "2006-03-31": "", "2005-12-31": "", "2005-09-30": "", "2005-06-30": "", "2005-03-31": ""}, "Share Holder Equity": {"2020-09-30": "8596.39500", "2020-06-30": "8456.23900", "2020-03-31": "7857.06200", "2019-12-31": "8776.73400", "2019-09-30": "8828.65800", "2019-06-30": "8685.91400", "2019-03-31": "8236.48700", "2018-12-31": "7692.71000", "2018-09-30": "8595.08500", "2018-06-30": "8404.38900", "2018-03-31": "8373.40000", "2017-12-31": "8514.06300", "2017-09-30": "8201.02300", "2017-06-30": "8435.25400", "2017-03-31": "8184.84900", "2016-12-31": "7939.94500", "2016-09-30": "8105.12200", "2016-06-30": "7917.79600", "2016-03-31": "7771.73600", "2015-12-31": "7554.70700", "2015-09-30": "7460.78700", "2015-06-30": "7650.38300", "2015-03-31": "7638.31300", "2014-12-31": "7473.42800", "2014-09-30": "7414.46700", "2014-06-30": "7407.29900", "2014-03-31": "7138.07900", "2013-12-31": "6947.52100", "2013-09-30": "6739.57100", "2013-06-30": "6498.37200", "2013-03-31": "6625.29600", "2012-12-31": "6403.78700", "2012-09-30": "6581.06900", "2012-06-30": "6280.12500", "2012-03-31": "6183.10000", "2011-12-31": "2925.67700", "2011-09-30": "2847.65500", "2011-06-30": "3029.44900", "2011-03-31": "3051.98200", "2010-12-31": "2908.86800", "2010-09-30": "2813.57900", "2010-06-30": "2714.09100", "2010-03-31": "2774.29200", "2009-12-31": "2717.52100", "2009-09-30": "2680.45700", "2009-06-30": "2567.25300", "2009-03-31": "2551.02900", "2008-12-31": "2646.68900", "2008-09-30": "2689.48100", "2008-06-30": "2897.18900", "2008-03-31": "2838.35500", "2007-12-31": "2784.32700", "2007-09-30": "2694.85300", "2007-06-30": "2601.03300", "2007-03-31": "2511.78500", "2006-12-31": "2449.30500", "2006-09-30": "2344.52700", "2006-06-30": "2288.31800", "2006-03-31": "1940.65700", "2005-12-31": "1868.32700", "2005-09-30": "1807.28500", "2005-06-30": "1840.49200", "2005-03-31": "1827.78800"}, "Total Liabilities And Share Holders Equity": {"2020-09-30": "28452.57000", "2020-06-30": "27620.87000", "2020-03-31": "25752.94000", "2019-12-31": "26931.60000", "2019-09-30": "26490.83000", "2019-06-30": "26356.38000", "2019-03-31": "25793.06000", "2018-12-31": "25344.90000", "2018-09-30": "25795.88000", "2018-06-30": "25085.89000", "2018-03-31": "25097.26000", "2017-12-31": "25384.32000", "2017-09-30": "25714.23000", "2017-06-30": "24529.49000", "2017-03-31": "23939.14000", "2016-12-31": "23756.59000", "2016-09-30": "24117.00000", "2016-06-30": "23814.79000", "2016-03-31": "23055.34000", "2015-12-31": "22839.08000", "2015-09-30": "23434.13000", "2015-06-30": "23928.29000", "2015-03-31": "23560.93000", "2014-12-31": "23489.44000", "2014-09-30": "23929.47000", "2014-06-30": "23841.91000", "2014-03-31": "23494.34000", "2013-12-31": "23361.09000", "2013-09-30": "23241.75000", "2013-06-30": "22890.08000", "2013-03-31": "22804.55000", "2012-12-31": "22807.97000", "2012-09-30": "22757.64000", "2012-06-30": "22418.69000", "2012-03-31": "21775.15000", "2011-12-31": "6478.08900", "2011-09-30": "6412.32400", "2011-06-30": "6615.86700", "2011-03-31": "6529.99900", "2010-12-31": "6431.69900", "2010-09-30": "6494.78900", "2010-06-30": "6218.82900", "2010-03-31": "6186.29600", "2009-12-31": "6192.77000", "2009-09-30": "6263.07300", "2009-06-30": "6175.13500", "2009-03-31": "6012.68600", "2008-12-31": "6181.82800", "2008-09-30": "7195.99200", "2008-06-30": "7209.35600", "2008-03-31": "6827.65500", "2007-12-31": "6942.11200", "2007-09-30": "6651.09300", "2007-06-30": "6339.29600", "2007-03-31": "6211.05500", "2006-12-31": "6178.74000", "2006-09-30": "6229.92200", "2006-06-30": "6192.56400", "2006-03-31": "5882.21200", "2005-12-31": "5796.20700", "2005-09-30": "5714.27600", "2005-06-30": "4708.31200", "2005-03-31": "4584.15100"}}, "cash flow statement": {"Net Income/Loss": {"2019-12-31": "890.20100", "2018-12-31": "54.65400", "2017-12-31": "100.49200", "2016-12-31": "460.66400", "2015-12-31": "562.19500", "2014-12-31": "680.13200", "2013-12-31": "629.35400", "2012-12-31": "702.24400", "2011-12-31": "143.25100", "2010-12-31": "198.50200", "2009-12-31": "270.99900", "2008-12-31": "147.97100", "2007-12-31": "299.07000", "2006-12-31": "247.90300", "2005-12-31": "52.33400"}, "Total Depreciation And Amortization - Cash Flow": {"2019-12-31": "119.51300", "2018-12-31": "127.37400", "2017-12-31": "135.02900", "2016-12-31": "160.46900", "2015-12-31": "163.06200", "2014-12-31": "178.94900", "2013-12-31": "246.59800", "2012-12-31": "464.85700", "2011-12-31": "27.04500", "2010-12-31": "33.81600", "2009-12-31": "32.35800", "2008-12-31": "25.67400", "2007-12-31": "16.27500", "2006-12-31": "11.67400", "2005-12-31": "20.82800"}, "Other Non-Cash Items": {"2019-12-31": "-683.48400", "2018-12-31": "233.56300", "2017-12-31": "-90.35100", "2016-12-31": "-18.04000", "2015-12-31": "-80.02900", "2014-12-31": "-210.76400", "2013-12-31": "-188.07200", "2012-12-31": "-154.97200", "2011-12-31": "-123.53400", "2010-12-31": "-85.01800", "2009-12-31": "-234.47300", "2008-12-31": "91.27400", "2007-12-31": "23.06100", "2006-12-31": "68.60100", "2005-12-31": "-136.96200"}, "Total Non-Cash Items": {"2019-12-31": "-563.97100", "2018-12-31": "360.93700", "2017-12-31": "44.67800", "2016-12-31": "142.42900", "2015-12-31": "83.03300", "2014-12-31": "-31.81500", "2013-12-31": "58.52600", "2012-12-31": "309.88500", "2011-12-31": "-96.48900", "2010-12-31": "-51.20200", "2009-12-31": "-202.11500", "2008-12-31": "116.94800", "2007-12-31": "39.33600", "2006-12-31": "80.27500", "2005-12-31": "-116.13400"}, "Change In Accounts Receivable": {"2019-12-31": "142.22200", "2018-12-31": "-245.81000", "2017-12-31": "-576.64600", "2016-12-31": "-349.55100", "2015-12-31": "-71.36500", "2014-12-31": "8.51700", "2013-12-31": "-82.26000", "2012-12-31": "218.12100", "2011-12-31": "5.48100", "2010-12-31": "110.49900", "2009-12-31": "86.55000", "2008-12-31": "-23.93300", "2007-12-31": "143.57500", "2006-12-31": "491.89100", "2005-12-31": "-969.89700"}, "Change In Inventories": {"2019-12-31": "", "2018-12-31": "", "2017-12-31": "", "2016-12-31": "", "2015-12-31": "", "2014-12-31": "", "2013-12-31": "", "2012-12-31": "", "2011-12-31": "", "2010-12-31": "", "2009-12-31": "", "2008-12-31": "", "2007-12-31": "", "2006-12-31": "", "2005-12-31": ""}, "Change In Accounts Payable": {"2019-12-31": "299.09200", "2018-12-31": "84.78400", "2017-12-31": "6.79600", "2016-12-31": "99.43700", "2015-12-31": "241.87700", "2014-12-31": "68.63400", "2013-12-31": "60.20800", "2012-12-31": "-4.77000", "2011-12-31": "25.81300", "2010-12-31": "-49.97900", "2009-12-31": "-40.16100", "2008-12-31": "-86.95500", "2007-12-31": "-102.87300", "2006-12-31": "-4.88000", "2005-12-31": "61.85100"}, "Change In Assets/Liabilities": {"2019-12-31": "-424.92000", "2018-12-31": "420.95300", "2017-12-31": "646.23200", "2016-12-31": "403.34600", "2015-12-31": "-698.18000", "2014-12-31": "-212.18500", "2013-12-31": "-377.18100", "2012-12-31": "-441.38500", "2011-12-31": "-17.43300", "2010-12-31": "-172.18300", "2009-12-31": "-32.26700", "2008-12-31": "176.51500", "2007-12-31": "100.05200", "2006-12-31": "-261.45400", "2005-12-31": "1323.21900"}, "Total Change In Assets/Liabilities": {"2019-12-31": "16.39400", "2018-12-31": "259.92700", "2017-12-31": "76.38200", "2016-12-31": "153.23200", "2015-12-31": "-527.66800", "2014-12-31": "-135.03400", "2013-12-31": "-399.23300", "2012-12-31": "-228.03400", "2011-12-31": "13.86100", "2010-12-31": "-111.66300", "2009-12-31": "14.12200", "2008-12-31": "65.62700", "2007-12-31": "140.75400", "2006-12-31": "225.55700", "2005-12-31": "415.17300"}, "Cash Flow From Operating Activities": {"2019-12-31": "714.40500", "2018-12-31": "402.42300", "2017-12-31": "445.73500", "2016-12-31": "792.92700", "2015-12-31": "325.97800", "2014-12-31": "372.77900", "2013-12-31": "583.86000", "2012-12-31": "495.85400", "2011-12-31": "93.64100", "2010-12-31": "60.86800", "2009-12-31": "143.42500", "2008-12-31": "330.54600", "2007-12-31": "479.16000", "2006-12-31": "553.73500", "2005-12-31": "351.37300"}, "Net Change In Property, Plant, And Equipment": {"2019-12-31": "-47.57200", "2018-12-31": "-23.28600", "2017-12-31": "6.77500", "2016-12-31": "-24.00500", "2015-12-31": "-27.25800", "2014-12-31": "-43.68100", "2013-12-31": "-17.42700", "2012-12-31": "-8.12300", "2011-12-31": "-6.41100", "2010-12-31": "-6.60700", "2009-12-31": "-5.53900", "2008-12-31": "-9.76000", "2007-12-31": "-4.88400", "2006-12-31": "-4.25100", "2005-12-31": "-9.61300"}, "Net Change In Intangible Assets": {"2019-12-31": "", "2018-12-31": "", "2017-12-31": "", "2016-12-31": "", "2015-12-31": "", "2014-12-31": "", "2013-12-31": "", "2012-12-31": "", "2011-12-31": "", "2010-12-31": "", "2009-12-31": "", "2008-12-31": "", "2007-12-31": "", "2006-12-31": "", "2005-12-31": ""}, "Net Acquisitions/Divestitures": {"2019-12-31": "-218.26000", "2018-12-31": "-235.17600", "2017-12-31": "-86.11900", "2016-12-31": "-180.24200", "2015-12-31": "-156.86700", "2014-12-31": "-8.20300", "2013-12-31": "", "2012-12-31": "-436.50200", "2011-12-31": "", "2010-12-31": "", "2009-12-31": "", "2008-12-31": "100.79100", "2007-12-31": "-338.81900", "2006-12-31": "-212.66800", "2005-12-31": "136.22500"}, "Net Change In Short-term Investments": {"2019-12-31": "-21.56400", "2018-12-31": "-316.36600", "2017-12-31": "145.23700", "2016-12-31": "-442.78400", "2015-12-31": "326.76500", "2014-12-31": "624.20900", "2013-12-31": "-943.26000", "2012-12-31": "867.26100", "2011-12-31": "-831.67900", "2010-12-31": "-1.84500", "2009-12-31": "373.44200", "2008-12-31": "-320.11100", "2007-12-31": "79.97400", "2006-12-31": "196.62800", "2005-12-31": "-371.29800"}, "Net Change In Long-Term Investments": {"2019-12-31": "-139.25100", "2018-12-31": "1024.90600", "2017-12-31": "-134.84860", "2016-12-31": "421.09570", "2015-12-31": "233.78520", "2014-12-31": "-264.20020", "2013-12-31": "247.36230", "2012-12-31": "-572.34810", "2011-12-31": "868.09300", "2010-12-31": "-257.10500", "2009-12-31": "-295.32190", "2008-12-31": "-88.62000", "2007-12-31": "-227.46200", "2006-12-31": "-854.76200", "2005-12-31": "-354.33500"}, "Net Change In Investments - Total": {"2019-12-31": "-160.81500", "2018-12-31": "708.53980", "2017-12-31": "10.38840", "2016-12-31": "-21.68830", "2015-12-31": "560.55020", "2014-12-31": "360.00880", "2013-12-31": "-695.89770", "2012-12-31": "294.91280", "2011-12-31": "36.41400", "2010-12-31": "-258.95000", "2009-12-31": "78.12010", "2008-12-31": "-408.73100", "2007-12-31": "-147.48800", "2006-12-31": "-658.13400", "2005-12-31": "-725.63310"}, "Investing Activities - Other": {"2019-12-31": "-49.89200", "2018-12-31": "-104.64600", "2017-12-31": "-86.16400", "2016-12-31": "-446.79200", "2015-12-31": "-204.76700", "2014-12-31": "-257.09000", "2013-12-31": "92.77000", "2012-12-31": "-163.94800", "2011-12-31": "3.80100", "2010-12-31": "35.03600", "2009-12-31": "-0.91300", "2008-12-31": "3.70000", "2007-12-31": "4.64000", "2006-12-31": "9.27000", "2005-12-31": "1.64200"}, "Cash Flow From Investing Activities": {"2019-12-31": "-476.53900", "2018-12-31": "345.43200", "2017-12-31": "-155.12000", "2016-12-31": "-672.72700", "2015-12-31": "171.65800", "2014-12-31": "51.03500", "2013-12-31": "-620.55400", "2012-12-31": "-313.66000", "2011-12-31": "33.80400", "2010-12-31": "-230.52100", "2009-12-31": "71.66800", "2008-12-31": "-314.00000", "2007-12-31": "-486.55100", "2006-12-31": "-865.78300", "2005-12-31": "-597.37900"}, "Net Long-Term Debt": {"2019-12-31": "81.73800", "2018-12-31": "104.40400", "2017-12-31": "-28.92400", "2016-12-31": "56.91300", "2015-12-31": "-360.37600", "2014-12-31": "-20.64600", "2013-12-31": "", "2012-12-31": "399.59200", "2011-12-31": "", "2010-12-31": "298.89300", "2009-12-31": "", "2008-12-31": "", "2007-12-31": "-80.00000", "2006-12-31": "", "2005-12-31": ""}, "Net Current Debt": {"2019-12-31": "", "2018-12-31": "", "2017-12-31": "", "2016-12-31": "", "2015-12-31": "", "2014-12-31": "", "2013-12-31": "", "2012-12-31": "", "2011-12-31": "", "2010-12-31": "", "2009-12-31": "", "2008-12-31": "", "2007-12-31": "", "2006-12-31": "", "2005-12-31": ""}, "Debt Issuance/Retirement Net - Total": {"2019-12-31": "81.73800", "2018-12-31": "104.40400", "2017-12-31": "-28.92400", "2016-12-31": "56.91300", "2015-12-31": "-360.37600", "2014-12-31": "-20.64600", "2013-12-31": "", "2012-12-31": "399.59200", "2011-12-31": "", "2010-12-31": "298.89300", "2009-12-31": "", "2008-12-31": "", "2007-12-31": "-80.00000", "2006-12-31": "", "2005-12-31": ""}, "Net Common Equity Issued/Repurchased": {"2019-12-31": "-144.42200", "2018-12-31": "-491.63300", "2017-12-31": "-16.04800", "2016-12-31": "-68.32000", "2015-12-31": "-243.81400", "2014-12-31": "-300.47800", "2013-12-31": "-40.38900", "2012-12-31": "-17.76800", "2011-12-31": "-120.32500", "2010-12-31": "-83.13500", "2009-12-31": "-75.85600", "2008-12-31": "-25.06800", "2007-12-31": "", "2006-12-31": "47.10200", "2005-12-31": ""}, "Net Total Equity Issued/Repurchased": {"2019-12-31": "-144.42200", "2018-12-31": "-491.63300", "2017-12-31": "-16.04800", "2016-12-31": "-68.32000", "2015-12-31": "-243.81400", "2014-12-31": "-300.47800", "2013-12-31": "-40.38900", "2012-12-31": "-17.76800", "2011-12-31": "-120.32500", "2010-12-31": "-83.13500", "2009-12-31": "-193.21400", "2008-12-31": "-25.06800", "2007-12-31": "", "2006-12-31": "337.52400", "2005-12-31": ""}, "Total Common And Preferred Stock Dividends Paid": {"2019-12-31": "", "2018-12-31": "-153.96700", "2017-12-31": "", "2016-12-31": "", "2015-12-31": "", "2014-12-31": "", "2013-12-31": "", "2012-12-31": "", "2011-12-31": "", "2010-12-31": "", "2009-12-31": "-7.45600", "2008-12-31": "-17.35000", "2007-12-31": "-17.36700", "2006-12-31": "-8.34200", "2005-12-31": ""}, "Financial Activities - Other": {"2019-12-31": "-40.53000", "2018-12-31": "4.51200", "2017-12-31": "-19.40000", "2016-12-31": "-6.00700", "2015-12-31": "-4.59300", "2014-12-31": "19.04900", "2013-12-31": "-30.21700", "2012-12-31": "6.10400", "2011-12-31": "0.88800", "2010-12-31": "-1.89000", "2009-12-31": "-0.02200", "2008-12-31": "-0.53700", "2007-12-31": "101.54100", "2006-12-31": "3.74100", "2005-12-31": "12.48000"}, "Cash Flow From Financial Activities": {"2019-12-31": "-103.21400", "2018-12-31": "-536.68400", "2017-12-31": "-64.37200", "2016-12-31": "-17.41400", "2015-12-31": "-608.78300", "2014-12-31": "-302.07500", "2013-12-31": "-70.60600", "2012-12-31": "387.92800", "2011-12-31": "-119.43700", "2010-12-31": "213.86800", "2009-12-31": "-200.69200", "2008-12-31": "-42.95500", "2007-12-31": "4.17400", "2006-12-31": "332.92300", "2005-12-31": "12.48000"}, "Net Cash Flow": {"2019-12-31": "140.33500", "2018-12-31": "200.38800", "2017-12-31": "244.28400", "2016-12-31": "118.82400", "2015-12-31": "-129.99200", "2014-12-31": "106.94400", "2013-12-31": "-151.20900", "2012-12-31": "564.77500", "2011-12-31": "8.00800", "2010-12-31": "44.21500", "2009-12-31": "14.40100", "2008-12-31": "-39.52100", "2007-12-31": "16.18800", "2006-12-31": "8.80300", "2005-12-31": "-220.30300"}, "Stock-Based Compensation": {"2019-12-31": "", "2018-12-31": "", "2017-12-31": "", "2016-12-31": "", "2015-12-31": "", "2014-12-31": "", "2013-12-31": "", "2012-12-31": "", "2011-12-31": "", "2010-12-31": "", "2009-12-31": "", "2008-12-31": "", "2007-12-31": "", "2006-12-31": "", "2005-12-31": ""}, "Common Stock Dividends Paid": {"2019-12-31": "0.00000", "2018-12-31": "-153.96700", "2017-12-31": "0.00000", "2016-12-31": "0.00000", "2015-12-31": "", "2014-12-31": "", "2013-12-31": "", "2012-12-31": "", "2011-12-31": "", "2010-12-31": "", "2009-12-31": "", "2008-12-31": "", "2007-12-31": "", "2006-12-31": "", "2005-12-31": ""}}, "cash flow statement, quarterly": {"Net Income/Loss": {"2020-09-30": 137.647, "2020-06-30": 176.46, "2020-03-31": "-361.47200", "2019-12-31": 36.174, "2019-09-30": 101.292, "2019-06-30": 304.833, "2019-03-31": "447.90200", "2018-12-31": -704.391, "2018-09-30": 289.459, "2018-06-30": 298.404, "2018-03-31": "171.18200", "2017-12-31": 158.42, "2017-09-30": -309.947, "2017-06-30": 102.659, "2017-03-31": "149.36000", "2016-12-31": 69.904, "2016-09-30": 158.847, "2016-06-30": 77.26, "2016-03-31": "154.65300", "2015-12-31": 156.53, "2015-09-30": 97.098, "2015-06-30": 183.147, "2015-03-31": "125.42000", "2014-12-31": 139.917, "2014-09-30": 186.34, "2014-06-30": 149.234, "2014-03-31": "204.64100", "2013-12-31": 205.978, "2013-09-30": 113.373, "2013-06-30": 113.709, "2013-03-31": "196.29400", "2012-12-31": -92.612, "2012-09-30": 125.444, "2012-06-30": 109.309, "2012-03-31": "560.10300", "2011-12-31": 37.671, "2011-09-30": 19.158, "2011-06-30": 15.082, "2011-03-31": "71.34000", "2010-12-31": 37.43, "2010-09-30": 36.632, "2010-06-30": 66.271, "2010-03-31": "58.16900", "2009-12-31": 130.936, "2009-09-30": 49.488, "2009-06-30": 46.001, "2009-03-31": "44.57400", "2008-12-31": 38.486, "2008-09-30": -4.215, "2008-06-30": 17.84, "2008-03-31": "95.86000", "2007-12-31": 61.797, "2007-09-30": 67.915, "2007-06-30": 62.94, "2007-03-31": "106.41800", "2006-12-31": 62.1, "2006-09-30": 53.397, "2006-06-30": 73.2, "2006-03-31": "59.20600", "2005-12-31": 52.55, "2005-09-30": -92.489, "2005-06-30": 31.402, "2005-03-31": "60.87100"}, "Total Depreciation And Amortization - Cash Flow": {"2020-09-30": 41.3, "2020-06-30": 40.259, "2020-03-31": "33.15800", "2019-12-31": 34.57, "2019-09-30": 28.001, "2019-06-30": 29.21, "2019-03-31": "27.73200", "2018-12-31": 31.947, "2018-09-30": 30.917, "2018-06-30": 31.403, "2018-03-31": "33.10700", "2017-12-31": 28.832, "2017-09-30": 36.474, "2017-06-30": 34.06, "2017-03-31": "35.66300", "2016-12-31": 45.449, "2016-09-30": 40.267, "2016-06-30": 39.848, "2016-03-31": "34.90500", "2015-12-31": 38.529, "2015-09-30": 38.04, "2015-06-30": 44.41, "2015-03-31": "42.08300", "2014-12-31": 46.669, "2014-09-30": 48.768, "2014-06-30": 49.106, "2014-03-31": "34.40600", "2013-12-31": 49.629, "2013-09-30": 58.221, "2013-06-30": 73.549, "2013-03-31": "65.19900", "2012-12-31": 106.251, "2012-09-30": 140.605, "2012-06-30": 172.855, "2012-03-31": "45.14600", "2011-12-31": 7.146, "2011-09-30": 6.454, "2011-06-30": 6.67, "2011-03-31": "6.77500", "2010-12-31": 8.383, "2010-09-30": 7.388, "2010-06-30": 7.458, "2010-03-31": "10.58700", "2009-12-31": 0.481, "2009-09-30": 15.53, "2009-06-30": 8.605, "2009-03-31": "7.74200", "2008-12-31": 8.275, "2008-09-30": 6.165, "2008-06-30": 6.336, "2008-03-31": "4.89800", "2007-12-31": 5.631, "2007-09-30": 3.723, "2007-06-30": 4.652, "2007-03-31": "2.26900", "2006-12-31": 5.304, "2006-09-30": 1.727, "2006-06-30": 2.314, "2006-03-31": "2.32900", "2005-12-31": 3.146, "2005-09-30": 5.05, "2005-06-30": 6.096, "2005-03-31": "6.53600"}, "Other Non-Cash Items": {"2020-09-30": -113.004, "2020-06-30": -221.107, "2020-03-31": "541.32500", "2019-12-31": -157.026, "2019-09-30": 16.331, "2019-06-30": -156.014, "2019-03-31": "-386.77500", "2018-12-31": 813.017, "2018-09-30": -386.402, "2018-06-30": -191.707, "2018-03-31": "-1.34500", "2017-12-31": -1.606, "2017-09-30": -26.79, "2017-06-30": -5.521, "2017-03-31": "-56.43400", "2016-12-31": 60.87, "2016-09-30": -15.492, "2016-06-30": -48.284, "2016-03-31": "-15.13400", "2015-12-31": -33.794, "2015-09-30": 23.478, "2015-06-30": -78.843, "2015-03-31": "9.13000", "2014-12-31": -19.908, "2014-09-30": -58.648, "2014-06-30": -40.592, "2014-03-31": "-91.61600", "2013-12-31": -134.315, "2013-09-30": -17.098, "2013-06-30": -18.069, "2013-03-31": "-18.59000", "2012-12-31": -38.05, "2012-09-30": -12.388, "2012-06-30": -38.323, "2012-03-31": "-66.21100", "2011-12-31": -62.402, "2011-09-30": -19.95, "2011-06-30": -6.49, "2011-03-31": "-34.69200", "2010-12-31": -7.228, "2010-09-30": -24.795, "2010-06-30": -27.605, "2010-03-31": "-25.39000", "2009-12-31": -115.816, "2009-09-30": -54.484, "2009-06-30": -69.817, "2009-03-31": "5.64400", "2008-12-31": 57.884, "2008-09-30": 31.269, "2008-06-30": 32.265, "2008-03-31": "-30.14400", "2007-12-31": 6.201, "2007-09-30": 25.113, "2007-06-30": 41.888, "2007-03-31": "-50.14100", "2006-12-31": 86.016, "2006-09-30": 0.451, "2006-06-30": -10.883, "2006-03-31": "-6.98300", "2005-12-31": -50.696, "2005-09-30": -48.595, "2005-06-30": 6.493, "2005-03-31": "-44.16400"}, "Total Non-Cash Items": {"2020-09-30": -71.704, "2020-06-30": -180.848, "2020-03-31": "574.48300", "2019-12-31": -122.456, "2019-09-30": 44.332, "2019-06-30": -126.804, "2019-03-31": "-359.04300", "2018-12-31": 844.964, "2018-09-30": -355.485, "2018-06-30": -160.304, "2018-03-31": "31.76200", "2017-12-31": 27.226, "2017-09-30": 9.684, "2017-06-30": 28.539, "2017-03-31": "-20.77100", "2016-12-31": 106.319, "2016-09-30": 24.775, "2016-06-30": -8.436, "2016-03-31": "19.77100", "2015-12-31": 4.735, "2015-09-30": 61.518, "2015-06-30": -34.433, "2015-03-31": "51.21300", "2014-12-31": 26.761, "2014-09-30": -9.88, "2014-06-30": 8.514, "2014-03-31": "-57.21000", "2013-12-31": -84.686, "2013-09-30": 41.123, "2013-06-30": 55.48, "2013-03-31": "46.60900", "2012-12-31": 68.201, "2012-09-30": 128.217, "2012-06-30": 134.532, "2012-03-31": "-21.06500", "2011-12-31": -55.256, "2011-09-30": -13.496, "2011-06-30": 0.18, "2011-03-31": "-27.91700", "2010-12-31": 1.155, "2010-09-30": -17.407, "2010-06-30": -20.147, "2010-03-31": "-14.80300", "2009-12-31": -115.335, "2009-09-30": -38.954, "2009-06-30": -61.212, "2009-03-31": "13.38600", "2008-12-31": 66.159, "2008-09-30": 37.434, "2008-06-30": 38.601, "2008-03-31": "-25.24600", "2007-12-31": 11.832, "2007-09-30": 28.836, "2007-06-30": 46.54, "2007-03-31": "-47.87200", "2006-12-31": 91.32, "2006-09-30": 2.178, "2006-06-30": -8.569, "2006-03-31": "-4.65400", "2005-12-31": -47.55, "2005-09-30": -43.545, "2005-06-30": 12.589, "2005-03-31": "-37.62800"}, "Change In Accounts Receivable": {"2020-09-30": -211.03, "2020-06-30": 130.015, "2020-03-31": "-118.03400", "2019-12-31": -93.921, "2019-09-30": 73.431, "2019-06-30": 80.832, "2019-03-31": "81.88000", "2018-12-31": -136.343, "2018-09-30": -208.962, "2018-06-30": 61.036, "2018-03-31": "38.45900", "2017-12-31": 65.212, "2017-09-30": -591.791, "2017-06-30": 2.593, "2017-03-31": "-52.66000", "2016-12-31": -79.619, "2016-09-30": 43.004, "2016-06-30": -203.943, "2016-03-31": "-108.99300", "2015-12-31": -29.809, "2015-09-30": 104.683, "2015-06-30": -190.736, "2015-03-31": "44.49700", "2014-12-31": 67.54, "2014-09-30": 102.837, "2014-06-30": -75.173, "2014-03-31": "-86.68700", "2013-12-31": 49.818, "2013-09-30": 31.925, "2013-06-30": -127.184, "2013-03-31": "-36.81900", "2012-12-31": -10.002, "2012-09-30": 98.153, "2012-06-30": 152.303, "2012-03-31": "-22.33300", "2011-12-31": -7.569, "2011-09-30": 54.513, "2011-06-30": -33.658, "2011-03-31": "-7.80500", "2010-12-31": 32.71, "2010-09-30": 68.028, "2010-06-30": 8.42, "2010-03-31": "1.34100", "2009-12-31": 14.216, "2009-09-30": 61.906, "2009-06-30": -1.507, "2009-03-31": "11.93500", "2008-12-31": 19.018, "2008-09-30": -13.106, "2008-06-30": -18.044, "2008-03-31": "-11.80100", "2007-12-31": 6.718, "2007-09-30": 83.89, "2007-06-30": -4.247, "2007-03-31": "57.21400", "2006-12-31": 87.282, "2006-09-30": 223.355, "2006-06-30": 85.413, "2006-03-31": "95.84100", "2005-12-31": -17.964, "2005-09-30": -892.401, "2005-06-30": -64.925, "2005-03-31": "5.39300"}, "Change In Inventories": {"2020-09-30": 0, "2020-06-30": 0, "2020-03-31": "", "2019-12-31": 0, "2019-09-30": 0, "2019-06-30": 0, "2019-03-31": "", "2018-12-31": 0, "2018-09-30": 0, "2018-06-30": 0, "2018-03-31": "", "2017-12-31": 0, "2017-09-30": 0, "2017-06-30": 0, "2017-03-31": "", "2016-12-31": 0, "2016-09-30": 0, "2016-06-30": 0, "2016-03-31": "", "2015-12-31": 0, "2015-09-30": 0, "2015-06-30": 0, "2015-03-31": "", "2014-12-31": 0, "2014-09-30": 0, "2014-06-30": 0, "2014-03-31": "", "2013-12-31": 0, "2013-09-30": 0, "2013-06-30": 0, "2013-03-31": "", "2012-12-31": 0, "2012-09-30": 0, "2012-06-30": 0, "2012-03-31": "", "2011-12-31": 0, "2011-09-30": 0, "2011-06-30": 0, "2011-03-31": "", "2010-12-31": 0, "2010-09-30": 0, "2010-06-30": 0, "2010-03-31": "", "2009-12-31": 0, "2009-09-30": 0, "2009-06-30": 0, "2009-03-31": "", "2008-12-31": 0, "2008-09-30": 0, "2008-06-30": 0, "2008-03-31": "", "2007-12-31": 0, "2007-09-30": 0, "2007-06-30": 0, "2007-03-31": "", "2006-12-31": 0, "2006-09-30": 0, "2006-06-30": 0, "2006-03-31": "", "2005-12-31": 0, "2005-09-30": 0, "2005-06-30": 0, "2005-03-31": ""}, "Change In Accounts Payable": {"2020-09-30": 115.492, "2020-06-30": 104.652, "2020-03-31": "102.23900", "2019-12-31": 70.472, "2019-09-30": 31.548, "2019-06-30": 95.256, "2019-03-31": "101.81600", "2018-12-31": -33.71, "2018-09-30": 20.978, "2018-06-30": 28.217, "2018-03-31": "69.29900", "2017-12-31": -113.66, "2017-09-30": 41.864, "2017-06-30": 39.144, "2017-03-31": "39.44800", "2016-12-31": -64.641, "2016-09-30": -24.349, "2016-06-30": 94.429, "2016-03-31": "93.99800", "2015-12-31": 139.258, "2015-09-30": -42.52, "2015-06-30": 76.495, "2015-03-31": "68.64400", "2014-12-31": -140.74, "2014-09-30": -25.276, "2014-06-30": 142.252, "2014-03-31": "92.39800", "2013-12-31": -64.435, "2013-09-30": -20.693, "2013-06-30": 126.998, "2013-03-31": "18.33800", "2012-12-31": -103.874, "2012-09-30": -39.558, "2012-06-30": 140.037, "2012-03-31": "-1.37500", "2011-12-31": -27.903, "2011-09-30": -11.205, "2011-06-30": 79.047, "2011-03-31": "-14.12600", "2010-12-31": -44.581, "2010-09-30": -28.101, "2010-06-30": 55.8, "2010-03-31": "-33.09700", "2009-12-31": -53.169, "2009-09-30": -45.613, "2009-06-30": 76.326, "2009-03-31": "-17.70500", "2008-12-31": -40.312, "2008-09-30": -35.883, "2008-06-30": 31.359, "2008-03-31": "-42.11900", "2007-12-31": -52.568, "2007-09-30": -42.903, "2007-06-30": 27.158, "2007-03-31": "-34.56000", "2006-12-31": -128.455, "2006-09-30": 38.564, "2006-06-30": 90.121, "2006-03-31": "-5.11000", "2005-12-31": 43.104, "2005-09-30": 8.471, "2005-06-30": 31.89, "2005-03-31": "-21.61400"}, "Change In Assets/Liabilities": {"2020-09-30": 528.08, "2020-06-30": -78.793, "2020-03-31": "182.12600", "2019-12-31": 228.591, "2019-09-30": 31.538, "2019-06-30": -257.563, "2019-03-31": "-427.48600", "2018-12-31": 430.035, "2018-09-30": 331.626, "2018-06-30": -120.018, "2018-03-31": "-220.69000", "2017-12-31": -553.172, "2017-09-30": 1329.824, "2017-06-30": 11.167, "2017-03-31": "-141.58700", "2016-12-31": 123.42, "2016-09-30": 2.839, "2016-06-30": 302.242, "2016-03-31": "-25.15500", "2015-12-31": -617.01, "2015-09-30": -6.916, "2015-06-30": -16.696, "2015-03-31": "-57.55800", "2014-12-31": 28.376, "2014-09-30": 50.034, "2014-06-30": -148.561, "2014-03-31": "-142.03400", "2013-12-31": -134.158, "2013-09-30": -39.275, "2013-06-30": -62.447, "2013-03-31": "-141.30100", "2012-12-31": 373.423, "2012-09-30": -27.72, "2012-06-30": -225.14, "2012-03-31": "-561.94800", "2011-12-31": -4.37, "2011-09-30": 14.434, "2011-06-30": -14.934, "2011-03-31": "-12.56300", "2010-12-31": -56.511, "2010-09-30": 17.576, "2010-06-30": -78.787, "2010-03-31": "-54.46100", "2009-12-31": -40.19, "2009-09-30": 55.286, "2009-06-30": 9.411, "2009-03-31": "-56.77400", "2008-12-31": -57.692, "2008-09-30": 156.176, "2008-06-30": 8.825, "2008-03-31": "69.20600", "2007-12-31": 68.235, "2007-09-30": 71.233, "2007-06-30": -88.916, "2007-03-31": "49.50000", "2006-12-31": 17.973, "2006-09-30": -142.253, "2006-06-30": -77.952, "2006-03-31": "-59.22200", "2005-12-31": 15.5, "2005-09-30": 1130.987, "2005-06-30": 92.012, "2005-03-31": "84.72000"}, "Total Change In Assets/Liabilities": {"2020-09-30": 432.5419, "2020-06-30": 155.874, "2020-03-31": "166.33100", "2019-12-31": 205.142, "2019-09-30": 136.517, "2019-06-30": -81.475, "2019-03-31": "-243.79000", "2018-12-31": 259.982, "2018-09-30": 143.642, "2018-06-30": -30.765, "2018-03-31": "-112.93200", "2017-12-31": -601.62, "2017-09-30": 779.897, "2017-06-30": 52.904, "2017-03-31": "-154.79900", "2016-12-31": -20.84, "2016-09-30": 21.494, "2016-06-30": 192.728, "2016-03-31": "-40.15000", "2015-12-31": -507.561, "2015-09-30": 55.247, "2015-06-30": -130.937, "2015-03-31": "55.58300", "2014-12-31": -44.824, "2014-09-30": 127.595, "2014-06-30": -81.482, "2014-03-31": "-136.32300", "2013-12-31": -148.775, "2013-09-30": -28.043, "2013-06-30": -62.633, "2013-03-31": "-159.78200", "2012-12-31": 259.547, "2012-09-30": 30.875, "2012-06-30": 67.2, "2012-03-31": "-585.65600", "2011-12-31": -39.842, "2011-09-30": 57.742, "2011-06-30": 30.455, "2011-03-31": "-34.49400", "2010-12-31": -68.382, "2010-09-30": 57.503, "2010-06-30": -14.567, "2010-03-31": "-86.21700", "2009-12-31": -79.143, "2009-09-30": 71.579, "2009-06-30": 84.23, "2009-03-31": "-62.54400", "2008-12-31": -78.986, "2008-09-30": 107.187, "2008-06-30": 22.14, "2008-03-31": "15.28600", "2007-12-31": 22.385, "2007-09-30": 112.22, "2007-06-30": -66.005, "2007-03-31": "72.15400", "2006-12-31": -23.2, "2006-09-30": 119.666, "2006-06-30": 97.582, "2006-03-31": "31.50900", "2005-12-31": 40.64, "2005-09-30": 247.057, "2005-06-30": 58.977, "2005-03-31": "68.49900"}, "Cash Flow From Operating Activities": {"2020-09-30": 474.398, "2020-06-30": 316.622, "2020-03-31": "-7.28500", "2019-12-31": 286.157, "2019-09-30": 254.67, "2019-06-30": 239.963, "2019-03-31": "-66.38500", "2018-12-31": 78.641, "2018-09-30": 174.607, "2018-06-30": 154.344, "2018-03-31": "-5.16900", "2017-12-31": 19.688, "2017-09-30": 222.166, "2017-06-30": 246.413, "2017-03-31": "-42.53200", "2016-12-31": 219.268, "2016-09-30": 252.036, "2016-06-30": 282.043, "2016-03-31": "39.58000", "2015-12-31": -235.68, "2015-09-30": 232.688, "2015-06-30": 111.649, "2015-03-31": "217.32100", "2014-12-31": 167.002, "2014-09-30": 215.546, "2014-06-30": 105.968, "2014-03-31": "-115.73700", "2013-12-31": 90.725, "2013-09-30": 248.076, "2013-06-30": 94.505, "2013-03-31": "150.55400", "2012-12-31": 61.516, "2012-09-30": 289.09, "2012-06-30": 180.413, "2012-03-31": "-35.16500", "2011-12-31": -13.521, "2011-09-30": 77.217, "2011-06-30": 133.485, "2011-03-31": "-103.54000", "2010-12-31": -4.566, "2010-09-30": 76.728, "2010-06-30": 31.557, "2010-03-31": "-42.85100", "2009-12-31": -3.123, "2009-09-30": 82.113, "2009-06-30": 69.019, "2009-03-31": "-4.58400", "2008-12-31": 25.659, "2008-09-30": 140.406, "2008-06-30": 78.581, "2008-03-31": "85.90000", "2007-12-31": 96.014, "2007-09-30": 208.971, "2007-06-30": 43.475, "2007-03-31": "130.70000", "2006-12-31": 130.22, "2006-09-30": 175.241, "2006-06-30": 162.213, "2006-03-31": "86.06100", "2005-12-31": 45.64, "2005-09-30": 111.023, "2005-06-30": 102.831, "2005-03-31": "91.87900"}, "Net Change In Property, Plant, And Equipment": {"2020-09-30": -9.628, "2020-06-30": -8.944, "2020-03-31": "-8.84000", "2019-12-31": -12.091, "2019-09-30": -11.539, "2019-06-30": -10.986, "2019-03-31": "-12.95600", "2018-12-31": 15.58, "2018-09-30": -25.702, "2018-06-30": -2.107, "2018-03-31": "-11.05700", "2017-12-31": -3.493, "2017-09-30": -5.738, "2017-06-30": 20.486, "2017-03-31": "-4.48000", "2016-12-31": -5.023, "2016-09-30": -9.939, "2016-06-30": -6.955, "2016-03-31": "-2.08800", "2015-12-31": 18.027, "2015-09-30": -31.93, "2015-06-30": -2.746, "2015-03-31": "-10.60900", "2014-12-31": -6.348, "2014-09-30": -7.242, "2014-06-30": -18.072, "2014-03-31": "-12.01900", "2013-12-31": -9.199, "2013-09-30": -5.135, "2013-06-30": -1.536, "2013-03-31": "-1.55700", "2012-12-31": -4.392, "2012-09-30": -1.781, "2012-06-30": -0.823, "2012-03-31": "-1.12700", "2011-12-31": -1.137, "2011-09-30": -0.692, "2011-06-30": -1.998, "2011-03-31": "-2.58400", "2010-12-31": -1.8, "2010-09-30": -1.257, "2010-06-30": -2.161, "2010-03-31": "-1.38900", "2009-12-31": -0.704, "2009-09-30": -1.786, "2009-06-30": -1.661, "2009-03-31": "-1.38800", "2008-12-31": -3.044, "2008-09-30": -4.07, "2008-06-30": -2.345, "2008-03-31": "-0.30100", "2007-12-31": -1.815, "2007-09-30": -1.381, "2007-06-30": -0.683, "2007-03-31": "-1.00500", "2006-12-31": -1.28, "2006-09-30": -0.889, "2006-06-30": -1.301, "2006-03-31": "-0.78100", "2005-12-31": -1.801, "2005-09-30": -2.291, "2005-06-30": -3.572, "2005-03-31": "-1.94900"}, "Net Change In Intangible Assets": {"2020-09-30": 0, "2020-06-30": 0, "2020-03-31": "", "2019-12-31": 0, "2019-09-30": 0, "2019-06-30": 0, "2019-03-31": "", "2018-12-31": 0, "2018-09-30": 0, "2018-06-30": 0, "2018-03-31": "", "2017-12-31": 0, "2017-09-30": 0, "2017-06-30": 0, "2017-03-31": "", "2016-12-31": 0, "2016-09-30": 0, "2016-06-30": 0, "2016-03-31": "", "2015-12-31": 0, "2015-09-30": 0, "2015-06-30": 0, "2015-03-31": "", "2014-12-31": 0, "2014-09-30": 0, "2014-06-30": 0, "2014-03-31": "", "2013-12-31": 0, "2013-09-30": 0, "2013-06-30": 0, "2013-03-31": "", "2012-12-31": 0, "2012-09-30": 0, "2012-06-30": 0, "2012-03-31": "", "2011-12-31": 0, "2011-09-30": 0, "2011-06-30": 0, "2011-03-31": "", "2010-12-31": 0, "2010-09-30": 0, "2010-06-30": 0, "2010-03-31": "", "2009-12-31": 0, "2009-09-30": 0, "2009-06-30": 0, "2009-03-31": "", "2008-12-31": 0, "2008-09-30": 0, "2008-06-30": 0, "2008-03-31": "", "2007-12-31": 0, "2007-09-30": 0, "2007-06-30": 0, "2007-03-31": "", "2006-12-31": 0, "2006-09-30": 0, "2006-06-30": 0, "2006-03-31": "", "2005-12-31": 0, "2005-09-30": 0, "2005-06-30": 0, "2005-03-31": ""}, "Net Acquisitions/Divestitures": {"2020-09-30": 0.003, "2020-06-30": -97.556, "2020-03-31": "-26.38300", "2019-12-31": -133.128, "2019-09-30": -21.048, "2019-06-30": -65.241, "2019-03-31": "1.15700", "2018-12-31": -124.54, "2018-09-30": -2.25, "2018-06-30": -3, "2018-03-31": "-105.38600", "2017-12-31": 158.192, "2017-09-30": -79.783, "2017-06-30": -164.528, "2017-03-31": "", "2016-12-31": -34.989, "2016-09-30": -22.888, "2016-06-30": -121.345, "2016-03-31": "-1.02000", "2015-12-31": -109.398, "2015-09-30": 0, "2015-06-30": -3.569, "2015-03-31": "-43.90000", "2014-12-31": -8.203, "2014-09-30": 0, "2014-06-30": 0, "2014-03-31": "", "2013-12-31": 0, "2013-09-30": 0, "2013-06-30": 0, "2013-03-31": "", "2012-12-31": 40.573, "2012-09-30": 0, "2012-06-30": -43.765, "2012-03-31": "-433.31000", "2011-12-31": 0, "2011-09-30": 0, "2011-06-30": 0, "2011-03-31": "", "2010-12-31": 20, "2010-09-30": -15, "2010-06-30": -5, "2010-03-31": "", "2009-12-31": 0, "2009-09-30": 0, "2009-06-30": 0, "2009-03-31": "", "2008-12-31": 238.742, "2008-09-30": -71.74, "2008-06-30": -15.248, "2008-03-31": "-50.96300", "2007-12-31": -28.841, "2007-09-30": -234.328, "2007-06-30": -75.65, "2007-03-31": "", "2006-12-31": -212.454, "2006-09-30": 0, "2006-06-30": 0.001, "2006-03-31": "-0.21500", "2005-12-31": -45.002, "2005-09-30": 228.235, "2005-06-30": -41.698, "2005-03-31": "-5.31000"}, "Net Change In Short-term Investments": {"2020-09-30": 484.092, "2020-06-30": -576.697, "2020-03-31": "378.85400", "2019-12-31": 48.344, "2019-09-30": 86.792, "2019-06-30": 219.714, "2019-03-31": "-376.41400", "2018-12-31": -202.667, "2018-09-30": -218.427, "2018-06-30": 138.362, "2018-03-31": "-33.63400", "2017-12-31": -29.264, "2017-09-30": 100.776, "2017-06-30": 1023.572, "2017-03-31": "-949.84700", "2016-12-31": -25.598, "2016-09-30": -130.491, "2016-06-30": -144.073, "2016-03-31": "-142.62200", "2015-12-31": -65.139, "2015-09-30": 282.717, "2015-06-30": -121.538, "2015-03-31": "230.72500", "2014-12-31": 101.935, "2014-09-30": -164.619, "2014-06-30": 268.244, "2014-03-31": "418.64900", "2013-12-31": -358.55, "2013-09-30": -88.33, "2013-06-30": -123.933, "2013-03-31": "-372.44700", "2012-12-31": -131.043, "2012-09-30": 775.489, "2012-06-30": -402.515, "2012-03-31": "625.33000", "2011-12-31": -919.881, "2011-09-30": 85.816, "2011-06-30": -16.367, "2011-03-31": "18.75300", "2010-12-31": 148.999, "2010-09-30": -59.91, "2010-06-30": -149.142, "2010-03-31": "58.20800", "2009-12-31": 151.353, "2009-09-30": -76.468, "2009-06-30": -86.624, "2009-03-31": "385.18100", "2008-12-31": -133.109, "2008-09-30": -28.072, "2008-06-30": -7.493, "2008-03-31": "-151.43700", "2007-12-31": 130.225, "2007-09-30": 71.091, "2007-06-30": -136.936, "2007-03-31": "15.59400", "2006-12-31": 119.423, "2006-09-30": 394.486, "2006-06-30": -430.471, "2006-03-31": "113.19000", "2005-12-31": -397.356, "2005-09-30": -136.462, "2005-06-30": -13.615, "2005-03-31": "176.13500"}, "Net Change In Long-Term Investments": {"2020-09-30": -1114.9741, "2020-06-30": -556.3936, "2020-03-31": "698.07080", "2019-12-31": 55.6079, "2019-09-30": -132.4922, "2019-06-30": -265.1467, "2019-03-31": "202.78000", "2018-12-31": 914.1489, "2018-09-30": 122.1502, "2018-06-30": -223.3611, "2018-03-31": "211.96800", "2017-12-31": 60.8345, "2017-09-30": -104.7822, "2017-06-30": -1131.8289, "2017-03-31": "1040.92800", "2016-12-31": 103.2353, "2016-09-30": -81.6084, "2016-06-30": 91.3558, "2016-03-31": "308.11300", "2015-12-31": 960.0108, "2015-09-30": -169.6987, "2015-06-30": -131.325, "2015-03-31": "-425.20190", "2014-12-31": 177.9224, "2014-09-30": 43.0185, "2014-06-30": -263.2832, "2014-03-31": "-221.85790", "2013-12-31": 115.5112, "2013-09-30": 10.7281, "2013-06-30": -72.813, "2013-03-31": "193.93600", "2012-12-31": 328.3648, "2012-09-30": -1016.978, "2012-06-30": -167.6729, "2012-03-31": "283.93800", "2011-12-31": 968.0961, "2011-09-30": -101.8431, "2011-06-30": -79.019, "2011-03-31": "80.85900", "2010-12-31": -147.3621, "2010-09-30": -321.5899, "2010-06-30": 192.396, "2010-03-31": "19.45100", "2009-12-31": -155.1429, "2009-09-30": 8.773, "2009-06-30": 100.685, "2009-03-31": "-249.63700", "2008-12-31": -128.318, "2008-09-30": -1.831, "2008-06-30": -67.454, "2008-03-31": "108.98300", "2007-12-31": -166.597, "2007-09-30": -41.272, "2007-06-30": 168.376, "2007-03-31": "-187.96900", "2006-12-31": -45.276, "2006-09-30": -558.082, "2006-06-30": -77.528, "2006-03-31": "-173.87600", "2005-12-31": 115.792, "2005-09-30": -139.5, "2005-06-30": -96.948, "2005-03-31": "-233.67900"}, "Net Change In Investments - Total": {"2020-09-30": -630.8821, "2020-06-30": -1133.0908, "2020-03-31": "1076.92500", "2019-12-31": 103.9519, "2019-09-30": -45.7002, "2019-06-30": -45.4327, "2019-03-31": "-173.63400", "2018-12-31": 711.4817, "2018-09-30": -96.2768, "2018-06-30": -84.9991, "2018-03-31": "178.33400", "2017-12-31": 31.5705, "2017-09-30": -4.0062, "2017-06-30": -108.2569, "2017-03-31": "91.08100", "2016-12-31": 77.6374, "2016-09-30": -212.0994, "2016-06-30": -52.7173, "2016-03-31": "165.49100", "2015-12-31": 894.8718, "2015-09-30": 113.0182, "2015-06-30": -252.8629, "2015-03-31": "-194.47690", "2014-12-31": 279.8574, "2014-09-30": -121.6005, "2014-06-30": 4.9608, "2014-03-31": "196.79110", "2013-12-31": -243.0388, "2013-09-30": -77.6019, "2013-06-30": -196.746, "2013-03-31": "-178.51100", "2012-12-31": 197.3217, "2012-09-30": -241.489, "2012-06-30": -570.188, "2012-03-31": "909.26810", "2011-12-31": 48.2151, "2011-09-30": -16.0271, "2011-06-30": -95.386, "2011-03-31": "99.61200", "2010-12-31": 1.6369, "2010-09-30": -381.4999, "2010-06-30": 43.254, "2010-03-31": "77.65900", "2009-12-31": -3.79, "2009-09-30": -67.6949, "2009-06-30": 14.061, "2009-03-31": "135.54400", "2008-12-31": -261.427, "2008-09-30": -29.903, "2008-06-30": -74.947, "2008-03-31": "-42.45400", "2007-12-31": -36.372, "2007-09-30": 29.819, "2007-06-30": 31.44, "2007-03-31": "-172.37500", "2006-12-31": 74.1469, "2006-09-30": -163.5959, "2006-06-30": -507.999, "2006-03-31": "-60.68600", "2005-12-31": -281.5641, "2005-09-30": -275.962, "2005-06-30": -110.563, "2005-03-31": "-57.54400"}, "Investing Activities - Other": {"2020-09-30": -223.827, "2020-06-30": 618.089, "2020-03-31": "-148.86500", "2019-12-31": 13.21, "2019-09-30": -57.039, "2019-06-30": -79.515, "2019-03-31": "73.45200", "2018-12-31": -126.503, "2018-09-30": 8.85, "2018-06-30": 42.527, "2018-03-31": "-29.52000", "2017-12-31": -59.644, "2017-09-30": -69.446, "2017-06-30": 38.341, "2017-03-31": "4.58500", "2016-12-31": -238.579, "2016-09-30": 4.947, "2016-06-30": -90.872, "2016-03-31": "-122.28800", "2015-12-31": -221.944, "2015-09-30": -256.318, "2015-06-30": 272.263, "2015-03-31": "1.23200", "2014-12-31": -25.032, "2014-09-30": -138.552, "2014-06-30": -92.007, "2014-03-31": "-1.49900", "2013-12-31": 248.809, "2013-09-30": -209.063, "2013-06-30": 32.585, "2013-03-31": "20.43900", "2012-12-31": -203.336, "2012-09-30": 114.35, "2012-06-30": -70.767, "2012-03-31": "-4.19500", "2011-12-31": 4.628, "2011-09-30": -0.37, "2011-06-30": -1.109, "2011-03-31": "0.65200", "2010-12-31": -25.715, "2010-09-30": 50.992, "2010-06-30": 12.587, "2010-03-31": "-2.82800", "2009-12-31": -0.763, "2009-09-30": -6.669, "2009-06-30": 5.337, "2009-03-31": "1.18200", "2008-12-31": 5.445, "2008-09-30": -1.539, "2008-06-30": -1.278, "2008-03-31": "1.07200", "2007-12-31": 2.093, "2007-09-30": 5.931, "2007-06-30": -0.479, "2007-03-31": "-2.90500", "2006-12-31": 9.427, "2006-09-30": 0.064, "2006-06-30": 3.521, "2006-03-31": "-3.74200", "2005-12-31": 32.261, "2005-09-30": -7.804, "2005-06-30": -7.964, "2005-03-31": "-14.85100"}, "Cash Flow From Investing Activities": {"2020-09-30": -864.334, "2020-06-30": -621.502, "2020-03-31": "892.83700", "2019-12-31": -28.057, "2019-09-30": -135.326, "2019-06-30": -201.175, "2019-03-31": "-111.98100", "2018-12-31": 476.019, "2018-09-30": -115.379, "2018-06-30": -47.579, "2018-03-31": "32.37100", "2017-12-31": 126.625, "2017-09-30": -158.973, "2017-06-30": -213.958, "2017-03-31": "91.18600", "2016-12-31": -200.953, "2016-09-30": -239.98, "2016-06-30": -271.889, "2016-03-31": "40.09500", "2015-12-31": 581.557, "2015-09-30": -175.23, "2015-06-30": 13.085, "2015-03-31": "-247.75400", "2014-12-31": 240.275, "2014-09-30": -267.395, "2014-06-30": -105.118, "2014-03-31": "183.27300", "2013-12-31": -3.428, "2013-09-30": -291.8, "2013-06-30": -165.697, "2013-03-31": "-159.62900", "2012-12-31": 30.167, "2012-09-30": -128.92, "2012-06-30": -685.543, "2012-03-31": "470.63600", "2011-12-31": 51.706, "2011-09-30": -17.089, "2011-06-30": -98.493, "2011-03-31": "97.68000", "2010-12-31": -5.878, "2010-09-30": -346.765, "2010-06-30": 48.68, "2010-03-31": "73.44200", "2009-12-31": -5.257, "2009-09-30": -76.15, "2009-06-30": 17.737, "2009-03-31": "135.33800", "2008-12-31": -20.284, "2008-09-30": -107.252, "2008-06-30": -93.818, "2008-03-31": "-92.64600", "2007-12-31": -64.935, "2007-09-30": -199.959, "2007-06-30": -45.372, "2007-03-31": "-176.28500", "2006-12-31": -130.16, "2006-09-30": -164.421, "2006-06-30": -505.778, "2006-03-31": "-65.42400", "2005-12-31": -296.106, "2005-09-30": -57.822, "2005-06-30": -163.797, "2005-03-31": "-79.65400"}, "Net Long-Term Debt": {"2020-09-30": 23.956, "2020-06-30": 404.505, "2020-03-31": "-244.43600", "2019-12-31": 55.133, "2019-09-30": -19.401, "2019-06-30": 37.828, "2019-03-31": "8.17800", "2018-12-31": 53.512, "2018-09-30": 12.44, "2018-06-30": 28.495, "2018-03-31": "9.95700", "2017-12-31": -1.722, "2017-09-30": -1.104, "2017-06-30": -20.589, "2017-03-31": "-5.50900", "2016-12-31": 13.778, "2016-09-30": 45.655, "2016-06-30": -7.028, "2016-03-31": "4.50800", "2015-12-31": -360.376, "2015-09-30": 0, "2015-06-30": 0, "2015-03-31": "", "2014-12-31": -318.588, "2014-09-30": 297.942, "2014-06-30": 0, "2014-03-31": "", "2013-12-31": 0, "2013-09-30": 0, "2013-06-30": 0, "2013-03-31": "", "2012-12-31": 0, "2012-09-30": 0, "2012-06-30": 399.592, "2012-03-31": "", "2011-12-31": 0, "2011-09-30": 0, "2011-06-30": 0, "2011-03-31": "", "2010-12-31": -0.003, "2010-09-30": 298.896, "2010-06-30": 0, "2010-03-31": "", "2009-12-31": 0, "2009-09-30": 0, "2009-06-30": 0, "2009-03-31": "", "2008-12-31": 0, "2008-09-30": 0, "2008-06-30": 0, "2008-03-31": "", "2007-12-31": 0, "2007-09-30": 0, "2007-06-30": 0, "2007-03-31": "-80.00000", "2006-12-31": 0, "2006-09-30": 0, "2006-06-30": 0, "2006-03-31": "", "2005-12-31": 0, "2005-09-30": 0, "2005-06-30": 0, "2005-03-31": ""}, "Net Current Debt": {"2020-09-30": 0, "2020-06-30": 0, "2020-03-31": "", "2019-12-31": 0, "2019-09-30": 0, "2019-06-30": 0, "2019-03-31": "", "2018-12-31": 0, "2018-09-30": 0, "2018-06-30": 0, "2018-03-31": "", "2017-12-31": 0, "2017-09-30": 0, "2017-06-30": 0, "2017-03-31": "", "2016-12-31": 0, "2016-09-30": 0, "2016-06-30": 0, "2016-03-31": "", "2015-12-31": 0, "2015-09-30": 0, "2015-06-30": 0, "2015-03-31": "", "2014-12-31": 0, "2014-09-30": 0, "2014-06-30": 0, "2014-03-31": "", "2013-12-31": 0, "2013-09-30": 0, "2013-06-30": 0, "2013-03-31": "", "2012-12-31": 0, "2012-09-30": 0, "2012-06-30": 0, "2012-03-31": "", "2011-12-31": 0, "2011-09-30": 0, "2011-06-30": 0, "2011-03-31": "", "2010-12-31": 0, "2010-09-30": 0, "2010-06-30": 0, "2010-03-31": "", "2009-12-31": 0, "2009-09-30": 0, "2009-06-30": 0, "2009-03-31": "", "2008-12-31": 0, "2008-09-30": 0, "2008-06-30": 0, "2008-03-31": "", "2007-12-31": 0, "2007-09-30": 0, "2007-06-30": 0, "2007-03-31": "", "2006-12-31": 0, "2006-09-30": 0, "2006-06-30": 0, "2006-03-31": "", "2005-12-31": 0, "2005-09-30": 0, "2005-06-30": 0, "2005-03-31": ""}, "Debt Issuance/Retirement Net - Total": {"2020-09-30": 23.956, "2020-06-30": 404.505, "2020-03-31": "-244.43600", "2019-12-31": 55.133, "2019-09-30": -19.401, "2019-06-30": 37.828, "2019-03-31": "8.17800", "2018-12-31": 53.512, "2018-09-30": 12.44, "2018-06-30": 28.495, "2018-03-31": "9.95700", "2017-12-31": -1.722, "2017-09-30": -1.104, "2017-06-30": -20.589, "2017-03-31": "-5.50900", "2016-12-31": 13.778, "2016-09-30": 45.655, "2016-06-30": -7.028, "2016-03-31": "4.50800", "2015-12-31": -360.376, "2015-09-30": 0, "2015-06-30": 0, "2015-03-31": "", "2014-12-31": -318.588, "2014-09-30": 297.942, "2014-06-30": 0, "2014-03-31": "", "2013-12-31": 0, "2013-09-30": 0, "2013-06-30": 0, "2013-03-31": "", "2012-12-31": 0, "2012-09-30": 0, "2012-06-30": 399.592, "2012-03-31": "", "2011-12-31": 0, "2011-09-30": 0, "2011-06-30": 0, "2011-03-31": "", "2010-12-31": -0.003, "2010-09-30": 298.896, "2010-06-30": 0, "2010-03-31": "", "2009-12-31": 0, "2009-09-30": 0, "2009-06-30": 0, "2009-03-31": "", "2008-12-31": 0, "2008-09-30": 0, "2008-06-30": 0, "2008-03-31": "", "2007-12-31": 0, "2007-09-30": 0, "2007-06-30": 0, "2007-03-31": "-80.00000", "2006-12-31": 0, "2006-09-30": 0, "2006-06-30": 0, "2006-03-31": "", "2005-12-31": 0, "2005-09-30": 0, "2005-06-30": 0, "2005-03-31": ""}, "Net Common Equity Issued/Repurchased": {"2020-09-30": -69.99, "2020-06-30": 0, "2020-03-31": "-44.26800", "2019-12-31": -31.976, "2019-09-30": -19.294, "2019-06-30": -12.666, "2019-03-31": "-80.48600", "2018-12-31": -209.58, "2018-09-30": -45.95, "2018-06-30": -214.835, "2018-03-31": "-21.26800", "2017-12-31": -7.499, "2017-09-30": -8.549, "2017-06-30": 0, "2017-03-31": "", "2016-12-31": -12.642, "2016-09-30": -2.39, "2016-06-30": 0, "2016-03-31": "-53.28800", "2015-12-31": -51.292, "2015-09-30": -151.976, "2015-06-30": -13.914, "2015-03-31": "-26.63200", "2014-12-31": -78.033, "2014-09-30": -62.538, "2014-06-30": -65.265, "2014-03-31": "-94.64200", "2013-12-31": 0, "2013-09-30": 0, "2013-06-30": -8.813, "2013-03-31": "-31.57600", "2012-12-31": -17.768, "2012-09-30": 0, "2012-06-30": 0, "2012-03-31": "", "2011-12-31": -43.915, "2011-09-30": -55.133, "2011-06-30": -14.875, "2011-03-31": "-6.40200", "2010-12-31": -16.582, "2010-09-30": -6.736, "2010-06-30": -52.3, "2010-03-31": "-7.51700", "2009-12-31": -22.543, "2009-09-30": -17.622, "2009-06-30": -26.59, "2009-03-31": "-9.10100", "2008-12-31": 0, "2008-09-30": -23.141, "2008-06-30": -0.116, "2008-03-31": "-1.81100", "2007-12-31": 0, "2007-09-30": 0, "2007-06-30": 0, "2007-03-31": "", "2006-12-31": 0, "2006-09-30": 0, "2006-06-30": 86.288, "2006-03-31": "-39.18600", "2005-12-31": 0, "2005-09-30": 0, "2005-06-30": 0, "2005-03-31": ""}, "Net Total Equity Issued/Repurchased": {"2020-09-30": -69.99, "2020-06-30": 0, "2020-03-31": "-44.26800", "2019-12-31": -31.976, "2019-09-30": -19.294, "2019-06-30": -12.666, "2019-03-31": "-80.48600", "2018-12-31": -209.58, "2018-09-30": -45.95, "2018-06-30": -214.835, "2018-03-31": "-21.26800", "2017-12-31": -7.499, "2017-09-30": -8.549, "2017-06-30": 0, "2017-03-31": "", "2016-12-31": -12.642, "2016-09-30": -2.39, "2016-06-30": 0, "2016-03-31": "-53.28800", "2015-12-31": -51.292, "2015-09-30": -151.976, "2015-06-30": -13.914, "2015-03-31": "-26.63200", "2014-12-31": -78.033, "2014-09-30": -62.538, "2014-06-30": -65.265, "2014-03-31": "-94.64200", "2013-12-31": 0, "2013-09-30": 0, "2013-06-30": -8.813, "2013-03-31": "-31.57600", "2012-12-31": -17.768, "2012-09-30": 0, "2012-06-30": 0, "2012-03-31": "", "2011-12-31": -43.915, "2011-09-30": -55.133, "2011-06-30": -14.875, "2011-03-31": "-6.40200", "2010-12-31": -16.582, "2010-09-30": -6.736, "2010-06-30": -52.3, "2010-03-31": "-7.51700", "2009-12-31": -22.543, "2009-09-30": -17.622, "2009-06-30": -60.154, "2009-03-31": "-92.89500", "2008-12-31": 0, "2008-09-30": -23.141, "2008-06-30": -0.116, "2008-03-31": "-1.81100", "2007-12-31": 0, "2007-09-30": 0, "2007-06-30": 0, "2007-03-31": "", "2006-12-31": 0, "2006-09-30": -0.539, "2006-06-30": 377.249, "2006-03-31": "-39.18600", "2005-12-31": 0, "2005-09-30": 0, "2005-06-30": 0, "2005-03-31": ""}, "Total Common And Preferred Stock Dividends Paid": {"2020-09-30": 0, "2020-06-30": 0, "2020-03-31": "-215.01300", "2019-12-31": 0, "2019-09-30": 0, "2019-06-30": 0, "2019-03-31": "", "2018-12-31": 0, "2018-09-30": 0, "2018-06-30": 0, "2018-03-31": "-153.96700", "2017-12-31": 0, "2017-09-30": 0, "2017-06-30": 0, "2017-03-31": "", "2016-12-31": 0, "2016-09-30": 0, "2016-06-30": 0, "2016-03-31": "", "2015-12-31": 0, "2015-09-30": 0, "2015-06-30": 0, "2015-03-31": "", "2014-12-31": 0, "2014-09-30": 0, "2014-06-30": 0, "2014-03-31": "", "2013-12-31": 0, "2013-09-30": 0, "2013-06-30": 0, "2013-03-31": "", "2012-12-31": 0, "2012-09-30": 0, "2012-06-30": 0, "2012-03-31": "", "2011-12-31": 0, "2011-09-30": 0, "2011-06-30": 0, "2011-03-31": "", "2010-12-31": 0, "2010-09-30": 0, "2010-06-30": 0, "2010-03-31": "", "2009-12-31": 0, "2009-09-30": 0, "2009-06-30": -3.152, "2009-03-31": "-4.30400", "2008-12-31": -4.304, "2008-09-30": -4.305, "2008-06-30": -4.436, "2008-03-31": "-4.30500", "2007-12-31": -4.305, "2007-09-30": -4.307, "2007-06-30": -4.449, "2007-03-31": "-4.30600", "2006-12-31": -4.306, "2006-09-30": -4.036, "2006-06-30": 0, "2006-03-31": "", "2005-12-31": 0, "2005-09-30": 0, "2005-06-30": 0, "2005-03-31": ""}, "Financial Activities - Other": {"2020-09-30": 0.684, "2020-06-30": -6.316, "2020-03-31": "3.66400", "2019-12-31": -3.539, "2019-09-30": -5.647, "2019-06-30": -19.923, "2019-03-31": "-11.42100", "2018-12-31": -3.342, "2018-09-30": 2.537, "2018-06-30": 0.663, "2018-03-31": "4.65400", "2017-12-31": -2.33, "2017-09-30": -1.832, "2017-06-30": -2.181, "2017-03-31": "-13.05700", "2016-12-31": -1.733, "2016-09-30": -0.095, "2016-06-30": -5.405, "2016-03-31": "1.22600", "2015-12-31": -19.519, "2015-09-30": 14.667, "2015-06-30": -7.085, "2015-03-31": "7.34400", "2014-12-31": -2.175, "2014-09-30": 11.098, "2014-06-30": 1.197, "2014-03-31": "8.92900", "2013-12-31": -1.1, "2013-09-30": -21.913, "2013-06-30": 1.531, "2013-03-31": "-8.73500", "2012-12-31": 9.035, "2012-09-30": 0, "2012-06-30": -1.805, "2012-03-31": "-1.12600", "2011-12-31": 0, "2011-09-30": 0, "2011-06-30": 0.486, "2011-03-31": "0.40200", "2010-12-31": 0.311, "2010-09-30": -2.846, "2010-06-30": 0.47, "2010-03-31": "0.17500", "2009-12-31": 0.167, "2009-09-30": 0, "2009-06-30": 0.621, "2009-03-31": "-0.81000", "2008-12-31": -4.206, "2008-09-30": -0.031, "2008-06-30": 3.7, "2008-03-31": "", "2007-12-31": 5.001, "2007-09-30": 1.29, "2007-06-30": 0.431, "2007-03-31": "94.81900", "2006-12-31": 1.483, "2006-09-30": 0.919, "2006-06-30": 0.775, "2006-03-31": "0.56400", "2005-12-31": 1.834, "2005-09-30": 5.078, "2005-06-30": 5.834, "2005-03-31": "-0.26600"}, "Cash Flow From Financial Activities": {"2020-09-30": -45.35, "2020-06-30": 398.189, "2020-03-31": "-500.05300", "2019-12-31": 19.618, "2019-09-30": -44.342, "2019-06-30": 5.239, "2019-03-31": "-83.72900", "2018-12-31": -159.41, "2018-09-30": -30.973, "2018-06-30": -185.677, "2018-03-31": "-160.62400", "2017-12-31": -11.551, "2017-09-30": -11.485, "2017-06-30": -22.77, "2017-03-31": "-18.56600", "2016-12-31": -0.597, "2016-09-30": 43.17, "2016-06-30": -12.433, "2016-03-31": "-47.55400", "2015-12-31": -431.187, "2015-09-30": -137.309, "2015-06-30": -20.999, "2015-03-31": "-19.28800", "2014-12-31": -398.796, "2014-09-30": 246.502, "2014-06-30": -64.068, "2014-03-31": "-85.71300", "2013-12-31": -1.1, "2013-09-30": -21.913, "2013-06-30": -7.282, "2013-03-31": "-40.31100", "2012-12-31": -8.733, "2012-09-30": 0, "2012-06-30": 397.787, "2012-03-31": "-1.12600", "2011-12-31": -43.915, "2011-09-30": -55.133, "2011-06-30": -14.389, "2011-03-31": "-6.00000", "2010-12-31": -16.274, "2010-09-30": 289.314, "2010-06-30": -51.83, "2010-03-31": "-7.34200", "2009-12-31": -22.376, "2009-09-30": -17.622, "2009-06-30": -62.685, "2009-03-31": "-98.00900", "2008-12-31": -8.51, "2008-09-30": -27.477, "2008-06-30": -0.852, "2008-03-31": "-6.11600", "2007-12-31": 0.696, "2007-09-30": -3.017, "2007-06-30": -4.018, "2007-03-31": "10.51300", "2006-12-31": -2.823, "2006-09-30": -3.656, "2006-06-30": 378.024, "2006-03-31": "-38.62200", "2005-12-31": 1.834, "2005-09-30": 5.078, "2005-06-30": 5.834, "2005-03-31": "-0.26600"}, "Net Cash Flow": {"2020-09-30": -422.092, "2020-06-30": 97.486, "2020-03-31": "376.08700", "2019-12-31": 281.621, "2019-09-30": 72.659, "2019-06-30": 46.754, "2019-03-31": "-260.69900", "2018-12-31": 391.855, "2018-09-30": 23.685, "2018-06-30": -87.817, "2018-03-31": "-127.33500", "2017-12-31": 136.534, "2017-09-30": 58.156, "2017-06-30": 19.24, "2017-03-31": "30.35400", "2016-12-31": 25.184, "2016-09-30": 58.088, "2016-06-30": 1.076, "2016-03-31": "34.47600", "2015-12-31": -87.92, "2015-09-30": -84.714, "2015-06-30": 110.416, "2015-03-31": "-67.77400", "2014-12-31": -2.346, "2014-09-30": 188.15, "2014-06-30": -61.959, "2014-03-31": "-16.90100", "2013-12-31": 83.633, "2013-09-30": -66.479, "2013-06-30": -93.718, "2013-03-31": "-74.64500", "2012-12-31": 78.211, "2012-09-30": 166.698, "2012-06-30": -115.601, "2012-03-31": "435.46700", "2011-12-31": -5.73, "2011-09-30": 4.995, "2011-06-30": 20.603, "2011-03-31": "-11.86000", "2010-12-31": -26.718, "2010-09-30": 19.277, "2010-06-30": 28.407, "2010-03-31": "23.24900", "2009-12-31": -30.756, "2009-09-30": -11.659, "2009-06-30": 24.071, "2009-03-31": "32.74500", "2008-12-31": -12.007, "2008-09-30": 0.408, "2008-06-30": -16.142, "2008-03-31": "-11.78000", "2007-12-31": 30.735, "2007-09-30": 5.444, "2007-06-30": 15.081, "2007-03-31": "-35.07200", "2006-12-31": -14.835, "2006-09-30": 7.164, "2006-06-30": 34.459, "2006-03-31": "-17.98500", "2005-12-31": -203.432, "2005-09-30": 13.435, "2005-06-30": -45.062, "2005-03-31": "14.75600"}, "Stock-Based Compensation": {"2020-09-30": 0, "2020-06-30": 0, "2020-03-31": "", "2019-12-31": 0, "2019-09-30": 0, "2019-06-30": 0, "2019-03-31": "", "2018-12-31": 0, "2018-09-30": 0, "2018-06-30": 0, "2018-03-31": "", "2017-12-31": 0, "2017-09-30": 0, "2017-06-30": 0, "2017-03-31": "", "2016-12-31": 0, "2016-09-30": 0, "2016-06-30": 0, "2016-03-31": "", "2015-12-31": 0, "2015-09-30": 0, "2015-06-30": 0, "2015-03-31": "", "2014-12-31": 0, "2014-09-30": 0, "2014-06-30": 0, "2014-03-31": "", "2013-12-31": 0, "2013-09-30": 0, "2013-06-30": 0, "2013-03-31": "", "2012-12-31": 0, "2012-09-30": 0, "2012-06-30": 0, "2012-03-31": "", "2011-12-31": 0, "2011-09-30": 0, "2011-06-30": 0, "2011-03-31": "", "2010-12-31": 0, "2010-09-30": 0, "2010-06-30": 0, "2010-03-31": "", "2009-12-31": 0, "2009-09-30": 0, "2009-06-30": 0, "2009-03-31": "", "2008-12-31": 0, "2008-09-30": 0, "2008-06-30": 0, "2008-03-31": "", "2007-12-31": 0, "2007-09-30": 0, "2007-06-30": 0, "2007-03-31": "", "2006-12-31": 0, "2006-09-30": 0, "2006-06-30": 0, "2006-03-31": "", "2005-12-31": 0, "2005-09-30": 0, "2005-06-30": 0, "2005-03-31": ""}, "Common Stock Dividends Paid": {"2020-09-30": 0, "2020-06-30": 0, "2020-03-31": "-215.01300", "2019-12-31": 0, "2019-09-30": 0, "2019-06-30": 0, "2019-03-31": "0.00000", "2018-12-31": 0, "2018-09-30": 0, "2018-06-30": 0, "2018-03-31": "-153.96700", "2017-12-31": 0, "2017-09-30": 0, "2017-06-30": 0, "2017-03-31": "", "2016-12-31": 0, "2016-09-30": 0, "2016-06-30": 0, "2016-03-31": "", "2015-12-31": 0, "2015-09-30": 0, "2015-06-30": 0, "2015-03-31": "", "2014-12-31": 0, "2014-09-30": 0, "2014-06-30": 0, "2014-03-31": "", "2013-12-31": 0, "2013-09-30": 0, "2013-06-30": 0, "2013-03-31": "", "2012-12-31": 0, "2012-09-30": 0, "2012-06-30": 0, "2012-03-31": "", "2011-12-31": 0, "2011-09-30": 0, "2011-06-30": 0, "2011-03-31": "", "2010-12-31": 0, "2010-09-30": 0, "2010-06-30": 0, "2010-03-31": "", "2009-12-31": 0, "2009-09-30": 0, "2009-06-30": 0, "2009-03-31": "", "2008-12-31": 0, "2008-09-30": 0, "2008-06-30": 0, "2008-03-31": "", "2007-12-31": 0, "2007-09-30": 0, "2007-06-30": 0, "2007-03-31": "", "2006-12-31": 0, "2006-09-30": 0, "2006-06-30": 0, "2006-03-31": "", "2005-12-31": 0, "2005-09-30": 0, "2005-06-30": 0, "2005-03-31": ""}}, "financial ratios": {"Current Ratio": {"2019-12-31": "", "2018-12-31": "", "2017-12-31": "", "2016-12-31": "", "2015-12-31": "", "2014-12-31": "", "2013-12-31": "", "2012-12-31": "", "2011-12-31": "", "2010-12-31": "", "2009-12-31": "", "2008-12-31": "", "2007-12-31": "", "2006-12-31": "", "2005-12-31": ""}, "Long-term Debt / Capital": {"2019-12-31": "0.16630", "2018-12-31": "0.17830", "2017-12-31": "0.14850", "2016-12-31": "0.15680", "2015-12-31": "0.15820", "2014-12-31": "0.19120", "2013-12-31": "0.20530", "2012-12-31": "0.22050", "2011-12-31": "0.09270", "2010-12-31": "0.09320", "2009-12-31": "", "2008-12-31": "", "2007-12-31": "", "2006-12-31": "0.03160", "2005-12-31": "0.04110"}, "Debt/Equity Ratio": {"2019-12-31": "0.19950", "2018-12-31": "0.21700", "2017-12-31": "0.17440", "2016-12-31": "0.18600", "2015-12-31": "0.18790", "2014-12-31": "0.23650", "2013-12-31": "0.25830", "2012-12-31": "0.28290", "2011-12-31": "0.10220", "2010-12-31": "0.10280", "2009-12-31": "", "2008-12-31": "", "2007-12-31": "", "2006-12-31": "0.03270", "2005-12-31": "0.04280"}, "Gross Margin": {"2019-12-31": "", "2018-12-31": "", "2017-12-31": "", "2016-12-31": "", "2015-12-31": "", "2014-12-31": "", "2013-12-31": "", "2012-12-31": "", "2011-12-31": "", "2010-12-31": "", "2009-12-31": "", "2008-12-31": "", "2007-12-31": "", "2006-12-31": "", "2005-12-31": ""}, "Operating Margin": {"2019-12-31": "13.53430", "2018-12-31": "1.89220", "2017-12-31": "1.86410", "2016-12-31": "11.89690", "2015-12-31": "16.98470", "2014-12-31": "19.53360", "2013-12-31": "18.94690", "2012-12-31": "16.57200", "2011-12-31": "21.21160", "2010-12-31": "28.62620", "2009-12-31": "33.43600", "2008-12-31": "6.24330", "2007-12-31": "35.30490", "2006-12-31": "32.57810", "2005-12-31": "5.77580"}, "EBIT Margin": {"2019-12-31": "13.53430", "2018-12-31": "1.89220", "2017-12-31": "1.86410", "2016-12-31": "11.89690", "2015-12-31": "16.98470", "2014-12-31": "19.53360", "2013-12-31": "18.94690", "2012-12-31": "16.57200", "2011-12-31": "21.21160", "2010-12-31": "28.62620", "2009-12-31": "33.43600", "2008-12-31": "6.24330", "2007-12-31": "35.30490", "2006-12-31": "32.57810", "2005-12-31": "5.77580"}, "EBITDA Margin": {"2019-12-31": "14.85620", "2018-12-31": "3.74160", "2017-12-31": "3.96580", "2016-12-31": "14.51430", "2015-12-31": "20.24630", "2014-12-31": "22.95400", "2013-12-31": "23.90700", "2012-12-31": "26.35180", "2011-12-31": "23.96610", "2010-12-31": "32.05810", "2009-12-31": "36.16800", "2008-12-31": "8.83890", "2007-12-31": "36.62960", "2006-12-31": "33.67910", "2005-12-31": "7.67650"}, "Pre-Tax Profit Margin": {"2019-12-31": "12.42860", "2018-12-31": "0.57490", "2017-12-31": "0.57110", "2016-12-31": "10.56600", "2015-12-31": "15.14890", "2014-12-31": "17.81240", "2013-12-31": "17.20220", "2012-12-31": "15.13240", "2011-12-31": "19.43670", "2010-12-31": "28.14940", "2009-12-31": "33.38250", "2008-12-31": "6.17250", "2007-12-31": "35.18480", "2006-12-31": "32.04750", "2005-12-31": "5.45880"}, "Net Profit Margin": {"2019-12-31": "9.48820", "2018-12-31": "0.57410", "2017-12-31": "1.40290", "2016-12-31": "7.45260", "2015-12-31": "11.20750", "2014-12-31": "12.98290", "2013-12-31": "12.64010", "2012-12-31": "14.77410", "2011-12-31": "14.59010", "2010-12-31": "20.14530", "2009-12-31": "22.36090", "2008-12-31": "13.21940", "2007-12-31": "22.94060", "2006-12-31": "22.53150", "2005-12-31": "4.77580"}, "Asset Turnover": {"2019-12-31": "0.33570", "2018-12-31": "0.27170", "2017-12-31": "0.25310", "2016-12-31": "0.25810", "2015-12-31": "0.21890", "2014-12-31": "0.22270", "2013-12-31": "0.21280", "2012-12-31": "0.20840", "2011-12-31": "0.15160", "2010-12-31": "0.15320", "2009-12-31": "0.19130", "2008-12-31": "0.16000", "2007-12-31": "0.17700", "2006-12-31": "0.17160", "2005-12-31": "0.18910"}, "Inventory Turnover Ratio": {"2019-12-31": "", "2018-12-31": "", "2017-12-31": "", "2016-12-31": "", "2015-12-31": "", "2014-12-31": "", "2013-12-31": "", "2012-12-31": "", "2011-12-31": "", "2010-12-31": "", "2009-12-31": "", "2008-12-31": "", "2007-12-31": "", "2006-12-31": "", "2005-12-31": ""}, "Receiveable Turnover": {"2019-12-31": "", "2018-12-31": "", "2017-12-31": "", "2016-12-31": "", "2015-12-31": "", "2014-12-31": "", "2013-12-31": "", "2012-12-31": "", "2011-12-31": "", "2010-12-31": "", "2009-12-31": "", "2008-12-31": "", "2007-12-31": "", "2006-12-31": "", "2005-12-31": ""}, "Days Sales In Receivables": {"2019-12-31": "", "2018-12-31": "", "2017-12-31": "", "2016-12-31": "", "2015-12-31": "", "2014-12-31": "", "2013-12-31": "", "2012-12-31": "", "2011-12-31": "", "2010-12-31": "", "2009-12-31": "", "2008-12-31": "", "2007-12-31": "", "2006-12-31": "", "2005-12-31": ""}, "ROE - Return On Equity": {"2019-12-31": "10.14270", "2018-12-31": "0.71050", "2017-12-31": "1.18030", "2016-12-31": "5.80190", "2015-12-31": "7.44170", "2014-12-31": "9.10070", "2013-12-31": "9.05870", "2012-12-31": "10.96610", "2011-12-31": "4.89630", "2010-12-31": "6.82400", "2009-12-31": "9.97230", "2008-12-31": "1.72830", "2007-12-31": "11.57180", "2006-12-31": "11.20800", "2005-12-31": "2.46090"}, "Return On Tangible Equity": {"2019-12-31": "11.76310", "2018-12-31": "0.81760", "2017-12-31": "1.30170", "2016-12-31": "6.33100", "2015-12-31": "7.80730", "2014-12-31": "9.40950", "2013-12-31": "9.36470", "2012-12-31": "11.34190", "2011-12-31": "5.14050", "2010-12-31": "7.17510", "2009-12-31": "10.53710", "2008-12-31": "1.62560", "2007-12-31": "11.15890", "2006-12-31": "10.52390", "2005-12-31": "2.70320"}, "ROA - Return On Assets": {"2019-12-31": "3.30540", "2018-12-31": "0.21560", "2017-12-31": "0.39590", "2016-12-31": "1.93910", "2015-12-31": "2.46150", "2014-12-31": "2.89550", "2013-12-31": "2.69400", "2012-12-31": "3.07890", "2011-12-31": "2.21130", "2010-12-31": "3.08630", "2009-12-31": "4.37610", "2008-12-31": "0.65620", "2007-12-31": "4.14200", "2006-12-31": "3.89960", "2005-12-31": "0.79320"}, "ROI - Return On Investment": {"2019-12-31": "8.45570", "2018-12-31": "0.58380", "2017-12-31": "1.00500", "2016-12-31": "4.89210", "2015-12-31": "6.26470", "2014-12-31": "7.36030", "2013-12-31": "7.19930", "2012-12-31": "8.54800", "2011-12-31": "4.44230", "2010-12-31": "6.18810", "2009-12-31": "9.97230", "2008-12-31": "1.53270", "2007-12-31": "10.32720", "2006-12-31": "9.52620", "2005-12-31": "2.35980"}, "Book Value Per Share": {"2019-12-31": "610.98050", "2018-12-31": "527.76550", "2017-12-31": "553.18460", "2016-12-31": "515.24630", "2015-12-31": "486.02080", "2014-12-31": "465.51810", "2013-12-31": "414.38150", "2012-12-31": "379.12420", "2011-12-31": "342.10440", "2010-12-31": "325.04950", "2009-12-31": "294.61860", "2008-12-31": "292.80000", "2007-12-31": "306.26890", "2006-12-31": "270.77220", "2005-12-31": "203.87610"}, "Operating Cash Flow Per Share": {"2019-12-31": 22.7478, "2018-12-31": -2.2091, "2017-12-31": -22.4203, "2016-12-31": 30.8165, "2015-12-31": -2.1946, "2014-12-31": -12.057, "2013-12-31": 2.6698, "2012-12-31": 21.4842, "2011-12-31": 3.9245, "2010-12-31": -8.3668, "2009-12-31": -22.3997, "2008-12-31": -9.5367, "2007-12-31": -14.0657, "2006-12-31": 22.6383, "2005-12-31": 38.4326}, "Free Cash Flow Per Share": {"2019-12-31": 20.9999, "2018-12-31": -4.1946, "2017-12-31": -20.4263, "2016-12-31": 30.9787, "2015-12-31": -1.2485, "2014-12-31": -13.6816, "2013-12-31": 2.1577, "2012-12-31": 21.6857, "2011-12-31": 3.9244, "2010-12-31": -8.5123, "2009-12-31": -21.8752, "2008-12-31": -10.1639, "2007-12-31": -14.0761, "2006-12-31": 23.2209, "2005-12-31": 37.3812}}, "financial ratios, quarterly": {"Current Ratio": {"2020-09-30": "", "2020-06-30": "", "2020-03-31": "", "2019-12-31": "", "2019-09-30": "", "2019-06-30": "", "2019-03-31": "", "2018-12-31": "", "2018-09-30": "", "2018-06-30": "", "2018-03-31": "", "2017-12-31": "", "2017-09-30": "", "2017-06-30": "", "2017-03-31": "", "2016-12-31": "", "2016-09-30": "", "2016-06-30": "", "2016-03-31": "", "2015-12-31": "", "2015-09-30": "", "2015-06-30": "", "2015-03-31": "", "2014-12-31": "", "2014-09-30": "", "2014-06-30": "", "2014-03-31": "", "2013-12-31": "", "2013-09-30": "", "2013-06-30": "", "2013-03-31": "", "2012-12-31": "", "2012-09-30": "", "2012-06-30": "", "2012-03-31": "", "2011-12-31": "", "2011-09-30": "", "2011-06-30": "", "2011-03-31": "", "2010-12-31": "", "2010-09-30": "", "2010-06-30": "", "2010-03-31": "", "2009-12-31": "", "2009-09-30": "", "2009-06-30": "", "2009-03-31": "", "2008-12-31": "", "2008-09-30": "", "2008-06-30": "", "2008-03-31": "", "2007-12-31": "", "2007-09-30": "", "2007-06-30": "", "2007-03-31": "", "2006-12-31": "", "2006-09-30": "", "2006-06-30": "", "2006-03-31": "", "2005-12-31": "", "2005-09-30": "", "2005-06-30": "", "2005-03-31": ""}, "Long-term Debt / Capital": {"2020-09-30": "0.19190", "2020-06-30": "0.19270", "2020-03-31": "0.16160", "2019-12-31": "0.16630", "2019-09-30": "0.16110", "2019-06-30": "0.16490", "2019-03-31": "0.16910", "2018-12-31": "0.17830", "2018-09-30": "0.15540", "2018-06-30": "0.15730", "2018-03-31": "0.15540", "2017-12-31": "0.14850", "2017-09-30": "0.15340", "2017-06-30": "0.14990", "2017-03-31": "0.15240", "2016-12-31": "0.15680", "2016-09-30": "0.14580", "2016-06-30": "0.14880", "2016-03-31": "0.15110", "2015-12-31": "0.15820", "2015-09-30": "0.19080", "2015-06-30": "0.18720", "2015-03-31": "0.18770", "2014-12-31": "0.19120", "2014-09-30": "0.21900", "2014-06-30": "0.19420", "2014-03-31": "0.20050", "2013-12-31": "0.20530", "2013-09-30": "0.21070", "2013-06-30": "0.21720", "2013-03-31": "0.21430", "2012-12-31": "0.22050", "2012-09-30": "0.21620", "2012-06-30": "0.22470", "2012-03-31": "0.18720", "2011-12-31": "0.09270", "2011-09-30": "0.09500", "2011-06-30": "0.08980", "2011-03-31": "0.08920", "2010-12-31": "0.09320", "2010-09-30": "0.09600", "2010-06-30": "", "2010-03-31": "", "2009-12-31": "", "2009-09-30": "", "2009-06-30": "", "2009-03-31": "", "2008-12-31": "", "2008-09-30": "", "2008-06-30": "", "2008-03-31": "0.00180", "2007-12-31": "", "2007-09-30": "", "2007-06-30": "", "2007-03-31": "", "2006-12-31": "0.03160", "2006-09-30": "0.03300", "2006-06-30": "0.03380", "2006-03-31": "0.03960", "2005-12-31": "0.04110", "2005-09-30": "0.04240", "2005-06-30": "0.04170", "2005-03-31": "0.07060"}, "Debt/Equity Ratio": {"2020-09-30": "0.23750", "2020-06-30": "0.23860", "2020-03-31": "0.19270", "2019-12-31": "0.19950", "2019-09-30": "0.19200", "2019-06-30": "0.19740", "2019-03-31": "0.20350", "2018-12-31": "0.21700", "2018-09-30": "0.18400", "2018-06-30": "0.18670", "2018-03-31": "0.18400", "2017-12-31": "0.17440", "2017-09-30": "0.18120", "2017-06-30": "0.17630", "2017-03-31": "0.17970", "2016-12-31": "0.18600", "2016-09-30": "0.17070", "2016-06-30": "0.17470", "2016-03-31": "0.17800", "2015-12-31": "0.18790", "2015-09-30": "0.23580", "2015-06-30": "0.23030", "2015-03-31": "0.23100", "2014-12-31": "0.23650", "2014-09-30": "0.28040", "2014-06-30": "0.24110", "2014-03-31": "0.25080", "2013-12-31": "0.25830", "2013-09-30": "0.26690", "2013-06-30": "0.27750", "2013-03-31": "0.27280", "2012-12-31": "0.28290", "2012-09-30": "0.27590", "2012-06-30": "0.28980", "2012-03-31": "0.23030", "2011-12-31": "0.10220", "2011-09-30": "0.10500", "2011-06-30": "0.09870", "2011-03-31": "0.09800", "2010-12-31": "0.10280", "2010-09-30": "0.10620", "2010-06-30": "", "2010-03-31": "", "2009-12-31": "", "2009-09-30": "", "2009-06-30": "", "2009-03-31": "", "2008-12-31": "", "2008-09-30": "", "2008-06-30": "", "2008-03-31": "0.00180", "2007-12-31": "", "2007-09-30": "", "2007-06-30": "", "2007-03-31": "", "2006-12-31": "0.03270", "2006-09-30": "0.03410", "2006-06-30": "0.03500", "2006-03-31": "0.04120", "2005-12-31": "0.04280", "2005-09-30": "0.04430", "2005-06-30": "0.04350", "2005-03-31": "0.07600"}, "Gross Margin": {"2020-09-30": "", "2020-06-30": "", "2020-03-31": "", "2019-12-31": "", "2019-09-30": "", "2019-06-30": "", "2019-03-31": "", "2018-12-31": "", "2018-09-30": "", "2018-06-30": "", "2018-03-31": "", "2017-12-31": "", "2017-09-30": "", "2017-06-30": "", "2017-03-31": "", "2016-12-31": "", "2016-09-30": "", "2016-06-30": "", "2016-03-31": "", "2015-12-31": "", "2015-09-30": "", "2015-06-30": "", "2015-03-31": "", "2014-12-31": "", "2014-09-30": "", "2014-06-30": "", "2014-03-31": "", "2013-12-31": "", "2013-09-30": "", "2013-06-30": "", "2013-03-31": "", "2012-12-31": "", "2012-09-30": "", "2012-06-30": "", "2012-03-31": "", "2011-12-31": "", "2011-09-30": "", "2011-06-30": "", "2011-03-31": "", "2010-12-31": "", "2010-09-30": "", "2010-06-30": "", "2010-03-31": "", "2009-12-31": "", "2009-09-30": "", "2009-06-30": "", "2009-03-31": "", "2008-12-31": "", "2008-09-30": "", "2008-06-30": "", "2008-03-31": "", "2007-12-31": "", "2007-09-30": "", "2007-06-30": "", "2007-03-31": "", "2006-12-31": "", "2006-09-30": "", "2006-06-30": "", "2006-03-31": "", "2005-12-31": "", "2005-09-30": "", "2005-06-30": "", "2005-03-31": ""}, "Operating Margin": {"2020-09-30": "7.57930", "2020-06-30": "11.31430", "2020-03-31": "-30.19950", "2019-12-31": "3.79540", "2019-09-30": "7.17630", "2019-06-30": "17.76790", "2019-03-31": "24.98410", "2018-12-31": "-68.75600", "2018-09-30": "17.08730", "2018-06-30": "19.59480", "2018-03-31": "14.52000", "2017-12-31": "13.84530", "2017-09-30": "-30.07660", "2017-06-30": "10.36790", "2017-03-31": "14.93330", "2016-12-31": "7.90050", "2016-09-30": "14.11210", "2016-06-30": "9.73250", "2016-03-31": "15.72670", "2015-12-31": "17.46620", "2015-09-30": "13.10590", "2015-06-30": "20.64130", "2015-03-31": "16.29850", "2014-12-31": "16.81350", "2014-09-30": "21.34440", "2014-06-30": "17.37520", "2014-03-31": "22.54970", "2013-12-31": "24.11730", "2013-09-30": "14.25000", "2013-06-30": "14.10910", "2013-03-31": "22.48570", "2012-12-31": "-13.33890", "2012-09-30": "14.04520", "2012-06-30": "12.98580", "2012-03-31": "59.12830", "2011-12-31": "20.67200", "2011-09-30": "16.02800", "2011-06-30": "8.54850", "2011-03-31": "37.86670", "2010-12-31": "24.90810", "2010-09-30": "24.40970", "2010-06-30": "35.27530", "2010-03-31": "29.63780", "2009-12-31": "55.78940", "2009-09-30": "27.97590", "2009-06-30": "21.98690", "2009-03-31": "21.05300", "2008-12-31": "-56.55990", "2008-09-30": "-7.93690", "2008-06-30": "8.12330", "2008-03-31": "36.06160", "2007-12-31": "31.70080", "2007-09-30": "35.71570", "2007-06-30": "28.29690", "2007-03-31": "42.74530", "2006-12-31": "74.89430", "2006-09-30": "28.91920", "2006-06-30": "34.75640", "2006-03-31": "25.90930", "2005-12-31": "85.31980", "2005-09-30": "-62.48040", "2005-06-30": "22.03130", "2005-03-31": "33.38890"}, "EBIT Margin": {"2020-09-30": "7.57930", "2020-06-30": "11.31430", "2020-03-31": "-30.19950", "2019-12-31": "3.79530", "2019-09-30": "7.17630", "2019-06-30": "17.76790", "2019-03-31": "24.98410", "2018-12-31": "-70.57140", "2018-09-30": "17.08730", "2018-06-30": "20.76880", "2018-03-31": "14.52000", "2017-12-31": "13.84530", "2017-09-30": "-30.07660", "2017-06-30": "10.36790", "2017-03-31": "14.93330", "2016-12-31": "7.90050", "2016-09-30": "14.11210", "2016-06-30": "9.73250", "2016-03-31": "15.72670", "2015-12-31": "17.46630", "2015-09-30": "13.10590", "2015-06-30": "20.64130", "2015-03-31": "16.29850", "2014-12-31": "16.81340", "2014-09-30": "21.34440", "2014-06-30": "17.37520", "2014-03-31": "22.54970", "2013-12-31": "24.11730", "2013-09-30": "14.25000", "2013-06-30": "14.10910", "2013-03-31": "22.48570", "2012-12-31": "-13.33890", "2012-09-30": "14.04520", "2012-06-30": "12.98580", "2012-03-31": "59.12830", "2011-12-31": "20.67200", "2011-09-30": "16.02800", "2011-06-30": "8.54850", "2011-03-31": "37.86670", "2010-12-31": "24.90820", "2010-09-30": "24.40970", "2010-06-30": "35.27530", "2010-03-31": "29.63780", "2009-12-31": "55.78940", "2009-09-30": "27.97590", "2009-06-30": "21.98690", "2009-03-31": "21.05300", "2008-12-31": "-56.55990", "2008-09-30": "-7.93690", "2008-06-30": "8.12330", "2008-03-31": "36.06160", "2007-12-31": "31.70080", "2007-09-30": "35.71570", "2007-06-30": "28.29690", "2007-03-31": "42.74530", "2006-12-31": "-25.10570", "2006-09-30": "28.91920", "2006-06-30": "34.75640", "2006-03-31": "25.90930", "2005-12-31": "-14.68020", "2005-09-30": "-62.48040", "2005-06-30": "22.03130", "2005-03-31": "33.38890"}, "EBITDA Margin": {"2020-09-30": "", "2020-06-30": "", "2020-03-31": "", "2019-12-31": "", "2019-09-30": "", "2019-06-30": "", "2019-03-31": "", "2018-12-31": "", "2018-09-30": "", "2018-06-30": "", "2018-03-31": "", "2017-12-31": "", "2017-09-30": "", "2017-06-30": "", "2017-03-31": "", "2016-12-31": "", "2016-09-30": "", "2016-06-30": "", "2016-03-31": "", "2015-12-31": "", "2015-09-30": "", "2015-06-30": "", "2015-03-31": "", "2014-12-31": "", "2014-09-30": "", "2014-06-30": "", "2014-03-31": "", "2013-12-31": "", "2013-09-30": "", "2013-06-30": "", "2013-03-31": "", "2012-12-31": "", "2012-09-30": "", "2012-06-30": "", "2012-03-31": "", "2011-12-31": "", "2011-09-30": "", "2011-06-30": "", "2011-03-31": "", "2010-12-31": "", "2010-09-30": "", "2010-06-30": "", "2010-03-31": "", "2009-12-31": "", "2009-09-30": "", "2009-06-30": "", "2009-03-31": "", "2008-12-31": "", "2008-09-30": "", "2008-06-30": "", "2008-03-31": "", "2007-12-31": "", "2007-09-30": "", "2007-06-30": "", "2007-03-31": "", "2006-12-31": "", "2006-09-30": "", "2006-06-30": "", "2006-03-31": "", "2005-12-31": "", "2005-09-30": "", "2005-06-30": "", "2005-03-31": ""}, "Pre-Tax Profit Margin": {"2020-09-30": "6.65500", "2020-06-30": "10.31780", "2020-03-31": "-31.43730", "2019-12-31": "2.68300", "2019-09-30": "5.98630", "2019-06-30": "16.65530", "2019-03-31": "23.97040", "2018-12-31": "-72.58650", "2018-09-30": "16.06820", "2018-06-30": "19.59480", "2018-03-31": "13.16150", "2017-12-31": "12.62780", "2017-09-30": "-31.32420", "2017-06-30": "9.01720", "2017-03-31": "13.56720", "2016-12-31": "6.51160", "2016-09-30": "12.83120", "2016-06-30": "8.44090", "2016-03-31": "14.35620", "2015-12-31": "15.79360", "2015-09-30": "11.19760", "2015-06-30": "18.84380", "2015-03-31": "14.30370", "2014-12-31": "14.99800", "2014-09-30": "19.66740", "2014-06-30": "15.67670", "2014-03-31": "20.85450", "2013-12-31": "22.52430", "2013-09-30": "12.44110", "2013-06-30": "12.28800", "2013-03-31": "20.70930", "2012-12-31": "-15.09960", "2012-09-30": "12.27500", "2012-06-30": "11.71040", "2012-03-31": "58.26290", "2011-12-31": "19.11990", "2011-09-30": "14.16630", "2011-06-30": "6.60110", "2011-03-31": "36.07260", "2010-12-31": "23.37680", "2010-09-30": "24.13150", "2010-06-30": "35.18910", "2010-03-31": "29.55070", "2009-12-31": "55.75210", "2009-09-30": "27.91770", "2009-06-30": "21.93050", "2009-03-31": "20.98510", "2008-12-31": "-56.70190", "2008-09-30": "-8.01210", "2008-06-30": "8.05270", "2008-03-31": "36.01740", "2007-12-31": "31.58260", "2007-09-30": "35.65350", "2007-06-30": "28.20790", "2007-03-31": "42.55280", "2006-12-31": "-25.10570", "2006-09-30": "28.46650", "2006-06-30": "34.18080", "2006-03-31": "25.49970", "2005-12-31": "-14.68020", "2005-09-30": "-62.80770", "2005-06-30": "21.61940", "2005-03-31": "33.15000"}, "Net Profit Margin": {"2020-09-30": "5.01490", "2020-06-30": "7.96360", "2020-03-31": "-24.35850", "2019-12-31": "1.37700", "2019-09-30": "4.18680", "2019-06-30": "13.08110", "2019-03-31": "18.96500", "2018-12-31": "-58.02590", "2018-09-30": "13.08430", "2018-06-30": "15.55150", "2018-03-31": "10.82520", "2017-12-31": "9.17540", "2017-09-30": "-18.84020", "2017-06-30": "6.55190", "2017-03-31": "9.73450", "2016-12-31": "4.77620", "2016-09-30": "9.65130", "2016-06-30": "4.87160", "2016-03-31": "10.44690", "2015-12-31": "11.54250", "2015-09-30": "8.11830", "2015-06-30": "14.03200", "2015-03-31": "10.81600", "2014-12-31": "10.68050", "2014-09-30": "13.78160", "2014-06-30": "11.53800", "2014-03-31": "15.92360", "2013-12-31": "15.06530", "2013-09-30": "9.51410", "2013-06-30": "9.50570", "2013-03-31": "16.04290", "2012-12-31": "-7.46610", "2012-09-30": "10.20270", "2012-06-30": "8.85530", "2012-03-31": "53.40080", "2011-12-31": "13.39350", "2011-09-30": "8.23890", "2011-06-30": "6.88170", "2011-03-31": "28.71010", "2010-12-31": "16.06930", "2010-09-30": "14.64330", "2010-06-30": "26.44400", "2010-03-31": "23.11490", "2009-12-31": "36.70740", "2009-09-30": "17.16370", "2009-06-30": "14.61080", "2009-03-31": "16.95000", "2008-12-31": "25.54600", "2008-09-30": "-1.60090", "2008-06-30": "5.34450", "2008-03-31": "25.75180", "2007-12-31": "20.97250", "2007-09-30": "21.40680", "2007-06-30": "20.79550", "2007-03-31": "27.18590", "2006-12-31": "-25.10570", "2006-09-30": "16.21670", "2006-06-30": "23.23440", "2006-03-31": "22.02480", "2005-12-31": "-14.68020", "2005-09-30": "-34.52000", "2005-06-30": "12.93590", "2005-03-31": "21.86620"}, "Asset Turnover": {"2020-09-30": "0.08870", "2020-06-30": "0.08060", "2020-03-31": "0.05760", "2019-12-31": "0.08540", "2019-09-30": "0.08150", "2019-06-30": "0.08570", "2019-03-31": "0.09000", "2018-12-31": "0.04840", "2018-09-30": "0.08440", "2018-06-30": "0.07560", "2018-03-31": "0.06320", "2017-12-31": "0.06580", "2017-09-30": "0.06480", "2017-06-30": "0.06330", "2017-03-31": "0.06400", "2016-12-31": "0.06130", "2016-09-30": "0.06690", "2016-06-30": "0.06640", "2016-03-31": "0.06410", "2015-12-31": "0.05920", "2015-09-30": "0.05070", "2015-06-30": "0.05430", "2015-03-31": "0.04910", "2014-12-31": "0.05540", "2014-09-30": "0.05650", "2014-06-30": "0.05420", "2014-03-31": "0.05480", "2013-12-31": "0.05830", "2013-09-30": "0.05120", "2013-06-30": "0.05230", "2013-03-31": "0.05370", "2012-12-31": "0.05440", "2012-09-30": "0.05400", "2012-06-30": "0.05510", "2012-03-31": "0.04820", "2011-12-31": "0.04350", "2011-09-30": "0.03630", "2011-06-30": "0.03310", "2011-03-31": "0.03800", "2010-12-31": "0.03620", "2010-09-30": "0.03850", "2010-06-30": "0.04030", "2010-03-31": "0.04070", "2009-12-31": "0.05760", "2009-09-30": "0.04600", "2009-06-30": "0.04850", "2009-03-31": "0.03990", "2008-12-31": "0.01890", "2008-09-30": "0.03660", "2008-06-30": "0.03510", "2008-03-31": "0.05210", "2007-12-31": "0.03780", "2007-09-30": "0.04640", "2007-06-30": "0.04450", "2007-03-31": "0.06050", "2006-12-31": "0.02840", "2006-09-30": "0.04850", "2006-06-30": "0.05060", "2006-03-31": "0.04570", "2005-12-31": "0.05290", "2005-09-30": "0.04690", "2005-06-30": "0.05160", "2005-03-31": "0.06070"}, "Inventory Turnover Ratio": {"2020-09-30": "", "2020-06-30": "", "2020-03-31": "", "2019-12-31": "", "2019-09-30": "", "2019-06-30": "", "2019-03-31": "", "2018-12-31": "", "2018-09-30": "", "2018-06-30": "", "2018-03-31": "", "2017-12-31": "", "2017-09-30": "", "2017-06-30": "", "2017-03-31": "", "2016-12-31": "", "2016-09-30": "", "2016-06-30": "", "2016-03-31": "", "2015-12-31": "", "2015-09-30": "", "2015-06-30": "", "2015-03-31": "", "2014-12-31": "", "2014-09-30": "", "2014-06-30": "", "2014-03-31": "", "2013-12-31": "", "2013-09-30": "", "2013-06-30": "", "2013-03-31": "", "2012-12-31": "", "2012-09-30": "", "2012-06-30": "", "2012-03-31": "", "2011-12-31": "", "2011-09-30": "", "2011-06-30": "", "2011-03-31": "", "2010-12-31": "", "2010-09-30": "", "2010-06-30": "", "2010-03-31": "", "2009-12-31": "", "2009-09-30": "", "2009-06-30": "", "2009-03-31": "", "2008-12-31": "", "2008-09-30": "", "2008-06-30": "", "2008-03-31": "", "2007-12-31": "", "2007-09-30": "", "2007-06-30": "", "2007-03-31": "", "2006-12-31": "", "2006-09-30": "", "2006-06-30": "", "2006-03-31": "", "2005-12-31": "", "2005-09-30": "", "2005-06-30": "", "2005-03-31": ""}, "Receiveable Turnover": {"2020-09-30": "", "2020-06-30": "", "2020-03-31": "", "2019-12-31": "", "2019-09-30": "", "2019-06-30": "", "2019-03-31": "", "2018-12-31": "", "2018-09-30": "", "2018-06-30": "", "2018-03-31": "", "2017-12-31": "", "2017-09-30": "", "2017-06-30": "", "2017-03-31": "", "2016-12-31": "", "2016-09-30": "", "2016-06-30": "", "2016-03-31": "", "2015-12-31": "", "2015-09-30": "", "2015-06-30": "", "2015-03-31": "", "2014-12-31": "", "2014-09-30": "", "2014-06-30": "", "2014-03-31": "", "2013-12-31": "", "2013-09-30": "", "2013-06-30": "", "2013-03-31": "", "2012-12-31": "", "2012-09-30": "", "2012-06-30": "", "2012-03-31": "", "2011-12-31": "", "2011-09-30": "", "2011-06-30": "", "2011-03-31": "", "2010-12-31": "", "2010-09-30": "", "2010-06-30": "", "2010-03-31": "", "2009-12-31": "", "2009-09-30": "", "2009-06-30": "", "2009-03-31": "", "2008-12-31": "", "2008-09-30": "", "2008-06-30": "", "2008-03-31": "", "2007-12-31": "", "2007-09-30": "", "2007-06-30": "", "2007-03-31": "", "2006-12-31": "", "2006-09-30": "", "2006-06-30": "", "2006-03-31": "", "2005-12-31": "", "2005-09-30": "", "2005-06-30": "", "2005-03-31": ""}, "Days Sales In Receivables": {"2020-09-30": "", "2020-06-30": "", "2020-03-31": "", "2019-12-31": "", "2019-09-30": "", "2019-06-30": "", "2019-03-31": "", "2018-12-31": "", "2018-09-30": "", "2018-06-30": "", "2018-03-31": "", "2017-12-31": "", "2017-09-30": "", "2017-06-30": "", "2017-03-31": "", "2016-12-31": "", "2016-09-30": "", "2016-06-30": "", "2016-03-31": "", "2015-12-31": "", "2015-09-30": "", "2015-06-30": "", "2015-03-31": "", "2014-12-31": "", "2014-09-30": "", "2014-06-30": "", "2014-03-31": "", "2013-12-31": "", "2013-09-30": "", "2013-06-30": "", "2013-03-31": "", "2012-12-31": "", "2012-09-30": "", "2012-06-30": "", "2012-03-31": "", "2011-12-31": "", "2011-09-30": "", "2011-06-30": "", "2011-03-31": "", "2010-12-31": "", "2010-09-30": "", "2010-06-30": "", "2010-03-31": "", "2009-12-31": "", "2009-09-30": "", "2009-06-30": "", "2009-03-31": "", "2008-12-31": "", "2008-09-30": "", "2008-06-30": "", "2008-03-31": "", "2007-12-31": "", "2007-09-30": "", "2007-06-30": "", "2007-03-31": "", "2006-12-31": "", "2006-09-30": "", "2006-06-30": "", "2006-03-31": "", "2005-12-31": "", "2005-09-30": "", "2005-06-30": "", "2005-03-31": ""}, "ROE - Return On Equity": {"2020-09-30": "1.60120", "2020-06-30": "2.08670", "2020-03-31": "-4.60060", "2019-12-31": "0.41220", "2019-09-30": "1.14730", "2019-06-30": "3.50950", "2019-03-31": "5.43800", "2018-12-31": "-9.15660", "2018-09-30": "3.36770", "2018-06-30": "3.55060", "2018-03-31": "2.04440", "2017-12-31": "1.86070", "2017-09-30": "-3.77940", "2017-06-30": "1.21700", "2017-03-31": "1.82480", "2016-12-31": "0.88040", "2016-09-30": "1.95980", "2016-06-30": "0.97580", "2016-03-31": "1.98990", "2015-12-31": "2.07200", "2015-09-30": "1.30140", "2015-06-30": "2.39400", "2015-03-31": "1.64200", "2014-12-31": "1.87220", "2014-09-30": "2.51320", "2014-06-30": "2.01470", "2014-03-31": "2.86690", "2013-12-31": "2.96480", "2013-09-30": "1.68220", "2013-06-30": "1.74980", "2013-03-31": "2.96280", "2012-12-31": "-1.44620", "2012-09-30": "1.90610", "2012-06-30": "1.74060", "2012-03-31": "9.05860", "2011-12-31": "1.28760", "2011-09-30": "0.67280", "2011-06-30": "0.49780", "2011-03-31": "2.33750", "2010-12-31": "1.28680", "2010-09-30": "1.30200", "2010-06-30": "2.44170", "2010-03-31": "2.09670", "2009-12-31": "4.81820", "2009-09-30": "1.84630", "2009-06-30": "1.79180", "2009-03-31": "1.90860", "2008-12-31": "-2.30770", "2008-09-30": "-0.36960", "2008-06-30": "0.50120", "2008-03-31": "3.56640", "2007-12-31": "2.21130", "2007-09-30": "2.81550", "2007-06-30": "2.55190", "2007-03-31": "4.81030", "2006-12-31": "-2.04940", "2006-09-30": "2.61110", "2006-06-30": "3.68060", "2006-03-31": "3.05080", "2005-12-31": "-2.41040", "2005-09-30": "", "2005-06-30": "", "2005-03-31": ""}, "Return On Tangible Equity": {"2020-09-30": "1.91580", "2020-06-30": "2.50860", "2020-03-31": "-5.44500", "2019-12-31": "0.47800", "2019-09-30": "1.30600", "2019-06-30": "4.00210", "2019-03-31": "6.19420", "2018-12-31": "-10.53780", "2018-09-30": "3.71900", "2018-06-30": "3.92920", "2018-03-31": "2.26410", "2017-12-31": "2.05200", "2017-09-30": "-4.18720", "2017-06-30": "1.34290", "2017-03-31": "1.98490", "2016-12-31": "0.96070", "2016-09-30": "2.12650", "2016-06-30": "1.05840", "2016-03-31": "2.08400", "2015-12-31": "2.17380", "2015-09-30": "1.34640", "2015-06-30": "2.47420", "2015-03-31": "1.69680", "2014-12-31": "1.93570", "2014-09-30": "2.59410", "2014-06-30": "2.07920", "2014-03-31": "2.96190", "2013-12-31": "3.06490", "2013-09-30": "1.74040", "2013-06-30": "1.80530", "2013-03-31": "3.05530", "2012-12-31": "-1.49580", "2012-09-30": "1.98080", "2012-06-30": "1.84560", "2012-03-31": "9.73660", "2011-12-31": "1.35180", "2011-09-30": "0.70750", "2011-06-30": "0.52210", "2011-03-31": "2.45110", "2010-12-31": "1.35290", "2010-09-30": "1.37180", "2010-06-30": "2.57850", "2010-03-31": "2.21220", "2009-12-31": "5.09110", "2009-09-30": "1.94610", "2009-06-30": "1.89380", "2009-03-31": "1.85670", "2008-12-31": "-2.17070", "2008-09-30": "-0.35500", "2008-06-30": "0.48340", "2008-03-31": "3.45550", "2007-12-31": "2.13240", "2007-09-30": "2.72830", "2007-06-30": "2.40230", "2007-03-31": "4.52110", "2006-12-31": "-1.92430", "2006-09-30": "2.44610", "2006-06-30": "3.44480", "2006-03-31": "3.33520", "2005-12-31": "-2.64780", "2005-09-30": "-6.15270", "2005-06-30": "2.21290", "2005-03-31": "3.81110"}, "ROA - Return On Assets": {"2020-09-30": "0.48380", "2020-06-30": "0.63890", "2020-03-31": "-1.40360", "2019-12-31": "0.13430", "2019-09-30": "0.38240", "2019-06-30": "1.15660", "2019-03-31": "1.73650", "2018-12-31": "-2.77920", "2018-09-30": "1.12210", "2018-06-30": "1.18950", "2018-03-31": "0.68210", "2017-12-31": "0.62410", "2017-09-30": "-1.20540", "2017-06-30": "0.41850", "2017-03-31": "0.62390", "2016-12-31": "0.29430", "2016-09-30": "0.65870", "2016-06-30": "0.32440", "2016-03-31": "0.67080", "2015-12-31": "0.68540", "2015-09-30": "0.41430", "2015-06-30": "0.76540", "2015-03-31": "0.53230", "2014-12-31": "0.59570", "2014-09-30": "0.77870", "2014-06-30": "0.62590", "2014-03-31": "0.87100", "2013-12-31": "0.88170", "2013-09-30": "0.48780", "2013-06-30": "0.49680", "2013-03-31": "0.86080", "2012-12-31": "-0.40610", "2012-09-30": "0.55120", "2012-06-30": "0.48760", "2012-03-31": "2.57220", "2011-12-31": "0.58150", "2011-09-30": "0.29880", "2011-06-30": "0.22800", "2011-03-31": "1.09250", "2010-12-31": "0.58200", "2010-09-30": "0.56400", "2010-06-30": "1.06570", "2010-03-31": "0.94030", "2009-12-31": "2.11430", "2009-09-30": "0.79020", "2009-06-30": "0.74490", "2009-03-31": "0.74130", "2008-12-31": "-0.87620", "2008-09-30": "-0.12270", "2008-06-30": "0.18060", "2008-03-31": "1.32620", "2007-12-31": "0.79150", "2007-09-30": "1.01400", "2007-06-30": "0.92650", "2007-03-31": "1.71340", "2006-12-31": "-0.71300", "2006-09-30": "0.85710", "2006-06-30": "1.18210", "2006-03-31": "1.00650", "2005-12-31": "-0.77700", "2005-09-30": "-1.76330", "2005-06-30": "0.78430", "2005-03-31": "1.33550"}, "ROI - Return On Investment": {"2020-09-30": "1.29390", "2020-06-30": "1.68470", "2020-03-31": "-3.85720", "2019-12-31": "0.34360", "2019-09-30": "0.96250", "2019-06-30": "2.93090", "2019-03-31": "4.51840", "2018-12-31": "-7.52410", "2018-09-30": "2.84430", "2018-06-30": "2.99190", "2018-03-31": "1.72660", "2017-12-31": "1.58440", "2017-09-30": "-3.19950", "2017-06-30": "1.03460", "2017-03-31": "1.54680", "2016-12-31": "0.74240", "2016-09-30": "1.67400", "2016-06-30": "0.83060", "2016-03-31": "1.68920", "2015-12-31": "1.74420", "2015-09-30": "1.05310", "2015-06-30": "1.94580", "2015-03-31": "1.33380", "2014-12-31": "1.51420", "2014-09-30": "1.96280", "2014-06-30": "1.62340", "2014-03-31": "2.29210", "2013-12-31": "2.35620", "2013-09-30": "1.32780", "2013-06-30": "1.36980", "2013-03-31": "2.32780", "2012-12-31": "-1.12730", "2012-09-30": "1.49400", "2012-06-30": "1.34950", "2012-03-31": "7.36300", "2011-12-31": "1.16820", "2011-09-30": "0.60880", "2011-06-30": "0.45310", "2011-03-31": "2.12900", "2010-12-31": "1.16680", "2010-09-30": "1.17690", "2010-06-30": "2.44170", "2010-03-31": "2.09670", "2009-12-31": "4.81820", "2009-09-30": "1.84630", "2009-06-30": "1.79180", "2009-03-31": "1.74730", "2008-12-31": "-2.04660", "2008-09-30": "-0.32840", "2008-06-30": "0.44940", "2008-03-31": "3.18450", "2007-12-31": "1.97350", "2007-09-30": "2.50260", "2007-06-30": "2.25810", "2007-03-31": "4.23670", "2006-12-31": "-1.74190", "2006-09-30": "2.20240", "2006-06-30": "3.09080", "2006-03-31": "2.93000", "2005-12-31": "-2.31140", "2005-09-30": "-5.33890", "2005-06-30": "1.92280", "2005-03-31": "3.11310"}, "Book Value Per Share": {"2020-09-30": "606.19100", "2020-06-30": "590.84950", "2020-03-31": "549.06090", "2019-12-31": "610.98050", "2019-09-30": "612.88850", "2019-06-30": "601.89280", "2019-03-31": "570.07800", "2018-12-31": "527.76550", "2018-09-30": "576.15530", "2018-06-30": "560.47940", "2018-03-31": "545.07230", "2017-12-31": "553.18460", "2017-09-30": "532.39570", "2017-06-30": "547.06880", "2017-03-31": "530.86320", "2016-12-31": "515.24630", "2016-09-30": "525.11320", "2016-06-30": "512.84380", "2016-03-31": "503.41600", "2015-12-31": "486.02080", "2015-09-30": "476.66670", "2015-06-30": "478.89720", "2015-03-31": "477.36470", "2014-12-31": "465.51810", "2014-09-30": "456.64020", "2014-06-30": "452.21610", "2014-03-31": "431.66900", "2013-12-31": "414.38150", "2013-09-30": "401.97840", "2013-06-30": "387.59230", "2013-03-31": "394.71530", "2012-12-31": "379.12420", "2012-09-30": "388.67640", "2012-06-30": "370.92470", "2012-03-31": "365.23720", "2011-12-31": "342.10440", "2011-09-30": "327.35430", "2011-06-30": "332.24930", "2011-03-31": "341.57600", "2010-12-31": "325.04950", "2010-09-30": "312.74500", "2010-06-30": "300.90170", "2010-03-31": "292.46170", "2009-12-31": "294.61860", "2009-09-30": "279.79440", "2009-06-30": "265.95600", "2009-03-31": "282.88750", "2008-12-31": "292.80000", "2008-09-30": "295.83610", "2008-06-30": "317.84320", "2008-03-31": "311.53800", "2007-12-31": "306.26890", "2007-09-30": "296.42060", "2007-06-30": "286.31140", "2007-03-31": "276.75890", "2006-12-31": "270.77220", "2006-09-30": "259.37870", "2006-06-30": "253.25580", "2006-03-31": "214.96820", "2005-12-31": "203.87610", "2005-09-30": "197.46240", "2005-06-30": "201.24350", "2005-03-31": "199.95580"}, "Operating Cash Flow Per Share": {"2020-09-30": 33.2873, "2020-06-30": 22.1228, "2020-03-31": "-0.50750", "2019-12-31": 19.7718, "2019-09-30": 17.6705, "2019-06-30": 16.6045, "2019-03-31": "-4.58300", "2018-12-31": 5.0395, "2018-09-30": 11.8494, "2018-06-30": 10.1623, "2018-03-31": "-0.33520", "2017-12-31": 1.3635, "2017-09-30": 14.3389, "2017-06-30": 15.9809, "2017-03-31": "-2.75820", "2016-12-31": 14.1865, "2016-09-30": 16.327, "2016-06-30": 18.2724, "2016-03-31": "2.55950", "2015-12-31": -14.7933, "2015-09-30": 14.7654, "2015-06-30": 6.9861, "2015-03-31": "13.57070", "2014-12-31": 10.1331, "2014-09-30": 13.1845, "2014-06-30": 6.3429, "2014-03-31": "-6.93700", "2013-12-31": 5.3677, "2013-09-30": 14.8094, "2013-06-30": 5.6536, "2013-03-31": "8.94980", "2012-12-31": 6.4588, "2012-09-30": 17.0827, "2012-06-30": 11.7739, "2012-03-31": "-3.20470", "2011-12-31": -1.5193, "2011-09-30": 8.7895, "2011-06-30": 14.9431, "2011-03-31": "-11.58680", "2010-12-31": -0.5636, "2010-09-30": 8.5021, "2010-06-30": 3.4091, "2010-03-31": "-4.64560", "2009-12-31": -0.5888, "2009-09-30": 8.9322, "2009-06-30": 7.1893, "2009-03-31": "-0.46390", "2008-12-31": 3.8983, "2008-09-30": 15.5193, "2008-06-30": 9.6401, "2008-03-31": "8.41080", "2007-12-31": 9.6933, "2007-09-30": 18.1323, "2007-06-30": 6.352, "2007-03-31": "12.82760", "2006-12-31": 19.6765, "2006-09-30": 14.2749, "2006-06-30": 17.7257, "2006-03-31": "9.39380", "2005-12-31": 5.0164, "2005-09-30": 12.2032, "2005-06-30": 11.1757, "2005-03-31": "10.03730"}, "Free Cash Flow Per Share": {"2020-09-30": 32.6097, "2020-06-30": 21.4959, "2020-03-31": "-1.12320", "2019-12-31": 18.938, "2019-09-30": 16.8687, "2019-06-30": 15.8408, "2019-03-31": "-5.47750", "2018-12-31": 6.0956, "2018-09-30": 10.1146, "2018-06-30": 10.0122, "2018-03-31": "-1.05230", "2017-12-31": 1.1389, "2017-09-30": 13.965, "2017-06-30": 17.3096, "2017-03-31": "-3.04880", "2016-12-31": 13.8617, "2016-09-30": 15.6832, "2016-06-30": 17.8216, "2016-03-31": "2.42450", "2015-12-31": -13.662, "2015-09-30": 12.7521, "2015-06-30": 6.814, "2015-03-31": "12.90820", "2014-12-31": 9.7546, "2014-09-30": 12.7303, "2014-06-30": 5.2333, "2014-03-31": "-7.65740", "2013-12-31": 4.8204, "2013-09-30": 14.5029, "2013-06-30": 5.5618, "2013-03-31": "8.85730", "2012-12-31": 6.1531, "2012-09-30": 16.9774, "2012-06-30": 11.7616, "2012-03-31": "-3.30740", "2011-12-31": -1.649, "2011-09-30": 8.7053, "2011-06-30": 14.7187, "2011-03-31": "-11.87600", "2010-12-31": -0.7572, "2010-09-30": 8.3569, "2010-06-30": 3.1711, "2010-03-31": "-4.79620", "2009-12-31": -0.6542, "2009-09-30": 8.7339, "2009-06-30": 7.0115, "2009-03-31": "-0.60430", "2008-12-31": 3.5314, "2008-09-30": 15.0702, "2008-06-30": 9.3792, "2008-03-31": "8.38130", "2007-12-31": 9.513, "2007-09-30": 18.0193, "2007-06-30": 6.2648, "2007-03-31": "12.72890", "2006-12-31": 19.4981, "2006-09-30": 14.212, "2006-06-30": 17.5835, "2006-03-31": "9.30850", "2005-12-31": 4.8189, "2005-09-30": 11.9508, "2005-06-30": 10.7872, "2005-03-31": "9.82430"}}, "revenue": {"Alleghany Annual Revenue (Millions of US $)": {"2019": "$9,041", "2018": "$6,887", "2017": "$6,425", "2016": "$6,131", "2015": "$4,999", "2014": "$5,232", "2013": "$4,972", "2012": "$4,753", "2011": "$982", "2010": "$985", "2009": "$1,184", "2008": "$989", "2007": "$1,229", "2006": "$1,060", "2005": "$1,096"}, "Alleghany Quarterly Revenue (Millions of US $)": {"2020-09-30": "$2,523", "2020-06-30": "$2,227", "2020-03-31": "$1,483", "2019-12-31": "$2,301", "2019-09-30": "$2,160", "2019-06-30": "$2,259", "2019-03-31": "$2,321", "2018-12-31": "$1,227", "2018-09-30": "$2,177", "2018-06-30": "$1,898", "2018-03-31": "$1,585", "2017-12-31": "$1,671", "2017-09-30": "$1,667", "2017-06-30": "$1,554", "2017-03-31": "$1,532", "2016-12-31": "$1,455", "2016-09-30": "$1,615", "2016-06-30": "$1,582", "2016-03-31": "$1,479", "2015-12-31": "$1,352", "2015-09-30": "$1,189", "2015-06-30": "$1,300", "2015-03-31": "$1,158", "2014-12-31": "$1,302", "2014-09-30": "$1,352", "2014-06-30": "$1,291", "2014-03-31": "$1,287", "2013-12-31": "$1,362", "2013-09-30": "$1,189", "2013-06-30": "$1,196", "2013-03-31": "$1,224", "2012-12-31": "$1,240", "2012-09-30": "$1,230", "2012-06-30": "$1,234", "2012-03-31": "$1,049", "2011-12-31": "$282", "2011-09-30": "$233", "2011-06-30": "$219", "2011-03-31": "$248", "2010-12-31": "$233", "2010-09-30": "$250", "2010-06-30": "$251", "2010-03-31": "$252", "2009-12-31": "$357", "2009-09-30": "$288", "2009-06-30": "$299", "2009-03-31": "$240", "2008-12-31": "$117", "2008-09-30": "$263", "2008-06-30": "$253", "2008-03-31": "$356", "2007-12-31": "$262", "2007-09-30": "$309", "2007-06-30": "$282", "2007-03-31": "$376", "2006-12-31": "$175", "2006-09-30": "$302", "2006-06-30": "$314", "2006-03-31": "$269", "2005-12-31": "$307", "2005-09-30": "$268", "2005-06-30": "$243", "2005-03-31": "$278"}}, "gross-profit": {"Alleghany Annual Gross Profit (Millions of US $)": {"2019": "$3,596", "2018": "$1,749", "2017": "$1,153", "2016": "$1,557", "2015": "$1,236", "2014": "$1,316", "2013": "$1,153", "2012": "$1,241", "2011": "$284", "2010": "$348", "2009": "$469", "2008": "$133", "2007": "$522", "2006": "$434", "2005": "$131"}, "Alleghany Quarterly Gross Profit (Millions of US $)": {"2020-09-30": "$885", "2020-06-30": "$793", "2020-03-31": "$14", "2019-12-31": "$667", "2019-09-30": "$803", "2019-06-30": "$1,018", "2019-03-31": "$1,109", "2018-12-31": "$-328", "2018-09-30": "$812", "2018-06-30": "$757", "2018-03-31": "$508", "2017-12-31": "$546", "2017-09-30": "$-223", "2017-06-30": "$405", "2017-03-31": "$425", "2016-12-31": "$318", "2016-09-30": "$473", "2016-06-30": "$358", "2016-03-31": "$408", "2015-12-31": "$394", "2015-09-30": "$234", "2015-06-30": "$341", "2015-03-31": "$267", "2014-12-31": "$306", "2014-09-30": "$356", "2014-06-30": "$302", "2014-03-31": "$351", "2013-12-31": "$405", "2013-09-30": "$211", "2013-06-30": "$207", "2013-03-31": "$330", "2012-12-31": "$-92", "2012-09-30": "$303", "2012-06-30": "$314", "2012-03-31": "$715", "2011-12-31": "$98", "2011-09-30": "$43", "2011-06-30": "$32", "2011-03-31": "$111", "2010-12-31": "$77", "2010-09-30": "$80", "2010-06-30": "$103", "2010-03-31": "$89", "2009-12-31": "$222", "2009-09-30": "$102", "2009-06-30": "$85", "2009-03-31": "$60", "2008-12-31": "$-47", "2008-09-30": "$-12", "2008-06-30": "$41", "2008-03-31": "$150", "2007-12-31": "$105", "2007-09-30": "$134", "2007-06-30": "$102", "2007-03-31": "$182", "2006-12-31": "$68", "2006-09-30": "$111", "2006-06-30": "$130", "2006-03-31": "$89", "2005-12-31": "$96", "2005-09-30": "$-148", "2005-06-30": "$73", "2005-03-31": "$110"}}, "operating-income": {"Alleghany Annual Operating Income (Millions of US $)": {"2019": "$1,224", "2018": "$130", "2017": "$120", "2016": "$729", "2015": "$849", "2014": "$1,022", "2013": "$942", "2012": "$788", "2011": "$208", "2010": "$282", "2009": "$396", "2008": "$62", "2007": "$434", "2006": "$345", "2005": "$63"}, "Alleghany Quarterly Operating Income (Millions of US $)": {"2020-09-30": "$191", "2020-06-30": "$252", "2020-03-31": "$-448", "2019-12-31": "$87", "2019-09-30": "$155", "2019-06-30": "$401", "2019-03-31": "$580", "2018-12-31": "$-844", "2018-09-30": "$372", "2018-06-30": "$372", "2018-03-31": "$230", "2017-12-31": "$231", "2017-09-30": "$-502", "2017-06-30": "$161", "2017-03-31": "$229", "2016-12-31": "$115", "2016-09-30": "$228", "2016-06-30": "$154", "2016-03-31": "$233", "2015-12-31": "$236", "2015-09-30": "$156", "2015-06-30": "$268", "2015-03-31": "$189", "2014-12-31": "$219", "2014-09-30": "$289", "2014-06-30": "$224", "2014-03-31": "$290", "2013-12-31": "$329", "2013-09-30": "$169", "2013-06-30": "$169", "2013-03-31": "$275", "2012-12-31": "$-165", "2012-09-30": "$173", "2012-06-30": "$160", "2012-03-31": "$620", "2011-12-31": "$58", "2011-09-30": "$37", "2011-06-30": "$19", "2011-03-31": "$94", "2010-12-31": "$58", "2010-09-30": "$61", "2010-06-30": "$88", "2010-03-31": "$75", "2009-12-31": "$199", "2009-09-30": "$81", "2009-06-30": "$66", "2009-03-31": "$51", "2008-12-31": "$-66", "2008-09-30": "$-21", "2008-06-30": "$21", "2008-03-31": "$128", "2007-12-31": "$83", "2007-09-30": "$110", "2007-06-30": "$80", "2007-03-31": "$161", "2006-12-31": "$131", "2006-09-30": "$87", "2006-06-30": "$109", "2006-03-31": "$70", "2005-12-31": "$262", "2005-09-30": "$-167", "2005-06-30": "$53", "2005-03-31": "$93"}}, "ebitda": {"Alleghany Annual EBITDA (Millions of US $)": {"2019": "$1,343", "2018": "$258", "2017": "$255", "2016": "$890", "2015": "$1,012", "2014": "$1,201", "2013": "$1,189", "2012": "$1,253", "2011": "$235", "2010": "$316", "2009": "$428", "2008": "$87", "2007": "$450", "2006": "$357", "2005": "$84"}, "Alleghany Quarterly EBITDA (Millions of US $)": {"2020-09-30": "$233", "2020-06-30": "$292", "2020-03-31": "$-415", "2019-12-31": "$122", "2019-09-30": "$183", "2019-06-30": "$431", "2019-03-31": "$608", "2018-12-31": "$-812", "2018-09-30": "$403", "2018-06-30": "$426", "2018-03-31": "$263", "2017-12-31": "$260", "2017-09-30": "$-465", "2017-06-30": "$195", "2017-03-31": "$265", "2016-12-31": "$160", "2016-09-30": "$268", "2016-06-30": "$194", "2016-03-31": "$267", "2015-12-31": "$275", "2015-09-30": "$194", "2015-06-30": "$313", "2015-03-31": "$231", "2014-12-31": "$266", "2014-09-30": "$337", "2014-06-30": "$273", "2014-03-31": "$325", "2013-12-31": "$378", "2013-09-30": "$228", "2013-06-30": "$242", "2013-03-31": "$340", "2012-12-31": "$-59", "2012-09-30": "$313", "2012-06-30": "$333", "2012-03-31": "$665", "2011-12-31": "$65", "2011-09-30": "$44", "2011-06-30": "$25", "2011-03-31": "$101", "2010-12-31": "$66", "2010-09-30": "$68", "2010-06-30": "$96", "2010-03-31": "$85", "2009-12-31": "$199", "2009-09-30": "$96", "2009-06-30": "$74", "2009-03-31": "$58", "2008-12-31": "$-58", "2008-09-30": "$-15", "2008-06-30": "$27", "2008-03-31": "$133", "2007-12-31": "$89", "2007-09-30": "$114", "2007-06-30": "$84", "2007-03-31": "$163", "2006-12-31": "$137", "2006-09-30": "$89", "2006-06-30": "$111", "2006-03-31": "$72", "2005-12-31": "$265", "2005-09-30": "$-162", "2005-06-30": "$60", "2005-03-31": "$99"}}, "net-income": {"Alleghany Annual Net Income (Millions of US $)": {"2019": "$858", "2018": "$40", "2017": "$90", "2016": "$457", "2015": "$560", "2014": "$679", "2013": "$628", "2012": "$702", "2011": "$143", "2010": "$199", "2009": "$265", "2008": "$131", "2007": "$282", "2006": "$239", "2005": "$52"}, "Alleghany Quarterly Net Income (Millions of US $)": {"2020-09-30": "$127", "2020-06-30": "$177", "2020-03-31": "$-361", "2019-12-31": "$32", "2019-09-30": "$90", "2019-06-30": "$295", "2019-03-31": "$440", "2018-12-31": "$-712", "2018-09-30": "$285", "2018-06-30": "$295", "2018-03-31": "$172", "2017-12-31": "$153", "2017-09-30": "$-314", "2017-06-30": "$102", "2017-03-31": "$149", "2016-12-31": "$70", "2016-09-30": "$156", "2016-06-30": "$77", "2016-03-31": "$155", "2015-12-31": "$156", "2015-09-30": "$97", "2015-06-30": "$182", "2015-03-31": "$125", "2014-12-31": "$139", "2014-09-30": "$186", "2014-06-30": "$149", "2014-03-31": "$205", "2013-12-31": "$205", "2013-09-30": "$113", "2013-06-30": "$114", "2013-03-31": "$196", "2012-12-31": "$-93", "2012-09-30": "$125", "2012-06-30": "$109", "2012-03-31": "$560", "2011-12-31": "$38", "2011-09-30": "$19", "2011-06-30": "$15", "2011-03-31": "$71", "2010-12-31": "$37", "2010-09-30": "$37", "2010-06-30": "$66", "2010-03-31": "$58", "2009-12-31": "$131", "2009-09-30": "$49", "2009-06-30": "$44", "2009-03-31": "$41", "2008-12-31": "$30", "2008-09-30": "$-4", "2008-06-30": "$14", "2008-03-31": "$92", "2007-12-31": "$55", "2007-09-30": "$66", "2007-06-30": "$59", "2007-03-31": "$102", "2006-12-31": "$-44", "2006-09-30": "$49", "2006-06-30": "$73", "2006-03-31": "$59", "2005-12-31": "$-45", "2005-09-30": "$-92", "2005-06-30": "$31", "2005-03-31": "$61"}}, "eps-earnings-per-share-diluted": {"Alleghany Annual EPS": {"2019": "$59.39", "2018": "$2.62", "2017": "$5.85", "2016": "$29.59", "2015": "$35.13", "2014": "$41.40", "2013": "$37.44", "2012": "$45.48", "2011": "$16.20", "2010": "$21.85", "2009": "$28.51", "2008": "$14.82", "2007": "$29.37", "2006": "$25.64", "2005": "$5.72"}, "Alleghany Quarterly EPS": {"2020-09-30": "$8.86", "2020-06-30": "$12.39", "2020-03-31": "$-25.37", "2019-12-31": "$2.27", "2019-09-30": "$6.27", "2019-06-30": "$20.46", "2019-03-31": "$30.39", "2018-12-31": "$-46.93", "2018-09-30": "$19.07", "2018-06-30": "$19.44", "2018-03-31": "$11.04", "2017-12-31": "$10.48", "2017-09-30": "$-20.90", "2017-06-30": "$6.60", "2017-03-31": "$9.67", "2016-12-31": "$4.55", "2016-09-30": "$10.09", "2016-06-30": "$4.99", "2016-03-31": "$9.96", "2015-12-31": "$9.84", "2015-09-30": "$6.07", "2015-06-30": "$11.40", "2015-03-31": "$7.82", "2014-12-31": "$8.66", "2014-09-30": "$11.40", "2014-06-30": "$9.06", "2014-03-31": "$12.28", "2013-12-31": "$12.24", "2013-09-30": "$6.75", "2013-06-30": "$6.78", "2013-03-31": "$11.67", "2012-12-31": "$-19.44", "2012-09-30": "$7.41", "2012-06-30": "$6.45", "2012-03-31": "$51.06", "2011-12-31": "$4.52", "2011-09-30": "$2.03", "2011-06-30": "$1.68", "2011-03-31": "$7.97", "2010-12-31": "$4.29", "2010-09-30": "$4.07", "2010-06-30": "$7.24", "2010-03-31": "$6.25", "2009-12-31": "$14.06", "2009-09-30": "$5.28", "2009-06-30": "$4.80", "2009-03-31": "$4.36", "2008-12-31": "$4.88", "2008-09-30": "$-0.93", "2008-06-30": "$1.49", "2008-03-31": "$9.39", "2007-12-31": "$5.83", "2007-09-30": "$6.90", "2007-06-30": "$6.18", "2007-03-31": "$10.45", "2006-12-31": "$5.94", "2006-09-30": "$5.22", "2006-06-30": "$8.01", "2006-03-31": "$6.47", "2005-12-31": "$5.75", "2005-09-30": "$-10.11", "2005-06-30": "$3.42", "2005-03-31": "$6.65"}}, "shares-outstanding": {"Alleghany Annual Shares Outstanding (Millions of Shares)": {"2019": "14", "2018": "15", "2017": "15", "2016": "15", "2015": "16", "2014": "16", "2013": "17", "2012": "15", "2011": "9", "2010": "9", "2009": "10", "2008": "9", "2007": "10", "2006": "9", "2005": "9"}, "Alleghany Quarterly Shares Outstanding (Millions of Shares)": {"2020-09-30": "14", "2020-06-30": "14", "2020-03-31": "14", "2019-12-31": "14", "2019-09-30": "14", "2019-06-30": "14", "2019-03-31": "14", "2018-12-31": "15", "2018-09-30": "15", "2018-06-30": "15", "2018-03-31": "15", "2017-12-31": "15", "2017-09-30": "15", "2017-06-30": "15", "2017-03-31": "15", "2016-12-31": "15", "2016-09-30": "15", "2016-06-30": "15", "2016-03-31": "15", "2015-12-31": "16", "2015-09-30": "16", "2015-06-30": "16", "2015-03-31": "16", "2014-12-31": "16", "2014-09-30": "16", "2014-06-30": "16", "2014-03-31": "17", "2013-12-31": "17", "2013-09-30": "17", "2013-06-30": "17", "2013-03-31": "17", "2012-12-31": "15", "2012-09-30": "17", "2012-06-30": "17", "2012-03-31": "11", "2011-12-31": "9", "2011-09-30": "9", "2011-06-30": "9", "2011-03-31": "9", "2010-12-31": "9", "2010-09-30": "9", "2010-06-30": "9", "2010-03-31": "9", "2009-12-31": "10", "2009-09-30": "9", "2009-06-30": "10", "2009-03-31": "10", "2008-12-31": "9", "2008-09-30": "9", "2008-06-30": "9", "2008-03-31": "10", "2007-12-31": "10", "2007-09-30": "10", "2007-06-30": "9", "2007-03-31": "10", "2006-12-31": "9", "2006-09-30": "10", "2006-06-30": "9", "2006-03-31": "9", "2005-12-31": "9", "2005-09-30": "9", "2005-06-30": "9", "2005-03-31": "9"}}, "total-assets": {"Alleghany Annual Total Assets (Millions of US $)": {"2019": "$26,932", "2018": "$25,345", "2017": "$25,384", "2016": "$23,757", "2015": "$22,839", "2014": "$23,489", "2013": "$23,361", "2012": "$22,808", "2011": "$6,478", "2010": "$6,432", "2009": "$6,193", "2008": "$6,182", "2007": "$6,942", "2006": "$6,179", "2005": "$5,796"}, "Alleghany Quarterly Total Assets (Millions of US $)": {"2020-09-30": "$28,453", "2020-06-30": "$27,621", "2020-03-31": "$25,753", "2019-12-31": "$26,932", "2019-09-30": "$26,491", "2019-06-30": "$26,356", "2019-03-31": "$25,793", "2018-12-31": "$25,345", "2018-09-30": "$25,796", "2018-06-30": "$25,086", "2018-03-31": "$25,097", "2017-12-31": "$25,384", "2017-09-30": "$25,714", "2017-06-30": "$24,529", "2017-03-31": "$23,939", "2016-12-31": "$23,757", "2016-09-30": "$24,117", "2016-06-30": "$23,815", "2016-03-31": "$23,055", "2015-12-31": "$22,839", "2015-09-30": "$23,434", "2015-06-30": "$23,928", "2015-03-31": "$23,561", "2014-12-31": "$23,489", "2014-09-30": "$23,929", "2014-06-30": "$23,842", "2014-03-31": "$23,494", "2013-12-31": "$23,361", "2013-09-30": "$23,242", "2013-06-30": "$22,890", "2013-03-31": "$22,805", "2012-12-31": "$22,808", "2012-09-30": "$22,758", "2012-06-30": "$22,419", "2012-03-31": "$21,775", "2011-12-31": "$6,478", "2011-09-30": "$6,412", "2011-06-30": "$6,616", "2011-03-31": "$6,530", "2010-12-31": "$6,432", "2010-09-30": "$6,495", "2010-06-30": "$6,219", "2010-03-31": "$6,186", "2009-12-31": "$6,193", "2009-09-30": "$6,263", "2009-06-30": "$6,175", "2009-03-31": "$6,013", "2008-12-31": "$6,182", "2008-09-30": "$7,196", "2008-06-30": "$7,209", "2008-03-31": "$6,828", "2007-12-31": "$6,942", "2007-09-30": "$6,651", "2007-06-30": "$6,339", "2007-03-31": "$6,211", "2006-12-31": "$6,179", "2006-09-30": "$6,230", "2006-06-30": "$6,193", "2006-03-31": "$5,882", "2005-12-31": "$5,796", "2005-09-30": "$5,714", "2005-06-30": "$4,708", "2005-03-31": "$4,584"}}, "cash-on-hand": {"Alleghany Annual Cash on Hand (Millions of US $)": {"2019": "$1,179", "2018": "$1,039", "2017": "$838", "2016": "$594", "2015": "$475", "2014": "$605", "2013": "$498", "2012": "$650", "2011": "$85", "2010": "$77", "2009": "$33", "2008": "$18", "2007": "$58", "2006": "$68", "2005": "$47"}, "Alleghany Quarterly Cash on Hand (Millions of US $)": {"2020-09-30": "$1,231", "2020-06-30": "$1,653", "2020-03-31": "$1,555", "2019-12-31": "$1,179", "2019-09-30": "$897", "2019-06-30": "$825", "2019-03-31": "$778", "2018-12-31": "$1,039", "2018-09-30": "$647", "2018-06-30": "$623", "2018-03-31": "$711", "2017-12-31": "$838", "2017-09-30": "$702", "2017-06-30": "$644", "2017-03-31": "$624", "2016-12-31": "$594", "2016-09-30": "$569", "2016-06-30": "$511", "2016-03-31": "$510", "2015-12-31": "$475", "2015-09-30": "$563", "2015-06-30": "$648", "2015-03-31": "$537", "2014-12-31": "$605", "2014-09-30": "$608", "2014-06-30": "$419", "2014-03-31": "$481", "2013-12-31": "$498", "2013-09-30": "$415", "2013-06-30": "$481", "2013-03-31": "$575", "2012-12-31": "$650", "2012-09-30": "$571", "2012-06-30": "$405", "2012-03-31": "$520", "2011-12-31": "$85", "2011-09-30": "$90", "2011-06-30": "$85", "2011-03-31": "$65", "2010-12-31": "$77", "2010-09-30": "$103", "2010-06-30": "$84", "2010-03-31": "$56", "2009-12-31": "$33", "2009-09-30": "$63", "2009-06-30": "$75", "2009-03-31": "$51", "2008-12-31": "$18", "2008-09-30": "$30", "2008-06-30": "$30", "2008-03-31": "$52", "2007-12-31": "$58", "2007-09-30": "$33", "2007-06-30": "$27", "2007-03-31": "$33", "2006-12-31": "$68", "2006-09-30": "$71", "2006-06-30": "$64", "2006-03-31": "$29", "2005-12-31": "$47", "2005-09-30": "$75", "2005-06-30": "$74", "2005-03-31": "$241"}}, "long-term-debt": {"Alleghany Annual Long Term Debt (Millions of US $)": {"2019": "$1,751", "2018": "$1,669", "2017": "$1,485", "2016": "$1,476", "2015": "$1,419", "2014": "$1,767", "2013": "$1,794", "2012": "$1,811", "2011": "$299", "2010": "$299", "2009": "$", "2008": "$", "2007": "$", "2006": "$80", "2005": "$80"}, "Alleghany Quarterly Long Term Debt (Millions of US $)": {"2020-09-30": "$2,042", "2020-06-30": "$2,018", "2020-03-31": "$1,514", "2019-12-31": "$1,751", "2019-09-30": "$1,695", "2019-06-30": "$1,715", "2019-03-31": "$1,676", "2018-12-31": "$1,669", "2018-09-30": "$1,582", "2018-06-30": "$1,569", "2018-03-31": "$1,541", "2017-12-31": "$1,485", "2017-09-30": "$1,486", "2017-06-30": "$1,487", "2017-03-31": "$1,471", "2016-12-31": "$1,476", "2016-09-30": "$1,384", "2016-06-30": "$1,384", "2016-03-31": "$1,384", "2015-12-31": "$1,419", "2015-09-30": "$1,759", "2015-06-30": "$1,762", "2015-03-31": "$1,765", "2014-12-31": "$1,767", "2014-09-30": "$2,079", "2014-06-30": "$1,786", "2014-03-31": "$1,790", "2013-12-31": "$1,794", "2013-09-30": "$1,799", "2013-06-30": "$1,803", "2013-03-31": "$1,807", "2012-12-31": "$1,811", "2012-09-30": "$1,816", "2012-06-30": "$1,820", "2012-03-31": "$1,424", "2011-12-31": "$299", "2011-09-30": "$299", "2011-06-30": "$299", "2011-03-31": "$299", "2010-12-31": "$299", "2010-09-30": "$299", "2010-06-30": "", "2010-03-31": "", "2009-12-31": "", "2009-09-30": "", "2009-06-30": "", "2009-03-31": "", "2008-12-31": "", "2008-09-30": "", "2008-06-30": "", "2008-03-31": "$5", "2007-12-31": "", "2007-09-30": "", "2007-06-30": "", "2007-03-31": "", "2006-12-31": "$80", "2006-09-30": "$80", "2006-06-30": "$80", "2006-03-31": "$80", "2005-12-31": "$80", "2005-09-30": "$80", "2005-06-30": "$80", "2005-03-31": "$139"}}, "total-liabilities": {"Alleghany Annual Total Liabilities (Millions of US $)": {"2019": "$18,155", "2018": "$17,652", "2017": "$16,870", "2016": "$15,817", "2015": "$15,284", "2014": "$16,016", "2013": "$16,414", "2012": "$16,404", "2011": "$3,552", "2010": "$3,523", "2009": "$3,475", "2008": "$3,535", "2007": "$4,158", "2006": "$3,729", "2005": "$3,928"}, "Alleghany Quarterly Total Liabilities (Millions of US $)": {"2020-09-30": "$19,856", "2020-06-30": "$19,165", "2020-03-31": "$17,896", "2019-12-31": "$18,155", "2019-09-30": "$17,662", "2019-06-30": "$17,670", "2019-03-31": "$17,557", "2018-12-31": "$17,652", "2018-09-30": "$17,201", "2018-06-30": "$16,682", "2018-03-31": "$16,724", "2017-12-31": "$16,870", "2017-09-30": "$17,513", "2017-06-30": "$16,094", "2017-03-31": "$15,754", "2016-12-31": "$15,817", "2016-09-30": "$16,012", "2016-06-30": "$15,897", "2016-03-31": "$15,284", "2015-12-31": "$15,284", "2015-09-30": "$15,973", "2015-06-30": "$16,278", "2015-03-31": "$15,923", "2014-12-31": "$16,016", "2014-09-30": "$16,515", "2014-06-30": "$16,435", "2014-03-31": "$16,356", "2013-12-31": "$16,414", "2013-09-30": "$16,502", "2013-06-30": "$16,392", "2013-03-31": "$16,179", "2012-12-31": "$16,404", "2012-09-30": "$16,177", "2012-06-30": "$16,139", "2012-03-31": "$15,592", "2011-12-31": "$3,552", "2011-09-30": "$3,565", "2011-06-30": "$3,586", "2011-03-31": "$3,478", "2010-12-31": "$3,523", "2010-09-30": "$3,681", "2010-06-30": "$3,505", "2010-03-31": "$3,412", "2009-12-31": "$3,475", "2009-09-30": "$3,583", "2009-06-30": "$3,608", "2009-03-31": "$3,462", "2008-12-31": "$3,535", "2008-09-30": "$4,507", "2008-06-30": "$4,312", "2008-03-31": "$3,989", "2007-12-31": "$4,158", "2007-09-30": "$3,956", "2007-06-30": "$3,738", "2007-03-31": "$3,699", "2006-12-31": "$3,729", "2006-09-30": "$3,885", "2006-06-30": "$3,904", "2006-03-31": "$3,942", "2005-12-31": "$3,928", "2005-09-30": "$3,907", "2005-06-30": "$2,868", "2005-03-31": "$2,756"}}, "total-share-holder-equity": {"Alleghany Annual Share Holder Equity (Millions of US $)": {"2019": "$8,777", "2018": "$7,693", "2017": "$8,514", "2016": "$7,940", "2015": "$7,555", "2014": "$7,473", "2013": "$6,948", "2012": "$6,404", "2011": "$2,926", "2010": "$2,909", "2009": "$2,718", "2008": "$2,647", "2007": "$2,784", "2006": "$2,449", "2005": "$1,868"}, "Alleghany Quarterly Share Holder Equity (Millions of US $)": {"2020-09-30": "$8,596", "2020-06-30": "$8,456", "2020-03-31": "$7,857", "2019-12-31": "$8,777", "2019-09-30": "$8,829", "2019-06-30": "$8,686", "2019-03-31": "$8,236", "2018-12-31": "$7,693", "2018-09-30": "$8,595", "2018-06-30": "$8,404", "2018-03-31": "$8,373", "2017-12-31": "$8,514", "2017-09-30": "$8,201", "2017-06-30": "$8,435", "2017-03-31": "$8,185", "2016-12-31": "$7,940", "2016-09-30": "$8,105", "2016-06-30": "$7,918", "2016-03-31": "$7,772", "2015-12-31": "$7,555", "2015-09-30": "$7,461", "2015-06-30": "$7,650", "2015-03-31": "$7,638", "2014-12-31": "$7,473", "2014-09-30": "$7,414", "2014-06-30": "$7,407", "2014-03-31": "$7,138", "2013-12-31": "$6,948", "2013-09-30": "$6,740", "2013-06-30": "$6,498", "2013-03-31": "$6,625", "2012-12-31": "$6,404", "2012-09-30": "$6,581", "2012-06-30": "$6,280", "2012-03-31": "$6,183", "2011-12-31": "$2,926", "2011-09-30": "$2,848", "2011-06-30": "$3,029", "2011-03-31": "$3,052", "2010-12-31": "$2,909", "2010-09-30": "$2,814", "2010-06-30": "$2,714", "2010-03-31": "$2,774", "2009-12-31": "$2,718", "2009-09-30": "$2,680", "2009-06-30": "$2,567", "2009-03-31": "$2,551", "2008-12-31": "$2,647", "2008-09-30": "$2,689", "2008-06-30": "$2,897", "2008-03-31": "$2,838", "2007-12-31": "$2,784", "2007-09-30": "$2,695", "2007-06-30": "$2,601", "2007-03-31": "$2,512", "2006-12-31": "$2,449", "2006-09-30": "$2,345", "2006-06-30": "$2,288", "2006-03-31": "$1,941", "2005-12-31": "$1,868", "2005-09-30": "$1,807", "2005-06-30": "$1,840", "2005-03-31": "$1,828"}}, "profit-margins": {"current": "-0.3%"}, "gross margin": {"2020-09-30": "27.64%", "2020-06-30": "27.87%", "2020-03-31": "30.50%", "2019-12-31": "39.79%", "2019-09-30": "32.66%", "2019-06-30": "32.70%", "2019-03-31": "30.83%", "2018-12-31": "25.40%", "2018-09-30": "35.78%", "2018-06-30": "23.28%", "2018-03-31": "19.08%", "2017-12-31": "17.95%", "2017-09-30": "14.90%", "2017-06-30": "26.33%", "2017-03-31": "25.45%", "2016-12-31": "25.40%", "2016-09-30": "27.09%", "2016-06-30": "24.88%", "2016-03-31": "25.88%", "2015-12-31": "24.72%", "2015-09-30": "23.20%", "2015-06-30": "24.84%", "2015-03-31": "24.12%", "2014-12-31": "25.13%", "2014-09-30": "26.72%", "2014-06-30": "24.74%", "2014-03-31": "23.32%", "2013-12-31": "23.19%", "2013-09-30": "13.53%", "2013-06-30": "15.30%", "2013-03-31": "17.35%", "2012-12-31": "26.09%", "2012-09-30": "37.68%", "2012-06-30": "41.82%", "2012-03-31": "49.80%", "2011-12-31": "28.92%", "2011-09-30": "28.19%", "2011-06-30": "31.58%", "2011-03-31": "37.78%", "2010-12-31": "35.40%", "2010-09-30": "44.50%", "2010-06-30": "44.95%", "2010-03-31": "41.64%", "2009-12-31": "39.61%", "2009-09-30": "21.19%", "2009-06-30": "9.36%", "2009-03-31": "4.81%", "2008-12-31": "13.35%", "2008-09-30": "25.04%", "2008-06-30": "36.44%", "2008-03-31": "40.61%", "2007-12-31": "42.55%", "2007-09-30": "42.56%", "2007-06-30": "40.79%", "2007-03-31": "42.07%", "2006-12-31": "37.55%", "2006-09-30": "35.74%", "2006-06-30": "14.42%", "2006-03-31": "10.12%", "2005-12-31": "11.95%"}, "operating margin": {"2020-09-30": "0.96%", "2020-06-30": "0.56%", "2020-03-31": "2.38%", "2019-12-31": "13.53%", "2019-09-30": "3.67%", "2019-06-30": "6.38%", "2019-03-31": "6.30%", "2018-12-31": "1.89%", "2018-09-30": "16.44%", "2018-06-30": "4.85%", "2018-03-31": "1.85%", "2017-12-31": "1.85%", "2017-09-30": "0.05%", "2017-06-30": "11.91%", "2017-03-31": "11.74%", "2016-12-31": "11.91%", "2016-09-30": "14.12%", "2016-06-30": "13.91%", "2016-03-31": "16.79%", "2015-12-31": "16.98%", "2015-09-30": "16.81%", "2015-06-30": "18.88%", "2015-03-31": "18.05%", "2014-12-31": "19.53%", "2014-09-30": "21.39%", "2014-06-30": "19.73%", "2014-03-31": "19.01%", "2013-12-31": "18.95%", "2013-09-30": "9.24%", "2013-06-30": "9.24%", "2013-03-31": "8.99%", "2012-12-31": "16.58%", "2012-09-30": "26.64%", "2012-06-30": "31.27%", "2012-03-31": "41.17%", "2011-12-31": "21.18%", "2011-09-30": "22.29%", "2011-06-30": "24.42%", "2011-03-31": "30.65%", "2010-12-31": "28.60%", "2010-09-30": "38.11%", "2010-06-30": "38.59%", "2010-03-31": "35.20%", "2009-12-31": "33.53%", "2009-09-30": "13.98%", "2009-06-30": "3.26%", "2009-03-31": "-1.72%", "2008-12-31": "6.27%", "2008-09-30": "18.61%", "2008-06-30": "28.98%", "2008-03-31": "33.17%", "2007-12-31": "35.31%", "2007-09-30": "42.21%", "2007-06-30": "40.44%", "2007-03-31": "41.82%", "2006-12-31": "37.45%", "2006-09-30": "44.30%", "2006-06-30": "23.66%", "2006-03-31": "20.06%", "2005-12-31": "21.99%"}, "ebitda margin": {"2020-09-30": "2.72%", "2020-06-30": "2.23%", "2020-03-31": "3.91%", "2019-12-31": "14.87%", "2019-09-30": "5.15%", "2019-06-30": "7.89%", "2019-03-31": "8.20%", "2018-12-31": "4.07%", "2018-09-30": "18.44%", "2018-06-30": "7.10%", "2018-03-31": "3.91%", "2017-12-31": "3.97%", "2017-09-30": "2.50%", "2017-06-30": "14.42%", "2017-03-31": "14.34%", "2016-12-31": "14.50%", "2016-09-30": "16.66%", "2016-06-30": "16.60%", "2016-03-31": "19.72%", "2015-12-31": "20.26%", "2015-09-30": "20.29%", "2015-06-30": "22.44%", "2015-03-31": "21.69%", "2014-12-31": "22.95%", "2014-09-30": "24.81%", "2014-06-30": "23.47%", "2014-03-31": "23.30%", "2013-12-31": "23.90%", "2013-09-30": "15.49%", "2013-06-30": "17.10%", "2013-03-31": "18.81%", "2012-12-31": "26.34%", "2012-09-30": "36.26%", "2012-06-30": "39.56%", "2012-03-31": "44.81%", "2011-12-31": "23.93%", "2011-09-30": "25.29%", "2011-06-30": "27.37%", "2011-03-31": "33.71%", "2010-12-31": "31.95%", "2010-09-30": "40.36%", "2010-06-30": "41.46%", "2010-03-31": "37.96%", "2009-12-31": "36.06%", "2009-09-30": "18.01%", "2009-06-30": "6.42%", "2009-03-31": "1.37%", "2008-12-31": "8.80%", "2008-09-30": "20.63%", "2008-06-30": "30.76%", "2008-03-31": "34.74%", "2007-12-31": "36.62%", "2007-09-30": "43.61%", "2007-06-30": "41.67%", "2007-03-31": "42.84%", "2006-12-31": "38.58%", "2006-09-30": "45.05%", "2006-06-30": "24.70%", "2006-03-31": "21.62%", "2005-12-31": "23.91%"}, "pre tax profit margin": {"2020-09-30": "-0.07%", "2020-06-30": "-0.55%", "2020-03-31": "1.23%", "2019-12-31": "12.42%", "2019-09-30": "2.13%", "2019-06-30": "4.90%", "2019-03-31": "5.08%", "2018-12-31": "0.58%", "2018-09-30": "15.58%", "2018-06-30": "3.96%", "2018-03-31": "0.59%", "2017-12-31": "0.58%", "2017-09-30": "-1.27%", "2017-06-30": "10.56%", "2017-03-31": "10.41%", "2016-12-31": "10.57%", "2016-09-30": "12.72%", "2016-06-30": "12.37%", "2016-03-31": "15.11%", "2015-12-31": "15.16%", "2015-09-30": "14.93%", "2015-06-30": "17.06%", "2015-03-31": "16.25%", "2014-12-31": "17.79%", "2014-09-30": "19.71%", "2014-06-30": "18.03%", "2014-03-31": "17.28%", "2013-12-31": "17.20%", "2013-09-30": "7.44%", "2013-06-30": "7.44%", "2013-03-31": "7.35%", "2012-12-31": "15.15%", "2012-09-30": "25.32%", "2012-06-30": "30.13%", "2012-03-31": "39.93%", "2011-12-31": "19.45%", "2011-09-30": "20.47%", "2011-06-30": "22.95%", "2011-03-31": "29.74%", "2010-12-31": "27.99%", "2010-09-30": "37.93%", "2010-06-30": "38.41%", "2010-03-31": "35.03%", "2009-12-31": "33.36%", "2009-09-30": "13.77%", "2009-06-30": "3.16%", "2009-03-31": "-1.95%", "2008-12-31": "6.17%", "2008-09-30": "18.52%", "2008-06-30": "28.90%", "2008-03-31": "33.17%", "2007-12-31": "35.23%", "2007-09-30": "26.80%", "2007-06-30": "24.85%", "2007-03-31": "26.48%", "2006-12-31": "20.57%", "2006-09-30": "18.20%", "2006-06-30": "-3.20%", "2006-03-31": "-8.46%", "2005-12-31": "-6.30%"}, "net profit margin": {"2020-09-30": "-0.29%", "2020-06-30": "-0.76%", "2020-03-31": "0.68%", "2019-12-31": "9.48%", "2019-09-30": "1.42%", "2019-06-30": "3.86%", "2019-03-31": "4.04%", "2018-12-31": "0.58%", "2018-09-30": "12.34%", "2018-06-30": "4.49%", "2018-03-31": "1.74%", "2017-12-31": "1.40%", "2017-09-30": "0.11%", "2017-06-30": "7.75%", "2017-03-31": "7.31%", "2016-12-31": "7.47%", "2016-09-30": "9.02%", "2016-06-30": "8.66%", "2016-03-31": "11.09%", "2015-12-31": "11.20%", "2015-09-30": "10.97%", "2015-06-30": "12.36%", "2015-03-31": "11.74%", "2014-12-31": "12.98%", "2014-09-30": "14.08%", "2014-06-30": "13.10%", "2014-03-31": "12.65%", "2013-12-31": "12.63%", "2013-09-30": "6.81%", "2013-06-30": "6.99%", "2013-03-31": "6.84%", "2012-12-31": "14.75%", "2012-09-30": "21.92%", "2012-06-30": "25.95%", "2012-03-31": "35.45%", "2011-12-31": "14.56%", "2011-09-30": "15.22%", "2011-06-30": "16.84%", "2011-03-31": "21.49%", "2010-12-31": "20.08%", "2010-09-30": "26.31%", "2010-06-30": "26.48%", "2010-03-31": "23.58%", "2009-12-31": "22.38%", "2009-09-30": "17.37%", "2009-06-30": "12.08%", "2009-03-31": "9.28%", "2008-12-31": "13.35%", "2008-09-30": "13.84%", "2008-06-30": "19.24%", "2008-03-31": "22.50%", "2007-12-31": "22.95%", "2007-09-30": "16.02%", "2007-06-30": "14.63%", "2007-03-31": "15.42%", "2006-12-31": "12.92%", "2006-09-30": "11.41%", "2006-06-30": "-0.43%", "2006-03-31": "-4.32%", "2005-12-31": "-4.11%"}, "pe ratio": {"current": "201.06", "2021-02-05": "0.00", "2020-09-30": "0.00", "2020-06-30": "0.00", "2020-03-31": "165.37", "2019-12-31": "13.25", "2019-09-30": "88.62", "2019-06-30": "30.87", "2019-03-31": "29.13", "2018-12-31": "488.55", "2018-09-30": "10.74", "2018-06-30": "28.83", "2018-03-31": "89.85", "2017-12-31": "107.76", "2017-09-30": "0.00", "2017-06-30": "18.57", "2017-03-31": "20.25", "2016-12-31": "19.84", "2016-09-30": "14.50", "2016-06-30": "17.15", "2016-03-31": "12.82", "2015-12-31": "13.10", "2015-09-30": "13.30", "2015-06-30": "11.51", "2015-03-31": "12.72", "2014-12-31": "10.80", "2014-09-30": "8.96", "2014-06-30": "10.47", "2014-03-31": "10.32", "2013-12-31": "10.29", "2013-09-30": "20.01", "2013-06-30": "18.11", "2013-03-31": "19.01", "2012-12-31": "5.44", "2012-09-30": "4.80", "2012-06-30": "5.12", "2012-03-31": "5.36", "2011-12-31": "17.08", "2011-09-30": "17.51", "2011-06-30": "17.92", "2011-03-31": "13.58", "2010-12-31": "13.53", "2010-09-30": "9.30", "2010-06-30": "8.71", "2010-03-31": "9.35", "2009-12-31": "9.45", "2009-09-30": "13.72", "2009-06-30": "21.70", "2009-03-31": "28.91", "2008-12-31": "18.24", "2008-09-30": "20.22", "2008-06-30": "12.56", "2008-03-31": "10.96", "2007-12-31": "12.77", "2007-09-30": "12.79", "2007-06-30": "13.63", "2007-03-31": "11.83", "2006-12-31": "12.93"}, "price sales": {"2021-02-05": "1.01", "2020-09-30": "0.87", "2020-06-30": "0.86", "2020-03-31": "0.97", "2019-12-31": "1.25", "2019-09-30": "1.43", "2019-06-30": "1.23", "2019-03-31": "1.17", "2018-12-31": "1.34", "2018-09-30": "1.33", "2018-06-30": "1.27", "2018-03-31": "1.43", "2017-12-31": "1.38", "2017-09-30": "1.33", "2017-06-30": "1.44", "2017-03-31": "1.48", "2016-12-31": "1.48", "2016-09-30": "1.30", "2016-06-30": "1.48", "2016-03-31": "1.42", "2015-12-31": "1.47", "2015-09-30": "1.47", "2015-06-30": "1.43", "2015-03-31": "1.50", "2014-12-31": "1.41", "2014-09-30": "1.26", "2014-06-30": "1.37", "2014-03-31": "1.31", "2013-12-31": "1.30", "2013-09-30": "1.34", "2013-06-30": "1.24", "2013-03-31": "1.28", "2012-12-31": "1.01", "2012-09-30": "1.22", "2012-06-30": "1.44", "2012-03-31": "1.78", "2011-12-31": "2.48", "2011-09-30": "2.66", "2011-06-30": "3.03", "2011-03-31": "2.94", "2010-12-31": "2.73", "2010-09-30": "2.43", "2010-06-30": "2.30", "2010-03-31": "2.21", "2009-12-31": "2.15", "2009-09-30": "2.51", "2009-06-30": "2.67", "2009-03-31": "2.77", "2008-12-31": "2.59", "2008-09-30": "3.00", "2008-06-30": "2.70", "2008-03-31": "2.70", "2007-12-31": "3.13", "2007-09-30": "3.33", "2007-06-30": "3.35", "2007-03-31": "3.00", "2006-12-31": "3.11"}, "price book": {"current": "0.99", "2021-02-05": "0.99", "2020-09-30": "0.86", "2020-06-30": "0.83", "2020-03-31": "1.01", "2019-12-31": "1.28", "2019-09-30": "1.28", "2019-06-30": "1.11", "2019-03-31": "1.05", "2018-12-31": "1.16", "2018-09-30": "1.11", "2018-06-30": "1.01", "2018-03-31": "1.10", "2017-12-31": "1.04", "2017-09-30": "1.00", "2017-06-30": "1.05", "2017-03-31": "1.12", "2016-12-31": "1.14", "2016-09-30": "0.96", "2016-06-30": "1.03", "2016-03-31": "0.95", "2015-12-31": "0.95", "2015-09-30": "0.95", "2015-06-30": "0.94", "2015-03-31": "0.98", "2014-12-31": "0.96", "2014-09-30": "0.88", "2014-06-30": "0.93", "2014-03-31": "0.91", "2013-12-31": "0.93", "2013-09-30": "0.98", "2013-06-30": "0.95", "2013-03-31": "0.97", "2012-12-31": "0.85", "2012-09-30": "0.86", "2012-06-30": "0.88", "2012-03-31": "0.87", "2011-12-31": "0.80", "2011-09-30": "0.85", "2011-06-30": "0.97", "2011-03-31": "0.93", "2010-12-31": "0.91", "2010-09-30": "0.93", "2010-06-30": "0.94", "2010-03-31": "0.96", "2009-12-31": "0.90", "2009-09-30": "0.89", "2009-06-30": "0.98", "2009-03-31": "0.92", "2008-12-31": "0.93", "2008-09-30": "1.19", "2008-06-30": "1.01", "2008-03-31": "1.06", "2007-12-31": "1.26", "2007-09-30": "1.32", "2007-06-30": "1.37", "2007-03-31": "1.30", "2006-12-31": "1.29", "2006-09-30": "1.07", "2006-06-30": "1.05", "2006-03-31": "1.30"}, "price fcf": {"2021-02-05": "", "2020-09-30": "$71.92", "2020-06-30": "$56.18", "2020-03-31": "$50.52", "2019-12-31": "$46.17", "2019-09-30": "$33.33", "2019-06-30": "$26.57", "2019-03-31": "$20.74", "2018-12-31": "$25.17", "2018-09-30": "$20.21", "2018-06-30": "$24.06", "2018-03-31": "$31.36", "2017-12-31": "$29.36", "2017-09-30": "$42.09", "2017-06-30": "$43.81", "2017-03-31": "$44.32", "2016-12-31": "$49.79", "2016-09-30": "$22.27", "2016-06-30": "$19.34", "2016-03-31": "$8.33", "2015-12-31": "$18.81", "2015-09-30": "$42.23", "2015-06-30": "$42.21", "2015-03-31": "$40.63", "2014-12-31": "$20.06", "2014-09-30": "$15.13", "2014-06-30": "$16.90", "2014-03-31": "$17.23", "2013-12-31": "$33.74", "2013-09-30": "$35.08", "2013-06-30": "$37.55", "2013-03-31": "$43.75", "2012-12-31": "$31.58", "2012-09-30": "$23.78", "2012-06-30": "$15.51", "2012-03-31": "$18.47", "2011-12-31": "$9.90", "2011-09-30": "$10.79", "2011-06-30": "$10.44", "2011-03-31": "$-1.11", "2010-12-31": "$5.97", "2010-09-30": "$6.08", "2010-06-30": "$6.45", "2010-03-31": "$10.30", "2009-12-31": "$14.49", "2009-09-30": "$18.67", "2009-06-30": "$25.01", "2009-03-31": "$27.38", "2008-12-31": "$36.36", "2008-09-30": "$42.34", "2008-06-30": "$45.29", "2008-03-31": "$42.18", "2007-12-31": "$46.53", "2007-09-30": "$56.51", "2007-06-30": "$52.70", "2007-03-31": "$64.02", "2006-12-31": "$60.60"}, "net worth": {"value": "$8.49B"}, "current ratio": {"2020-09-30": "0.26", "2020-06-30": "0.29", "2020-03-31": "0.29", "2019-12-31": "0.26", "2019-09-30": "0.24", "2019-06-30": "0.24", "2019-03-31": "0.25", "2018-12-31": "0.27", "2018-09-30": "0.23", "2018-06-30": "0.22", "2018-03-31": "0.23", "2017-12-31": "0.24", "2017-09-30": "0.23", "2017-06-30": "0.20", "2017-03-31": "0.20", "2016-12-31": "0.20", "2016-09-30": "0.19", "2016-06-30": "0.19", "2016-03-31": "0.19", "2015-12-31": "0.19", "2015-09-30": "0.20", "2015-06-30": "0.22", "2015-03-31": "0.20", "2014-12-31": "0.20", "2014-09-30": "0.20", "2014-06-30": "0.20", "2014-03-31": "0.19", "2013-12-31": "0.19", "2013-09-30": "0.18", "2013-06-30": "0.19", "2013-03-31": "0.19", "2012-12-31": "0.19", "2012-09-30": "0.19", "2012-06-30": "0.19", "2012-03-31": "0.20", "2011-12-31": "0.37", "2011-09-30": "0.37", "2011-06-30": "0.39", "2011-03-31": "0.38", "2010-12-31": "0.37", "2010-09-30": "0.38", "2010-06-30": "0.40", "2010-03-31": "0.38", "2009-12-31": "0.37", "2009-09-30": "0.37", "2009-06-30": "0.39", "2009-03-31": "0.39", "2008-12-31": "0.38", "2008-09-30": "0.38", "2008-06-30": "0.39", "2008-03-31": "0.35", "2007-12-31": "0.40", "2007-09-30": "0.34", "2007-06-30": "0.38", "2007-03-31": "0.38", "2006-12-31": "0.44", "2006-09-30": "0.46", "2006-06-30": "0.52", "2006-03-31": "0.54", "2005-12-31": "0.57", "2005-09-30": "0.59", "2005-06-30": "0.48", "2005-03-31": "0.58"}, "quick ratio": {"2020-09-30": "0.00", "2020-06-30": "0.00", "2020-03-31": "0.00", "2019-12-31": "0.00", "2019-09-30": "0.00", "2019-06-30": "0.00", "2019-03-31": "0.00", "2018-12-31": "0.00", "2018-09-30": "0.00", "2018-06-30": "0.00", "2018-03-31": "0.00", "2017-12-31": "0.00", "2017-09-30": "0.00", "2017-06-30": "0.00", "2017-03-31": "0.00", "2016-12-31": "0.00", "2016-09-30": "0.00", "2016-06-30": "0.00", "2016-03-31": "0.00", "2015-12-31": "0.00", "2015-09-30": "0.00", "2015-06-30": "0.00", "2015-03-31": "0.00", "2014-12-31": "0.00", "2014-09-30": "0.00", "2014-06-30": "0.00", "2014-03-31": "0.00", "2013-12-31": "0.00", "2013-09-30": "0.00", "2013-06-30": "0.00", "2013-03-31": "0.00", "2012-12-31": "0.00", "2012-09-30": "0.00", "2012-06-30": "0.00", "2012-03-31": "0.00", "2011-12-31": "0.00", "2011-09-30": "0.00", "2011-06-30": "0.00", "2011-03-31": "0.00", "2010-12-31": "0.00", "2010-09-30": "0.00", "2010-06-30": "0.00", "2010-03-31": "0.00", "2009-12-31": "0.00", "2009-09-30": "0.00", "2009-06-30": "0.00", "2009-03-31": "0.00", "2008-12-31": "0.00", "2008-09-30": "0.00", "2008-06-30": "0.00", "2008-03-31": "0.00", "2007-12-31": "0.00", "2007-09-30": "0.00", "2007-06-30": "0.00", "2007-03-31": "0.00", "2006-12-31": "0.00", "2006-09-30": "0.00", "2006-06-30": "0.00", "2006-03-31": "0.00", "2005-12-31": "0.00", "2005-09-30": "0.00", "2005-06-30": "0.00", "2005-03-31": "0.00"}, "debt equity ratio": {"current": "0.24", "2020-09-30": "2.31", "2020-06-30": "2.27", "2020-03-31": "2.28", "2019-12-31": "2.07", "2019-09-30": "2.00", "2019-06-30": "2.03", "2019-03-31": "2.13", "2018-12-31": "2.30", "2018-09-30": "2.00", "2018-06-30": "1.99", "2018-03-31": "2.00", "2017-12-31": "1.98", "2017-09-30": "2.14", "2017-06-30": "1.91", "2017-03-31": "1.93", "2016-12-31": "1.99", "2016-09-30": "1.98", "2016-06-30": "2.01", "2016-03-31": "1.97", "2015-12-31": "2.02", "2015-09-30": "2.14", "2015-06-30": "2.13", "2015-03-31": "2.09", "2014-12-31": "2.14", "2014-09-30": "2.23", "2014-06-30": "2.22", "2014-03-31": "2.29", "2013-12-31": "2.36", "2013-09-30": "2.45", "2013-06-30": "2.52", "2013-03-31": "2.44", "2012-12-31": "2.56", "2012-09-30": "2.46", "2012-06-30": "2.57", "2012-03-31": "2.52", "2011-12-31": "1.21", "2011-09-30": "1.25", "2011-06-30": "1.18", "2011-03-31": "1.14", "2010-12-31": "1.21", "2010-09-30": "1.31", "2010-06-30": "1.29", "2010-03-31": "1.23", "2009-12-31": "1.28", "2009-09-30": "1.34", "2009-06-30": "1.41", "2009-03-31": "1.36", "2008-12-31": "1.34", "2008-09-30": "1.68", "2008-06-30": "1.49", "2008-03-31": "1.41", "2007-12-31": "1.49", "2007-09-30": "1.47", "2007-06-30": "1.44", "2007-03-31": "1.47", "2006-12-31": "1.52", "2006-09-30": "1.66", "2006-06-30": "1.71", "2006-03-31": "2.03", "2005-12-31": "2.10", "2005-09-30": "2.16", "2005-06-30": "1.56", "2005-03-31": "1.51"}, "return on equity": {"2020-09-30": "-0.30%", "2020-06-30": "-0.73%", "2020-03-31": "0.66%", "2019-12-31": "9.93%", "2019-09-30": "1.35%", "2019-06-30": "3.71%", "2019-03-31": "3.74%", "2018-12-31": "0.48%", "2018-09-30": "10.68%", "2018-06-30": "3.65%", "2018-03-31": "1.35%", "2017-12-31": "1.08%", "2017-09-30": "0.09%", "2017-06-30": "5.84%", "2017-03-31": "5.62%", "2016-12-31": "5.77%", "2016-09-30": "6.94%", "2016-06-30": "6.32%", "2016-03-31": "7.75%", "2015-12-31": "7.39%", "2015-09-30": "7.19%", "2015-06-30": "8.38%", "2015-03-31": "8.00%", "2014-12-31": "9.23%", "2014-09-30": "10.31%", "2014-06-30": "9.52%", "2014-03-31": "9.33%", "2013-12-31": "9.37%", "2013-09-30": "5.03%", "2013-06-30": "5.24%", "2013-03-31": "5.21%", "2012-12-31": "11.02%", "2012-09-30": "15.15%", "2012-06-30": "15.92%", "2012-03-31": "16.87%", "2011-12-31": "4.82%", "2011-09-30": "4.80%", "2011-06-30": "5.42%", "2011-03-31": "7.35%", "2010-12-31": "7.06%", "2010-09-30": "10.60%", "2010-06-30": "11.17%", "2010-03-31": "10.50%", "2009-12-31": "10.08%", "2009-09-30": "6.28%", "2009-06-30": "4.25%", "2009-03-31": "3.00%", "2008-12-31": "4.77%", "2008-09-30": "5.60%", "2008-06-30": "8.10%", "2008-03-31": "9.97%", "2007-12-31": "10.65%", "2007-09-30": "7.14%", "2007-06-30": "6.70%", "2007-03-31": "7.50%", "2006-12-31": "6.07%", "2006-09-30": "6.44%", "2006-06-30": "-0.25%", "2006-03-31": "-2.52%", "2005-12-31": "-2.45%"}, "return on assets": {"2020-09-30": "-0.09%", "2020-06-30": "-0.23%", "2020-03-31": "0.21%", "2019-12-31": "3.25%", "2019-09-30": "0.43%", "2019-06-30": "1.19%", "2019-03-31": "1.21%", "2018-12-31": "0.16%", "2018-09-30": "3.57%", "2018-06-30": "1.21%", "2018-03-31": "0.45%", "2017-12-31": "0.36%", "2017-09-30": "0.03%", "2017-06-30": "1.98%", "2017-03-31": "1.89%", "2016-12-31": "1.93%", "2016-09-30": "2.32%", "2016-06-30": "2.08%", "2016-03-31": "2.53%", "2015-12-31": "2.39%", "2015-09-30": "2.30%", "2015-06-30": "2.66%", "2015-03-31": "2.53%", "2014-12-31": "2.87%", "2014-09-30": "3.15%", "2014-06-30": "2.86%", "2014-03-31": "2.74%", "2013-12-31": "2.72%", "2013-09-30": "1.44%", "2013-06-30": "1.50%", "2013-03-31": "1.48%", "2012-12-31": "3.12%", "2012-09-30": "4.53%", "2012-06-30": "5.09%", "2012-03-31": "6.12%", "2011-12-31": "2.20%", "2011-09-30": "2.19%", "2011-06-30": "2.45%", "2011-03-31": "3.29%", "2010-12-31": "3.13%", "2010-09-30": "4.65%", "2010-06-30": "4.89%", "2010-03-31": "4.55%", "2009-12-31": "4.30%", "2009-09-30": "2.66%", "2009-06-30": "1.74%", "2009-03-31": "1.22%", "2008-12-31": "1.93%", "2008-09-30": "2.23%", "2008-06-30": "3.29%", "2008-03-31": "4.07%", "2007-12-31": "4.31%", "2007-09-30": "2.88%", "2007-06-30": "2.66%", "2007-03-31": "2.90%", "2006-12-31": "2.24%", "2006-09-30": "2.26%", "2006-06-30": "-0.08%", "2006-03-31": "-0.85%", "2005-12-31": "-0.87%"}, "return on investments": {"2020-09-30": "0.80%", "2020-06-30": "0.45%", "2020-03-31": "1.91%", "2019-12-31": "11.83%", "2019-09-30": "2.91%", "2019-06-30": "5.11%", "2019-03-31": "4.87%", "2018-12-31": "1.32%", "2018-09-30": "12.03%", "2018-06-30": "3.35%", "2018-03-31": "1.21%", "2017-12-31": "1.21%", "2017-09-30": "0.03%", "2017-06-30": "7.62%", "2017-03-31": "7.67%", "2016-12-31": "7.82%", "2016-09-30": "9.22%", "2016-06-30": "8.50%", "2016-03-31": "9.72%", "2015-12-31": "9.18%", "2015-09-30": "8.93%", "2015-06-30": "10.28%", "2015-03-31": "9.87%", "2014-12-31": "11.09%", "2014-09-30": "12.45%", "2014-06-30": "11.43%", "2014-03-31": "11.09%", "2013-12-31": "11.08%", "2013-09-30": "5.35%", "2013-06-30": "5.42%", "2013-03-31": "5.35%", "2012-12-31": "9.75%", "2012-09-30": "14.80%", "2012-06-30": "15.85%", "2012-03-31": "16.96%", "2011-12-31": "6.37%", "2011-09-30": "6.38%", "2011-06-30": "7.14%", "2011-03-31": "12.45%", "2010-12-31": "17.85%", "2010-09-30": "54.37%", "2010-06-30": "inf%", "2010-03-31": "inf%", "2009-12-31": "inf%", "2009-09-30": "inf%", "2009-06-30": "inf%", "2009-03-31": "inf%", "2008-12-31": "8.72%", "2008-09-30": "29.69%", "2008-06-30": "48.12%", "2008-03-31": "56.42%", "2007-12-31": "inf%", "2007-09-30": "76.24%", "2007-06-30": "37.06%", "2007-03-31": "26.66%", "2006-12-31": "17.00%", "2006-09-30": "24.10%", "2006-06-30": "13.33%", "2006-03-31": "11.21%", "2005-12-31": "12.48%"}, "return on tangible equity": {"2020-09-30": "-0.35%", "2020-06-30": "-0.86%", "2020-03-31": "0.76%", "2019-12-31": "11.36%", "2019-09-30": "1.54%", "2019-06-30": "4.20%", "2019-03-31": "4.21%", "2018-12-31": "0.54%", "2018-09-30": "11.81%", "2018-06-30": "4.04%", "2018-03-31": "1.49%", "2017-12-31": "1.19%", "2017-09-30": "0.09%", "2017-06-30": "6.38%", "2017-03-31": "6.11%", "2016-12-31": "6.22%", "2016-09-30": "7.40%", "2016-06-30": "6.66%", "2016-03-31": "8.07%", "2015-12-31": "7.67%", "2015-09-30": "7.43%", "2015-06-30": "8.66%", "2015-03-31": "8.27%", "2014-12-31": "9.53%", "2014-09-30": "10.65%", "2014-06-30": "9.84%", "2014-03-31": "9.64%", "2013-12-31": "9.68%", "2013-09-30": "5.19%", "2013-06-30": "5.42%", "2013-03-31": "5.42%", "2012-12-31": "11.59%", "2012-09-30": "16.00%", "2012-06-30": "16.91%", "2012-03-31": "17.88%", "2011-12-31": "5.06%", "2011-09-30": "5.04%", "2011-06-30": "5.70%", "2011-03-31": "7.73%", "2010-12-31": "7.45%", "2010-09-30": "11.19%", "2010-06-30": "11.79%", "2010-03-31": "11.09%", "2009-12-31": "10.66%", "2009-09-30": "6.65%", "2009-06-30": "4.52%", "2009-03-31": "3.21%", "2008-12-31": "5.13%", "2008-09-30": "6.05%", "2008-06-30": "8.76%", "2008-03-31": "10.76%", "2007-12-31": "11.45%", "2007-09-30": "7.66%", "2007-06-30": "7.16%", "2007-03-31": "8.04%", "2006-12-31": "6.54%", "2006-09-30": "6.99%", "2006-06-30": "-0.28%", "2006-03-31": "-2.77%", "2005-12-31": "-2.72%"}, "dividend yield history": {"last payout": "$0.00", "last yield": "0.00%"}}