{"ticker": "LNT", "price": {"title": "Alliant Energy Historical Annual Stock Price Data", "value": 49.68, "historical": {"2021": {"Average Stock Price": "49.3723", "Year Open": "50.4900", "Year High": "51.0000", "Year Low": "48.0300", "Year Close": "49.6800", "Annual % Change": "-3.59%"}, "2020": {"Average Stock Price": "52.3346", "Year Open": "53.6300", "Year High": "60.1650", "Year Low": "39.9900", "Year Close": "51.5300", "Annual % Change": "-5.83%"}, "2019": {"Average Stock Price": "49.2940", "Year Open": "41.1500", "Year High": "54.9500", "Year Low": "41.1500", "Year Close": "54.7200", "Annual % Change": "29.51%"}, "2018": {"Average Stock Price": "41.9010", "Year Open": "42.1100", "Year High": "46.2800", "Year Low": "37.1400", "Year Close": "42.2500", "Annual % Change": "-0.84%"}, "2017": {"Average Stock Price": "41.0153", "Year Open": "37.9300", "Year High": "45.1800", "Year Low": "36.8600", "Year Close": "42.6100", "Annual % Change": "12.46%"}, "2016": {"Average Stock Price": "36.7737", "Year Open": "31.1400", "Year High": "40.8700", "Year Low": "30.7850", "Year Close": "37.8900", "Annual % Change": "21.35%"}, "2015": {"Average Stock Price": "30.5674", "Year Open": "33.2500", "Year High": "35.1600", "Year Low": "27.2750", "Year Close": "31.2250", "Annual % Change": "-5.98%"}, "2014": {"Average Stock Price": "28.8222", "Year Open": "25.3900", "Year High": "34.6600", "Year Low": "25.2450", "Year Close": "33.2100", "Annual % Change": "28.72%"}, "2013": {"Average Stock Price": "25.0997", "Year Open": "22.5700", "Year High": "26.9700", "Year Low": "22.5400", "Year Close": "25.8000", "Annual % Change": "17.51%"}, "2012": {"Average Stock Price": "22.1056", "Year Open": "21.7600", "Year High": "23.7500", "Year Low": "21.0500", "Year Close": "21.9550", "Annual % Change": "-0.45%"}, "2011": {"Average Stock Price": "19.8614", "Year Open": "18.5750", "Year High": "22.1600", "Year Low": "17.1500", "Year Close": "22.0550", "Annual % Change": "19.96%"}, "2010": {"Average Stock Price": "17.1552", "Year Open": "15.1750", "Year High": "18.8150", "Year Low": "15.1750", "Year Close": "18.3850", "Annual % Change": "21.51%"}, "2009": {"Average Stock Price": "13.1033", "Year Open": "14.8450", "Year High": "15.5950", "Year Low": "10.2300", "Year Close": "15.1300", "Annual % Change": "3.70%"}, "2008": {"Average Stock Price": "17.0539", "Year Open": "20.1350", "Year High": "21.0600", "Year Low": "12.1450", "Year Close": "14.5900", "Annual % Change": "-28.29%"}, "2007": {"Average Stock Price": "20.2755", "Year Open": "18.9350", "Year High": "22.8700", "Year Low": "17.9050", "Year Close": "20.3450", "Annual % Change": "7.73%"}, "2006": {"Average Stock Price": "17.3019", "Year Open": "14.2500", "Year High": "19.8500", "Year Low": "14.2500", "Year Close": "18.8850", "Annual % Change": "34.70%"}, "2005": {"Average Stock Price": "13.9320", "Year Open": "14.0500", "Year High": "15.1950", "Year Low": "12.9400", "Year Close": "14.0200", "Annual % Change": "-1.96%"}, "2004": {"Average Stock Price": "12.9413", "Year Open": "12.4100", "Year High": "14.4000", "Year Low": "11.8800", "Year Close": "14.3000", "Annual % Change": "14.86%"}, "2003": {"Average Stock Price": "9.9490", "Year Open": "8.4950", "Year High": "12.4700", "Year Low": "7.5600", "Year Close": "12.4500", "Annual % Change": "50.45%"}, "2002": {"Average Stock Price": "11.7500", "Year Open": "15.3150", "Year High": "15.4300", "Year Low": "7.1950", "Year Close": "8.2750", "Annual % Change": "-45.49%"}, "2001": {"Average Stock Price": "15.1778", "Year Open": "15.5000", "Year High": "16.5500", "Year Low": "13.9950", "Year Close": "15.1800", "Annual % Change": "-4.77%"}, "2000": {"Average Stock Price": "14.6094", "Year Open": "13.4050", "Year High": "17.3100", "Year Low": "13.0100", "Year Close": "15.9400", "Annual % Change": "15.93%"}, "1999": {"Average Stock Price": "14.2428", "Year Open": "16.0000", "Year High": "16.0000", "Year Low": "12.9400", "Year Close": "13.7500", "Annual % Change": "-14.73%"}, "1998": {"Average Stock Price": "15.7698", "Year Open": "16.5600", "Year High": "17.4400", "Year Low": "14.1250", "Year Close": "16.1250", "Annual % Change": "-2.63%"}, "1997": {"Average Stock Price": "14.2268", "Year Open": "14.0000", "Year High": "16.9050", "Year Low": "13.3750", "Year Close": "16.5600", "Annual % Change": "17.78%"}, "1996": {"Average Stock Price": "15.0987", "Year Open": "15.3750", "Year High": "16.4400", "Year Low": "13.9400", "Year Close": "14.0600", "Annual % Change": "-8.16%"}, "1995": {"Average Stock Price": "14.5764", "Year Open": "13.7500", "Year High": "15.6250", "Year Low": "13.7500", "Year Close": "15.3100", "Annual % Change": "11.83%"}, "1994": {"Average Stock Price": "14.3577", "Year Open": "16.2500", "Year High": "16.2500", "Year Low": "13.2500", "Year Close": "13.6900", "Annual % Change": "-16.73%"}, "1993": {"Average Stock Price": "17.3051", "Year Open": "17.0000", "Year High": "18.3100", "Year Low": "15.7500", "Year Close": "16.4400", "Annual % Change": "-2.95%"}, "1992": {"Average Stock Price": "16.6867", "Year Open": "16.3750", "Year High": "18.0600", "Year Low": "15.0600", "Year Close": "16.9400", "Annual % Change": "3.45%"}, "1991": {"Average Stock Price": "13.6028", "Year Open": "12.1250", "Year High": "16.3750", "Year Low": "11.5000", "Year Close": "16.3750", "Annual % Change": "33.67%"}, "1990": {"Average Stock Price": "11.3574", "Year Open": "12.1250", "Year High": "12.4400", "Year Low": "10.0600", "Year Close": "12.2500", "Annual % Change": "0.49%"}, "1989": {"Average Stock Price": "11.5262", "Year Open": "11.1900", "Year High": "12.1900", "Year Low": "11.0000", "Year Close": "12.1900", "Annual % Change": "6.00%"}}}, "market cap": {"value": "$12.41B"}, "income statement": {"Revenue": {"2019-12-31": "3647.70000", "2018-12-31": "3534.50000", "2017-12-31": "3382.20000", "2016-12-31": "3320.00000", "2015-12-31": "3253.60000", "2014-12-31": "3350.30000", "2013-12-31": "3276.80000", "2012-12-31": "3094.50000", "2011-12-31": "3221.40000", "2010-12-31": "3262.10000", "2009-12-31": "3427.30000", "2008-12-31": "3669.10000", "2007-12-31": "3437.60000", "2006-12-31": "3359.40000", "2005-12-31": "3279.60000"}, "Cost Of Goods Sold": {"2019-12-31": "998.40000", "2018-12-31": "1087.30000", "2017-12-31": "1029.50000", "2016-12-31": "1048.30000", "2015-12-31": "1056.80000", "2014-12-31": "1205.00000", "2013-12-31": "1218.50000", "2012-12-31": "1201.00000", "2011-12-31": "1316.90000", "2010-12-31": "1402.90000", "2009-12-31": "1520.40000", "2008-12-31": "1648.40000", "2007-12-31": "1655.60000", "2006-12-31": "1698.70000", "2005-12-31": "1513.90000"}, "Gross Profit": {"2019-12-31": "2649.30000", "2018-12-31": "2447.20000", "2017-12-31": "2352.70000", "2016-12-31": "2271.70000", "2015-12-31": "2196.80000", "2014-12-31": "2145.30000", "2013-12-31": "2058.30000", "2012-12-31": "1893.50000", "2011-12-31": "1904.50000", "2010-12-31": "1859.20000", "2009-12-31": "1906.90000", "2008-12-31": "2020.70000", "2007-12-31": "1782.00000", "2006-12-31": "1660.70000", "2005-12-31": "1765.70000"}, "Research And Development Expenses": {"2019-12-31": "", "2018-12-31": "", "2017-12-31": "", "2016-12-31": "", "2015-12-31": "", "2014-12-31": "", "2013-12-31": "", "2012-12-31": "", "2011-12-31": "", "2010-12-31": "", "2009-12-31": "", "2008-12-31": "", "2007-12-31": "", "2006-12-31": "", "2005-12-31": ""}, "SG&A Expenses": {"2019-12-31": "1304.40000", "2018-12-31": "1245.90000", "2017-12-31": "1219.70000", "2016-12-31": "1219.60000", "2015-12-31": "1218.50000", "2014-12-31": "1213.60000", "2013-12-31": "1153.50000", "2012-12-31": "1041.40000", "2011-12-31": "1070.20000", "2010-12-31": "1011.90000", "2009-12-31": "1237.10000", "2008-12-31": "1294.00000", "2007-12-31": "975.00000", "2006-12-31": "905.80000", "2005-12-31": "969.50000"}, "Other Operating Income Or Expenses": {"2019-12-31": "", "2018-12-31": "", "2017-12-31": "", "2016-12-31": "-86.40000", "2015-12-31": "0.00000", "2014-12-31": "0.00000", "2013-12-31": "", "2012-12-31": "", "2011-12-31": "", "2010-12-31": "", "2009-12-31": "", "2008-12-31": "", "2007-12-31": "", "2006-12-31": "", "2005-12-31": ""}, "Operating Expenses": {"2019-12-31": "2870.00000", "2018-12-31": "2840.10000", "2017-12-31": "2711.00000", "2016-12-31": "2765.90000", "2015-12-31": "2676.60000", "2014-12-31": "2806.70000", "2013-12-31": "2742.90000", "2012-12-31": "2574.80000", "2011-12-31": "2708.10000", "2010-12-31": "2702.10000", "2009-12-31": "3031.10000", "2008-12-31": "3182.10000", "2007-12-31": "2893.30000", "2006-12-31": "2865.90000", "2005-12-31": "2803.70000"}, "Operating Income": {"2019-12-31": "777.70000", "2018-12-31": "694.40010", "2017-12-31": "671.19970", "2016-12-31": "554.09990", "2015-12-31": "577.00000", "2014-12-31": "543.59990", "2013-12-31": "533.90010", "2012-12-31": "519.70020", "2011-12-31": "513.30000", "2010-12-31": "560.00000", "2009-12-31": "396.20000", "2008-12-31": "487.00000", "2007-12-31": "544.30030", "2006-12-31": "493.50000", "2005-12-31": "475.90010"}, "Total Non-Operating Income/Expense": {"2019-12-31": "-141.60000", "2018-12-31": "-124.40000", "2017-12-31": "-138.40000", "2016-12-31": "-110.70000", "2015-12-31": "-115.70000", "2014-12-31": "-103.60000", "2013-12-31": "-97.90000", "2012-12-31": "-89.50000", "2011-12-31": "-102.70000", "2010-12-31": "-102.10000", "2009-12-31": "-276.70000", "2008-12-31": "-49.30000", "2007-12-31": "154.90000", "2006-12-31": "47.80000", "2005-12-31": "-472.40000"}, "Pre-Tax Income": {"2019-12-31": "636.10000", "2018-12-31": "570.00000", "2017-12-31": "532.80000", "2016-12-31": "443.40000", "2015-12-31": "461.30000", "2014-12-31": "440.00000", "2013-12-31": "436.00000", "2012-12-31": "430.20000", "2011-12-31": "410.60000", "2010-12-31": "457.90000", "2009-12-31": "119.50000", "2008-12-31": "437.70000", "2007-12-31": "699.20000", "2006-12-31": "541.30000", "2005-12-31": "3.50000"}, "Income Taxes": {"2019-12-31": "68.70000", "2018-12-31": "47.70000", "2017-12-31": "66.70000", "2016-12-31": "59.40000", "2015-12-31": "70.40000", "2014-12-31": "44.30000", "2013-12-31": "53.90000", "2012-12-31": "89.40000", "2011-12-31": "69.20000", "2010-12-31": "147.70000", "2009-12-31": "-9.30000", "2008-12-31": "139.60000", "2007-12-31": "255.80000", "2006-12-31": "203.00000", "2005-12-31": "-52.90000"}, "Income After Taxes": {"2019-12-31": "567.40000", "2018-12-31": "522.30000", "2017-12-31": "466.10000", "2016-12-31": "384.00000", "2015-12-31": "390.90000", "2014-12-31": "395.70000", "2013-12-31": "382.10000", "2012-12-31": "340.80000", "2011-12-31": "341.40000", "2010-12-31": "310.20000", "2009-12-31": "128.80000", "2008-12-31": "298.10000", "2007-12-31": "443.40000", "2006-12-31": "338.30000", "2005-12-31": "56.40000"}, "Other Income": {"2019-12-31": "", "2018-12-31": "", "2017-12-31": "", "2016-12-31": "", "2015-12-31": "", "2014-12-31": "", "2013-12-31": "", "2012-12-31": "", "2011-12-31": "", "2010-12-31": "", "2009-12-31": "", "2008-12-31": "", "2007-12-31": "", "2006-12-31": "", "2005-12-31": ""}, "Income From Continuous Operations": {"2019-12-31": "567.40000", "2018-12-31": "522.30000", "2017-12-31": "466.10000", "2016-12-31": "384.00000", "2015-12-31": "390.90000", "2014-12-31": "395.70000", "2013-12-31": "382.10000", "2012-12-31": "340.80000", "2011-12-31": "341.40000", "2010-12-31": "310.20000", "2009-12-31": "128.80000", "2008-12-31": "298.10000", "2007-12-31": "443.40000", "2006-12-31": "338.30000", "2005-12-31": "56.40000"}, "Income From Discontinued Operations": {"2019-12-31": "", "2018-12-31": "", "2017-12-31": "1.40000", "2016-12-31": "-2.30000", "2015-12-31": "-2.50000", "2014-12-31": "-2.40000", "2013-12-31": "-5.90000", "2012-12-31": "-5.10000", "2011-12-31": "-19.50000", "2010-12-31": "-3.90000", "2009-12-31": "0.90000", "2008-12-31": "8.60000", "2007-12-31": "0.60000", "2006-12-31": "-22.60000", "2005-12-31": "-64.10000"}, "Net Income": {"2019-12-31": "557.20000", "2018-12-31": "512.10000", "2017-12-31": "457.30000", "2016-12-31": "371.50000", "2015-12-31": "378.20000", "2014-12-31": "383.10000", "2013-12-31": "358.30000", "2012-12-31": "319.80000", "2011-12-31": "303.60000", "2010-12-31": "287.60000", "2009-12-31": "111.00000", "2008-12-31": "288.00000", "2007-12-31": "425.30000", "2006-12-31": "315.70000", "2005-12-31": "-7.70000"}, "EBITDA": {"2019-12-31": "1344.90000", "2018-12-31": "1201.30000", "2017-12-31": "1133.00000", "2016-12-31": "960.89990", "2015-12-31": "990.70000", "2014-12-31": "985.89990", "2013-12-31": "945.00010", "2012-12-31": "907.60020", "2011-12-31": "893.40000", "2010-12-31": "904.10000", "2009-12-31": "713.90000", "2008-12-31": "773.40000", "2007-12-31": "854.30030", "2006-12-31": "800.10000", "2005-12-31": "865.60020"}, "EBIT": {"2019-12-31": "777.70000", "2018-12-31": "694.40010", "2017-12-31": "671.19970", "2016-12-31": "554.09990", "2015-12-31": "577.00000", "2014-12-31": "543.59990", "2013-12-31": "533.90010", "2012-12-31": "519.70020", "2011-12-31": "513.30000", "2010-12-31": "560.00000", "2009-12-31": "396.20000", "2008-12-31": "487.00000", "2007-12-31": "544.30030", "2006-12-31": "493.50000", "2005-12-31": "475.90010"}, "Basic Shares Outstanding": {"2019-12-31": "238.50000", "2018-12-31": "233.60000", "2017-12-31": "229.70000", "2016-12-31": "227.10000", "2015-12-31": "225.40000", "2014-12-31": "221.70000", "2013-12-31": "221.60000", "2012-12-31": "221.60000", "2011-12-31": "221.40000", "2010-12-31": "220.88400", "2009-12-31": "220.53600", "2008-12-31": "220.34000", "2007-12-31": "224.56800", "2006-12-31": "233.65200", "2005-12-31": "232.95200"}, "Shares Outstanding": {"2019-12-31": "239.00000", "2018-12-31": "233.60000", "2017-12-31": "229.70000", "2016-12-31": "227.10000", "2015-12-31": "225.40000", "2014-12-31": "221.70000", "2013-12-31": "221.60000", "2012-12-31": "221.60000", "2011-12-31": "221.40000", "2010-12-31": "221.04200", "2009-12-31": "220.70400", "2008-12-31": "220.61600", "2007-12-31": "225.04200", "2006-12-31": "234.38000", "2005-12-31": "233.58600"}, "Basic EPS": {"2019-12-31": "2.34000", "2018-12-31": "2.19000", "2017-12-31": "1.99000", "2016-12-31": "1.64000", "2015-12-31": "1.68000", "2014-12-31": "1.73000", "2013-12-31": "1.61500", "2012-12-31": "1.44500", "2011-12-31": "1.37000", "2010-12-31": "1.30000", "2009-12-31": "0.50500", "2008-12-31": "1.30500", "2007-12-31": "1.89500", "2006-12-31": "1.35000", "2005-12-31": "-0.03500"}, "EPS - Earnings Per Share": {"2019-12-31": "2.33000", "2018-12-31": "2.19000", "2017-12-31": "1.99000", "2016-12-31": "1.64000", "2015-12-31": "1.68000", "2014-12-31": "1.73000", "2013-12-31": "1.61500", "2012-12-31": "1.44500", "2011-12-31": "1.37000", "2010-12-31": "1.30000", "2009-12-31": "0.50500", "2008-12-31": "1.30500", "2007-12-31": "1.89000", "2006-12-31": "1.34500", "2005-12-31": "-0.03500"}}, "income statement, quarterly": {"Revenue": {"2020-09-30": "920.00000", "2020-06-30": "763.10000", "2020-03-31": "915.70000", "2019-12-31": "880.30000", "2019-09-30": "990.00000", "2019-06-30": "790.20000", "2019-03-31": "987.20000", "2018-12-31": "873.49990", "2018-09-30": "928.60000", "2018-06-30": "816.10000", "2018-03-31": "916.30000", "2017-12-31": "856.09970", "2017-09-30": "906.90000", "2017-06-30": "765.30000", "2017-03-31": "853.90000", "2016-12-31": "796.99990", "2016-09-30": "924.60000", "2016-06-30": "754.60000", "2016-03-31": "843.80000", "2015-12-31": "740.10020", "2015-09-30": "898.90000", "2015-06-30": "717.20000", "2015-03-31": "897.40000", "2014-12-31": "804.10020", "2014-09-30": "843.10000", "2014-06-30": "750.30000", "2014-03-31": "952.80000", "2013-12-31": "832.60020", "2013-09-30": "866.60000", "2013-06-30": "718.00000", "2013-03-31": "859.60000", "2012-12-31": "750.89980", "2012-09-30": "887.60000", "2012-06-30": "690.30000", "2012-03-31": "765.70000", "2011-12-31": "760.80000", "2011-09-30": "870.90000", "2011-06-30": "712.50000", "2011-03-31": "877.20000", "2010-12-31": "678.60020", "2010-09-30": "951.70000", "2010-06-30": "741.60000", "2010-03-31": "890.20000", "2009-12-31": "852.60000", "2009-09-30": "884.00000", "2009-06-30": "740.80000", "2009-03-31": "949.90000", "2008-12-31": "869.40000", "2008-09-30": "980.30000", "2008-06-30": "827.40000", "2008-03-31": "992.00000", "2007-12-31": "871.40010", "2007-09-30": "907.30000", "2007-06-30": "746.20000", "2007-03-31": "912.70000", "2006-12-31": "841.29990", "2006-09-30": "890.40000", "2006-06-30": "696.80000", "2006-03-31": "930.90000", "2005-12-31": "906.80010", "2005-09-30": "874.20000", "2005-06-30": "699.80000", "2005-03-31": "798.80000"}, "Cost Of Goods Sold": {"2020-09-30": "190.00000", "2020-06-30": "184.40000", "2020-03-31": "269.10000", "2019-12-31": "245.20000", "2019-09-30": "228.00000", "2019-06-30": "185.20000", "2019-03-31": "340.00000", "2018-12-31": "297.80010", "2018-09-30": "239.10000", "2018-06-30": "236.00000", "2018-03-31": "314.40000", "2017-12-31": "279.30000", "2017-09-30": "237.60000", "2017-06-30": "212.60000", "2017-03-31": "300.00000", "2016-12-31": "269.70010", "2016-09-30": "258.40000", "2016-06-30": "224.10000", "2016-03-31": "296.10000", "2015-12-31": "243.60000", "2015-09-30": "259.40000", "2015-06-30": "207.10000", "2015-03-31": "346.70000", "2014-12-31": "292.70010", "2014-09-30": "252.60000", "2014-06-30": "259.10000", "2014-03-31": "400.60000", "2013-12-31": "327.20000", "2013-09-30": "278.30000", "2013-06-30": "248.90000", "2013-03-31": "364.10000", "2012-12-31": "211.90000", "2012-09-30": "323.30000", "2012-06-30": "258.20000", "2012-03-31": "407.60000", "2011-12-31": "310.70000", "2011-09-30": "315.30000", "2011-06-30": "282.70000", "2011-03-31": "408.20000", "2010-12-31": "333.80000", "2010-09-30": "344.60000", "2010-06-30": "294.40000", "2010-03-31": "430.10000", "2009-12-31": "357.00010", "2009-09-30": "350.20000", "2009-06-30": "291.70000", "2009-03-31": "521.50000", "2008-12-31": "406.30000", "2008-09-30": "364.10000", "2008-06-30": "368.00000", "2008-03-31": "510.00000", "2007-12-31": "431.39990", "2007-09-30": "378.20000", "2007-06-30": "353.80000", "2007-03-31": "492.20000", "2006-12-31": "404.80000", "2006-09-30": "436.70000", "2006-06-30": "328.70000", "2006-03-31": "528.50000", "2005-12-31": "457.00000", "2005-09-30": "367.90000", "2005-06-30": "300.60000", "2005-03-31": "388.40000"}, "Gross Profit": {"2020-09-30": "730.00000", "2020-06-30": "578.70000", "2020-03-31": "646.60000", "2019-12-31": "635.10000", "2019-09-30": "762.00000", "2019-06-30": "605.00000", "2019-03-31": "647.20000", "2018-12-31": "575.69980", "2018-09-30": "689.50000", "2018-06-30": "580.10000", "2018-03-31": "601.90000", "2017-12-31": "576.79970", "2017-09-30": "669.30000", "2017-06-30": "552.70000", "2017-03-31": "553.90000", "2016-12-31": "527.29990", "2016-09-30": "666.20000", "2016-06-30": "530.50000", "2016-03-31": "547.70000", "2015-12-31": "496.50020", "2015-09-30": "639.50000", "2015-06-30": "510.10000", "2015-03-31": "550.70000", "2014-12-31": "511.40010", "2014-09-30": "590.50000", "2014-06-30": "491.20000", "2014-03-31": "552.20000", "2013-12-31": "505.40020", "2013-09-30": "588.30000", "2013-06-30": "469.10000", "2013-03-31": "495.50000", "2012-12-31": "538.99980", "2012-09-30": "564.29990", "2012-06-30": "432.10000", "2012-03-31": "358.10000", "2011-12-31": "450.10000", "2011-09-30": "555.60000", "2011-06-30": "429.80000", "2011-03-31": "469.00000", "2010-12-31": "344.80010", "2010-09-30": "607.10000", "2010-06-30": "447.20000", "2010-03-31": "460.10000", "2009-12-31": "495.59990", "2009-09-30": "533.80000", "2009-06-30": "449.10000", "2009-03-31": "428.40000", "2008-12-31": "463.10000", "2008-09-30": "616.20000", "2008-06-30": "459.40000", "2008-03-31": "482.00000", "2007-12-31": "440.00020", "2007-09-30": "529.10000", "2007-06-30": "392.40000", "2007-03-31": "420.50000", "2006-12-31": "436.49990", "2006-09-30": "453.70000", "2006-06-30": "368.10000", "2006-03-31": "402.40000", "2005-12-31": "449.80010", "2005-09-30": "506.30000", "2005-06-30": "399.20000", "2005-03-31": "410.40000"}, "Research And Development Expenses": {"2020-09-30": "", "2020-06-30": "", "2020-03-31": "", "2019-12-31": "", "2019-09-30": "", "2019-06-30": "", "2019-03-31": "", "2018-12-31": "", "2018-09-30": "", "2018-06-30": "", "2018-03-31": "", "2017-12-31": "", "2017-09-30": "", "2017-06-30": "", "2017-03-31": "", "2016-12-31": "", "2016-09-30": "", "2016-06-30": "", "2016-03-31": "", "2015-12-31": "", "2015-09-30": "", "2015-06-30": "", "2015-03-31": "", "2014-12-31": "", "2014-09-30": "", "2014-06-30": "", "2014-03-31": "", "2013-12-31": "", "2013-09-30": "", "2013-06-30": "", "2013-03-31": "", "2012-12-31": "", "2012-09-30": "", "2012-06-30": "", "2012-03-31": "", "2011-12-31": "", "2011-09-30": "", "2011-06-30": "", "2011-03-31": "", "2010-12-31": "", "2010-09-30": "", "2010-06-30": "", "2010-03-31": "", "2009-12-31": "", "2009-09-30": "", "2009-06-30": "", "2009-03-31": "", "2008-12-31": "", "2008-09-30": "", "2008-06-30": "", "2008-03-31": "", "2007-12-31": "", "2007-09-30": "", "2007-06-30": "", "2007-03-31": "", "2006-12-31": "", "2006-09-30": "", "2006-06-30": "", "2006-03-31": "", "2005-12-31": "", "2005-09-30": "", "2005-06-30": "", "2005-03-31": ""}, "SG&A Expenses": {"2020-09-30": "302.00000", "2020-06-30": "258.50000", "2020-03-31": "312.00000", "2019-12-31": "330.59990", "2019-09-30": "328.00000", "2019-06-30": "312.30000", "2019-03-31": "333.50000", "2018-12-31": "323.80000", "2018-09-30": "304.40000", "2018-06-30": "301.90000", "2018-03-31": "315.80000", "2017-12-31": "323.70000", "2017-09-30": "312.30000", "2017-06-30": "284.00000", "2017-03-31": "299.70000", "2016-12-31": "307.40010", "2016-09-30": "313.10000", "2016-06-30": "299.80000", "2016-03-31": "299.30000", "2015-12-31": "315.90000", "2015-09-30": "304.30000", "2015-06-30": "300.70000", "2015-03-31": "297.60000", "2014-12-31": "320.40000", "2014-09-30": "298.60000", "2014-06-30": "292.10000", "2014-03-31": "302.50000", "2013-12-31": "303.30000", "2013-09-30": "294.80000", "2013-06-30": "273.20000", "2013-03-31": "282.20000", "2012-12-31": "352.40000", "2012-09-30": "267.00000", "2012-06-30": "242.50000", "2012-03-31": "179.50000", "2011-12-31": "263.10000", "2011-09-30": "265.50000", "2011-06-30": "277.70000", "2011-03-31": "263.90000", "2010-12-31": "168.70010", "2010-09-30": "285.10000", "2010-06-30": "281.40000", "2010-03-31": "276.70000", "2009-12-31": "322.10000", "2009-09-30": "304.90000", "2009-06-30": "320.50000", "2009-03-31": "289.60000", "2008-12-31": "315.20000", "2008-09-30": "367.80000", "2008-06-30": "315.70000", "2008-03-31": "295.30000", "2007-12-31": "251.70000", "2007-09-30": "260.20000", "2007-06-30": "229.40000", "2007-03-31": "233.70000", "2006-12-31": "265.70000", "2006-09-30": "218.80000", "2006-06-30": "205.70000", "2006-03-31": "215.60000", "2005-12-31": "265.20000", "2005-09-30": "226.60000", "2005-06-30": "234.80000", "2005-03-31": "242.90000"}, "Other Operating Income Or Expenses": {"2020-09-30": "", "2020-06-30": "", "2020-03-31": "", "2019-12-31": "", "2019-09-30": "", "2019-06-30": "", "2019-03-31": "", "2018-12-31": "", "2018-09-30": "", "2018-06-30": "", "2018-03-31": "", "2017-12-31": "", "2017-09-30": "", "2017-06-30": "", "2017-03-31": "", "2016-12-31": "", "2016-09-30": "-86.40000", "2016-06-30": "", "2016-03-31": "", "2015-12-31": "", "2015-09-30": "0.00000", "2015-06-30": "", "2015-03-31": "", "2014-12-31": "", "2014-09-30": "", "2014-06-30": "", "2014-03-31": "", "2013-12-31": "", "2013-09-30": "", "2013-06-30": "", "2013-03-31": "", "2012-12-31": "", "2012-09-30": "", "2012-06-30": "", "2012-03-31": "", "2011-12-31": "", "2011-09-30": "", "2011-06-30": "", "2011-03-31": "", "2010-12-31": "", "2010-09-30": "", "2010-06-30": "", "2010-03-31": "", "2009-12-31": "", "2009-09-30": "", "2009-06-30": "", "2009-03-31": "", "2008-12-31": "", "2008-09-30": "", "2008-06-30": "", "2008-03-31": "", "2007-12-31": "", "2007-09-30": "", "2007-06-30": "", "2007-03-31": "", "2006-12-31": "", "2006-09-30": "", "2006-06-30": "", "2006-03-31": "", "2005-12-31": "", "2005-09-30": "", "2005-06-30": "", "2005-03-31": ""}, "Operating Expenses": {"2020-09-30": "648.00000", "2020-06-30": "595.00000", "2020-03-31": "727.40000", "2019-12-31": "719.20000", "2019-09-30": "700.00000", "2019-06-30": "640.40000", "2019-03-31": "810.40000", "2018-12-31": "752.09990", "2018-09-30": "672.50000", "2018-06-30": "664.90000", "2018-03-31": "750.60000", "2017-12-31": "722.10000", "2017-09-30": "670.60000", "2017-06-30": "611.60000", "2017-03-31": "706.70010", "2016-12-31": "680.00020", "2016-09-30": "762.00000", "2016-06-30": "626.00000", "2016-03-31": "697.90000", "2015-12-31": "660.90010", "2015-09-30": "662.99990", "2015-06-30": "608.20000", "2015-03-31": "744.50010", "2014-12-31": "712.80040", "2014-09-30": "648.29990", "2014-06-30": "646.99990", "2014-03-31": "798.60000", "2013-12-31": "723.99990", "2013-09-30": "665.20000", "2013-06-30": "614.80000", "2013-03-31": "738.90000", "2012-12-31": "649.29990", "2012-09-30": "673.90000", "2012-06-30": "581.49990", "2012-03-31": "670.10000", "2011-12-31": "654.80000", "2011-09-30": "661.50000", "2011-06-30": "641.90000", "2011-03-31": "749.90000", "2010-12-31": "574.90000", "2010-09-30": "705.10000", "2010-06-30": "640.90000", "2010-03-31": "781.20000", "2009-12-31": "751.90000", "2009-09-30": "724.60000", "2009-06-30": "678.40000", "2009-03-31": "876.20000", "2008-12-31": "780.00010", "2008-09-30": "789.80000", "2008-06-30": "745.40000", "2008-03-31": "866.90000", "2007-12-31": "748.49990", "2007-09-30": "703.70000", "2007-06-30": "649.20000", "2007-03-31": "791.90000", "2006-12-31": "736.00000", "2006-09-30": "719.90000", "2006-06-30": "598.90000", "2006-03-31": "811.10000", "2005-12-31": "800.79980", "2005-09-30": "674.90000", "2005-06-30": "616.60000", "2005-03-31": "711.40000"}, "Operating Income": {"2020-09-30": "272.00000", "2020-06-30": "168.10000", "2020-03-31": "188.30000", "2019-12-31": "161.10000", "2019-09-30": "290.00000", "2019-06-30": "149.80000", "2019-03-31": "176.80000", "2018-12-31": "121.40010", "2018-09-30": "256.10000", "2018-06-30": "151.20000", "2018-03-31": "165.70000", "2017-12-31": "133.99980", "2017-09-30": "236.30000", "2017-06-30": "153.70000", "2017-03-31": "147.20000", "2016-12-31": "116.99980", "2016-09-30": "162.60000", "2016-06-30": "128.60000", "2016-03-31": "145.90000", "2015-12-31": "79.20010", "2015-09-30": "235.90010", "2015-06-30": "109.00000", "2015-03-31": "152.90000", "2014-12-31": "91.29970", "2014-09-30": "194.80000", "2014-06-30": "103.30000", "2014-03-31": "154.20000", "2013-12-31": "108.60030", "2013-09-30": "201.40000", "2013-06-30": "103.20000", "2013-03-31": "120.70000", "2012-12-31": "101.59990", "2012-09-30": "213.70000", "2012-06-30": "108.80000", "2012-03-31": "95.60000", "2011-12-31": "106.00000", "2011-09-30": "209.40000", "2011-06-30": "70.60000", "2011-03-31": "127.30000", "2010-12-31": "103.70020", "2010-09-30": "246.60000", "2010-06-30": "100.70000", "2010-03-31": "109.00000", "2009-12-31": "100.70000", "2009-09-30": "159.40000", "2009-06-30": "62.40000", "2009-03-31": "73.70000", "2008-12-31": "89.40000", "2008-09-30": "190.50000", "2008-06-30": "82.00000", "2008-03-31": "125.10000", "2007-12-31": "122.90010", "2007-09-30": "203.60000", "2007-06-30": "97.00000", "2007-03-31": "120.80000", "2006-12-31": "105.29990", "2006-09-30": "170.50000", "2006-06-30": "97.90000", "2006-03-31": "119.80000", "2005-12-31": "106.00030", "2005-09-30": "199.30000", "2005-06-30": "83.20000", "2005-03-31": "87.40000"}, "Total Non-Operating Income/Expense": {"2020-09-30": "-43.00000", "2020-06-30": "-39.50000", "2020-03-31": "-34.40000", "2019-12-31": "-28.10000", "2019-09-30": "-38.00000", "2019-06-30": "-41.50000", "2019-03-31": "-34.00000", "2018-12-31": "-28.00000", "2018-09-30": "-36.30000", "2018-06-30": "-34.70000", "2018-03-31": "-25.40000", "2017-12-31": "-35.90000", "2017-09-30": "-38.80000", "2017-06-30": "-35.70000", "2017-03-31": "-28.00000", "2016-12-31": "-39.30000", "2016-09-30": "-23.70000", "2016-06-30": "-23.60000", "2016-03-31": "-24.10000", "2015-12-31": "-30.60000", "2015-09-30": "-25.50000", "2015-06-30": "-26.40000", "2015-03-31": "-33.20000", "2014-12-31": "-30.50000", "2014-09-30": "-24.60000", "2014-06-30": "-25.50000", "2014-03-31": "-23.00000", "2013-12-31": "-25.80000", "2013-09-30": "-22.30000", "2013-06-30": "-24.30000", "2013-03-31": "-25.50000", "2012-12-31": "-20.90000", "2012-09-30": "-21.40000", "2012-06-30": "-22.60000", "2012-03-31": "-24.60000", "2011-12-31": "-23.40000", "2011-09-30": "-25.30000", "2011-06-30": "-27.30000", "2011-03-31": "-26.70000", "2010-12-31": "-23.90000", "2010-09-30": "-27.00000", "2010-06-30": "-25.00000", "2010-03-31": "-26.20000", "2009-12-31": "-26.50000", "2009-09-30": "-220.60000", "2009-06-30": "-14.30000", "2009-03-31": "-15.30000", "2008-12-31": "-13.50000", "2008-09-30": "-9.20000", "2008-06-30": "-14.70000", "2008-03-31": "-11.90000", "2007-12-31": "215.00000", "2007-09-30": "-22.20000", "2007-06-30": "-21.10000", "2007-03-31": "-16.80000", "2006-12-31": "205.60000", "2006-09-30": "-32.80000", "2006-06-30": "-19.10000", "2006-03-31": "-105.90000", "2005-12-31": "-214.30000", "2005-09-30": "-89.80000", "2005-06-30": "-117.20000", "2005-03-31": "-51.10000"}, "Pre-Tax Income": {"2020-09-30": "229.00000", "2020-06-30": "128.60000", "2020-03-31": "153.90000", "2019-12-31": "133.00000", "2019-09-30": "252.00000", "2019-06-30": "108.30000", "2019-03-31": "142.80000", "2018-12-31": "93.40000", "2018-09-30": "219.80000", "2018-06-30": "116.50000", "2018-03-31": "140.30000", "2017-12-31": "98.10000", "2017-09-30": "197.50000", "2017-06-30": "118.00000", "2017-03-31": "119.20000", "2016-12-31": "77.70000", "2016-09-30": "138.90000", "2016-06-30": "105.00000", "2016-03-31": "121.80000", "2015-12-31": "48.60000", "2015-09-30": "210.40000", "2015-06-30": "82.60000", "2015-03-31": "119.70000", "2014-12-31": "60.80000", "2014-09-30": "170.20000", "2014-06-30": "77.80000", "2014-03-31": "131.20000", "2013-12-31": "82.80000", "2013-09-30": "179.10000", "2013-06-30": "78.90000", "2013-03-31": "95.20000", "2012-12-31": "80.70000", "2012-09-30": "192.30000", "2012-06-30": "86.20000", "2012-03-31": "71.00000", "2011-12-31": "82.60000", "2011-09-30": "184.10000", "2011-06-30": "43.30000", "2011-03-31": "100.60000", "2010-12-31": "79.80000", "2010-09-30": "219.60000", "2010-06-30": "75.70000", "2010-03-31": "82.80000", "2009-12-31": "74.20000", "2009-09-30": "-61.20000", "2009-06-30": "48.10000", "2009-03-31": "58.40000", "2008-12-31": "75.90000", "2008-09-30": "181.30000", "2008-06-30": "67.30000", "2008-03-31": "113.20000", "2007-12-31": "337.90010", "2007-09-30": "181.40000", "2007-06-30": "75.90000", "2007-03-31": "104.00000", "2006-12-31": "310.90000", "2006-09-30": "137.70000", "2006-06-30": "78.80000", "2006-03-31": "13.90000", "2005-12-31": "-108.30000", "2005-09-30": "109.50000", "2005-06-30": "-34.00000", "2005-03-31": "36.30000"}, "Income Taxes": {"2020-09-30": "-20.00000", "2020-06-30": "-8.30000", "2020-03-31": "-18.70000", "2019-12-31": "19.40000", "2019-09-30": "23.00000", "2019-06-30": "11.20000", "2019-03-31": "15.10000", "2018-12-31": "5.60000", "2018-09-30": "11.70000", "2018-06-30": "13.60000", "2018-03-31": "16.80000", "2017-12-31": "1.80000", "2017-09-30": "26.10000", "2017-06-30": "21.20000", "2017-03-31": "17.60000", "2016-12-31": "12.20000", "2016-09-30": "7.50000", "2016-06-30": "18.10000", "2016-03-31": "21.60000", "2015-12-31": "10.90000", "2015-09-30": "27.80000", "2015-06-30": "11.20000", "2015-03-31": "20.50000", "2014-12-31": "-1.90000", "2014-09-30": "12.40000", "2014-06-30": "13.20000", "2014-03-31": "20.60000", "2013-12-31": "13.70000", "2013-09-30": "17.60000", "2013-06-30": "10.50000", "2013-03-31": "12.10000", "2012-12-31": "5.60000", "2012-09-30": "39.30000", "2012-06-30": "16.80000", "2012-03-31": "27.70000", "2011-12-31": "14.70000", "2011-09-30": "43.30000", "2011-06-30": "-11.20000", "2011-03-31": "22.40000", "2010-12-31": "25.90000", "2010-09-30": "64.10000", "2010-06-30": "23.00000", "2010-03-31": "34.70000", "2009-12-31": "17.40000", "2009-09-30": "-22.20000", "2009-06-30": "14.40000", "2009-03-31": "-18.90000", "2008-12-31": "20.80000", "2008-09-30": "67.60000", "2008-06-30": "10.80000", "2008-03-31": "40.40000", "2007-12-31": "120.90000", "2007-09-30": "65.20000", "2007-06-30": "30.90000", "2007-03-31": "38.80000", "2006-12-31": "119.60000", "2006-09-30": "49.90000", "2006-06-30": "32.70000", "2006-03-31": "0.80000", "2005-12-31": "-47.10000", "2005-09-30": "9.90000", "2005-06-30": "-25.30000", "2005-03-31": "9.60000"}, "Income After Taxes": {"2020-09-30": "249.00000", "2020-06-30": "136.90000", "2020-03-31": "172.60000", "2019-12-31": "113.60000", "2019-09-30": "229.00000", "2019-06-30": "97.10000", "2019-03-31": "127.70000", "2018-12-31": "87.80000", "2018-09-30": "208.10000", "2018-06-30": "102.90000", "2018-03-31": "123.50000", "2017-12-31": "96.30000", "2017-09-30": "171.40000", "2017-06-30": "96.80000", "2017-03-31": "101.60000", "2016-12-31": "65.50000", "2016-09-30": "131.40000", "2016-06-30": "86.90000", "2016-03-31": "100.20000", "2015-12-31": "37.70000", "2015-09-30": "182.60000", "2015-06-30": "71.40000", "2015-03-31": "99.20000", "2014-12-31": "62.70000", "2014-09-30": "157.80000", "2014-06-30": "64.60000", "2014-03-31": "110.60000", "2013-12-31": "69.10000", "2013-09-30": "161.50000", "2013-06-30": "68.40000", "2013-03-31": "83.10000", "2012-12-31": "75.10000", "2012-09-30": "153.00000", "2012-06-30": "69.40000", "2012-03-31": "43.30000", "2011-12-31": "67.90000", "2011-09-30": "140.80000", "2011-06-30": "54.50000", "2011-03-31": "78.20000", "2010-12-31": "53.90000", "2010-09-30": "155.50000", "2010-06-30": "52.70000", "2010-03-31": "48.10000", "2009-12-31": "56.80000", "2009-09-30": "-39.00000", "2009-06-30": "33.70000", "2009-03-31": "77.30000", "2008-12-31": "55.10000", "2008-09-30": "113.70000", "2008-06-30": "56.50000", "2008-03-31": "72.80000", "2007-12-31": "217.00000", "2007-09-30": "116.20000", "2007-06-30": "45.00000", "2007-03-31": "65.20000", "2006-12-31": "191.30000", "2006-09-30": "87.80000", "2006-06-30": "46.10000", "2006-03-31": "13.10000", "2005-12-31": "-61.20000", "2005-09-30": "99.60000", "2005-06-30": "-8.70000", "2005-03-31": "26.70000"}, "Other Income": {"2020-09-30": "", "2020-06-30": "", "2020-03-31": "", "2019-12-31": "", "2019-09-30": "", "2019-06-30": "", "2019-03-31": "", "2018-12-31": "", "2018-09-30": "", "2018-06-30": "", "2018-03-31": "", "2017-12-31": "", "2017-09-30": "", "2017-06-30": "", "2017-03-31": "", "2016-12-31": "", "2016-09-30": "", "2016-06-30": "", "2016-03-31": "", "2015-12-31": "", "2015-09-30": "", "2015-06-30": "", "2015-03-31": "", "2014-12-31": "", "2014-09-30": "", "2014-06-30": "", "2014-03-31": "", "2013-12-31": "", "2013-09-30": "", "2013-06-30": "", "2013-03-31": "", "2012-12-31": "", "2012-09-30": "", "2012-06-30": "", "2012-03-31": "", "2011-12-31": "", "2011-09-30": "", "2011-06-30": "", "2011-03-31": "", "2010-12-31": "", "2010-09-30": "", "2010-06-30": "", "2010-03-31": "", "2009-12-31": "", "2009-09-30": "", "2009-06-30": "", "2009-03-31": "", "2008-12-31": "", "2008-09-30": "", "2008-06-30": "", "2008-03-31": "", "2007-12-31": "", "2007-09-30": "", "2007-06-30": "", "2007-03-31": "", "2006-12-31": "", "2006-09-30": "", "2006-06-30": "", "2006-03-31": "", "2005-12-31": "", "2005-09-30": "", "2005-06-30": "", "2005-03-31": ""}, "Income From Continuous Operations": {"2020-09-30": "249.00000", "2020-06-30": "136.90000", "2020-03-31": "172.60000", "2019-12-31": "113.60000", "2019-09-30": "229.00000", "2019-06-30": "97.10000", "2019-03-31": "127.70000", "2018-12-31": "87.80000", "2018-09-30": "208.10000", "2018-06-30": "102.90000", "2018-03-31": "123.50000", "2017-12-31": "96.30000", "2017-09-30": "171.40000", "2017-06-30": "96.80000", "2017-03-31": "101.60000", "2016-12-31": "65.50000", "2016-09-30": "131.40000", "2016-06-30": "86.90000", "2016-03-31": "100.20000", "2015-12-31": "37.70000", "2015-09-30": "182.60000", "2015-06-30": "71.40000", "2015-03-31": "99.20000", "2014-12-31": "62.70000", "2014-09-30": "157.80000", "2014-06-30": "64.60000", "2014-03-31": "110.60000", "2013-12-31": "69.10000", "2013-09-30": "161.50000", "2013-06-30": "68.40000", "2013-03-31": "83.10000", "2012-12-31": "75.10000", "2012-09-30": "153.00000", "2012-06-30": "69.40000", "2012-03-31": "43.30000", "2011-12-31": "67.90000", "2011-09-30": "140.80000", "2011-06-30": "54.50000", "2011-03-31": "78.20000", "2010-12-31": "53.90000", "2010-09-30": "155.50000", "2010-06-30": "52.70000", "2010-03-31": "48.10000", "2009-12-31": "56.80000", "2009-09-30": "-39.00000", "2009-06-30": "33.70000", "2009-03-31": "77.30000", "2008-12-31": "55.10000", "2008-09-30": "113.70000", "2008-06-30": "56.50000", "2008-03-31": "72.80000", "2007-12-31": "217.00000", "2007-09-30": "116.20000", "2007-06-30": "45.00000", "2007-03-31": "65.20000", "2006-12-31": "191.30000", "2006-09-30": "87.80000", "2006-06-30": "46.10000", "2006-03-31": "13.10000", "2005-12-31": "-61.20000", "2005-09-30": "99.60000", "2005-06-30": "-8.70000", "2005-03-31": "26.70000"}, "Income From Discontinued Operations": {"2020-09-30": "", "2020-06-30": "", "2020-03-31": "", "2019-12-31": "", "2019-09-30": "", "2019-06-30": "", "2019-03-31": "", "2018-12-31": "", "2018-09-30": "", "2018-06-30": "", "2018-03-31": "", "2017-12-31": "", "2017-09-30": "", "2017-06-30": "", "2017-03-31": "1.40000", "2016-12-31": "-0.30000", "2016-09-30": "-0.40000", "2016-06-30": "-0.50000", "2016-03-31": "-1.10000", "2015-12-31": "-1.10000", "2015-09-30": "-0.10000", "2015-06-30": "-1.30000", "2015-03-31": "", "2014-12-31": "-0.20000", "2014-09-30": "-1.90000", "2014-06-30": "-0.30000", "2014-03-31": "", "2013-12-31": "-1.00000", "2013-09-30": "-1.30000", "2013-06-30": "-0.60000", "2013-03-31": "-3.00000", "2012-12-31": "-2.80000", "2012-09-30": "1.70000", "2012-06-30": "0.40000", "2012-03-31": "-4.40000", "2011-12-31": "-6.90000", "2011-09-30": "-14.90000", "2011-06-30": "0.80000", "2011-03-31": "1.50000", "2010-12-31": "-1.90000", "2010-09-30": "-1.80000", "2010-06-30": "-0.20000", "2010-03-31": "", "2009-12-31": "1.50000", "2009-09-30": "-0.70000", "2009-06-30": "0.10000", "2009-03-31": "", "2008-12-31": "0.20000", "2008-09-30": "-0.60000", "2008-06-30": "9.00000", "2008-03-31": "", "2007-12-31": "-5.10000", "2007-09-30": "3.40000", "2007-06-30": "3.60000", "2007-03-31": "-1.30000", "2006-12-31": "1.80000", "2006-09-30": "-9.00000", "2006-06-30": "-0.70000", "2006-03-31": "-14.70000", "2005-12-31": "-2.70000", "2005-09-30": "12.90000", "2005-06-30": "-50.00000", "2005-03-31": "-24.30000"}, "Net Income": {"2020-09-30": "246.00000", "2020-06-30": "134.40000", "2020-03-31": "170.00000", "2019-12-31": "111.50000", "2019-09-30": "226.00000", "2019-06-30": "94.60000", "2019-03-31": "125.10000", "2018-12-31": "85.30000", "2018-09-30": "205.50000", "2018-06-30": "100.40000", "2018-03-31": "120.90000", "2017-12-31": "93.80000", "2017-09-30": "168.80000", "2017-06-30": "94.30000", "2017-03-31": "100.40000", "2016-12-31": "62.70000", "2016-09-30": "128.40000", "2016-06-30": "83.90000", "2016-03-31": "96.50000", "2015-12-31": "34.10000", "2015-09-30": "179.90000", "2015-06-30": "67.60000", "2015-03-31": "96.60000", "2014-12-31": "60.00000", "2014-09-30": "153.30000", "2014-06-30": "61.80000", "2014-03-31": "108.00000", "2013-12-31": "65.50000", "2013-09-30": "157.60000", "2013-06-30": "65.30000", "2013-03-31": "69.90000", "2012-12-31": "68.30000", "2012-09-30": "150.70000", "2012-06-30": "65.90000", "2012-03-31": "34.90000", "2011-12-31": "57.00000", "2011-09-30": "122.00000", "2011-06-30": "51.10000", "2011-03-31": "73.50000", "2010-12-31": "47.30000", "2010-09-30": "149.10000", "2010-06-30": "47.80000", "2010-03-31": "43.40000", "2009-12-31": "53.60000", "2009-09-30": "-44.30000", "2009-06-30": "29.10000", "2009-03-31": "72.60000", "2008-12-31": "50.60000", "2008-09-30": "108.50000", "2008-06-30": "60.80000", "2008-03-31": "68.10000", "2007-12-31": "193.20000", "2007-09-30": "119.60000", "2007-06-30": "48.60000", "2007-03-31": "63.90000", "2006-12-31": "193.10000", "2006-09-30": "78.80000", "2006-06-30": "45.40000", "2006-03-31": "-1.60000", "2005-12-31": "-63.90000", "2005-09-30": "112.50000", "2005-06-30": "-58.70000", "2005-03-31": "2.40000"}, "EBITDA": {"2020-09-30": "427.60000", "2020-06-30": "314.90000", "2020-03-31": "339.90010", "2019-12-31": "304.30000", "2019-09-30": "434.20000", "2019-06-30": "302.80000", "2019-03-31": "303.60000", "2018-12-31": "251.90010", "2018-09-30": "385.10000", "2018-06-30": "278.20000", "2018-03-31": "286.10000", "2017-12-31": "253.09970", "2017-09-30": "357.00000", "2017-06-30": "268.70000", "2017-03-31": "254.20000", "2016-12-31": "215.09980", "2016-09-30": "266.70000", "2016-06-30": "230.70000", "2016-03-31": "248.40000", "2015-12-31": "193.00010", "2015-09-30": "335.20010", "2015-06-30": "209.40000", "2015-03-31": "253.10000", "2014-12-31": "245.19980", "2014-09-30": "291.90000", "2014-06-30": "199.10010", "2014-03-31": "249.70000", "2013-12-31": "213.20030", "2013-09-30": "303.30000", "2013-06-30": "205.50000", "2013-03-31": "223.00000", "2012-12-31": "200.29990", "2012-09-30": "311.00000", "2012-06-30": "203.10010", "2012-03-31": "193.20000", "2011-12-31": "201.70000", "2011-09-30": "304.50000", "2011-06-30": "167.30000", "2011-03-31": "219.90010", "2010-12-31": "194.80020", "2010-09-30": "336.10000", "2010-06-30": "176.49990", "2010-03-31": "196.70000", "2009-12-31": "183.80000", "2009-09-30": "241.30000", "2009-06-30": "139.30000", "2009-03-31": "149.50000", "2008-12-31": "159.80000", "2008-09-30": "260.00000", "2008-06-30": "155.10000", "2008-03-31": "198.50000", "2007-12-31": "199.80010", "2007-09-30": "280.70000", "2007-06-30": "175.00000", "2007-03-31": "198.80000", "2006-12-31": "182.79990", "2006-09-30": "245.80000", "2006-06-30": "172.60000", "2006-03-31": "198.90010", "2005-12-31": "210.00030", "2005-09-30": "295.00000", "2005-06-30": "177.80000", "2005-03-31": "182.80000"}, "EBIT": {"2020-09-30": "272.00000", "2020-06-30": "168.10000", "2020-03-31": "188.30000", "2019-12-31": "161.09990", "2019-09-30": "290.00000", "2019-06-30": "149.80000", "2019-03-31": "176.80000", "2018-12-31": "121.40020", "2018-09-30": "256.10000", "2018-06-30": "151.20000", "2018-03-31": "165.70000", "2017-12-31": "133.99980", "2017-09-30": "236.30000", "2017-06-30": "153.70000", "2017-03-31": "147.20000", "2016-12-31": "116.99990", "2016-09-30": "162.60000", "2016-06-30": "128.60000", "2016-03-31": "145.90000", "2015-12-31": "79.20000", "2015-09-30": "235.90010", "2015-06-30": "109.00000", "2015-03-31": "152.90000", "2014-12-31": "91.29970", "2014-09-30": "194.80000", "2014-06-30": "103.30000", "2014-03-31": "154.20000", "2013-12-31": "108.60020", "2013-09-30": "201.40000", "2013-06-30": "103.20000", "2013-03-31": "120.70000", "2012-12-31": "101.60010", "2012-09-30": "213.70000", "2012-06-30": "108.80000", "2012-03-31": "95.60000", "2011-12-31": "105.99990", "2011-09-30": "209.40000", "2011-06-30": "70.60000", "2011-03-31": "127.30000", "2010-12-31": "103.70010", "2010-09-30": "246.60000", "2010-06-30": "100.70000", "2010-03-31": "109.00000", "2009-12-31": "100.70000", "2009-09-30": "159.40000", "2009-06-30": "62.40000", "2009-03-31": "73.70000", "2008-12-31": "89.40000", "2008-09-30": "190.50000", "2008-06-30": "82.00000", "2008-03-31": "125.10000", "2007-12-31": "122.90020", "2007-09-30": "203.60000", "2007-06-30": "97.00000", "2007-03-31": "120.80000", "2006-12-31": "105.30000", "2006-09-30": "170.50000", "2006-06-30": "97.90000", "2006-03-31": "119.80000", "2005-12-31": "106.00020", "2005-09-30": "199.30000", "2005-06-30": "83.20000", "2005-03-31": "87.40000"}, "Basic Shares Outstanding": {"2020-09-30": "249.70000", "2020-06-30": "249.60000", "2020-03-31": "244.40000", "2019-12-31": "238.50000", "2019-09-30": "239.10000", "2019-06-30": "237.50000", "2019-03-31": "236.50000", "2018-12-31": "233.60000", "2018-09-30": "235.20000", "2018-06-30": "232.00000", "2018-03-31": "231.40000", "2017-12-31": "229.70000", "2017-09-30": "231.00000", "2017-06-30": "229.00000", "2017-03-31": "227.60000", "2016-12-31": "227.10000", "2016-09-30": "227.20000", "2016-06-30": "227.00000", "2016-03-31": "226.80000", "2015-12-31": "225.40000", "2015-09-30": "226.40000", "2015-06-30": "226.20000", "2015-03-31": "222.20000", "2014-12-31": "221.70000", "2014-09-30": "221.60000", "2014-06-30": "221.60000", "2014-03-31": "221.60000", "2013-12-31": "221.60000", "2013-09-30": "221.60000", "2013-06-30": "221.60000", "2013-03-31": "221.60000", "2012-12-31": "221.60000", "2012-09-30": "221.53600", "2012-06-30": "221.51200", "2012-03-31": "221.43200", "2011-12-31": "221.40000", "2011-09-30": "221.29400", "2011-06-30": "221.24800", "2011-03-31": "221.13800", "2010-12-31": "220.88400", "2010-09-30": "220.93800", "2010-06-30": "220.81800", "2010-03-31": "220.73600", "2009-12-31": "220.53600", "2009-09-30": "220.57600", "2009-06-30": "220.53200", "2009-03-31": "220.43600", "2008-12-31": "220.34000", "2008-09-30": "220.36400", "2008-06-30": "220.33600", "2008-03-31": "220.29600", "2007-12-31": "224.56800", "2007-09-30": "221.76200", "2007-06-30": "225.55600", "2007-03-31": "230.84000", "2006-12-31": "233.65200", "2006-09-30": "234.22000", "2006-06-30": "234.61000", "2006-03-31": "234.07400", "2005-12-31": "232.95200", "2005-09-30": "233.27800", "2005-06-30": "232.56600", "2005-03-31": "232.06400"}, "Shares Outstanding": {"2020-09-30": "250.00000", "2020-06-30": "249.80000", "2020-03-31": "244.60000", "2019-12-31": "239.00000", "2019-09-30": "239.90000", "2019-06-30": "238.10000", "2019-03-31": "236.60000", "2018-12-31": "233.60000", "2018-09-30": "235.20000", "2018-06-30": "232.00000", "2018-03-31": "231.40000", "2017-12-31": "229.70000", "2017-09-30": "231.00000", "2017-06-30": "229.00000", "2017-03-31": "227.60000", "2016-12-31": "227.10000", "2016-09-30": "227.20000", "2016-06-30": "227.00000", "2016-03-31": "226.80000", "2015-12-31": "225.40000", "2015-09-30": "226.40000", "2015-06-30": "226.20000", "2015-03-31": "222.20000", "2014-12-31": "221.70000", "2014-09-30": "221.60000", "2014-06-30": "221.60000", "2014-03-31": "221.60000", "2013-12-31": "221.60000", "2013-09-30": "221.60000", "2013-06-30": "221.60000", "2013-03-31": "221.60000", "2012-12-31": "221.60000", "2012-09-30": "221.55800", "2012-06-30": "221.53800", "2012-03-31": "221.48200", "2011-12-31": "221.40000", "2011-09-30": "221.39000", "2011-06-30": "221.35400", "2011-03-31": "221.26400", "2010-12-31": "221.04200", "2010-09-30": "221.08800", "2010-06-30": "220.98000", "2010-03-31": "220.90200", "2009-12-31": "220.70400", "2009-09-30": "220.57600", "2009-06-30": "220.69800", "2009-03-31": "220.61000", "2008-12-31": "220.61600", "2008-09-30": "220.62600", "2008-06-30": "220.64400", "2008-03-31": "220.60800", "2007-12-31": "225.04200", "2007-09-30": "222.11200", "2007-06-30": "226.05200", "2007-03-31": "231.50800", "2006-12-31": "234.38000", "2006-09-30": "234.99600", "2006-06-30": "235.37800", "2006-03-31": "234.68600", "2005-12-31": "233.58600", "2005-09-30": "234.06800", "2005-06-30": "232.56600", "2005-03-31": "232.73800"}, "Basic EPS": {"2020-09-30": "0.99000", "2020-06-30": "0.54000", "2020-03-31": "0.70000", "2019-12-31": "0.46000", "2019-09-30": "0.95000", "2019-06-30": "0.40000", "2019-03-31": "0.53000", "2018-12-31": "0.37000", "2018-09-30": "0.87000", "2018-06-30": "0.43000", "2018-03-31": "0.52000", "2017-12-31": "0.41000", "2017-09-30": "0.73000", "2017-06-30": "0.41000", "2017-03-31": "0.44000", "2016-12-31": "0.27000", "2016-09-30": "0.57000", "2016-06-30": "0.37000", "2016-03-31": "0.43000", "2015-12-31": "0.15500", "2015-09-30": "0.79000", "2015-06-30": "0.30000", "2015-03-31": "0.43500", "2014-12-31": "0.27500", "2014-09-30": "0.69000", "2014-06-30": "0.28000", "2014-03-31": "0.48500", "2013-12-31": "0.29500", "2013-09-30": "0.71000", "2013-06-30": "0.29500", "2013-03-31": "0.31500", "2012-12-31": "0.30500", "2012-09-30": "0.68000", "2012-06-30": "0.30000", "2012-03-31": "0.16000", "2011-12-31": "0.26000", "2011-09-30": "0.55000", "2011-06-30": "0.23000", "2011-03-31": "0.33000", "2010-12-31": "0.21500", "2010-09-30": "0.67500", "2010-06-30": "0.21500", "2010-03-31": "0.19500", "2009-12-31": "0.24500", "2009-09-30": "-0.20000", "2009-06-30": "0.13000", "2009-03-31": "0.33000", "2008-12-31": "0.23000", "2008-09-30": "0.49000", "2008-06-30": "0.27500", "2008-03-31": "0.31000", "2007-12-31": "0.86500", "2007-09-30": "0.54000", "2007-06-30": "0.21500", "2007-03-31": "0.27500", "2006-12-31": "0.82500", "2006-09-30": "0.33500", "2006-06-30": "0.19500", "2006-03-31": "-0.00500", "2005-12-31": "-0.27500", "2005-09-30": "0.48000", "2005-06-30": "-0.25000", "2005-03-31": "0.01000"}, "EPS - Earnings Per Share": {"2020-09-30": "0.98000", "2020-06-30": "0.54000", "2020-03-31": "0.70000", "2019-12-31": "0.46000", "2019-09-30": "0.94000", "2019-06-30": "0.40000", "2019-03-31": "0.53000", "2018-12-31": "0.37000", "2018-09-30": "0.87000", "2018-06-30": "0.43000", "2018-03-31": "0.52000", "2017-12-31": "0.41000", "2017-09-30": "0.73000", "2017-06-30": "0.41000", "2017-03-31": "0.44000", "2016-12-31": "0.27000", "2016-09-30": "0.57000", "2016-06-30": "0.37000", "2016-03-31": "0.43000", "2015-12-31": "0.15500", "2015-09-30": "0.79000", "2015-06-30": "0.30000", "2015-03-31": "0.43500", "2014-12-31": "0.27500", "2014-09-30": "0.69000", "2014-06-30": "0.28000", "2014-03-31": "0.48500", "2013-12-31": "0.29500", "2013-09-30": "0.71000", "2013-06-30": "0.29500", "2013-03-31": "0.31500", "2012-12-31": "0.30500", "2012-09-30": "0.68000", "2012-06-30": "0.30000", "2012-03-31": "0.16000", "2011-12-31": "0.26000", "2011-09-30": "0.55000", "2011-06-30": "0.23000", "2011-03-31": "0.33000", "2010-12-31": "0.21500", "2010-09-30": "0.67500", "2010-06-30": "0.21500", "2010-03-31": "0.19500", "2009-12-31": "0.24500", "2009-09-30": "-0.20000", "2009-06-30": "0.13000", "2009-03-31": "0.33000", "2008-12-31": "0.23000", "2008-09-30": "0.49000", "2008-06-30": "0.27500", "2008-03-31": "0.31000", "2007-12-31": "0.86000", "2007-09-30": "0.54000", "2007-06-30": "0.21500", "2007-03-31": "0.27500", "2006-12-31": "0.82000", "2006-09-30": "0.33500", "2006-06-30": "0.19500", "2006-03-31": "-0.00500", "2005-12-31": "-0.27500", "2005-09-30": "0.48000", "2005-06-30": "-0.25000", "2005-03-31": "0.01000"}}, "balance sheet": {"Cash On Hand": {"2019-12-31": "16.30000", "2018-12-31": "20.90000", "2017-12-31": "27.90000", "2016-12-31": "8.20000", "2015-12-31": "5.80000", "2014-12-31": "56.90000", "2013-12-31": "9.80000", "2012-12-31": "21.20000", "2011-12-31": "11.40000", "2010-12-31": "159.30000", "2009-12-31": "175.30000", "2008-12-31": "346.90000", "2007-12-31": "745.60000", "2006-12-31": "265.20000", "2005-12-31": "224.70000"}, "Receivables": {"2019-12-31": "402.10000", "2018-12-31": "350.40000", "2017-12-31": "482.80000", "2016-12-31": "493.30000", "2015-12-31": "397.60000", "2014-12-31": "427.30000", "2013-12-31": "473.30000", "2012-12-31": "304.30000", "2011-12-31": "242.10000", "2010-12-31": "333.60000", "2009-12-31": "502.60000", "2008-12-31": "440.20000", "2007-12-31": "208.80000", "2006-12-31": "229.30000", "2005-12-31": "242.30000"}, "Inventory": {"2019-12-31": "227.30000", "2018-12-31": "211.80000", "2017-12-31": "222.40000", "2016-12-31": "222.30000", "2015-12-31": "223.50000", "2014-12-31": "223.80000", "2013-12-31": "211.80000", "2012-12-31": "203.90000", "2011-12-31": "218.10000", "2010-12-31": "233.00000", "2009-12-31": "238.50000", "2008-12-31": "242.50000", "2007-12-31": "208.30000", "2006-12-31": "178.20000", "2005-12-31": "185.80000"}, "Pre-Paid Expenses": {"2019-12-31": "41.70000", "2018-12-31": "42.20000", "2017-12-31": "41.30000", "2016-12-31": "", "2015-12-31": "", "2014-12-31": "", "2013-12-31": "", "2012-12-31": "40.40000", "2011-12-31": "77.90000", "2010-12-31": "175.50000", "2009-12-31": "", "2008-12-31": "", "2007-12-31": "", "2006-12-31": "", "2005-12-31": ""}, "Other Current Assets": {"2019-12-31": "188.10000", "2018-12-31": "159.80000", "2017-12-31": "130.70000", "2016-12-31": "153.30000", "2015-12-31": "199.90000", "2014-12-31": "185.00000", "2013-12-31": "179.60000", "2012-12-31": "254.30000", "2011-12-31": "298.30000", "2010-12-31": "191.30000", "2009-12-31": "473.60000", "2008-12-31": "416.00000", "2007-12-31": "309.60000", "2006-12-31": "957.20000", "2005-12-31": "1130.60000"}, "Total Current Assets": {"2019-12-31": "875.50000", "2018-12-31": "785.10000", "2017-12-31": "905.10000", "2016-12-31": "877.10000", "2015-12-31": "826.80000", "2014-12-31": "1043.10000", "2013-12-31": "1011.20000", "2012-12-31": "994.30000", "2011-12-31": "870.60000", "2010-12-31": "1092.70000", "2009-12-31": "1390.00000", "2008-12-31": "1445.60000", "2007-12-31": "1472.30000", "2006-12-31": "1629.90000", "2005-12-31": "1783.40000"}, "Property, Plant, And Equipment": {"2019-12-31": "13527.10000", "2018-12-31": "12462.40000", "2017-12-31": "11234.50000", "2016-12-31": "10279.20000", "2015-12-31": "9519.10000", "2014-12-31": "8938.40000", "2013-12-31": "8326.50000", "2012-12-31": "7838.00000", "2011-12-31": "7033.30000", "2010-12-31": "6730.60000", "2009-12-31": "6192.90000", "2008-12-31": "5001.20000", "2007-12-31": "4679.90000", "2006-12-31": "4125.40000", "2005-12-31": "4471.50000"}, "Long-Term Investments": {"2019-12-31": "467.80000", "2018-12-31": "431.30000", "2017-12-31": "396.10000", "2016-12-31": "337.60000", "2015-12-31": "346.30000", "2014-12-31": "344.90000", "2013-12-31": "329.60000", "2012-12-31": "319.00000", "2011-12-31": "300.70000", "2010-12-31": "227.90000", "2009-12-31": "281.50000", "2008-12-31": "256.00000", "2007-12-31": "237.90000", "2006-12-31": "227.90000", "2005-12-31": "430.10000"}, "Goodwill And Intangible Assets": {"2019-12-31": "", "2018-12-31": "", "2017-12-31": "", "2016-12-31": "", "2015-12-31": "", "2014-12-31": "", "2013-12-31": "", "2012-12-31": "", "2011-12-31": "", "2010-12-31": "", "2009-12-31": "", "2008-12-31": "", "2007-12-31": "", "2006-12-31": "", "2005-12-31": ""}, "Other Long-Term Assets": {"2019-12-31": "1758.30000", "2018-12-31": "1657.50000", "2017-12-31": "1582.40000", "2016-12-31": "1857.30000", "2015-12-31": "1788.40000", "2014-12-31": "1715.60000", "2013-12-31": "1359.30000", "2012-12-31": "1528.90000", "2011-12-31": "1391.40000", "2010-12-31": "1094.00000", "2009-12-31": "999.30000", "2008-12-31": "1285.40000", "2007-12-31": "491.70000", "2006-12-31": "872.10000", "2005-12-31": "743.90000"}, "Total Long-Term Assets": {"2019-12-31": "15825.20000", "2018-12-31": "14640.90000", "2017-12-31": "13282.70000", "2016-12-31": "12496.70000", "2015-12-31": "11668.40000", "2014-12-31": "11020.40000", "2013-12-31": "10101.20000", "2012-12-31": "9791.20000", "2011-12-31": "8817.30000", "2010-12-31": "8190.20000", "2009-12-31": "7646.00000", "2008-12-31": "6755.90000", "2007-12-31": "5717.40000", "2006-12-31": "5454.20000", "2005-12-31": "5949.70000"}, "Total Assets": {"2019-12-31": "16700.70000", "2018-12-31": "15426.00000", "2017-12-31": "14187.80000", "2016-12-31": "13373.80000", "2015-12-31": "12495.20000", "2014-12-31": "12063.50000", "2013-12-31": "11112.40000", "2012-12-31": "10785.50000", "2011-12-31": "9687.90000", "2010-12-31": "9282.90000", "2009-12-31": "9036.00000", "2008-12-31": "8201.50000", "2007-12-31": "7189.70000", "2006-12-31": "7084.10000", "2005-12-31": "7733.10000"}, "Total Current Liabilities": {"2019-12-31": "2054.10000", "2018-12-31": "1644.10000", "2017-12-31": "2149.00000", "2016-12-31": "1162.00000", "2015-12-31": "1359.30000", "2014-12-31": "1214.70000", "2013-12-31": "1433.30000", "2012-12-31": "1020.00000", "2011-12-31": "855.20000", "2010-12-31": "866.70000", "2009-12-31": "1076.60000", "2008-12-31": "1038.20000", "2007-12-31": "937.00000", "2006-12-31": "1147.40000", "2005-12-31": "1580.30000"}, "Long Term Debt": {"2019-12-31": "5533.00000", "2018-12-31": "5246.30000", "2017-12-31": "4010.60000", "2016-12-31": "4315.60000", "2015-12-31": "3522.20000", "2014-12-31": "3584.30000", "2013-12-31": "2977.80000", "2012-12-31": "3136.60000", "2011-12-31": "2703.10000", "2010-12-31": "2703.40000", "2009-12-31": "2404.50000", "2008-12-31": "1748.30000", "2007-12-31": "1404.50000", "2006-12-31": "1323.30000", "2005-12-31": "1914.80000"}, "Other Non-Current Liabilities": {"2019-12-31": "1510.50000", "2018-12-31": "1637.70000", "2017-12-31": "1663.60000", "2016-12-31": "774.10000", "2015-12-31": "856.60000", "2014-12-31": "881.20000", "2013-12-31": "898.80000", "2012-12-31": "988.90000", "2011-12-31": "1004.80000", "2010-12-31": "835.30000", "2009-12-31": "1028.20000", "2008-12-31": "860.50000", "2007-12-31": "890.00000", "2006-12-31": "756.50000", "2005-12-31": "763.20000"}, "Total Long Term Liabilities": {"2019-12-31": "9241.50000", "2018-12-31": "8996.20000", "2017-12-31": "7656.60000", "2016-12-31": "8149.80000", "2015-12-31": "7211.80000", "2014-12-31": "7208.30000", "2013-12-31": "6195.90000", "2012-12-31": "6423.70000", "2011-12-31": "5672.80000", "2010-12-31": "5276.80000", "2009-12-31": "4940.90000", "2008-12-31": "4093.90000", "2007-12-31": "3327.70000", "2006-12-31": "3041.60000", "2005-12-31": "3468.50000"}, "Total Liabilities": {"2019-12-31": "11295.60000", "2018-12-31": "10640.30000", "2017-12-31": "9805.60000", "2016-12-31": "9311.80000", "2015-12-31": "8571.10000", "2014-12-31": "8423.00000", "2013-12-31": "7629.20000", "2012-12-31": "7443.70000", "2011-12-31": "6528.00000", "2010-12-31": "6143.50000", "2009-12-31": "6017.50000", "2008-12-31": "5132.10000", "2007-12-31": "4264.70000", "2006-12-31": "4189.00000", "2005-12-31": "5048.80000"}, "Common Stock Net": {"2019-12-31": "2.50000", "2018-12-31": "2.40000", "2017-12-31": "2.30000", "2016-12-31": "2.30000", "2015-12-31": "2.30000", "2014-12-31": "1.10000", "2013-12-31": "1.10000", "2012-12-31": "1.10000", "2011-12-31": "1.10000", "2010-12-31": "1.10000", "2009-12-31": "1.10000", "2008-12-31": "1.10000", "2007-12-31": "1.10000", "2006-12-31": "1.20000", "2005-12-31": "1.20000"}, "Retained Earnings (Accumulated Deficit)": {"2019-12-31": "2765.40000", "2018-12-31": "2545.90000", "2017-12-31": "2346.00000", "2016-12-31": "2177.00000", "2015-12-31": "2068.90000", "2014-12-31": "1938.00000", "2013-12-31": "1780.70000", "2012-12-31": "1630.70000", "2011-12-31": "1510.20000", "2010-12-31": "1394.70000", "2009-12-31": "1281.70000", "2008-12-31": "1336.20000", "2007-12-31": "1205.20000", "2006-12-31": "923.60000", "2005-12-31": "742.30000"}, "Comprehensive Income": {"2019-12-31": "1.30000", "2018-12-31": "1.70000", "2017-12-31": "-0.50000", "2016-12-31": "-0.40000", "2015-12-31": "-0.40000", "2014-12-31": "-0.60000", "2013-12-31": "-0.20000", "2012-12-31": "-0.80000", "2011-12-31": "-0.80000", "2010-12-31": "-1.40000", "2009-12-31": "-1.40000", "2008-12-31": "-1.40000", "2007-12-31": "0.20000", "2006-12-31": "-8.70000", "2005-12-31": "-84.60000"}, "Other Share Holders Equity": {"2019-12-31": "", "2018-12-31": "", "2017-12-31": "", "2016-12-31": "", "2015-12-31": "", "2014-12-31": "", "2013-12-31": "", "2012-12-31": "", "2011-12-31": "", "2010-12-31": "", "2009-12-31": "", "2008-12-31": "", "2007-12-31": "", "2006-12-31": "", "2005-12-31": ""}, "Share Holder Equity": {"2019-12-31": "5405.10000", "2018-12-31": "4785.70000", "2017-12-31": "4382.20000", "2016-12-31": "4062.00000", "2015-12-31": "3924.10000", "2014-12-31": "3640.50000", "2013-12-31": "3483.20000", "2012-12-31": "3341.80000", "2011-12-31": "3159.90000", "2010-12-31": "3139.40000", "2009-12-31": "3018.50000", "2008-12-31": "3069.40000", "2007-12-31": "2925.00000", "2006-12-31": "2895.10000", "2005-12-31": "2684.30000"}, "Total Liabilities And Share Holders Equity": {"2019-12-31": "16700.70000", "2018-12-31": "15426.00000", "2017-12-31": "14187.80000", "2016-12-31": "13373.80000", "2015-12-31": "12495.20000", "2014-12-31": "12063.50000", "2013-12-31": "11112.40000", "2012-12-31": "10785.50000", "2011-12-31": "9687.90000", "2010-12-31": "9282.90000", "2009-12-31": "9036.00000", "2008-12-31": "8201.50000", "2007-12-31": "7189.70000", "2006-12-31": "7084.10000", "2005-12-31": "7733.10000"}}, "balance sheet, quarterly": {"Cash On Hand": {"2020-09-30": "189.00000", "2020-06-30": "208.10000", "2020-03-31": "55.20000", "2019-12-31": "16.00000", "2019-09-30": "193.70000", "2019-06-30": "170.20000", "2019-03-31": "10.10000", "2018-12-31": "20.90000", "2018-09-30": "239.70000", "2018-06-30": "5.00000", "2018-03-31": "19.10000", "2017-12-31": "27.90000", "2017-09-30": "9.20000", "2017-06-30": "7.30000", "2017-03-31": "8.40000", "2016-12-31": "8.20000", "2016-09-30": "84.70000", "2016-06-30": "6.50000", "2016-03-31": "4.80000", "2015-12-31": "5.80000", "2015-09-30": "139.20000", "2015-06-30": "54.80000", "2015-03-31": "97.60000", "2014-12-31": "56.90000", "2014-09-30": "11.00000", "2014-06-30": "16.20000", "2014-03-31": "14.50000", "2013-12-31": "9.80000", "2013-09-30": "17.70000", "2013-06-30": "11.50000", "2013-03-31": "53.40000", "2012-12-31": "21.20000", "2012-09-30": "41.10000", "2012-06-30": "30.80000", "2012-03-31": "30.90000", "2011-12-31": "11.40000", "2011-09-30": "45.70000", "2011-06-30": "77.10000", "2011-03-31": "126.10000", "2010-12-31": "159.30000", "2010-09-30": "137.00000", "2010-06-30": "171.10000", "2010-03-31": "140.20000", "2009-12-31": "175.30000", "2009-09-30": "176.70000", "2009-06-30": "246.20000", "2009-03-31": "283.70000", "2008-12-31": "346.90000", "2008-09-30": "379.40000", "2008-06-30": "573.90000", "2008-03-31": "632.40000", "2007-12-31": "745.60000", "2007-09-30": "108.10000", "2007-06-30": "125.30000", "2007-03-31": "110.20000", "2006-12-31": "265.20000", "2006-09-30": "132.90000", "2006-06-30": "157.30000", "2006-03-31": "100.80000", "2005-12-31": "224.70000", "2005-09-30": "152.40000", "2005-06-30": "260.30000", "2005-03-31": "170.60000"}, "Receivables": {"2020-09-30": "399.00000", "2020-06-30": "386.50000", "2020-03-31": "396.40000", "2019-12-31": "402.00000", "2019-09-30": "451.50000", "2019-06-30": "421.50000", "2019-03-31": "417.90000", "2018-12-31": "350.40000", "2018-09-30": "465.30000", "2018-06-30": "415.00000", "2018-03-31": "343.20000", "2017-12-31": "482.80000", "2017-09-30": "336.10000", "2017-06-30": "424.90000", "2017-03-31": "424.90000", "2016-12-31": "493.30000", "2016-09-30": "491.50000", "2016-06-30": "316.30000", "2016-03-31": "390.60000", "2015-12-31": "397.60000", "2015-09-30": "427.30000", "2015-06-30": "297.30000", "2015-03-31": "361.60000", "2014-12-31": "427.30000", "2014-09-30": "333.40000", "2014-06-30": "404.50000", "2014-03-31": "418.30000", "2013-12-31": "473.30000", "2013-09-30": "266.70000", "2013-06-30": "275.10000", "2013-03-31": "319.50000", "2012-12-31": "304.30000", "2012-09-30": "377.50000", "2012-06-30": "258.70000", "2012-03-31": "127.10000", "2011-12-31": "242.10000", "2011-09-30": "392.80000", "2011-06-30": "249.40000", "2011-03-31": "333.60000", "2010-12-31": "333.60000", "2010-09-30": "451.40000", "2010-06-30": "392.80000", "2010-03-31": "511.60000", "2009-12-31": "502.60000", "2009-09-30": "447.30000", "2009-06-30": "342.80000", "2009-03-31": "426.80000", "2008-12-31": "440.20000", "2008-09-30": "230.30000", "2008-06-30": "291.50000", "2008-03-31": "344.10000", "2007-12-31": "208.80000", "2007-09-30": "274.20000", "2007-06-30": "160.40000", "2007-03-31": "225.00000", "2006-12-31": "229.30000", "2006-09-30": "233.30000", "2006-06-30": "182.90000", "2006-03-31": "269.50000", "2005-12-31": "242.30000", "2005-09-30": "210.40000", "2005-06-30": "171.10000", "2005-03-31": "281.60000"}, "Inventory": {"2020-09-30": "223.00000", "2020-06-30": "221.80000", "2020-03-31": "220.60000", "2019-12-31": "227.00000", "2019-09-30": "224.10000", "2019-06-30": "205.80000", "2019-03-31": "168.00000", "2018-12-31": "211.80000", "2018-09-30": "211.10000", "2018-06-30": "200.10000", "2018-03-31": "202.80000", "2017-12-31": "222.40000", "2017-09-30": "220.60000", "2017-06-30": "201.60000", "2017-03-31": "187.70000", "2016-12-31": "222.30000", "2016-09-30": "219.90000", "2016-06-30": "209.10000", "2016-03-31": "197.20000", "2015-12-31": "223.50000", "2015-09-30": "211.50000", "2015-06-30": "185.20000", "2015-03-31": "167.40000", "2014-12-31": "223.80000", "2014-09-30": "204.20000", "2014-06-30": "172.80000", "2014-03-31": "151.00000", "2013-12-31": "211.80000", "2013-09-30": "220.50000", "2013-06-30": "191.20000", "2013-03-31": "173.70000", "2012-12-31": "203.90000", "2012-09-30": "209.20000", "2012-06-30": "205.80000", "2012-03-31": "200.10000", "2011-12-31": "218.10000", "2011-09-30": "205.10000", "2011-06-30": "185.30000", "2011-03-31": "170.20000", "2010-12-31": "233.00000", "2010-09-30": "240.10000", "2010-06-30": "217.00000", "2010-03-31": "191.00000", "2009-12-31": "238.50000", "2009-09-30": "244.50000", "2009-06-30": "216.20000", "2009-03-31": "181.40000", "2008-12-31": "242.50000", "2008-09-30": "241.60000", "2008-06-30": "176.30000", "2008-03-31": "142.80000", "2007-12-31": "208.30000", "2007-09-30": "216.90000", "2007-06-30": "188.00000", "2007-03-31": "132.40000", "2006-12-31": "178.20000", "2006-09-30": "180.70000", "2006-06-30": "157.20000", "2006-03-31": "140.10000", "2005-12-31": "185.80000", "2005-09-30": "183.50000", "2005-06-30": "136.20000", "2005-03-31": "131.50000"}, "Pre-Paid Expenses": {"2020-09-30": "30.00000", "2020-06-30": "", "2020-03-31": "", "2019-12-31": "42.00000", "2019-09-30": "30.30000", "2019-06-30": "", "2019-03-31": "", "2018-12-31": "42.20000", "2018-09-30": "", "2018-06-30": "", "2018-03-31": "", "2017-12-31": "41.30000", "2017-09-30": "", "2017-06-30": "", "2017-03-31": "", "2016-12-31": "", "2016-09-30": "", "2016-06-30": "", "2016-03-31": "", "2015-12-31": "", "2015-09-30": "", "2015-06-30": "", "2015-03-31": "", "2014-12-31": "", "2014-09-30": "", "2014-06-30": "", "2014-03-31": "", "2013-12-31": "", "2013-09-30": "", "2013-06-30": "", "2013-03-31": "", "2012-12-31": "40.40000", "2012-09-30": "70.80000", "2012-06-30": "72.20000", "2012-03-31": "91.80000", "2011-12-31": "77.90000", "2011-09-30": "132.10000", "2011-06-30": "185.70000", "2011-03-31": "192.10000", "2010-12-31": "175.50000", "2010-09-30": "", "2010-06-30": "", "2010-03-31": "", "2009-12-31": "", "2009-09-30": "", "2009-06-30": "", "2009-03-31": "", "2008-12-31": "", "2008-09-30": "", "2008-06-30": "", "2008-03-31": "", "2007-12-31": "", "2007-09-30": "", "2007-06-30": "", "2007-03-31": "", "2006-12-31": "", "2006-09-30": "", "2006-06-30": "", "2006-03-31": "", "2005-12-31": "", "2005-09-30": "23.30000", "2005-06-30": "", "2005-03-31": ""}, "Other Current Assets": {"2020-09-30": "192.00000", "2020-06-30": "227.90000", "2020-03-31": "240.00000", "2019-12-31": "189.00000", "2019-09-30": "213.40000", "2019-06-30": "229.80000", "2019-03-31": "219.20000", "2018-12-31": "159.80000", "2018-09-30": "208.70000", "2018-06-30": "185.80000", "2018-03-31": "160.80000", "2017-12-31": "130.70000", "2017-09-30": "185.60000", "2017-06-30": "180.90000", "2017-03-31": "128.80000", "2016-12-31": "153.30000", "2016-09-30": "162.00000", "2016-06-30": "170.40000", "2016-03-31": "175.90000", "2015-12-31": "199.90000", "2015-09-30": "309.70000", "2015-06-30": "506.60000", "2015-03-31": "286.60000", "2014-12-31": "185.00000", "2014-09-30": "413.70000", "2014-06-30": "416.60000", "2014-03-31": "352.40000", "2013-12-31": "179.60000", "2013-09-30": "244.00000", "2013-06-30": "273.30000", "2013-03-31": "231.30000", "2012-12-31": "254.30000", "2012-09-30": "240.00000", "2012-06-30": "270.00000", "2012-03-31": "330.70000", "2011-12-31": "298.30000", "2011-09-30": "171.40000", "2011-06-30": "180.30000", "2011-03-31": "155.00000", "2010-12-31": "191.30000", "2010-09-30": "339.10000", "2010-06-30": "373.20000", "2010-03-31": "421.70000", "2009-12-31": "473.60000", "2009-09-30": "365.90000", "2009-06-30": "332.70000", "2009-03-31": "339.00000", "2008-12-31": "416.00000", "2008-09-30": "267.30000", "2008-06-30": "334.40000", "2008-03-31": "282.80000", "2007-12-31": "309.60000", "2007-09-30": "250.70000", "2007-06-30": "276.70000", "2007-03-31": "322.00000", "2006-12-31": "957.20000", "2006-09-30": "456.00000", "2006-06-30": "437.90000", "2006-03-31": "455.40000", "2005-12-31": "1130.60000", "2005-09-30": "683.10000", "2005-06-30": "509.80000", "2005-03-31": "274.50000"}, "Total Current Assets": {"2020-09-30": "1033.00000", "2020-06-30": "1044.30000", "2020-03-31": "912.20000", "2019-12-31": "876.00000", "2019-09-30": "1113.00000", "2019-06-30": "1027.30000", "2019-03-31": "815.20000", "2018-12-31": "785.10000", "2018-09-30": "1124.80000", "2018-06-30": "805.90000", "2018-03-31": "725.90000", "2017-12-31": "905.10000", "2017-09-30": "751.50000", "2017-06-30": "814.70000", "2017-03-31": "749.80000", "2016-12-31": "877.10000", "2016-09-30": "958.10000", "2016-06-30": "702.30000", "2016-03-31": "768.50000", "2015-12-31": "826.80000", "2015-09-30": "1087.70000", "2015-06-30": "1043.90000", "2015-03-31": "913.20000", "2014-12-31": "1043.10000", "2014-09-30": "962.30000", "2014-06-30": "1010.10000", "2014-03-31": "936.20000", "2013-12-31": "1011.20000", "2013-09-30": "880.10000", "2013-06-30": "893.40000", "2013-03-31": "870.40000", "2012-12-31": "994.30000", "2012-09-30": "1028.60000", "2012-06-30": "920.40000", "2012-03-31": "780.60000", "2011-12-31": "870.60000", "2011-09-30": "947.10000", "2011-06-30": "877.80000", "2011-03-31": "977.00000", "2010-12-31": "1092.70000", "2010-09-30": "1167.60000", "2010-06-30": "1154.10000", "2010-03-31": "1264.50000", "2009-12-31": "1390.00000", "2009-09-30": "1234.40000", "2009-06-30": "1137.90000", "2009-03-31": "1230.90000", "2008-12-31": "1445.60000", "2008-09-30": "1118.60000", "2008-06-30": "1376.10000", "2008-03-31": "1402.10000", "2007-12-31": "1472.30000", "2007-09-30": "849.90000", "2007-06-30": "750.40000", "2007-03-31": "789.60000", "2006-12-31": "1629.90000", "2006-09-30": "1120.20000", "2006-06-30": "1052.00000", "2006-03-31": "1126.20000", "2005-12-31": "1783.40000", "2005-09-30": "1252.70000", "2005-06-30": "1077.40000", "2005-03-31": "858.20000"}, "Property, Plant, And Equipment": {"2020-09-30": "14199.00000", "2020-06-30": "13936.40000", "2020-03-31": "13685.00000", "2019-12-31": "13527.00000", "2019-09-30": "13131.10000", "2019-06-30": "12854.00000", "2019-03-31": "12665.20000", "2018-12-31": "12462.40000", "2018-09-30": "12005.20000", "2018-06-30": "11695.70000", "2018-03-31": "11439.60000", "2017-12-31": "11234.50000", "2017-09-30": "10931.10000", "2017-06-30": "10608.10000", "2017-03-31": "10448.80000", "2016-12-31": "10279.20000", "2016-09-30": "9920.40000", "2016-06-30": "9846.40000", "2016-03-31": "9626.60000", "2015-12-31": "9519.10000", "2015-09-30": "9366.50000", "2015-06-30": "9173.50000", "2015-03-31": "9050.00000", "2014-12-31": "8938.40000", "2014-09-30": "8763.60000", "2014-06-30": "8566.20000", "2014-03-31": "8426.20000", "2013-12-31": "8326.50000", "2013-09-30": "7685.30000", "2013-06-30": "8027.20000", "2013-03-31": "7913.60000", "2012-12-31": "7838.00000", "2012-09-30": "7384.60000", "2012-06-30": "7248.00000", "2012-03-31": "7081.30000", "2011-12-31": "7033.30000", "2011-09-30": "6937.90000", "2011-06-30": "6866.40000", "2011-03-31": "6823.40000", "2010-12-31": "6730.60000", "2010-09-30": "6556.90000", "2010-06-30": "6424.10000", "2010-03-31": "6328.40000", "2009-12-31": "6192.90000", "2009-09-30": "5757.20000", "2009-06-30": "5540.70000", "2009-03-31": "5572.90000", "2008-12-31": "5001.20000", "2008-09-30": "4776.90000", "2008-06-30": "4992.40000", "2008-03-31": "4439.30000", "2007-12-31": "4679.90000", "2007-09-30": "4745.50000", "2007-06-30": "4699.20000", "2007-03-31": "4621.00000", "2006-12-31": "4125.40000", "2006-09-30": "4514.70000", "2006-06-30": "4490.10000", "2006-03-31": "4466.50000", "2005-12-31": "4471.50000", "2005-09-30": "4654.90000", "2005-06-30": "4702.90000", "2005-03-31": "4697.80000"}, "Long-Term Investments": {"2020-09-30": "478.00000", "2020-06-30": "473.20000", "2020-03-31": "469.50000", "2019-12-31": "468.00000", "2019-09-30": "453.00000", "2019-06-30": "443.30000", "2019-03-31": "433.60000", "2018-12-31": "431.30000", "2018-09-30": "424.00000", "2018-06-30": "420.50000", "2018-03-31": "414.70000", "2017-12-31": "396.10000", "2017-09-30": "458.60000", "2017-06-30": "354.50000", "2017-03-31": "346.80000", "2016-12-31": "337.60000", "2016-09-30": "329.60000", "2016-06-30": "303.50000", "2016-03-31": "323.50000", "2015-12-31": "346.30000", "2015-09-30": "353.10000", "2015-06-30": "349.90000", "2015-03-31": "343.90000", "2014-12-31": "344.90000", "2014-09-30": "343.30000", "2014-06-30": "338.60000", "2014-03-31": "332.90000", "2013-12-31": "329.60000", "2013-09-30": "324.70000", "2013-06-30": "321.30000", "2013-03-31": "321.60000", "2012-12-31": "319.00000", "2012-09-30": "314.10000", "2012-06-30": "308.40000", "2012-03-31": "303.70000", "2011-12-31": "300.70000", "2011-09-30": "299.20000", "2011-06-30": "296.10000", "2011-03-31": "292.20000", "2010-12-31": "227.90000", "2010-09-30": "287.20000", "2010-06-30": "286.00000", "2010-03-31": "285.70000", "2009-12-31": "281.50000", "2009-09-30": "275.00000", "2009-06-30": "267.10000", "2009-03-31": "262.60000", "2008-12-31": "256.00000", "2008-09-30": "252.30000", "2008-06-30": "250.10000", "2008-03-31": "240.10000", "2007-12-31": "237.90000", "2007-09-30": "234.50000", "2007-06-30": "232.60000", "2007-03-31": "229.80000", "2006-12-31": "227.90000", "2006-09-30": "345.60000", "2006-06-30": "330.00000", "2006-03-31": "354.60000", "2005-12-31": "430.10000", "2005-09-30": "844.80000", "2005-06-30": "1074.90000", "2005-03-31": "1118.30000"}, "Goodwill And Intangible Assets": {"2020-09-30": "", "2020-06-30": "", "2020-03-31": "", "2019-12-31": "", "2019-09-30": "", "2019-06-30": "", "2019-03-31": "", "2018-12-31": "", "2018-09-30": "", "2018-06-30": "", "2018-03-31": "", "2017-12-31": "", "2017-09-30": "", "2017-06-30": "", "2017-03-31": "", "2016-12-31": "", "2016-09-30": "", "2016-06-30": "", "2016-03-31": "", "2015-12-31": "", "2015-09-30": "", "2015-06-30": "", "2015-03-31": "", "2014-12-31": "", "2014-09-30": "", "2014-06-30": "", "2014-03-31": "", "2013-12-31": "", "2013-09-30": "", "2013-06-30": "", "2013-03-31": "", "2012-12-31": "", "2012-09-30": "", "2012-06-30": "", "2012-03-31": "", "2011-12-31": "", "2011-09-30": "", "2011-06-30": "", "2011-03-31": "", "2010-12-31": "", "2010-09-30": "", "2010-06-30": "", "2010-03-31": "", "2009-12-31": "", "2009-09-30": "", "2009-06-30": "", "2009-03-31": "", "2008-12-31": "", "2008-09-30": "", "2008-06-30": "", "2008-03-31": "", "2007-12-31": "", "2007-09-30": "", "2007-06-30": "", "2007-03-31": "", "2006-12-31": "", "2006-09-30": "", "2006-06-30": "", "2006-03-31": "", "2005-12-31": "", "2005-09-30": "", "2005-06-30": "", "2005-03-31": ""}, "Other Long-Term Assets": {"2020-09-30": "1762.00000", "2020-06-30": "1748.50000", "2020-03-31": "1752.40000", "2019-12-31": "1758.00000", "2019-09-30": "1763.70000", "2019-06-30": "1728.20000", "2019-03-31": "1726.60000", "2018-12-31": "1657.50000", "2018-09-30": "1612.50000", "2018-06-30": "1606.50000", "2018-03-31": "1589.20000", "2017-12-31": "1582.40000", "2017-09-30": "1952.30000", "2017-06-30": "1947.50000", "2017-03-31": "1904.60000", "2016-12-31": "1857.30000", "2016-09-30": "1811.70000", "2016-06-30": "1822.30000", "2016-03-31": "1805.70000", "2015-12-31": "1788.40000", "2015-09-30": "1715.60000", "2015-06-30": "1706.80000", "2015-03-31": "1731.30000", "2014-12-31": "1715.60000", "2014-09-30": "1469.60000", "2014-06-30": "1403.80000", "2014-03-31": "1352.90000", "2013-12-31": "1359.30000", "2013-09-30": "1992.00000", "2013-06-30": "1533.80000", "2013-03-31": "1519.40000", "2012-12-31": "1528.90000", "2012-09-30": "1425.50000", "2012-06-30": "1380.60000", "2012-03-31": "1380.40000", "2011-12-31": "1391.40000", "2011-09-30": "1203.70000", "2011-06-30": "1139.00000", "2011-03-31": "1177.00000", "2010-12-31": "1094.00000", "2010-09-30": "1074.40000", "2010-06-30": "1035.40000", "2010-03-31": "1041.60000", "2009-12-31": "999.30000", "2009-09-30": "1310.10000", "2009-06-30": "1202.40000", "2009-03-31": "962.20000", "2008-12-31": "1285.40000", "2008-09-30": "846.40000", "2008-06-30": "478.50000", "2008-03-31": "811.10000", "2007-12-31": "491.70000", "2007-09-30": "864.40000", "2007-06-30": "836.60000", "2007-03-31": "852.80000", "2006-12-31": "872.10000", "2006-09-30": "696.60000", "2006-06-30": "701.10000", "2006-03-31": "711.50010", "2005-12-31": "743.90000", "2005-09-30": "855.00000", "2005-06-30": "941.70000", "2005-03-31": "1129.40000"}, "Total Long-Term Assets": {"2020-09-30": "16507.00000", "2020-06-30": "16225.40000", "2020-03-31": "15966.80000", "2019-12-31": "15825.00000", "2019-09-30": "15420.40000", "2019-06-30": "15094.30000", "2019-03-31": "14898.20000", "2018-12-31": "14640.90000", "2018-09-30": "14145.00000", "2018-06-30": "13809.10000", "2018-03-31": "13515.90000", "2017-12-31": "13282.70000", "2017-09-30": "13363.40000", "2017-06-30": "12928.70000", "2017-03-31": "12715.10000", "2016-12-31": "12496.70000", "2016-09-30": "12071.10000", "2016-06-30": "11983.10000", "2016-03-31": "11766.50000", "2015-12-31": "11668.40000", "2015-09-30": "11470.90000", "2015-06-30": "11268.40000", "2015-03-31": "11166.40000", "2014-12-31": "11020.40000", "2014-09-30": "10631.70000", "2014-06-30": "10376.50000", "2014-03-31": "10180.60000", "2013-12-31": "10101.20000", "2013-09-30": "10101.10000", "2013-06-30": "9994.20000", "2013-03-31": "9863.50100", "2012-12-31": "9791.20000", "2012-09-30": "9222.30100", "2012-06-30": "9013.80000", "2012-03-31": "8847.60100", "2011-12-31": "8817.30000", "2011-09-30": "8534.20000", "2011-06-30": "8423.40000", "2011-03-31": "8423.50000", "2010-12-31": "8190.20000", "2010-09-30": "8058.20000", "2010-06-30": "7889.50000", "2010-03-31": "7810.90000", "2009-12-31": "7646.00000", "2009-09-30": "7521.30000", "2009-06-30": "7197.40000", "2009-03-31": "7008.50000", "2008-12-31": "6755.90000", "2008-09-30": "6178.00000", "2008-06-30": "6027.80000", "2008-03-31": "5787.00000", "2007-12-31": "5717.40000", "2007-09-30": "6077.30000", "2007-06-30": "6001.10100", "2007-03-31": "5929.30000", "2006-12-31": "5454.20000", "2006-09-30": "5832.90000", "2006-06-30": "5803.80000", "2006-03-31": "5815.80000", "2005-12-31": "5949.70000", "2005-09-30": "6633.70000", "2005-06-30": "7003.20000", "2005-03-31": "7273.29900"}, "Total Assets": {"2020-09-30": "17540.00000", "2020-06-30": "17269.70000", "2020-03-31": "16879.00000", "2019-12-31": "16701.00000", "2019-09-30": "16533.40000", "2019-06-30": "16121.60000", "2019-03-31": "15713.40000", "2018-12-31": "15426.00000", "2018-09-30": "15269.80000", "2018-06-30": "14615.00000", "2018-03-31": "14241.80000", "2017-12-31": "14187.80000", "2017-09-30": "14114.90000", "2017-06-30": "13743.40000", "2017-03-31": "13464.90000", "2016-12-31": "13373.80000", "2016-09-30": "13029.20000", "2016-06-30": "12685.40000", "2016-03-31": "12535.00000", "2015-12-31": "12495.20000", "2015-09-30": "12558.60000", "2015-06-30": "12312.30000", "2015-03-31": "12079.60000", "2014-12-31": "12063.50000", "2014-09-30": "11594.00000", "2014-06-30": "11386.60000", "2014-03-31": "11116.80000", "2013-12-31": "11112.40000", "2013-09-30": "10981.20000", "2013-06-30": "10887.60000", "2013-03-31": "10733.90000", "2012-12-31": "10785.50000", "2012-09-30": "10250.90000", "2012-06-30": "9934.20000", "2012-03-31": "9628.20000", "2011-12-31": "9687.90000", "2011-09-30": "9481.30000", "2011-06-30": "9301.20000", "2011-03-31": "9400.50000", "2010-12-31": "9282.90000", "2010-09-30": "9225.80000", "2010-06-30": "9043.60000", "2010-03-31": "9075.40000", "2009-12-31": "9036.00000", "2009-09-30": "8755.70000", "2009-06-30": "8335.30000", "2009-03-31": "8239.40000", "2008-12-31": "8201.50000", "2008-09-30": "7296.60000", "2008-06-30": "7403.90000", "2008-03-31": "7189.10000", "2007-12-31": "7189.70000", "2007-09-30": "6927.20000", "2007-06-30": "6751.50000", "2007-03-31": "6718.90000", "2006-12-31": "7084.10000", "2006-09-30": "6953.10000", "2006-06-30": "6855.80000", "2006-03-31": "6942.00000", "2005-12-31": "7733.10000", "2005-09-30": "7886.40000", "2005-06-30": "8080.60000", "2005-03-31": "8131.50000"}, "Total Current Liabilities": {"2020-09-30": "1295.00000", "2020-06-30": "1220.90000", "2020-03-31": "1650.20000", "2019-12-31": "2054.00000", "2019-09-30": "2082.10000", "2019-06-30": "1949.00000", "2019-03-31": "1587.70000", "2018-12-31": "1644.10000", "2018-09-30": "1548.30000", "2018-06-30": "1257.40000", "2018-03-31": "2073.50000", "2017-12-31": "2149.00000", "2017-09-30": "1470.10000", "2017-06-30": "1208.20000", "2017-03-31": "1165.00000", "2016-12-31": "1162.00000", "2016-09-30": "1369.70000", "2016-06-30": "1373.20000", "2016-03-31": "1348.50000", "2015-12-31": "1359.30000", "2015-09-30": "990.80000", "2015-06-30": "991.50000", "2015-03-31": "1023.10000", "2014-12-31": "1214.70000", "2014-09-30": "1741.90000", "2014-06-30": "1733.20000", "2014-03-31": "1384.20000", "2013-12-31": "1433.30000", "2013-09-30": "1052.80000", "2013-06-30": "1072.50000", "2013-03-31": "1038.10000", "2012-12-31": "1020.00000", "2012-09-30": "945.50000", "2012-06-30": "957.30000", "2012-03-31": "773.30000", "2011-12-31": "855.20000", "2011-09-30": "774.40000", "2011-06-30": "760.10000", "2011-03-31": "778.90000", "2010-12-31": "866.70000", "2010-09-30": "691.90000", "2010-06-30": "894.10000", "2010-03-31": "1255.50000", "2009-12-31": "1076.60000", "2009-09-30": "992.80000", "2009-06-30": "1146.60000", "2009-03-31": "1052.60000", "2008-12-31": "1038.20000", "2008-09-30": "1050.00000", "2008-06-30": "1075.70000", "2008-03-31": "903.30000", "2007-12-31": "937.00000", "2007-09-30": "754.30000", "2007-06-30": "926.60000", "2007-03-31": "842.30000", "2006-12-31": "1147.40000", "2006-09-30": "1095.80000", "2006-06-30": "1018.90000", "2006-03-31": "968.40000", "2005-12-31": "1580.30000", "2005-09-30": "965.10000", "2005-06-30": "1028.60000", "2005-03-31": "825.60000"}, "Long Term Debt": {"2020-09-30": "6574.00000", "2020-06-30": "6572.40000", "2020-03-31": "5833.90000", "2019-12-31": "5533.00000", "2019-09-30": "5535.10000", "2019-06-30": "5438.10000", "2019-03-31": "5362.20000", "2018-12-31": "5246.30000", "2018-09-30": "5248.20000", "2018-06-30": "5127.50000", "2018-03-31": "4056.80000", "2017-12-31": "4010.60000", "2017-09-30": "4255.10000", "2017-06-30": "4354.30000", "2017-03-31": "4316.10000", "2016-12-31": "4315.60000", "2016-09-30": "3816.90000", "2016-06-30": "3588.40000", "2016-03-31": "3522.70000", "2015-12-31": "3522.20000", "2015-09-30": "3855.80000", "2015-06-30": "3717.40000", "2015-03-31": "3606.70000", "2014-12-31": "3584.30000", "2014-09-30": "2799.50000", "2014-06-30": "2829.90000", "2014-03-31": "2980.60000", "2013-12-31": "2977.80000", "2013-09-30": "3104.80000", "2013-06-30": "3141.40000", "2013-03-31": "3121.90000", "2012-12-31": "3136.60000", "2012-09-30": "2828.10000", "2012-06-30": "2752.80000", "2012-03-31": "2728.20000", "2011-12-31": "2703.10000", "2011-09-30": "2703.60000", "2011-06-30": "2703.50000", "2011-03-31": "2703.60000", "2010-12-31": "2703.40000", "2010-09-30": "2703.80000", "2010-06-30": "2503.60000", "2010-03-31": "2204.70000", "2009-12-31": "2404.50000", "2009-09-30": "2155.90000", "2009-06-30": "1648.20000", "2009-03-31": "1648.50000", "2008-12-31": "1748.30000", "2008-09-30": "1255.10000", "2008-06-30": "1403.20000", "2008-03-31": "1403.60000", "2007-12-31": "1404.50000", "2007-09-30": "1593.90000", "2007-06-30": "1295.50000", "2007-03-31": "1295.80000", "2006-12-31": "1323.30000", "2006-09-30": "1482.70000", "2006-06-30": "1474.30000", "2006-03-31": "1638.90000", "2005-12-31": "1914.80000", "2005-09-30": "2165.10000", "2005-06-30": "2176.60000", "2005-03-31": "2204.50000"}, "Other Non-Current Liabilities": {"2020-09-30": "1536.00000", "2020-06-30": "1516.60000", "2020-03-31": "1503.80000", "2019-12-31": "1511.00000", "2019-09-30": "1567.70000", "2019-06-30": "1689.60000", "2019-03-31": "1745.50000", "2018-12-31": "1637.70000", "2018-09-30": "1640.70000", "2018-06-30": "1683.50000", "2018-03-31": "1679.50000", "2017-12-31": "1663.60000", "2017-09-30": "779.50000", "2017-06-30": "766.50000", "2017-03-31": "779.30000", "2016-12-31": "774.10000", "2016-09-30": "797.60000", "2016-06-30": "807.30000", "2016-03-31": "828.10000", "2015-12-31": "856.60000", "2015-09-30": "887.40000", "2015-06-30": "915.20000", "2015-03-31": "866.40000", "2014-12-31": "881.20000", "2014-09-30": "923.70000", "2014-06-30": "892.40000", "2014-03-31": "874.10000", "2013-12-31": "898.80000", "2013-09-30": "934.60000", "2013-06-30": "961.10000", "2013-03-31": "964.50000", "2012-12-31": "988.90000", "2012-09-30": "1007.00000", "2012-06-30": "956.80000", "2012-03-31": "975.00000", "2011-12-31": "1004.80000", "2011-09-30": "997.70000", "2011-06-30": "983.60000", "2011-03-31": "978.50000", "2010-12-31": "835.30000", "2010-09-30": "972.90000", "2010-06-30": "1017.00000", "2010-03-31": "1034.50000", "2009-12-31": "1028.20000", "2009-09-30": "999.90000", "2009-06-30": "873.50000", "2009-03-31": "899.90000", "2008-12-31": "860.50000", "2008-09-30": "872.20000", "2008-06-30": "878.10000", "2008-03-31": "876.80000", "2007-12-31": "890.00000", "2007-09-30": "838.40000", "2007-06-30": "828.80000", "2007-03-31": "819.60000", "2006-12-31": "756.50000", "2006-09-30": "780.60000", "2006-06-30": "779.40000", "2006-03-31": "785.50000", "2005-12-31": "763.20000", "2005-09-30": "937.00000", "2005-06-30": "1189.00000", "2005-03-31": "1261.70000"}, "Total Long Term Liabilities": {"2020-09-30": "10336.00000", "2020-06-30": "10300.50000", "2020-03-31": "9526.40000", "2019-12-31": "9242.00000", "2019-09-30": "9282.10000", "2019-06-30": "9273.00000", "2019-03-31": "9243.30100", "2018-12-31": "8996.20000", "2018-09-30": "8951.10000", "2018-06-30": "8806.90000", "2018-03-31": "7736.80000", "2017-12-31": "7656.60000", "2017-09-30": "8290.60000", "2017-06-30": "8284.80000", "2017-03-31": "8203.00000", "2016-12-31": "8149.80000", "2016-09-30": "7600.40000", "2016-06-30": "7322.00000", "2016-03-31": "7221.90000", "2015-12-31": "7211.80000", "2015-09-30": "7621.70000", "2015-06-30": "7499.10000", "2015-03-31": "7257.70000", "2014-12-31": "7208.30000", "2014-09-30": "6214.80000", "2014-06-30": "6114.30000", "2014-03-31": "6199.40000", "2013-12-31": "6195.90000", "2013-09-30": "6459.90000", "2013-06-30": "6452.80000", "2013-03-31": "6348.10000", "2012-12-31": "6423.70000", "2012-09-30": "6042.60000", "2012-06-30": "5815.60000", "2012-03-31": "5710.50000", "2011-12-31": "5672.80000", "2011-09-30": "5558.40000", "2011-06-30": "5466.80000", "2011-03-31": "5514.00000", "2010-12-31": "5276.80000", "2010-09-30": "5460.30000", "2010-06-30": "5184.50000", "2010-03-31": "4859.80000", "2009-12-31": "4940.90000", "2009-09-30": "4817.30000", "2009-06-30": "4158.50000", "2009-03-31": "4144.50000", "2008-12-31": "4093.90000", "2008-09-30": "3189.70000", "2008-06-30": "3339.60000", "2008-03-31": "3322.30000", "2007-12-31": "3327.70000", "2007-09-30": "3417.30000", "2007-06-30": "3084.90000", "2007-03-31": "3068.90000", "2006-12-31": "3041.60000", "2006-09-30": "3135.20000", "2006-06-30": "3098.00000", "2006-03-31": "3249.00000", "2005-12-31": "3468.50000", "2005-09-30": "4121.90000", "2005-06-30": "4380.20000", "2005-03-31": "4522.20000"}, "Total Liabilities": {"2020-09-30": "11631.00000", "2020-06-30": "11521.40000", "2020-03-31": "11176.60000", "2019-12-31": "11296.00000", "2019-09-30": "11364.20000", "2019-06-30": "11222.00000", "2019-03-31": "10831.00000", "2018-12-31": "10640.30000", "2018-09-30": "10499.40000", "2018-06-30": "10064.30000", "2018-03-31": "9810.30000", "2017-12-31": "9805.60000", "2017-09-30": "9760.70000", "2017-06-30": "9493.00000", "2017-03-31": "9368.00000", "2016-12-31": "9311.80000", "2016-09-30": "8970.10000", "2016-06-30": "8695.20000", "2016-03-31": "8570.40000", "2015-12-31": "8571.10000", "2015-09-30": "8612.50000", "2015-06-30": "8490.60000", "2015-03-31": "8280.80000", "2014-12-31": "8423.00000", "2014-09-30": "7956.70000", "2014-06-30": "7847.50000", "2014-03-31": "7583.60000", "2013-12-31": "7629.20000", "2013-09-30": "7512.70000", "2013-06-30": "7525.30000", "2013-03-31": "7386.20000", "2012-12-31": "7443.70000", "2012-09-30": "6988.10000", "2012-06-30": "6772.90000", "2012-03-31": "6483.80000", "2011-12-31": "6528.00000", "2011-09-30": "6332.80000", "2011-06-30": "6226.90000", "2011-03-31": "6292.90000", "2010-12-31": "6143.50000", "2010-09-30": "6152.20000", "2010-06-30": "6078.60000", "2010-03-31": "6115.30000", "2009-12-31": "6017.50000", "2009-09-30": "5810.10000", "2009-06-30": "5305.10000", "2009-03-31": "5197.10000", "2008-12-31": "5132.10000", "2008-09-30": "4239.70000", "2008-06-30": "4415.30000", "2008-03-31": "4225.60000", "2007-12-31": "4264.70000", "2007-09-30": "4171.60000", "2007-06-30": "4011.50000", "2007-03-31": "3911.20000", "2006-12-31": "4189.00000", "2006-09-30": "4231.00000", "2006-06-30": "4116.90000", "2006-03-31": "4217.40000", "2005-12-31": "5048.80000", "2005-09-30": "5087.00000", "2005-06-30": "5408.80000", "2005-03-31": "5347.80000"}, "Common Stock Net": {"2020-09-30": "2.00000", "2020-06-30": "2.50000", "2020-03-31": "2.50000", "2019-12-31": "2.00000", "2019-09-30": "2.40000", "2019-06-30": "2.40000", "2019-03-31": "2.40000", "2018-12-31": "2.40000", "2018-09-30": "2.40000", "2018-06-30": "2.30000", "2018-03-31": "2.30000", "2017-12-31": "2.30000", "2017-09-30": "2.30000", "2017-06-30": "2.30000", "2017-03-31": "2.30000", "2016-12-31": "2.30000", "2016-09-30": "2.30000", "2016-06-30": "2.30000", "2016-03-31": "1.10000", "2015-12-31": "2.30000", "2015-09-30": "1.10000", "2015-06-30": "1.10000", "2015-03-31": "1.10000", "2014-12-31": "1.10000", "2014-09-30": "1.10000", "2014-06-30": "1.10000", "2014-03-31": "1.10000", "2013-12-31": "1.10000", "2013-09-30": "1.10000", "2013-06-30": "1.10000", "2013-03-31": "1.10000", "2012-12-31": "1.10000", "2012-09-30": "1.10000", "2012-06-30": "1.10000", "2012-03-31": "1.10000", "2011-12-31": "1.10000", "2011-09-30": "1.10000", "2011-06-30": "1.10000", "2011-03-31": "1.10000", "2010-12-31": "1.10000", "2010-09-30": "1.10000", "2010-06-30": "1.10000", "2010-03-31": "1.10000", "2009-12-31": "1.10000", "2009-09-30": "1.10000", "2009-06-30": "1.10000", "2009-03-31": "1.10000", "2008-12-31": "1.10000", "2008-09-30": "1.10000", "2008-06-30": "1.10000", "2008-03-31": "1.10000", "2007-12-31": "1.10000", "2007-09-30": "1.10000", "2007-06-30": "1.10000", "2007-03-31": "1.10000", "2006-12-31": "1.20000", "2006-09-30": "1.20000", "2006-06-30": "1.20000", "2006-03-31": "1.20000", "2005-12-31": "1.20000", "2005-09-30": "1.20000", "2005-06-30": "1.20000", "2005-03-31": "1.20000"}, "Retained Earnings (Accumulated Deficit)": {"2020-09-30": "3026.00000", "2020-06-30": "2873.50000", "2020-03-31": "2833.70000", "2019-12-31": "2766.00000", "2019-09-30": "2739.10000", "2019-06-30": "2597.80000", "2019-03-31": "2587.30000", "2018-12-31": "2545.90000", "2018-09-30": "2539.50000", "2018-06-30": "2412.50000", "2018-03-31": "2389.40000", "2017-12-31": "2346.00000", "2017-09-30": "2324.80000", "2017-06-30": "2228.60000", "2017-03-31": "2205.90000", "2016-12-31": "2177.00000", "2016-09-30": "2181.00000", "2016-06-30": "2116.10000", "2016-03-31": "2098.90000", "2015-12-31": "2068.90000", "2015-09-30": "2097.00000", "2015-06-30": "1979.30000", "2015-03-31": "1973.90000", "2014-12-31": "1938.00000", "2014-09-30": "1934.50000", "2014-06-30": "1837.60000", "2014-03-31": "1832.20000", "2013-12-31": "1780.70000", "2013-09-30": "1767.30000", "2013-06-30": "1661.70000", "2013-03-31": "1648.40000", "2012-12-31": "1630.70000", "2012-09-30": "1612.10000", "2012-06-30": "1511.30000", "2012-03-31": "1495.20000", "2011-12-31": "1510.20000", "2011-09-30": "1500.20000", "2011-06-30": "1425.10000", "2011-03-31": "1421.10000", "2010-12-31": "1394.70000", "2010-09-30": "1391.10000", "2010-06-30": "1285.70000", "2010-03-31": "1281.50000", "2009-12-31": "1281.70000", "2009-09-30": "1269.50000", "2009-06-30": "1355.20000", "2009-03-31": "1367.40000", "2008-12-31": "1336.20000", "2008-09-30": "1324.20000", "2008-06-30": "1254.30000", "2008-03-31": "1232.00000", "2007-12-31": "1205.20000", "2007-09-30": "1047.00000", "2007-06-30": "962.80000", "2007-03-31": "950.20000", "2006-12-31": "923.60000", "2006-09-30": "763.70000", "2006-06-30": "718.80000", "2006-03-31": "707.00000", "2005-12-31": "742.30000", "2005-09-30": "836.80000", "2005-06-30": "754.80000", "2005-03-31": "843.90000"}, "Comprehensive Income": {"2020-09-30": "-1.00000", "2020-06-30": "-0.60000", "2020-03-31": "2.00000", "2019-12-31": "1.00000", "2019-09-30": "1.00000", "2019-06-30": "1.00000", "2019-03-31": "2.40000", "2018-12-31": "1.70000", "2018-09-30": "-0.20000", "2018-06-30": "0.10000", "2018-03-31": "-0.50000", "2017-12-31": "-0.50000", "2017-09-30": "-0.40000", "2017-06-30": "-0.40000", "2017-03-31": "-0.40000", "2016-12-31": "-0.40000", "2016-09-30": "-0.40000", "2016-06-30": "-0.40000", "2016-03-31": "-0.40000", "2015-12-31": "-0.40000", "2015-09-30": "-0.60000", "2015-06-30": "-0.60000", "2015-03-31": "-0.60000", "2014-12-31": "-0.60000", "2014-09-30": "-0.20000", "2014-06-30": "-0.20000", "2014-03-31": "-0.20000", "2013-12-31": "-0.20000", "2013-09-30": "-0.80000", "2013-06-30": "-0.80000", "2013-03-31": "-0.80000", "2012-12-31": "-0.80000", "2012-09-30": "-0.80000", "2012-06-30": "-0.80000", "2012-03-31": "-0.80000", "2011-12-31": "-0.80000", "2011-09-30": "-0.60000", "2011-06-30": "-0.60000", "2011-03-31": "-1.40000", "2010-12-31": "-1.40000", "2010-09-30": "-1.70000", "2010-06-30": "-2.30000", "2010-03-31": "-1.40000", "2009-12-31": "-1.40000", "2009-09-30": "-1.00000", "2009-06-30": "-1.40000", "2009-03-31": "-1.50000", "2008-12-31": "-1.40000", "2008-09-30": "", "2008-06-30": "2.80000", "2008-03-31": "0.80000", "2007-12-31": "0.20000", "2007-09-30": "-8.80000", "2007-06-30": "-9.00000", "2007-03-31": "-9.10000", "2006-12-31": "-8.70000", "2006-09-30": "-19.50000", "2006-06-30": "-21.90000", "2006-03-31": "-19.40000", "2005-12-31": "-84.60000", "2005-09-30": "-62.70000", "2005-06-30": "-95.30000", "2005-03-31": "-66.90000"}, "Other Share Holders Equity": {"2020-09-30": "", "2020-06-30": "", "2020-03-31": "", "2019-12-31": "", "2019-09-30": "", "2019-06-30": "", "2019-03-31": "", "2018-12-31": "", "2018-09-30": "", "2018-06-30": "", "2018-03-31": "", "2017-12-31": "", "2017-09-30": "", "2017-06-30": "", "2017-03-31": "", "2016-12-31": "", "2016-09-30": "", "2016-06-30": "", "2016-03-31": "", "2015-12-31": "", "2015-09-30": "", "2015-06-30": "", "2015-03-31": "", "2014-12-31": "", "2014-09-30": "", "2014-06-30": "", "2014-03-31": "", "2013-12-31": "", "2013-09-30": "", "2013-06-30": "", "2013-03-31": "", "2012-12-31": "", "2012-09-30": "", "2012-06-30": "", "2012-03-31": "", "2011-12-31": "", "2011-09-30": "", "2011-06-30": "", "2011-03-31": "", "2010-12-31": "", "2010-09-30": "", "2010-06-30": "", "2010-03-31": "", "2009-12-31": "", "2009-09-30": "", "2009-06-30": "", "2009-03-31": "", "2008-12-31": "", "2008-09-30": "", "2008-06-30": "", "2008-03-31": "", "2007-12-31": "", "2007-09-30": "", "2007-06-30": "", "2007-03-31": "", "2006-12-31": "", "2006-09-30": "", "2006-06-30": "", "2006-03-31": "", "2005-12-31": "", "2005-09-30": "", "2005-06-30": "", "2005-03-31": ""}, "Share Holder Equity": {"2020-09-30": "5909.00000", "2020-06-30": "5748.30000", "2020-03-31": "5702.40000", "2019-12-31": "5405.00000", "2019-09-30": "5169.20000", "2019-06-30": "4899.60000", "2019-03-31": "4882.40000", "2018-12-31": "4785.70000", "2018-09-30": "4770.40000", "2018-06-30": "4550.70000", "2018-03-31": "4431.50000", "2017-12-31": "4382.20000", "2017-09-30": "4354.20000", "2017-06-30": "4250.40000", "2017-03-31": "4096.90000", "2016-12-31": "4062.00000", "2016-09-30": "4059.10000", "2016-06-30": "3990.20000", "2016-03-31": "3964.60000", "2015-12-31": "3924.10000", "2015-09-30": "3946.10000", "2015-06-30": "3821.70000", "2015-03-31": "3798.80000", "2014-12-31": "3640.50000", "2014-09-30": "3637.30000", "2014-06-30": "3539.10000", "2014-03-31": "3533.20000", "2013-12-31": "3483.20000", "2013-09-30": "3468.50000", "2013-06-30": "3362.30000", "2013-03-31": "3347.70000", "2012-12-31": "3341.80000", "2012-09-30": "3262.80000", "2012-06-30": "3161.30000", "2012-03-31": "3144.40000", "2011-12-31": "3159.90000", "2011-09-30": "3148.50000", "2011-06-30": "3074.30000", "2011-03-31": "3107.60000", "2010-12-31": "3139.40000", "2010-09-30": "3073.60000", "2010-06-30": "2965.00000", "2010-03-31": "2960.10000", "2009-12-31": "3018.50000", "2009-09-30": "2945.60000", "2009-06-30": "3030.20000", "2009-03-31": "3042.30000", "2008-12-31": "3069.40000", "2008-09-30": "3056.90000", "2008-06-30": "2988.60000", "2008-03-31": "2963.50000", "2007-12-31": "2925.00000", "2007-09-30": "2755.60000", "2007-06-30": "2740.00000", "2007-03-31": "2807.70000", "2006-12-31": "2895.10000", "2006-09-30": "2722.10000", "2006-06-30": "2738.90000", "2006-03-31": "2724.60000", "2005-12-31": "2684.30000", "2005-09-30": "2799.40000", "2005-06-30": "2671.80000", "2005-03-31": "2783.70000"}, "Total Liabilities And Share Holders Equity": {"2020-09-30": "17540.00000", "2020-06-30": "17269.70000", "2020-03-31": "16879.00000", "2019-12-31": "16701.00000", "2019-09-30": "16533.40000", "2019-06-30": "16121.60000", "2019-03-31": "15713.40000", "2018-12-31": "15426.00000", "2018-09-30": "15269.80000", "2018-06-30": "14615.00000", "2018-03-31": "14241.80000", "2017-12-31": "14187.80000", "2017-09-30": "14114.90000", "2017-06-30": "13743.40000", "2017-03-31": "13464.90000", "2016-12-31": "13373.80000", "2016-09-30": "13029.20000", "2016-06-30": "12685.40000", "2016-03-31": "12535.00000", "2015-12-31": "12495.20000", "2015-09-30": "12558.60000", "2015-06-30": "12312.30000", "2015-03-31": "12079.60000", "2014-12-31": "12063.50000", "2014-09-30": "11594.00000", "2014-06-30": "11386.60000", "2014-03-31": "11116.80000", "2013-12-31": "11112.40000", "2013-09-30": "10981.20000", "2013-06-30": "10887.60000", "2013-03-31": "10733.90000", "2012-12-31": "10785.50000", "2012-09-30": "10250.90000", "2012-06-30": "9934.20000", "2012-03-31": "9628.20000", "2011-12-31": "9687.90000", "2011-09-30": "9481.30000", "2011-06-30": "9301.20000", "2011-03-31": "9400.50000", "2010-12-31": "9282.90000", "2010-09-30": "9225.80000", "2010-06-30": "9043.60000", "2010-03-31": "9075.40000", "2009-12-31": "9036.00000", "2009-09-30": "8755.70000", "2009-06-30": "8335.30000", "2009-03-31": "8239.40000", "2008-12-31": "8201.50000", "2008-09-30": "7296.60000", "2008-06-30": "7403.90000", "2008-03-31": "7189.10000", "2007-12-31": "7189.70000", "2007-09-30": "6927.20000", "2007-06-30": "6751.50000", "2007-03-31": "6718.90000", "2006-12-31": "7084.10000", "2006-09-30": "6953.10000", "2006-06-30": "6855.80000", "2006-03-31": "6942.00000", "2005-12-31": "7733.10000", "2005-09-30": "7886.40000", "2005-06-30": "8080.60000", "2005-03-31": "8131.50000"}}, "cash flow statement": {"Net Income/Loss": {"2019-12-31": "567.40000", "2018-12-31": "522.30000", "2017-12-31": "467.50000", "2016-12-31": "381.70000", "2015-12-31": "388.40000", "2014-12-31": "393.30000", "2013-12-31": "376.20000", "2012-12-31": "335.70000", "2011-12-31": "321.90000", "2010-12-31": "306.30000", "2009-12-31": "129.70000", "2008-12-31": "306.70000", "2007-12-31": "444.00000", "2006-12-31": "315.70000", "2005-12-31": "-7.70000"}, "Total Depreciation And Amortization - Cash Flow": {"2019-12-31": "567.20000", "2018-12-31": "506.90000", "2017-12-31": "461.80000", "2016-12-31": "406.80000", "2015-12-31": "413.70000", "2014-12-31": "442.30000", "2013-12-31": "411.10000", "2012-12-31": "387.90000", "2011-12-31": "380.10000", "2010-12-31": "344.10000", "2009-12-31": "317.70000", "2008-12-31": "286.40000", "2007-12-31": "310.00000", "2006-12-31": "306.60000", "2005-12-31": "389.70000"}, "Other Non-Cash Items": {"2019-12-31": "63.80000", "2018-12-31": "79.20000", "2017-12-31": "209.40000", "2016-12-31": "220.60000", "2015-12-31": "196.90000", "2014-12-31": "168.50000", "2013-12-31": "177.90000", "2012-12-31": "192.50000", "2011-12-31": "163.20000", "2010-12-31": "261.70000", "2009-12-31": "412.10000", "2008-12-31": "141.60000", "2007-12-31": "-182.20000", "2006-12-31": "77.10000", "2005-12-31": "160.50000"}, "Total Non-Cash Items": {"2019-12-31": "631.00010", "2018-12-31": "586.10000", "2017-12-31": "671.20000", "2016-12-31": "627.40010", "2015-12-31": "610.60000", "2014-12-31": "610.80000", "2013-12-31": "589.00010", "2012-12-31": "580.40000", "2011-12-31": "543.30000", "2010-12-31": "605.80000", "2009-12-31": "729.80000", "2008-12-31": "428.00000", "2007-12-31": "127.80000", "2006-12-31": "383.70000", "2005-12-31": "550.20000"}, "Change In Accounts Receivable": {"2019-12-31": "-471.70000", "2018-12-31": "-475.40000", "2017-12-31": "-441.20000", "2016-12-31": "-572.20000", "2015-12-31": "19.80000", "2014-12-31": "41.70000", "2013-12-31": "-150.20000", "2012-12-31": "51.30000", "2011-12-31": "20.70000", "2010-12-31": "81.30000", "2009-12-31": "48.50000", "2008-12-31": "-215.40000", "2007-12-31": "5.00000", "2006-12-31": "45.50000", "2005-12-31": "-86.40000"}, "Change In Inventories": {"2019-12-31": "", "2018-12-31": "", "2017-12-31": "", "2016-12-31": "", "2015-12-31": "", "2014-12-31": "", "2013-12-31": "", "2012-12-31": "", "2011-12-31": "", "2010-12-31": "", "2009-12-31": "", "2008-12-31": "-4.50000", "2007-12-31": "-6.60000", "2006-12-31": "28.20000", "2005-12-31": "-27.20000"}, "Change In Accounts Payable": {"2019-12-31": "", "2018-12-31": "", "2017-12-31": "", "2016-12-31": "", "2015-12-31": "", "2014-12-31": "", "2013-12-31": "", "2012-12-31": "", "2011-12-31": "", "2010-12-31": "", "2009-12-31": "", "2008-12-31": "19.80000", "2007-12-31": "31.50000", "2006-12-31": "-68.90000", "2005-12-31": "122.40000"}, "Change In Assets/Liabilities": {"2019-12-31": "-66.30000", "2018-12-31": "-105.30000", "2017-12-31": "-175.90000", "2016-12-31": "-44.10000", "2015-12-31": "-147.60000", "2014-12-31": "-154.20000", "2013-12-31": "-84.00000", "2012-12-31": "-126.30000", "2011-12-31": "-183.20000", "2010-12-31": "-72.30000", "2009-12-31": "-235.10000", "2008-12-31": "-78.80000", "2007-12-31": "-41.50000", "2006-12-31": "-170.40000", "2005-12-31": "-15.20000"}, "Total Change In Assets/Liabilities": {"2019-12-31": "-538.00000", "2018-12-31": "-580.70000", "2017-12-31": "-617.10000", "2016-12-31": "-616.30000", "2015-12-31": "-127.80000", "2014-12-31": "-112.50000", "2013-12-31": "-234.20000", "2012-12-31": "-75.00000", "2011-12-31": "-162.50000", "2010-12-31": "72.80000", "2009-12-31": "-202.40000", "2008-12-31": "-396.49990", "2007-12-31": "35.70000", "2006-12-31": "-296.10000", "2005-12-31": "22.90000"}, "Cash Flow From Operating Activities": {"2019-12-31": "660.40000", "2018-12-31": "527.70000", "2017-12-31": "521.60000", "2016-12-31": "392.80000", "2015-12-31": "871.20000", "2014-12-31": "891.60000", "2013-12-31": "731.00000", "2012-12-31": "841.10000", "2011-12-31": "702.70000", "2010-12-31": "984.90000", "2009-12-31": "657.10000", "2008-12-31": "338.20000", "2007-12-31": "607.50000", "2006-12-31": "403.30000", "2005-12-31": "565.40000"}, "Net Change In Property, Plant, And Equipment": {"2019-12-31": "-1640.10000", "2018-12-31": "-1633.90000", "2017-12-31": "-1466.90000", "2016-12-31": "-1196.80000", "2015-12-31": "-894.40000", "2014-12-31": "-838.90000", "2013-12-31": "-731.60000", "2012-12-31": "-1025.50000", "2011-12-31": "-608.10000", "2010-12-31": "-833.30000", "2009-12-31": "-1149.60000", "2008-12-31": "-842.40000", "2007-12-31": "358.80000", "2006-12-31": "398.00000", "2005-12-31": "-321.80000"}, "Net Change In Intangible Assets": {"2019-12-31": "", "2018-12-31": "", "2017-12-31": "", "2016-12-31": "", "2015-12-31": "", "2014-12-31": "", "2013-12-31": "", "2012-12-31": "", "2011-12-31": "", "2010-12-31": "", "2009-12-31": "", "2008-12-31": "", "2007-12-31": "", "2006-12-31": "", "2005-12-31": ""}, "Net Acquisitions/Divestitures": {"2019-12-31": "", "2018-12-31": "", "2017-12-31": "", "2016-12-31": "", "2015-12-31": "", "2014-12-31": "", "2013-12-31": "", "2012-12-31": "", "2011-12-31": "", "2010-12-31": "", "2009-12-31": "", "2008-12-31": "", "2007-12-31": "", "2006-12-31": "", "2005-12-31": ""}, "Net Change In Short-term Investments": {"2019-12-31": "", "2018-12-31": "", "2017-12-31": "", "2016-12-31": "", "2015-12-31": "", "2014-12-31": "", "2013-12-31": "", "2012-12-31": "", "2011-12-31": "", "2010-12-31": "", "2009-12-31": "", "2008-12-31": "", "2007-12-31": "-23.90000", "2006-12-31": "54.60000", "2005-12-31": "49.80000"}, "Net Change In Long-Term Investments": {"2019-12-31": "", "2018-12-31": "", "2017-12-31": "", "2016-12-31": "", "2015-12-31": "", "2014-12-31": "", "2013-12-31": "", "2012-12-31": "", "2011-12-31": "", "2010-12-31": "", "2009-12-31": "", "2008-12-31": "", "2007-12-31": "", "2006-12-31": "", "2005-12-31": ""}, "Net Change In Investments - Total": {"2019-12-31": "", "2018-12-31": "", "2017-12-31": "", "2016-12-31": "", "2015-12-31": "", "2014-12-31": "", "2013-12-31": "", "2012-12-31": "", "2011-12-31": "", "2010-12-31": "", "2009-12-31": "", "2008-12-31": "", "2007-12-31": "-23.90000", "2006-12-31": "54.60000", "2005-12-31": "49.80000"}, "Investing Activities - Other": {"2019-12-31": "352.80000", "2018-12-31": "567.10000", "2017-12-31": "433.50000", "2016-12-31": "476.60000", "2015-12-31": "-24.80000", "2014-12-31": "-78.80000", "2013-12-31": "-23.10000", "2012-12-31": "-130.00000", "2011-12-31": "-44.00000", "2010-12-31": "-33.20000", "2009-12-31": "0.70000", "2008-12-31": "-23.70000", "2007-12-31": "-5.90000", "2006-12-31": "13.20000", "2005-12-31": "-44.00000"}, "Cash Flow From Investing Activities": {"2019-12-31": "-1287.30000", "2018-12-31": "-1066.80000", "2017-12-31": "-1033.40000", "2016-12-31": "-720.20000", "2015-12-31": "-919.20000", "2014-12-31": "-917.70000", "2013-12-31": "-754.70000", "2012-12-31": "-1155.50000", "2011-12-31": "-652.10000", "2010-12-31": "-866.50000", "2009-12-31": "-1148.90000", "2008-12-31": "-866.10000", "2007-12-31": "329.00000", "2006-12-31": "465.80000", "2005-12-31": "-316.00000"}, "Net Long-Term Debt": {"2019-12-31": "693.50000", "2018-12-31": "644.30000", "2017-12-31": "545.40000", "2016-12-31": "486.60000", "2015-12-31": "67.70000", "2014-12-31": "454.40000", "2013-12-31": "248.50000", "2012-12-31": "383.60000", "2011-12-31": "0.40000", "2010-12-31": "192.20000", "2009-12-31": "422.30000", "2008-12-31": "345.70000", "2007-12-31": "26.80000", "2006-12-31": "-582.50000", "2005-12-31": "-371.60000"}, "Net Current Debt": {"2019-12-31": "-103.80000", "2018-12-31": "26.00000", "2017-12-31": "171.10000", "2016-12-31": "84.30000", "2015-12-31": "18.50000", "2014-12-31": "-138.10000", "2013-12-31": "11.90000", "2012-12-31": "164.70000", "2011-12-31": "55.40000", "2010-12-31": "-142.60000", "2009-12-31": "103.90000", "2008-12-31": "-25.20000", "2007-12-31": "-67.50000", "2006-12-31": "-17.00000", "2005-12-31": "179.90000"}, "Debt Issuance/Retirement Net - Total": {"2019-12-31": "589.70000", "2018-12-31": "670.30000", "2017-12-31": "716.50000", "2016-12-31": "570.90000", "2015-12-31": "86.20000", "2014-12-31": "316.30000", "2013-12-31": "260.40000", "2012-12-31": "548.30000", "2011-12-31": "55.80000", "2010-12-31": "49.60000", "2009-12-31": "526.20000", "2008-12-31": "320.50000", "2007-12-31": "-40.70000", "2006-12-31": "-599.50000", "2005-12-31": "-191.70000"}, "Net Common Equity Issued/Repurchased": {"2019-12-31": "390.30000", "2018-12-31": "196.60000", "2017-12-31": "149.60000", "2016-12-31": "26.60000", "2015-12-31": "151.20000", "2014-12-31": "", "2013-12-31": "", "2012-12-31": "", "2011-12-31": "", "2010-12-31": "", "2009-12-31": "", "2008-12-31": "", "2007-12-31": "-262.70000", "2006-12-31": "-55.50000", "2005-12-31": "29.30000"}, "Net Total Equity Issued/Repurchased": {"2019-12-31": "390.30000", "2018-12-31": "196.60000", "2017-12-31": "149.60000", "2016-12-31": "26.60000", "2015-12-31": "151.20000", "2014-12-31": "", "2013-12-31": "-11.00000", "2012-12-31": "", "2011-12-31": "-40.00000", "2010-12-31": "", "2009-12-31": "", "2008-12-31": "", "2007-12-31": "-262.70000", "2006-12-31": "-55.50000", "2005-12-31": "29.30000"}, "Total Common And Preferred Stock Dividends Paid": {"2019-12-31": "-337.70000", "2018-12-31": "-312.20000", "2017-12-31": "-288.30000", "2016-12-31": "-266.50000", "2015-12-31": "-247.30000", "2014-12-31": "-225.80000", "2013-12-31": "-208.30000", "2012-12-31": "-215.20000", "2011-12-31": "-204.90000", "2010-12-31": "-193.30000", "2009-12-31": "-184.20000", "2008-12-31": "-173.00000", "2007-12-31": "-161.90000", "2006-12-31": "-134.40000", "2005-12-31": "-121.90000"}, "Financial Activities - Other": {"2019-12-31": "-23.20000", "2018-12-31": "-24.00000", "2017-12-31": "-45.20000", "2016-12-31": "-1.70000", "2015-12-31": "6.80000", "2014-12-31": "-17.30000", "2013-12-31": "-28.80000", "2012-12-31": "-8.90000", "2011-12-31": "-9.40000", "2010-12-31": "9.30000", "2009-12-31": "-21.80000", "2008-12-31": "-18.30000", "2007-12-31": "8.40000", "2006-12-31": "-29.70000", "2005-12-31": "-13.70000"}, "Cash Flow From Financial Activities": {"2019-12-31": "619.10000", "2018-12-31": "530.70000", "2017-12-31": "532.60000", "2016-12-31": "329.30000", "2015-12-31": "-3.10000", "2014-12-31": "73.20000", "2013-12-31": "12.30000", "2012-12-31": "324.20000", "2011-12-31": "-198.50000", "2010-12-31": "-134.40000", "2009-12-31": "320.20000", "2008-12-31": "129.20000", "2007-12-31": "-456.90000", "2006-12-31": "-819.10000", "2005-12-31": "-298.00000"}, "Net Cash Flow": {"2019-12-31": "-7.80000", "2018-12-31": "-8.40000", "2017-12-31": "20.80000", "2016-12-31": "1.90000", "2015-12-31": "-51.10000", "2014-12-31": "47.10000", "2013-12-31": "-11.40000", "2012-12-31": "9.80000", "2011-12-31": "-147.90000", "2010-12-31": "-16.00000", "2009-12-31": "-171.60000", "2008-12-31": "-398.70000", "2007-12-31": "479.60000", "2006-12-31": "50.00000", "2005-12-31": "-48.60000"}, "Stock-Based Compensation": {"2019-12-31": "", "2018-12-31": "", "2017-12-31": "", "2016-12-31": "", "2015-12-31": "", "2014-12-31": "", "2013-12-31": "", "2012-12-31": "", "2011-12-31": "", "2010-12-31": "", "2009-12-31": "", "2008-12-31": "", "2007-12-31": "", "2006-12-31": "", "2005-12-31": ""}, "Common Stock Dividends Paid": {"2019-12-31": "-337.70000", "2018-12-31": "-312.20000", "2017-12-31": "-288.30000", "2016-12-31": "-266.50000", "2015-12-31": "-247.30000", "2014-12-31": "-225.80000", "2013-12-31": "-208.30000", "2012-12-31": "-199.30000", "2011-12-31": "-188.10000", "2010-12-31": "-174.60000", "2009-12-31": "-165.50000", "2008-12-31": "-154.30000", "2007-12-31": "-143.20000", "2006-12-31": "-134.40000", "2005-12-31": "-121.90000"}}, "cash flow statement, quarterly": {"Net Income/Loss": {"2020-09-30": 248.5, "2020-06-30": 136.9, "2020-03-31": "172.60000", "2019-12-31": 113.4, "2019-09-30": 229.2, "2019-06-30": 97.1, "2019-03-31": "127.70000", "2018-12-31": 87.8, "2018-09-30": 208.1, "2018-06-30": 102.9, "2018-03-31": "123.50000", "2017-12-31": 96.3, "2017-09-30": 171.4, "2017-06-30": 96.8, "2017-03-31": "103.00000", "2016-12-31": 65.2, "2016-09-30": 131, "2016-06-30": 86.4, "2016-03-31": "99.10000", "2015-12-31": 36.6, "2015-09-30": 182.5, "2015-06-30": 70.1, "2015-03-31": "99.20000", "2014-12-31": 62.5, "2014-09-30": 155.9, "2014-06-30": 64.3, "2014-03-31": "110.60000", "2013-12-31": 68.1, "2013-09-30": 160.2, "2013-06-30": 67.8, "2013-03-31": "80.10000", "2012-12-31": 72.3, "2012-09-30": 154.7, "2012-06-30": 69.8, "2012-03-31": "38.90000", "2011-12-31": 61, "2011-09-30": 125.9, "2011-06-30": 55.3, "2011-03-31": "79.70000", "2010-12-31": 52, "2010-09-30": 153.7, "2010-06-30": 52.5, "2010-03-31": "48.10000", "2009-12-31": 58.3, "2009-09-30": -39.7, "2009-06-30": 33.8, "2009-03-31": "77.30000", "2008-12-31": 55.3, "2008-09-30": 113.1, "2008-06-30": 65.5, "2008-03-31": "72.80000", "2007-12-31": 211.9, "2007-09-30": 119.6, "2007-06-30": 48.6, "2007-03-31": "63.90000", "2006-12-31": 193.1, "2006-09-30": 78.8, "2006-06-30": 45.4, "2006-03-31": "-1.60000", "2005-12-31": -63.9, "2005-09-30": 112.5, "2005-06-30": -58.7, "2005-03-31": "2.40000"}, "Total Depreciation And Amortization - Cash Flow": {"2020-09-30": 155.6, "2020-06-30": 146.8, "2020-03-31": "151.60000", "2019-12-31": 143.2, "2019-09-30": 144.2, "2019-06-30": 153, "2019-03-31": "126.80000", "2018-12-31": 130.5, "2018-09-30": 129, "2018-06-30": 127, "2018-03-31": "120.40000", "2017-12-31": 119.1, "2017-09-30": 120.7, "2017-06-30": 115, "2017-03-31": "107.00000", "2016-12-31": 98.1, "2016-09-30": 104.1, "2016-06-30": 102.1, "2016-03-31": "102.50000", "2015-12-31": 113.8, "2015-09-30": 99.3, "2015-06-30": 100.4, "2015-03-31": "100.20000", "2014-12-31": 153.9, "2014-09-30": 97.1, "2014-06-30": 95.8, "2014-03-31": "95.50000", "2013-12-31": 104.6, "2013-09-30": 101.9, "2013-06-30": 102.3, "2013-03-31": "102.30000", "2012-12-31": 98.7, "2012-09-30": 97.3, "2012-06-30": 94.3, "2012-03-31": "97.60000", "2011-12-31": 95.7, "2011-09-30": 95.1, "2011-06-30": 96.7, "2011-03-31": "92.60000", "2010-12-31": 91.1, "2010-09-30": 89.5, "2010-06-30": 75.8, "2010-03-31": "87.70000", "2009-12-31": 83.1, "2009-09-30": 81.9, "2009-06-30": 76.9, "2009-03-31": "75.80000", "2008-12-31": 70.4, "2008-09-30": 69.5, "2008-06-30": 73.1, "2008-03-31": "73.40000", "2007-12-31": 76.9, "2007-09-30": 77.1, "2007-06-30": 78, "2007-03-31": "78.00000", "2006-12-31": 77.5, "2006-09-30": 75.3, "2006-06-30": 74.7, "2006-03-31": "79.10000", "2005-12-31": 104, "2005-09-30": 95.7, "2005-06-30": 94.6, "2005-03-31": "95.40000"}, "Other Non-Cash Items": {"2020-09-30": 25.1, "2020-06-30": 25.8, "2020-03-31": "27.10000", "2019-12-31": -5.2, "2019-09-30": 32.1, "2019-06-30": -1.7, "2019-03-31": "38.60000", "2018-12-31": 79.9, "2018-09-30": -5.5, "2018-06-30": 2, "2018-03-31": "2.80000", "2017-12-31": 12.8, "2017-09-30": 96.5, "2017-06-30": 52.2, "2017-03-31": "47.90000", "2016-12-31": 29.7, "2016-09-30": 173.5, "2016-06-30": -8.1, "2016-03-31": "25.50000", "2015-12-31": 24.3, "2015-09-30": 78.1, "2015-06-30": 64.9, "2015-03-31": "29.60000", "2014-12-31": -8.8, "2014-09-30": 76.8, "2014-06-30": 58.7, "2014-03-31": "41.80000", "2013-12-31": 30.5, "2013-09-30": 77, "2013-06-30": 53.3, "2013-03-31": "17.10000", "2012-12-31": 29.5, "2012-09-30": 90.8, "2012-06-30": 42.9, "2012-03-31": "29.30000", "2011-12-31": 124.2, "2011-09-30": -19.4, "2011-06-30": 17.8, "2011-03-31": "40.60000", "2010-12-31": 37.3, "2010-09-30": 170.1, "2010-06-30": 28.6, "2010-03-31": "25.70000", "2009-12-31": 74.2, "2009-09-30": 272, "2009-06-30": 26.4, "2009-03-31": "39.50000", "2008-12-31": 108.9, "2008-09-30": 37.9, "2008-06-30": -21, "2008-03-31": "15.80000", "2007-12-31": -208.6, "2007-09-30": 26.1, "2007-06-30": -2.2, "2007-03-31": "2.50000", "2006-12-31": -88, "2006-09-30": 25.4, "2006-06-30": 57.4, "2006-03-31": "82.30000", "2005-12-31": -59.9, "2005-09-30": 56.4, "2005-06-30": 117.5, "2005-03-31": "46.50000"}, "Total Non-Cash Items": {"2020-09-30": 180.7, "2020-06-30": 172.6, "2020-03-31": "178.70000", "2019-12-31": 138.0001, "2019-09-30": 176.3, "2019-06-30": 151.3, "2019-03-31": "165.40000", "2018-12-31": 210.4, "2018-09-30": 123.5, "2018-06-30": 129, "2018-03-31": "123.20000", "2017-12-31": 131.9, "2017-09-30": 217.2, "2017-06-30": 167.2, "2017-03-31": "154.90000", "2016-12-31": 127.8001, "2016-09-30": 277.6, "2016-06-30": 94, "2016-03-31": "128.00000", "2015-12-31": 138.1, "2015-09-30": 177.4, "2015-06-30": 165.3, "2015-03-31": "129.80000", "2014-12-31": 145.1, "2014-09-30": 173.9, "2014-06-30": 154.5, "2014-03-31": "137.30000", "2013-12-31": 135.1001, "2013-09-30": 178.9, "2013-06-30": 155.6, "2013-03-31": "119.40000", "2012-12-31": 128.2, "2012-09-30": 188.1, "2012-06-30": 137.2, "2012-03-31": "126.90000", "2011-12-31": 219.9, "2011-09-30": 75.7, "2011-06-30": 114.5, "2011-03-31": "133.20000", "2010-12-31": 128.4, "2010-09-30": 259.6, "2010-06-30": 104.4, "2010-03-31": "113.40000", "2009-12-31": 157.3, "2009-09-30": 353.9, "2009-06-30": 103.3, "2009-03-31": "115.30000", "2008-12-31": 179.3, "2008-09-30": 107.4, "2008-06-30": 52.1, "2008-03-31": "89.20000", "2007-12-31": -131.7, "2007-09-30": 103.2, "2007-06-30": 75.8, "2007-03-31": "80.50000", "2006-12-31": -10.5, "2006-09-30": 100.7, "2006-06-30": 132.1, "2006-03-31": "161.40000", "2005-12-31": 44.1, "2005-09-30": 152.1, "2005-06-30": 212.1, "2005-03-31": "141.90000"}, "Change In Accounts Receivable": {"2020-09-30": -118.1, "2020-06-30": -78.9, "2020-03-31": "-119.00000", "2019-12-31": -112.7, "2019-09-30": -159.3, "2019-06-30": -78.1, "2019-03-31": "-121.60000", "2018-12-31": -150.2, "2018-09-30": -156.8, "2018-06-30": -87.8, "2018-03-31": "-80.60000", "2017-12-31": -172.9, "2017-09-30": 36.5, "2017-06-30": -161.6, "2017-03-31": "-143.20000", "2016-12-31": -467.2, "2016-09-30": -178.5, "2016-06-30": 64.3, "2016-03-31": "9.20000", "2015-12-31": 29.1, "2015-09-30": -121, "2015-06-30": 53.1, "2015-03-31": "58.60000", "2014-12-31": -54.4, "2014-09-30": 67.5, "2014-06-30": 38.2, "2014-03-31": "-9.60000", "2013-12-31": -147.4, "2013-09-30": 8.6, "2013-06-30": 31.5, "2013-03-31": "-42.90000", "2012-12-31": 85.4, "2012-09-30": -61.1, "2012-06-30": -41.9, "2012-03-31": "68.90000", "2011-12-31": 20.4, "2011-09-30": -82.5, "2011-06-30": 73.2, "2011-03-31": "9.60000", "2010-12-31": -41.7, "2010-09-30": -61.6, "2010-06-30": 161.5, "2010-03-31": "23.10000", "2009-12-31": -126, "2009-09-30": -68.2, "2009-06-30": 119.7, "2009-03-31": "123.00000", "2008-12-31": -239.2, "2008-09-30": -6.5, "2008-06-30": 152.9, "2008-03-31": "-122.60000", "2007-12-31": 37.3, "2007-09-30": -127.4, "2007-06-30": 83.2, "2007-03-31": "11.90000", "2006-12-31": -7.4, "2006-09-30": -65.4, "2006-06-30": 114.7, "2006-03-31": "3.60000", "2005-12-31": -103.9, "2005-09-30": -62.2, "2005-06-30": 61.8, "2005-03-31": "17.90000"}, "Change In Inventories": {"2020-09-30": 0, "2020-06-30": -13.7, "2020-03-31": "13.70000", "2019-12-31": 0, "2019-09-30": 0, "2019-06-30": -33.1, "2019-03-31": "33.10000", "2018-12-31": 0, "2018-09-30": 0, "2018-06-30": -28.2, "2018-03-31": "28.20000", "2017-12-31": 0, "2017-09-30": 0, "2017-06-30": -25.4, "2017-03-31": "25.40000", "2016-12-31": 0, "2016-09-30": 0, "2016-06-30": -27.4, "2016-03-31": "27.40000", "2015-12-31": 0, "2015-09-30": -44, "2015-06-30": -5.5, "2015-03-31": "49.50000", "2014-12-31": 0, "2014-09-30": 0, "2014-06-30": -28.5, "2014-03-31": "28.50000", "2013-12-31": 0, "2013-09-30": 0, "2013-06-30": -28.7, "2013-03-31": "28.70000", "2012-12-31": 0, "2012-09-30": 0, "2012-06-30": -30.3, "2012-03-31": "30.30000", "2011-12-31": 0, "2011-09-30": 0, "2011-06-30": -34.4, "2011-03-31": "34.40000", "2010-12-31": 0, "2010-09-30": 0, "2010-06-30": -25.5, "2010-03-31": "25.50000", "2009-12-31": -24.7, "2009-09-30": -17.3, "2009-06-30": -15.1, "2009-03-31": "57.10000", "2008-12-31": 8.8, "2008-09-30": -46.7, "2008-06-30": -24.2, "2008-03-31": "57.60000", "2007-12-31": 3.5, "2007-09-30": -12, "2007-06-30": -39.9, "2007-03-31": "41.80000", "2006-12-31": 3.8, "2006-09-30": -23.1, "2006-06-30": -10.3, "2006-03-31": "57.80000", "2005-12-31": -14.9, "2005-09-30": -50.6, "2005-06-30": -6.2, "2005-03-31": "44.50000"}, "Change In Accounts Payable": {"2020-09-30": -8.3, "2020-06-30": 14.5, "2020-03-31": "-6.20000", "2019-12-31": 0, "2019-09-30": 33.1, "2019-06-30": 9.6, "2019-03-31": "-42.70000", "2018-12-31": 47.3, "2018-09-30": -13.2, "2018-06-30": 25.5, "2018-03-31": "-59.60000", "2017-12-31": -3.8, "2017-09-30": 4.8, "2017-06-30": 40.3, "2017-03-31": "-41.30000", "2016-12-31": 0, "2016-09-30": 0, "2016-06-30": 31.2, "2016-03-31": "-31.20000", "2015-12-31": 0, "2015-09-30": 0, "2015-06-30": 32.8, "2015-03-31": "-32.80000", "2014-12-31": 0, "2014-09-30": -35.8, "2014-06-30": 10.4, "2014-03-31": "25.40000", "2013-12-31": 0, "2013-09-30": -53.3, "2013-06-30": 51.8, "2013-03-31": "1.50000", "2012-12-31": 0, "2012-09-30": -28.9, "2012-06-30": 28.9, "2012-03-31": "", "2011-12-31": -25.9, "2011-09-30": 25.9, "2011-06-30": 0, "2011-03-31": "", "2010-12-31": 12.1, "2010-09-30": -12.1, "2010-06-30": 36.9, "2010-03-31": "-36.90000", "2009-12-31": 57.2, "2009-09-30": 3.2, "2009-06-30": -22.2, "2009-03-31": "-38.20000", "2008-12-31": -25.5, "2008-09-30": 10.4, "2008-06-30": 44.6, "2008-03-31": "-9.70000", "2007-12-31": 37.5, "2007-09-30": -10.7, "2007-06-30": 24.1, "2007-03-31": "-19.40000", "2006-12-31": 37, "2006-09-30": 0.5, "2006-06-30": -15.8, "2006-03-31": "-90.60000", "2005-12-31": 101.3, "2005-09-30": 10.8, "2005-06-30": -3, "2005-03-31": "13.30000"}, "Change In Assets/Liabilities": {"2020-09-30": -186.5, "2020-06-30": -71.9, "2020-03-31": "-79.60000", "2019-12-31": 12.7, "2019-09-30": -47.2, "2019-06-30": -51, "2019-03-31": "19.20000", "2018-12-31": -47.3, "2018-09-30": -56.3, "2018-06-30": -23.3, "2018-03-31": "21.60000", "2017-12-31": 18.8, "2017-09-30": -106.1, "2017-06-30": -108.8, "2017-03-31": "20.20000", "2016-12-31": 13, "2016-09-30": -40, "2016-06-30": -12.9, "2016-03-31": "-4.20000", "2015-12-31": -27.9, "2015-09-30": -16.9, "2015-06-30": -113.2, "2015-03-31": "10.40000", "2014-12-31": -25.5, "2014-09-30": -45.8, "2014-06-30": -84.3, "2014-03-31": "1.40000", "2013-12-31": 32.1, "2013-09-30": -74.6, "2013-06-30": -53.3, "2013-03-31": "11.80000", "2012-12-31": -45.1, "2012-09-30": 8.3, "2012-06-30": -39.5, "2012-03-31": "-50.00000", "2011-12-31": -88.6, "2011-09-30": -97, "2011-06-30": -2, "2011-03-31": "4.40000", "2010-12-31": 0.5, "2010-09-30": -49, "2010-06-30": -21.5, "2010-03-31": "-2.30000", "2009-12-31": -130.7, "2009-09-30": -52.6, "2009-06-30": -34.8, "2009-03-31": "-17.00000", "2008-12-31": -17.2, "2008-09-30": -34.5, "2008-06-30": -47.8, "2008-03-31": "20.70000", "2007-12-31": 10.5, "2007-09-30": -58.6, "2007-06-30": 8.5, "2007-03-31": "-1.90000", "2006-12-31": -138.7, "2006-09-30": 32.1, "2006-06-30": -13.8, "2006-03-31": "-50.00000", "2005-12-31": 66, "2005-09-30": -41.4, "2005-06-30": -15.4, "2005-03-31": "-24.40000"}, "Total Change In Assets/Liabilities": {"2020-09-30": -312.9, "2020-06-30": -150, "2020-03-31": "-191.10000", "2019-12-31": -100, "2019-09-30": -173.4, "2019-06-30": -152.6, "2019-03-31": "-112.00000", "2018-12-31": -212.7, "2018-09-30": -163.8, "2018-06-30": -113.8, "2018-03-31": "-90.40000", "2017-12-31": -157.9, "2017-09-30": -64.8, "2017-06-30": -255.5, "2017-03-31": "-138.90000", "2016-12-31": -454.2, "2016-09-30": -264.6, "2016-06-30": 101.3, "2016-03-31": "1.20000", "2015-12-31": 1.2, "2015-09-30": -181.9, "2015-06-30": -32.8, "2015-03-31": "85.70000", "2014-12-31": -79.9, "2014-09-30": -14.1, "2014-06-30": -64.2, "2014-03-31": "45.70000", "2013-12-31": -115.3, "2013-09-30": -119.3, "2013-06-30": 1.3, "2013-03-31": "-0.90000", "2012-12-31": 40.3, "2012-09-30": -81.7, "2012-06-30": -82.8, "2012-03-31": "49.20000", "2011-12-31": -190.9, "2011-09-30": -55.7, "2011-06-30": 35.7, "2011-03-31": "48.40000", "2010-12-31": 108.9, "2010-09-30": -196.9, "2010-06-30": 133.1, "2010-03-31": "27.70000", "2009-12-31": -149, "2009-09-30": -163.6, "2009-06-30": 35.2, "2009-03-31": "75.00000", "2008-12-31": -311.6999, "2008-09-30": -65.1, "2008-06-30": 50.7, "2008-03-31": "-70.40000", "2007-12-31": 149.4, "2007-09-30": -145.6, "2007-06-30": 8.7, "2007-03-31": "23.20000", "2006-12-31": -124.3, "2006-09-30": -57.6, "2006-06-30": -11.1, "2006-03-31": "-103.10000", "2005-12-31": 75, "2005-09-30": -123.1, "2005-06-30": 19.7, "2005-03-31": "51.30000"}, "Cash Flow From Operating Activities": {"2020-09-30": 116.3, "2020-06-30": 159.5, "2020-03-31": "160.20000", "2019-12-31": 151.4, "2019-09-30": 232.1, "2019-06-30": 95.8, "2019-03-31": "181.10000", "2018-12-31": 85.5, "2018-09-30": 167.8, "2018-06-30": 118.1, "2018-03-31": "156.30000", "2017-12-31": 70.3, "2017-09-30": 323.8, "2017-06-30": 8.5, "2017-03-31": "119.00000", "2016-12-31": -261.2, "2016-09-30": 144, "2016-06-30": 281.7, "2016-03-31": "228.30000", "2015-12-31": 175.9, "2015-09-30": 178, "2015-06-30": 202.6, "2015-03-31": "314.70000", "2014-12-31": 127.7, "2014-09-30": 315.7, "2014-06-30": 154.6, "2014-03-31": "293.60000", "2013-12-31": 87.9, "2013-09-30": 219.8, "2013-06-30": 224.7, "2013-03-31": "198.60000", "2012-12-31": 240.8, "2012-09-30": 261.1, "2012-06-30": 124.2, "2012-03-31": "215.00000", "2011-12-31": 90, "2011-09-30": 145.9, "2011-06-30": 205.5, "2011-03-31": "261.30000", "2010-12-31": 289.3, "2010-09-30": 216.4, "2010-06-30": 290, "2010-03-31": "189.20000", "2009-12-31": 66.6, "2009-09-30": 150.6, "2009-06-30": 172.3, "2009-03-31": "267.60000", "2008-12-31": -77.1, "2008-09-30": 155.4, "2008-06-30": 168.3, "2008-03-31": "91.60000", "2007-12-31": 229.6, "2007-09-30": 77.2, "2007-06-30": 133.1, "2007-03-31": "167.60000", "2006-12-31": 58.3, "2006-09-30": 121.9, "2006-06-30": 166.4, "2006-03-31": "56.70000", "2005-12-31": 55.2, "2005-09-30": 141.5, "2005-06-30": 173.1, "2005-03-31": "195.60000"}, "Net Change In Property, Plant, And Equipment": {"2020-09-30": -365.7, "2020-06-30": -319.8, "2020-03-31": "-288.50000", "2019-12-31": -565.1, "2019-09-30": -368.4, "2019-06-30": -300.5, "2019-03-31": "-406.10000", "2018-12-31": -505.9, "2018-09-30": -394.7, "2018-06-30": -377.8, "2018-03-31": "-355.50000", "2017-12-31": -417.5, "2017-09-30": -441.9, "2017-06-30": -316, "2017-03-31": "-291.50000", "2016-12-31": -409.9, "2016-09-30": -295.9, "2016-06-30": -251.8, "2016-03-31": "-239.20000", "2015-12-31": -353.6, "2015-09-30": -104.6, "2015-06-30": -190.4, "2015-03-31": "-245.80000", "2014-12-31": -251.5, "2014-09-30": -222.9, "2014-06-30": -191.5, "2014-03-31": "-173.00000", "2013-12-31": -207.2, "2013-09-30": -182.9, "2013-06-30": -174.2, "2013-03-31": "-167.30000", "2012-12-31": -612.8, "2012-09-30": -90.3, "2012-06-30": -200.3, "2012-03-31": "-122.10000", "2011-12-31": -127.9, "2011-09-30": -142.1, "2011-06-30": -108.7, "2011-03-31": "-229.40000", "2010-12-31": -245.7, "2010-09-30": -202.8, "2010-06-30": -162.2, "2010-03-31": "-222.60000", "2009-12-31": -249.4, "2009-09-30": -302.4, "2009-06-30": -302.2, "2009-03-31": "-295.60000", "2008-12-31": -223.3, "2008-09-30": -175.3, "2008-06-30": -311, "2008-03-31": "-132.80000", "2007-12-31": 584.6, "2007-09-30": -109.1, "2007-06-30": -77.2, "2007-03-31": "-39.50000", "2006-12-31": 38.1, "2006-09-30": -70, "2006-06-30": -55.8, "2006-03-31": "485.70000", "2005-12-31": -80.5, "2005-09-30": -22.5, "2005-06-30": -102.4, "2005-03-31": "-116.40000"}, "Net Change In Intangible Assets": {"2020-09-30": 0, "2020-06-30": 0, "2020-03-31": "", "2019-12-31": 0, "2019-09-30": 0, "2019-06-30": 0, "2019-03-31": "", "2018-12-31": 0, "2018-09-30": 0, "2018-06-30": 0, "2018-03-31": "", "2017-12-31": 0, "2017-09-30": 0, "2017-06-30": 0, "2017-03-31": "", "2016-12-31": 0, "2016-09-30": 0, "2016-06-30": 0, "2016-03-31": "", "2015-12-31": 0, "2015-09-30": 0, "2015-06-30": 0, "2015-03-31": "", "2014-12-31": 0, "2014-09-30": 0, "2014-06-30": 0, "2014-03-31": "", "2013-12-31": 0, "2013-09-30": 0, "2013-06-30": 0, "2013-03-31": "", "2012-12-31": 0, "2012-09-30": 0, "2012-06-30": 0, "2012-03-31": "", "2011-12-31": 0, "2011-09-30": 0, "2011-06-30": 0, "2011-03-31": "", "2010-12-31": 0, "2010-09-30": 0, "2010-06-30": 0, "2010-03-31": "", "2009-12-31": 0, "2009-09-30": 0, "2009-06-30": 0, "2009-03-31": "", "2008-12-31": 0, "2008-09-30": 0, "2008-06-30": 0, "2008-03-31": "", "2007-12-31": 23.9, "2007-09-30": 0, "2007-06-30": 0, "2007-03-31": "-23.90000", "2006-12-31": 0, "2006-09-30": 0, "2006-06-30": 0, "2006-03-31": "", "2005-12-31": 0, "2005-09-30": 0, "2005-06-30": 0, "2005-03-31": ""}, "Net Acquisitions/Divestitures": {"2020-09-30": 0, "2020-06-30": 0, "2020-03-31": "", "2019-12-31": 0, "2019-09-30": 0, "2019-06-30": 0, "2019-03-31": "", "2018-12-31": 0, "2018-09-30": 0, "2018-06-30": 0, "2018-03-31": "", "2017-12-31": 0, "2017-09-30": 0, "2017-06-30": 0, "2017-03-31": "", "2016-12-31": 0, "2016-09-30": 0, "2016-06-30": 0, "2016-03-31": "", "2015-12-31": 0, "2015-09-30": 0, "2015-06-30": 0, "2015-03-31": "", "2014-12-31": 0, "2014-09-30": 0, "2014-06-30": 0, "2014-03-31": "", "2013-12-31": 0, "2013-09-30": 0, "2013-06-30": 0, "2013-03-31": "", "2012-12-31": 0, "2012-09-30": 0, "2012-06-30": 0, "2012-03-31": "", "2011-12-31": 0, "2011-09-30": 0, "2011-06-30": 0, "2011-03-31": "", "2010-12-31": 0, "2010-09-30": 0, "2010-06-30": 0, "2010-03-31": "", "2009-12-31": 0, "2009-09-30": 0, "2009-06-30": 0, "2009-03-31": "", "2008-12-31": 0, "2008-09-30": 0, "2008-06-30": 0, "2008-03-31": "", "2007-12-31": 0, "2007-09-30": 0, "2007-06-30": 0, "2007-03-31": "", "2006-12-31": 0, "2006-09-30": 0, "2006-06-30": 0, "2006-03-31": "", "2005-12-31": 0, "2005-09-30": 0, "2005-06-30": 0, "2005-03-31": ""}, "Net Change In Short-term Investments": {"2020-09-30": 0, "2020-06-30": 0, "2020-03-31": "", "2019-12-31": 0, "2019-09-30": 0, "2019-06-30": 0, "2019-03-31": "", "2018-12-31": 0, "2018-09-30": 0, "2018-06-30": 0, "2018-03-31": "", "2017-12-31": 0, "2017-09-30": 0, "2017-06-30": 0, "2017-03-31": "", "2016-12-31": 0, "2016-09-30": 0, "2016-06-30": 0, "2016-03-31": "", "2015-12-31": 0, "2015-09-30": 0, "2015-06-30": 0, "2015-03-31": "", "2014-12-31": 0, "2014-09-30": 0, "2014-06-30": 0, "2014-03-31": "", "2013-12-31": 0, "2013-09-30": 0, "2013-06-30": 0, "2013-03-31": "", "2012-12-31": 0, "2012-09-30": 0, "2012-06-30": 0, "2012-03-31": "", "2011-12-31": 0, "2011-09-30": 0, "2011-06-30": 0, "2011-03-31": "", "2010-12-31": 0, "2010-09-30": 0, "2010-06-30": 0, "2010-03-31": "", "2009-12-31": 0, "2009-09-30": 0, "2009-06-30": 0, "2009-03-31": "", "2008-12-31": 0, "2008-09-30": 0, "2008-06-30": 0, "2008-03-31": "", "2007-12-31": -23.9, "2007-09-30": 0, "2007-06-30": 0, "2007-03-31": "", "2006-12-31": 25.4, "2006-09-30": 0, "2006-06-30": 23.5, "2006-03-31": "5.70000", "2005-12-31": -0.1, "2005-09-30": 56.5, "2005-06-30": -3.4, "2005-03-31": "-3.20000"}, "Net Change In Long-Term Investments": {"2020-09-30": 0, "2020-06-30": 0, "2020-03-31": "", "2019-12-31": 0, "2019-09-30": 0, "2019-06-30": 0, "2019-03-31": "", "2018-12-31": 0, "2018-09-30": 0, "2018-06-30": 0, "2018-03-31": "", "2017-12-31": 0, "2017-09-30": 0, "2017-06-30": 0, "2017-03-31": "", "2016-12-31": 0, "2016-09-30": 0, "2016-06-30": 0, "2016-03-31": "", "2015-12-31": 0, "2015-09-30": 0, "2015-06-30": 0, "2015-03-31": "", "2014-12-31": 0, "2014-09-30": 0, "2014-06-30": 0, "2014-03-31": "", "2013-12-31": 0, "2013-09-30": 0, "2013-06-30": 0, "2013-03-31": "", "2012-12-31": 0, "2012-09-30": 0, "2012-06-30": 0, "2012-03-31": "", "2011-12-31": 0, "2011-09-30": 0, "2011-06-30": 0, "2011-03-31": "", "2010-12-31": -14.6, "2010-09-30": 14.6, "2010-06-30": 0, "2010-03-31": "", "2009-12-31": -34.1, "2009-09-30": 5, "2009-06-30": 25.5, "2009-03-31": "3.60000", "2008-12-31": -14.3, "2008-09-30": 6.4, "2008-06-30": -7.1, "2008-03-31": "15.00000", "2007-12-31": 0, "2007-09-30": 0, "2007-06-30": 0, "2007-03-31": "", "2006-12-31": 0, "2006-09-30": 0, "2006-06-30": 0, "2006-03-31": "", "2005-12-31": 0, "2005-09-30": 0, "2005-06-30": 0, "2005-03-31": ""}, "Net Change In Investments - Total": {"2020-09-30": 0, "2020-06-30": 0, "2020-03-31": "", "2019-12-31": 0, "2019-09-30": 0, "2019-06-30": 0, "2019-03-31": "", "2018-12-31": 0, "2018-09-30": 0, "2018-06-30": 0, "2018-03-31": "", "2017-12-31": 0, "2017-09-30": 0, "2017-06-30": 0, "2017-03-31": "", "2016-12-31": 0, "2016-09-30": 0, "2016-06-30": 0, "2016-03-31": "", "2015-12-31": 0, "2015-09-30": 0, "2015-06-30": 0, "2015-03-31": "", "2014-12-31": 0, "2014-09-30": 0, "2014-06-30": 0, "2014-03-31": "", "2013-12-31": 0, "2013-09-30": 0, "2013-06-30": 0, "2013-03-31": "", "2012-12-31": 0, "2012-09-30": 0, "2012-06-30": 0, "2012-03-31": "", "2011-12-31": 0, "2011-09-30": 0, "2011-06-30": 0, "2011-03-31": "", "2010-12-31": -14.6, "2010-09-30": 14.6, "2010-06-30": 0, "2010-03-31": "", "2009-12-31": -34.1, "2009-09-30": 5, "2009-06-30": 25.5, "2009-03-31": "3.60000", "2008-12-31": -14.3, "2008-09-30": 6.4, "2008-06-30": -7.1, "2008-03-31": "15.00000", "2007-12-31": -23.9, "2007-09-30": 0, "2007-06-30": 0, "2007-03-31": "", "2006-12-31": 25.4, "2006-09-30": 0, "2006-06-30": 23.5, "2006-03-31": "5.70000", "2005-12-31": -0.1, "2005-09-30": 56.5, "2005-06-30": -3.4, "2005-03-31": "-3.20000"}, "Investing Activities - Other": {"2020-09-30": 79, "2020-06-30": 107.1, "2020-03-31": "108.90000", "2019-12-31": 138.8, "2019-09-30": 114.4, "2019-06-30": 58.3, "2019-03-31": "41.30000", "2018-12-31": 254.8, "2018-09-30": 96.9, "2018-06-30": 12.1, "2018-03-31": "203.30000", "2017-12-31": 23.2, "2017-09-30": 54.7, "2017-06-30": 151.3, "2017-03-31": "204.30000", "2016-12-31": 461.5, "2016-09-30": 24.9, "2016-06-30": -29, "2016-03-31": "19.20000", "2015-12-31": 47.4, "2015-09-30": -38.1, "2015-06-30": -29, "2015-03-31": "-5.10000", "2014-12-31": -25.8, "2014-09-30": -48.5, "2014-06-30": -0.7, "2014-03-31": "-3.80000", "2013-12-31": -34.3, "2013-09-30": -8.1, "2013-06-30": -28.3, "2013-03-31": "47.60000", "2012-12-31": -25, "2012-09-30": -105.6, "2012-06-30": 13.6, "2012-03-31": "-13.00000", "2011-12-31": -17.8, "2011-09-30": -23.2, "2011-06-30": 0.9, "2011-03-31": "-3.90000", "2010-12-31": 0.3, "2010-09-30": -22.7, "2010-06-30": -1.2, "2010-03-31": "-9.60000", "2009-12-31": 17.8, "2009-09-30": 2.5, "2009-06-30": -0.2, "2009-03-31": "-19.40000", "2008-12-31": -19.8, "2008-09-30": -16.4, "2008-06-30": 11, "2008-03-31": "1.50000", "2007-12-31": -14, "2007-09-30": -14.7, "2007-06-30": 4.5, "2007-03-31": "18.30000", "2006-12-31": 34.8, "2006-09-30": -7, "2006-06-30": 34.8, "2006-03-31": "-49.40000", "2005-12-31": -46.5, "2005-09-30": 3.6, "2005-06-30": 5.1, "2005-03-31": "-6.20000"}, "Cash Flow From Investing Activities": {"2020-09-30": -286.7, "2020-06-30": -212.7, "2020-03-31": "-179.60000", "2019-12-31": -426.3, "2019-09-30": -254, "2019-06-30": -242.2, "2019-03-31": "-364.80000", "2018-12-31": -251.1, "2018-09-30": -297.8, "2018-06-30": -365.7, "2018-03-31": "-152.20000", "2017-12-31": -394.3, "2017-09-30": -387.2, "2017-06-30": -164.7, "2017-03-31": "-87.20000", "2016-12-31": 51.6, "2016-09-30": -271, "2016-06-30": -280.8, "2016-03-31": "-220.00000", "2015-12-31": -306.2, "2015-09-30": -142.7, "2015-06-30": -219.4, "2015-03-31": "-250.90000", "2014-12-31": -277.3, "2014-09-30": -271.4, "2014-06-30": -192.2, "2014-03-31": "-176.80000", "2013-12-31": -241.5, "2013-09-30": -191, "2013-06-30": -202.5, "2013-03-31": "-119.70000", "2012-12-31": -637.8, "2012-09-30": -195.9, "2012-06-30": -186.7, "2012-03-31": "-135.10000", "2011-12-31": -145.7, "2011-09-30": -165.3, "2011-06-30": -107.8, "2011-03-31": "-233.30000", "2010-12-31": -260, "2010-09-30": -210.9, "2010-06-30": -163.4, "2010-03-31": "-232.20000", "2009-12-31": -265.7, "2009-09-30": -294.9, "2009-06-30": -276.9, "2009-03-31": "-311.40000", "2008-12-31": -257.4, "2008-09-30": -185.3, "2008-06-30": -307.1, "2008-03-31": "-116.30000", "2007-12-31": 570.6, "2007-09-30": -123.8, "2007-06-30": -72.7, "2007-03-31": "-45.10000", "2006-12-31": 98.3, "2006-09-30": -77, "2006-06-30": 2.5, "2006-03-31": "442.00000", "2005-12-31": -127.1, "2005-09-30": 37.6, "2005-06-30": -100.7, "2005-03-31": "-125.80000"}, "Net Long-Term Debt": {"2020-09-30": -0.3, "2020-06-30": 396.6, "2020-03-31": "-0.30000", "2019-12-31": -3.5, "2019-09-30": 50.4, "2019-06-30": 646.9, "2019-03-31": "-0.30000", "2018-12-31": -252.6, "2018-09-30": 399.9, "2018-06-30": 497, "2018-03-31": "", "2017-12-31": 547.9, "2017-09-30": -0.1, "2017-06-30": -2.4, "2017-03-31": "", "2016-12-31": 186.6, "2016-09-30": 300, "2016-06-30": 0, "2016-03-31": "", "2015-12-31": -1, "2015-09-30": 220.1, "2015-06-30": -151.4, "2015-03-31": "", "2014-12-31": 499.2, "2014-09-30": -44, "2014-06-30": -0.8, "2014-03-31": "", "2013-12-31": 249.3, "2013-09-30": -0.8, "2013-06-30": 0, "2013-03-31": "", "2012-12-31": 308.6, "2012-09-30": 75, "2012-06-30": 0, "2012-03-31": "", "2011-12-31": 0, "2011-09-30": 0.4, "2011-06-30": 0, "2011-03-31": "", "2010-12-31": -0.7, "2010-09-30": -6.3, "2010-06-30": 299.2, "2010-03-31": "-100.00000", "2009-12-31": 249.1, "2009-09-30": 173.9, "2009-06-30": -0.7, "2009-03-31": "", "2008-12-31": 348.8, "2008-09-30": -3.1, "2008-06-30": 0, "2008-03-31": "", "2007-12-31": -50.7, "2007-09-30": 300, "2007-06-30": -160.5, "2007-03-31": "-62.00000", "2006-12-31": -85.7, "2006-09-30": -5, "2006-06-30": -45.1, "2006-03-31": "-446.70000", "2005-12-31": -71.8, "2005-09-30": -243, "2005-06-30": 65.5, "2005-03-31": "-122.30000"}, "Net Current Debt": {"2020-09-30": 237, "2020-06-30": -85.1, "2020-03-31": "-66.90000", "2019-12-31": -11.8, "2019-09-30": -41.3, "2019-06-30": -239.2, "2019-03-31": "188.50000", "2018-12-31": 304.4, "2018-09-30": -70.7, "2018-06-30": -269.8, "2018-03-31": "62.10000", "2017-12-31": -110.1, "2017-09-30": 116.7, "2017-06-30": 105.8, "2017-03-31": "58.70000", "2016-12-31": 5.8, "2016-09-30": -49.3, "2016-06-30": 74.2, "2016-03-31": "53.60000", "2015-12-31": 50.7, "2015-09-30": -123, "2015-06-30": 190.6, "2015-03-31": "-99.80000", "2014-12-31": -212.5, "2014-09-30": 45.9, "2014-06-30": 86.6, "2014-03-31": "-58.10000", "2013-12-31": -22.9, "2013-09-30": 24.2, "2013-06-30": -0.3, "2013-03-31": "10.90000", "2012-12-31": 147.1, "2012-09-30": -92.4, "2012-06-30": 130.8, "2012-03-31": "-20.80000", "2011-12-31": 80.7, "2011-09-30": 22.1, "2011-06-30": -32.4, "2011-03-31": "-15.00000", "2010-12-31": 47.4, "2010-09-30": 0, "2010-06-30": -350.3, "2010-03-31": "160.30000", "2009-12-31": 20, "2009-09-30": -67.5, "2009-06-30": 124.2, "2009-03-31": "27.20000", "2008-12-31": 18.2, "2008-09-30": -139.2, "2008-06-30": 141, "2008-03-31": "-45.20000", "2007-12-31": -48.5, "2007-09-30": -184.7, "2007-06-30": 230, "2007-03-31": "-64.30000", "2006-12-31": 139.7, "2006-09-30": 22.3, "2006-06-30": 0, "2006-03-31": "-179.00000", "2005-12-31": 194.9, "2005-09-30": -23, "2005-06-30": 27, "2005-03-31": "-19.00000"}, "Debt Issuance/Retirement Net - Total": {"2020-09-30": 236.7, "2020-06-30": 311.5, "2020-03-31": "-67.20000", "2019-12-31": -15.3, "2019-09-30": 9.1, "2019-06-30": 407.7, "2019-03-31": "188.20000", "2018-12-31": 51.8, "2018-09-30": 329.2, "2018-06-30": 227.2, "2018-03-31": "62.10000", "2017-12-31": 437.8, "2017-09-30": 116.6, "2017-06-30": 103.4, "2017-03-31": "58.70000", "2016-12-31": 192.4, "2016-09-30": 250.7, "2016-06-30": 74.2, "2016-03-31": "53.60000", "2015-12-31": 49.7, "2015-09-30": 97.1, "2015-06-30": 39.2, "2015-03-31": "-99.80000", "2014-12-31": 286.7, "2014-09-30": 1.9, "2014-06-30": 85.8, "2014-03-31": "-58.10000", "2013-12-31": 226.4, "2013-09-30": 23.4, "2013-06-30": -0.3, "2013-03-31": "10.90000", "2012-12-31": 455.7, "2012-09-30": -17.4, "2012-06-30": 130.8, "2012-03-31": "-20.80000", "2011-12-31": 80.7, "2011-09-30": 22.5, "2011-06-30": -32.4, "2011-03-31": "-15.00000", "2010-12-31": 46.7, "2010-09-30": -6.3, "2010-06-30": -51.1, "2010-03-31": "60.30000", "2009-12-31": 269.1, "2009-09-30": 106.4, "2009-06-30": 123.5, "2009-03-31": "27.20000", "2008-12-31": 367, "2008-09-30": -142.3, "2008-06-30": 141, "2008-03-31": "-45.20000", "2007-12-31": -99.2, "2007-09-30": 115.3, "2007-06-30": 69.5, "2007-03-31": "-126.30000", "2006-12-31": 54, "2006-09-30": 17.2999, "2006-06-30": -45.0999, "2006-03-31": "-625.70000", "2005-12-31": 123.1, "2005-09-30": -266, "2005-06-30": 92.5, "2005-03-31": "-141.30000"}, "Net Common Equity Issued/Repurchased": {"2020-09-30": 6.2, "2020-06-30": 6.4, "2020-03-31": "228.40000", "2019-12-31": 205.3, "2019-09-30": 124.4, "2019-06-30": 6, "2019-03-31": "54.60000", "2018-12-31": 5.3, "2018-09-30": 91.2, "2018-06-30": 93.8, "2018-03-31": "6.30000", "2017-12-31": 6.4, "2017-09-30": 5.9, "2017-06-30": 137.3, "2017-03-31": "", "2016-12-31": 6.2, "2016-09-30": 6.6, "2016-06-30": 13.8, "2016-03-31": "", "2015-12-31": 5.8, "2015-09-30": 5.9, "2015-06-30": 17.4, "2015-03-31": "122.10000", "2014-12-31": 0, "2014-09-30": 0, "2014-06-30": 0, "2014-03-31": "", "2013-12-31": 0, "2013-09-30": 0, "2013-06-30": 0, "2013-03-31": "", "2012-12-31": 0, "2012-09-30": 0, "2012-06-30": 0, "2012-03-31": "", "2011-12-31": 0, "2011-09-30": 0, "2011-06-30": 0, "2011-03-31": "", "2010-12-31": 0, "2010-09-30": 0, "2010-06-30": 0, "2010-03-31": "", "2009-12-31": 0, "2009-09-30": 0, "2009-06-30": 0, "2009-03-31": "", "2008-12-31": 0, "2008-09-30": 0, "2008-06-30": 0, "2008-03-31": "", "2007-12-31": 1.1, "2007-09-30": -60.8, "2007-06-30": -83.3, "2007-03-31": "-119.70000", "2006-12-31": 1.4, "2006-09-30": -69.7, "2006-06-30": 4, "2006-03-31": "8.80000", "2005-12-31": 5.3, "2005-09-30": 11.8, "2005-06-30": 4.3, "2005-03-31": "7.90000"}, "Net Total Equity Issued/Repurchased": {"2020-09-30": 6.2, "2020-06-30": 6.4, "2020-03-31": "228.40000", "2019-12-31": 205.3, "2019-09-30": 124.4, "2019-06-30": 6, "2019-03-31": "54.60000", "2018-12-31": 5.3, "2018-09-30": 91.2, "2018-06-30": 93.8, "2018-03-31": "6.30000", "2017-12-31": 6.4, "2017-09-30": 5.9, "2017-06-30": 137.3, "2017-03-31": "", "2016-12-31": 6.2, "2016-09-30": 6.6, "2016-06-30": 13.8, "2016-03-31": "", "2015-12-31": 5.8, "2015-09-30": 5.9, "2015-06-30": 17.4, "2015-03-31": "122.10000", "2014-12-31": 0, "2014-09-30": 0, "2014-06-30": 0, "2014-03-31": "", "2013-12-31": 0, "2013-09-30": 0, "2013-06-30": 0, "2013-03-31": "-11.00000", "2012-12-31": 0, "2012-09-30": 0, "2012-06-30": 0, "2012-03-31": "", "2011-12-31": 0, "2011-09-30": 0, "2011-06-30": -40, "2011-03-31": "", "2010-12-31": 0, "2010-09-30": 0, "2010-06-30": 0, "2010-03-31": "", "2009-12-31": 0, "2009-09-30": 0, "2009-06-30": 0, "2009-03-31": "", "2008-12-31": 0, "2008-09-30": 0, "2008-06-30": 0, "2008-03-31": "", "2007-12-31": 1.1, "2007-09-30": -60.8, "2007-06-30": -83.3, "2007-03-31": "-119.70000", "2006-12-31": 1.4, "2006-09-30": -69.7, "2006-06-30": 4, "2006-03-31": "8.80000", "2005-12-31": 5.3, "2005-09-30": 11.8, "2005-06-30": 4.3, "2005-03-31": "7.90000"}, "Total Common And Preferred Stock Dividends Paid": {"2020-09-30": -93.4, "2020-06-30": -94.6, "2020-03-31": "-93.00000", "2019-12-31": -84.7, "2019-09-30": -85.2, "2019-06-30": -84.1, "2019-03-31": "-83.70000", "2018-12-31": -78.9, "2018-09-30": -78.5, "2018-06-30": -77.3, "2018-03-31": "-77.50000", "2017-12-31": -72.6, "2017-09-30": -72.6, "2017-06-30": -71.6, "2017-03-31": "-71.50000", "2016-12-31": -66.7, "2016-09-30": -66.6, "2016-06-30": -66.7, "2016-03-31": "-66.50000", "2015-12-31": -62.2, "2015-09-30": -62.2, "2015-06-30": -62.2, "2015-03-31": "-60.70000", "2014-12-31": -56.5, "2014-09-30": -56.4, "2014-06-30": -56.4, "2014-03-31": "-56.50000", "2013-12-31": -43.2, "2013-09-30": -54.6, "2013-06-30": -54.5, "2013-03-31": "-56.00000", "2012-12-31": -53.7, "2012-09-30": -53.9, "2012-06-30": -53.7, "2012-03-31": "-53.90000", "2011-12-31": -50.9, "2011-09-30": -50.9, "2011-06-30": -51.3, "2011-03-31": "-51.80000", "2010-12-31": -48.4, "2010-09-30": -48.3, "2010-06-30": -48.3, "2010-03-31": "-48.30000", "2009-12-31": -46.1, "2009-09-30": -46, "2009-06-30": -46, "2009-03-31": "-46.10000", "2008-12-31": -43.3, "2008-09-30": -43.2, "2008-06-30": -43.2, "2008-03-31": "-43.30000", "2007-12-31": -53.7, "2007-09-30": -35.4, "2007-06-30": -36, "2007-03-31": "-36.80000", "2006-12-31": -33.2, "2006-09-30": -33.9, "2006-06-30": -33.6, "2006-03-31": "-33.70000", "2005-12-31": -30.6, "2005-09-30": -30.5, "2005-06-30": -30.4, "2005-03-31": "-30.40000"}, "Financial Activities - Other": {"2020-09-30": 5.2, "2020-06-30": -19.3, "2020-03-31": "-7.90000", "2019-12-31": -12.2, "2019-09-30": -1.1, "2019-06-30": -26.8, "2019-03-31": "16.90000", "2018-12-31": -34.9, "2018-09-30": 23.9, "2018-06-30": -12.3, "2018-03-31": "-0.70000", "2017-12-31": -28.9, "2017-09-30": 16.5, "2017-06-30": -15.7, "2017-03-31": "-17.10000", "2016-12-31": 0.7, "2016-09-30": 14.5, "2016-06-30": -20.5, "2016-03-31": "3.60000", "2015-12-31": 3.6, "2015-09-30": 8.3, "2015-06-30": -20.4, "2015-03-31": "15.30000", "2014-12-31": -34.7, "2014-09-30": 5, "2014-06-30": 9.9, "2014-03-31": "2.50000", "2013-12-31": -37.5, "2013-09-30": 8.6, "2013-06-30": -9.3, "2013-03-31": "9.40000", "2012-12-31": -24.9, "2012-09-30": 16.4, "2012-06-30": -14.7, "2012-03-31": "14.30000", "2011-12-31": -8.4, "2011-09-30": 16.4, "2011-06-30": -23, "2011-03-31": "5.60000", "2010-12-31": -5.3, "2010-09-30": 15, "2010-06-30": 3.7, "2010-03-31": "-4.10000", "2009-12-31": -25.3, "2009-09-30": 14.4, "2009-06-30": -10.4, "2009-03-31": "-0.50000", "2008-12-31": -21.7, "2008-09-30": 20.9, "2008-06-30": -17.5, "2008-03-31": "", "2007-12-31": -10.9, "2007-09-30": 10.3, "2007-06-30": 4.4, "2007-03-31": "4.60000", "2006-12-31": -43.4, "2006-09-30": 20.3, "2006-06-30": -3.7, "2006-03-31": "-2.90000", "2005-12-31": -12.1, "2005-09-30": 5, "2005-06-30": 0.6, "2005-03-31": "-7.20000"}, "Cash Flow From Financial Activities": {"2020-09-30": 154.7, "2020-06-30": 204, "2020-03-31": "60.30000", "2019-12-31": 93.1, "2019-09-30": 47.2, "2019-06-30": 302.8, "2019-03-31": "176.00000", "2018-12-31": -56.7, "2018-09-30": 365.8, "2018-06-30": 231.4, "2018-03-31": "-9.80000", "2017-12-31": 342.7, "2017-09-30": 66.4, "2017-06-30": 153.4, "2017-03-31": "-29.90000", "2016-12-31": 132.6, "2016-09-30": 205.2, "2016-06-30": 0.8, "2016-03-31": "-9.30000", "2015-12-31": -3.1, "2015-09-30": 49.1, "2015-06-30": -26, "2015-03-31": "-23.10000", "2014-12-31": 195.5, "2014-09-30": -49.5, "2014-06-30": 39.3, "2014-03-31": "-112.10000", "2013-12-31": 145.7, "2013-09-30": -22.6, "2013-06-30": -64.1, "2013-03-31": "-46.70000", "2012-12-31": 377.1, "2012-09-30": -54.9, "2012-06-30": 62.4, "2012-03-31": "-60.40000", "2011-12-31": 21.4, "2011-09-30": -12, "2011-06-30": -146.7, "2011-03-31": "-61.20000", "2010-12-31": -7, "2010-09-30": -39.6, "2010-06-30": -95.7, "2010-03-31": "7.90000", "2009-12-31": 197.7, "2009-09-30": 74.8, "2009-06-30": 67.1, "2009-03-31": "-19.40000", "2008-12-31": 302, "2008-09-30": -164.6, "2008-06-30": 80.3, "2008-03-31": "-88.50000", "2007-12-31": -162.7, "2007-09-30": 29.4, "2007-06-30": -45.4, "2007-03-31": "-278.20000", "2006-12-31": -21.2, "2006-09-30": -66, "2006-06-30": -78.4, "2006-03-31": "-653.50000", "2005-12-31": 85.7, "2005-09-30": -279.7, "2005-06-30": 67, "2005-03-31": "-171.00000"}, "Net Cash Flow": {"2020-09-30": -15.7, "2020-06-30": 150.8, "2020-03-31": "40.90000", "2019-12-31": -181.8, "2019-09-30": 25.3, "2019-06-30": 156.4, "2019-03-31": "-7.70000", "2018-12-31": -222.3, "2018-09-30": 235.8, "2018-06-30": -16.2, "2018-03-31": "-5.70000", "2017-12-31": 18.7, "2017-09-30": 3, "2017-06-30": -2.8, "2017-03-31": "1.90000", "2016-12-31": -77, "2016-09-30": 78.2, "2016-06-30": 1.7, "2016-03-31": "-1.00000", "2015-12-31": -133.4, "2015-09-30": 84.4, "2015-06-30": -42.8, "2015-03-31": "40.70000", "2014-12-31": 45.9, "2014-09-30": -5.2, "2014-06-30": 1.7, "2014-03-31": "4.70000", "2013-12-31": -7.9, "2013-09-30": 6.2, "2013-06-30": -41.9, "2013-03-31": "32.20000", "2012-12-31": -19.9, "2012-09-30": 10.3, "2012-06-30": -0.1, "2012-03-31": "19.50000", "2011-12-31": -34.3, "2011-09-30": -31.4, "2011-06-30": -49, "2011-03-31": "-33.20000", "2010-12-31": 22.3, "2010-09-30": -34.1, "2010-06-30": 30.9, "2010-03-31": "-35.10000", "2009-12-31": -1.4, "2009-09-30": -69.5, "2009-06-30": -37.5, "2009-03-31": "-63.20000", "2008-12-31": -32.5, "2008-09-30": -194.5, "2008-06-30": -58.5, "2008-03-31": "-113.20000", "2007-12-31": 637.5, "2007-09-30": -17.2, "2007-06-30": 15, "2007-03-31": "-155.70000", "2006-12-31": 135.4, "2006-09-30": -21.1, "2006-06-30": 90.5, "2006-03-31": "-154.80000", "2005-12-31": 13.8, "2005-09-30": -100.6, "2005-06-30": 139.4, "2005-03-31": "-101.20000"}, "Stock-Based Compensation": {"2020-09-30": 0, "2020-06-30": 0, "2020-03-31": "", "2019-12-31": 0, "2019-09-30": 0, "2019-06-30": 0, "2019-03-31": "", "2018-12-31": 0, "2018-09-30": 0, "2018-06-30": 0, "2018-03-31": "", "2017-12-31": 0, "2017-09-30": 0, "2017-06-30": 0, "2017-03-31": "", "2016-12-31": 0, "2016-09-30": 0, "2016-06-30": 0, "2016-03-31": "", "2015-12-31": 0, "2015-09-30": 0, "2015-06-30": 0, "2015-03-31": "", "2014-12-31": 0, "2014-09-30": 0, "2014-06-30": 0, "2014-03-31": "", "2013-12-31": 0, "2013-09-30": 0, "2013-06-30": 0, "2013-03-31": "", "2012-12-31": 0, "2012-09-30": 0, "2012-06-30": 0, "2012-03-31": "", "2011-12-31": 0, "2011-09-30": 0, "2011-06-30": 0, "2011-03-31": "", "2010-12-31": 0, "2010-09-30": 0, "2010-06-30": 0, "2010-03-31": "", "2009-12-31": 0, "2009-09-30": 0, "2009-06-30": 0, "2009-03-31": "", "2008-12-31": 0, "2008-09-30": 0, "2008-06-30": 0, "2008-03-31": "", "2007-12-31": 0, "2007-09-30": 0, "2007-06-30": 0, "2007-03-31": "", "2006-12-31": 0, "2006-09-30": 0, "2006-06-30": 0, "2006-03-31": "", "2005-12-31": 0, "2005-09-30": 0, "2005-06-30": 0, "2005-03-31": ""}, "Common Stock Dividends Paid": {"2020-09-30": -93.4, "2020-06-30": -94.6, "2020-03-31": "-93.00000", "2019-12-31": -84.7, "2019-09-30": -85.2, "2019-06-30": -84.1, "2019-03-31": "-83.70000", "2018-12-31": -78.9, "2018-09-30": -78.5, "2018-06-30": -77.3, "2018-03-31": "-77.50000", "2017-12-31": -72.6, "2017-09-30": -72.6, "2017-06-30": -71.6, "2017-03-31": "-71.50000", "2016-12-31": -66.7, "2016-09-30": -66.6, "2016-06-30": -66.7, "2016-03-31": "-66.50000", "2015-12-31": -62.2, "2015-09-30": -62.2, "2015-06-30": -62.2, "2015-03-31": "-60.70000", "2014-12-31": -56.5, "2014-09-30": -56.4, "2014-06-30": -56.4, "2014-03-31": "-56.50000", "2013-12-31": -52.1, "2013-09-30": -52, "2013-06-30": -52, "2013-03-31": "-52.20000", "2012-12-31": -49.7, "2012-09-30": -49.9, "2012-06-30": -49.8, "2012-03-31": "-49.90000", "2011-12-31": -47, "2011-09-30": -46.9, "2011-06-30": -47.1, "2011-03-31": "-47.10000", "2010-12-31": -43.7, "2010-09-30": -43.7, "2010-06-30": -43.6, "2010-03-31": "-43.60000", "2009-12-31": -41.4, "2009-09-30": -41.4, "2009-06-30": -41.3, "2009-03-31": "-41.40000", "2008-12-31": -38.6, "2008-09-30": -38.6, "2008-06-30": -38.5, "2008-03-31": "-38.60000", "2007-12-31": -35, "2007-09-30": -35.4, "2007-06-30": -36, "2007-03-31": "-36.80000", "2006-12-31": -33.2, "2006-09-30": -33.9, "2006-06-30": -33.6, "2006-03-31": "-33.70000", "2005-12-31": -30.6, "2005-09-30": -30.5, "2005-06-30": -30.4, "2005-03-31": "-30.40000"}}, "financial ratios": {"Current Ratio": {"2019-12-31": "0.42620", "2018-12-31": "0.47750", "2017-12-31": "0.42120", "2016-12-31": "0.75480", "2015-12-31": "0.60830", "2014-12-31": "0.85870", "2013-12-31": "0.70550", "2012-12-31": "0.97480", "2011-12-31": "1.01800", "2010-12-31": "1.26080", "2009-12-31": "1.29110", "2008-12-31": "1.39240", "2007-12-31": "1.57130", "2006-12-31": "1.42050", "2005-12-31": "1.12850"}, "Long-term Debt / Capital": {"2019-12-31": "0.50580", "2018-12-31": "0.52300", "2017-12-31": "0.47790", "2016-12-31": "0.51510", "2015-12-31": "0.47300", "2014-12-31": "0.49610", "2013-12-31": "0.46090", "2012-12-31": "0.48420", "2011-12-31": "0.46100", "2010-12-31": "0.46270", "2009-12-31": "0.44340", "2008-12-31": "0.36290", "2007-12-31": "0.32440", "2006-12-31": "0.31370", "2005-12-31": "0.41630"}, "Debt/Equity Ratio": {"2019-12-31": "1.20770", "2018-12-31": "1.24200", "2017-12-31": "1.20520", "2016-12-31": "1.12370", "2015-12-31": "1.01820", "2014-12-31": "1.07360", "2013-12-31": "1.03800", "2012-12-31": "1.00410", "2011-12-31": "0.88840", "2010-12-31": "0.87660", "2009-12-31": "0.89320", "2008-12-31": "0.64210", "2007-12-31": "0.56610", "2006-12-31": "0.58610", "2005-12-31": "0.88240"}, "Gross Margin": {"2019-12-31": "72.62930", "2018-12-31": "69.23750", "2017-12-31": "69.56120", "2016-12-31": "68.42470", "2015-12-31": "67.51910", "2014-12-31": "64.03310", "2013-12-31": "62.81430", "2012-12-31": "61.18920", "2011-12-31": "59.12030", "2010-12-31": "56.99400", "2009-12-31": "55.63860", "2008-12-31": "55.07350", "2007-12-31": "51.83850", "2006-12-31": "49.43440", "2005-12-31": "53.83890"}, "Operating Margin": {"2019-12-31": "21.32030", "2018-12-31": "19.64640", "2017-12-31": "19.84510", "2016-12-31": "16.68980", "2015-12-31": "17.73420", "2014-12-31": "16.22540", "2013-12-31": "16.29330", "2012-12-31": "16.79430", "2011-12-31": "15.93410", "2010-12-31": "17.16690", "2009-12-31": "11.56010", "2008-12-31": "13.27300", "2007-12-31": "15.83370", "2006-12-31": "14.69010", "2005-12-31": "14.51090"}, "EBIT Margin": {"2019-12-31": "21.32030", "2018-12-31": "19.64640", "2017-12-31": "19.84510", "2016-12-31": "16.68980", "2015-12-31": "17.73420", "2014-12-31": "16.22540", "2013-12-31": "16.29330", "2012-12-31": "16.79430", "2011-12-31": "15.93410", "2010-12-31": "17.16690", "2009-12-31": "11.56010", "2008-12-31": "13.27300", "2007-12-31": "15.83370", "2006-12-31": "14.69010", "2005-12-31": "14.51090"}, "EBITDA Margin": {"2019-12-31": "36.86980", "2018-12-31": "33.98780", "2017-12-31": "33.49890", "2016-12-31": "28.94280", "2015-12-31": "30.44940", "2014-12-31": "29.42720", "2013-12-31": "28.83910", "2012-12-31": "29.32950", "2011-12-31": "27.73330", "2010-12-31": "27.71530", "2009-12-31": "20.82980", "2008-12-31": "21.07870", "2007-12-31": "24.85170", "2006-12-31": "23.81680", "2005-12-31": "26.39350"}, "Pre-Tax Profit Margin": {"2019-12-31": "17.43840", "2018-12-31": "16.12680", "2017-12-31": "15.75310", "2016-12-31": "13.35540", "2015-12-31": "14.17810", "2014-12-31": "13.13320", "2013-12-31": "13.30570", "2012-12-31": "13.90210", "2011-12-31": "12.74600", "2010-12-31": "14.03700", "2009-12-31": "3.48670", "2008-12-31": "11.92940", "2007-12-31": "20.33980", "2006-12-31": "16.11300", "2005-12-31": "0.10670"}, "Net Profit Margin": {"2019-12-31": "15.27540", "2018-12-31": "14.48860", "2017-12-31": "13.52080", "2016-12-31": "11.18980", "2015-12-31": "11.62410", "2014-12-31": "11.43480", "2013-12-31": "10.93450", "2012-12-31": "10.33450", "2011-12-31": "9.42450", "2010-12-31": "8.81640", "2009-12-31": "3.23870", "2008-12-31": "7.84930", "2007-12-31": "12.37200", "2006-12-31": "9.39750", "2005-12-31": "-0.23480"}, "Asset Turnover": {"2019-12-31": "0.21840", "2018-12-31": "0.22910", "2017-12-31": "0.23840", "2016-12-31": "0.24820", "2015-12-31": "0.26040", "2014-12-31": "0.27770", "2013-12-31": "0.29490", "2012-12-31": "0.28690", "2011-12-31": "0.33250", "2010-12-31": "0.35140", "2009-12-31": "0.37930", "2008-12-31": "0.44740", "2007-12-31": "0.47810", "2006-12-31": "0.47420", "2005-12-31": "0.42410"}, "Inventory Turnover Ratio": {"2019-12-31": "4.39240", "2018-12-31": "5.13360", "2017-12-31": "4.62900", "2016-12-31": "4.71570", "2015-12-31": "4.72840", "2014-12-31": "5.38430", "2013-12-31": "5.75310", "2012-12-31": "5.89010", "2011-12-31": "6.03810", "2010-12-31": "6.02100", "2009-12-31": "6.37480", "2008-12-31": "6.79750", "2007-12-31": "7.94820", "2006-12-31": "9.53250", "2005-12-31": "8.14800"}, "Receiveable Turnover": {"2019-12-31": "9.07160", "2018-12-31": "10.08700", "2017-12-31": "7.00540", "2016-12-31": "6.73020", "2015-12-31": "8.18310", "2014-12-31": "7.84060", "2013-12-31": "6.92330", "2012-12-31": "10.16920", "2011-12-31": "13.30610", "2010-12-31": "9.77850", "2009-12-31": "6.81910", "2008-12-31": "8.33510", "2007-12-31": "16.46360", "2006-12-31": "14.65070", "2005-12-31": "13.53530"}, "Days Sales In Receivables": {"2019-12-31": "40.23540", "2018-12-31": "36.18500", "2017-12-31": "52.10280", "2016-12-31": "54.23330", "2015-12-31": "44.60410", "2014-12-31": "46.55240", "2013-12-31": "52.72050", "2012-12-31": "35.89260", "2011-12-31": "27.43110", "2010-12-31": "37.32690", "2009-12-31": "53.52580", "2008-12-31": "43.79080", "2007-12-31": "22.17010", "2006-12-31": "24.91350", "2005-12-31": "26.96660"}, "ROE - Return On Equity": {"2019-12-31": "10.90090", "2018-12-31": "11.38980", "2017-12-31": "11.14490", "2016-12-31": "9.94300", "2015-12-31": "10.49650", "2014-12-31": "11.50120", "2013-12-31": "11.63800", "2012-12-31": "10.86490", "2011-12-31": "11.32410", "2010-12-31": "10.71280", "2009-12-31": "4.64190", "2008-12-31": "10.55000", "2007-12-31": "16.53740", "2006-12-31": "12.75980", "2005-12-31": "2.31100"}, "Return On Tangible Equity": {"2019-12-31": "10.49750", "2018-12-31": "10.91380", "2017-12-31": "10.63620", "2016-12-31": "9.45350", "2015-12-31": "9.96150", "2014-12-31": "10.86940", "2013-12-31": "10.96980", "2012-12-31": "10.19810", "2011-12-31": "10.80410", "2010-12-31": "9.88090", "2009-12-31": "4.26700", "2008-12-31": "9.71200", "2007-12-31": "15.15900", "2006-12-31": "11.68530", "2005-12-31": "2.10110"}, "ROA - Return On Assets": {"2019-12-31": "3.39750", "2018-12-31": "3.38580", "2017-12-31": "3.28520", "2016-12-31": "2.87130", "2015-12-31": "3.12840", "2014-12-31": "3.28010", "2013-12-31": "3.43850", "2012-12-31": "3.15980", "2011-12-31": "3.52400", "2010-12-31": "3.34160", "2009-12-31": "1.42540", "2008-12-31": "3.63470", "2007-12-31": "6.16720", "2006-12-31": "4.77550", "2005-12-31": "0.72930"}, "ROI - Return On Investment": {"2019-12-31": "5.18740", "2018-12-31": "5.20630", "2017-12-31": "5.55360", "2016-12-31": "4.58370", "2015-12-31": "5.24960", "2014-12-31": "5.47700", "2013-12-31": "5.91390", "2012-12-31": "5.26060", "2011-12-31": "5.82300", "2010-12-31": "5.30910", "2009-12-31": "2.37510", "2008-12-31": "6.18760", "2007-12-31": "10.24140", "2006-12-31": "8.01960", "2005-12-31": "1.22630"}, "Book Value Per Share": {"2019-12-31": "22.05960", "2018-12-31": "20.27300", "2017-12-31": "18.94200", "2016-12-31": "17.84130", "2015-12-31": "17.29300", "2014-12-31": "16.40810", "2013-12-31": "15.69800", "2012-12-31": "15.05490", "2011-12-31": "14.36070", "2010-12-31": "14.15500", "2009-12-31": "13.63910", "2008-12-31": "13.89510", "2007-12-31": "13.25220", "2006-12-31": "12.46520", "2005-12-31": "11.46780"}, "Operating Cash Flow Per Share": {"2019-12-31": 0.5042, "2018-12-31": -0.0118, "2017-12-31": 0.5412, "2016-12-31": -2.1355, "2015-12-31": -0.1566, "2014-12-31": 0.723, "2013-12-31": -0.4969, "2012-12-31": 0.6217, "2011-12-31": -1.2818, "2010-12-31": 1.4784, "2009-12-31": 1.4443, "2008-12-31": -1.1665, "2007-12-31": 0.9788, "2006-12-31": -0.6998, "2005-12-31": 2.4205}, "Free Cash Flow Per Share": {"2019-12-31": 0.6362, "2018-12-31": -0.62, "2017-12-31": -0.5751, "2016-12-31": -3.4374, "2015-12-31": -0.3406, "2014-12-31": 0.2404, "2013-12-31": 0.8294, "2012-12-31": -1.2594, "2011-12-31": -0.2585, "2010-12-31": 2.9173, "2009-12-31": 0.0539, "2008-12-31": -6.5793, "2007-12-31": 0.8751, "2006-12-31": 2.3759, "2005-12-31": 1.0429}}, "financial ratios, quarterly": {"Current Ratio": {"2020-09-30": "0.79770", "2020-06-30": "0.85540", "2020-03-31": "0.55280", "2019-12-31": "0.42650", "2019-09-30": "0.53460", "2019-06-30": "0.52710", "2019-03-31": "0.51340", "2018-12-31": "0.47750", "2018-09-30": "0.72650", "2018-06-30": "0.64090", "2018-03-31": "0.35010", "2017-12-31": "0.42120", "2017-09-30": "0.51120", "2017-06-30": "0.67430", "2017-03-31": "0.64360", "2016-12-31": "0.75480", "2016-09-30": "0.69950", "2016-06-30": "0.51140", "2016-03-31": "0.56990", "2015-12-31": "0.60830", "2015-09-30": "1.09780", "2015-06-30": "1.05280", "2015-03-31": "0.89260", "2014-12-31": "0.85870", "2014-09-30": "0.55240", "2014-06-30": "0.58280", "2014-03-31": "0.67630", "2013-12-31": "0.70550", "2013-09-30": "0.83600", "2013-06-30": "0.83300", "2013-03-31": "0.83850", "2012-12-31": "0.97480", "2012-09-30": "1.08790", "2012-06-30": "0.96150", "2012-03-31": "1.00940", "2011-12-31": "1.01800", "2011-09-30": "1.22300", "2011-06-30": "1.15480", "2011-03-31": "1.25430", "2010-12-31": "1.26080", "2010-09-30": "1.68750", "2010-06-30": "1.29080", "2010-03-31": "1.00720", "2009-12-31": "1.29110", "2009-09-30": "1.24340", "2009-06-30": "0.99240", "2009-03-31": "1.16940", "2008-12-31": "1.39240", "2008-09-30": "1.06530", "2008-06-30": "1.27930", "2008-03-31": "1.55220", "2007-12-31": "1.57130", "2007-09-30": "1.12670", "2007-06-30": "0.80980", "2007-03-31": "0.93740", "2006-12-31": "1.42050", "2006-09-30": "1.02230", "2006-06-30": "1.03250", "2006-03-31": "1.16290", "2005-12-31": "1.12850", "2005-09-30": "1.29800", "2005-06-30": "1.04740", "2005-03-31": "1.03950"}, "Long-term Debt / Capital": {"2020-09-30": "0.52660", "2020-06-30": "0.53340", "2020-03-31": "0.50570", "2019-12-31": "0.50590", "2019-09-30": "0.51710", "2019-06-30": "0.52600", "2019-03-31": "0.52340", "2018-12-31": "0.52300", "2018-09-30": "0.52380", "2018-06-30": "0.52980", "2018-03-31": "0.47790", "2017-12-31": "0.47790", "2017-09-30": "0.49420", "2017-06-30": "0.50600", "2017-03-31": "0.51300", "2016-12-31": "0.51510", "2016-09-30": "0.48460", "2016-06-30": "0.47350", "2016-03-31": "0.47050", "2015-12-31": "0.47300", "2015-09-30": "0.49420", "2015-06-30": "0.49310", "2015-03-31": "0.48700", "2014-12-31": "0.49610", "2014-09-30": "0.43490", "2014-06-30": "0.44430", "2014-03-31": "0.45760", "2013-12-31": "0.46090", "2013-09-30": "0.47230", "2013-06-30": "0.48300", "2013-03-31": "0.48250", "2012-12-31": "0.48420", "2012-09-30": "0.46430", "2012-06-30": "0.46550", "2012-03-31": "0.46460", "2011-12-31": "0.46100", "2011-09-30": "0.46200", "2011-06-30": "0.46790", "2011-03-31": "0.46520", "2010-12-31": "0.46270", "2010-09-30": "0.46800", "2010-06-30": "0.45780", "2010-03-31": "0.42690", "2009-12-31": "0.44340", "2009-09-30": "0.42260", "2009-06-30": "0.35230", "2009-03-31": "0.35140", "2008-12-31": "0.36290", "2008-09-30": "0.29110", "2008-06-30": "0.31950", "2008-03-31": "0.32140", "2007-12-31": "0.32440", "2007-09-30": "0.36650", "2007-06-30": "0.32100", "2007-03-31": "0.31580", "2006-12-31": "0.31370", "2006-09-30": "0.35260", "2006-06-30": "0.34990", "2006-03-31": "0.37560", "2005-12-31": "0.41630", "2005-09-30": "0.43610", "2005-06-30": "0.44890", "2005-03-31": "0.44190"}, "Debt/Equity Ratio": {"2020-09-30": "1.18510", "2020-06-30": "1.17690", "2020-03-31": "1.13310", "2019-12-31": "1.20760", "2019-09-30": "1.26550", "2019-06-30": "1.33390", "2019-03-31": "1.25620", "2018-12-31": "1.24200", "2018-09-30": "1.23490", "2018-06-30": "1.22310", "2018-03-31": "1.20590", "2017-12-31": "1.20520", "2017-09-30": "1.11290", "2017-06-30": "1.11240", "2017-03-31": "1.12850", "2016-12-31": "1.12370", "2016-09-30": "1.07640", "2016-06-30": "1.03330", "2016-03-31": "1.02140", "2015-12-31": "1.01820", "2015-09-30": "1.00550", "2015-06-30": "1.01310", "2015-03-31": "1.00850", "2014-12-31": "1.07360", "2014-09-30": "1.00240", "2014-06-30": "1.03040", "2014-03-31": "1.00780", "2013-12-31": "1.03800", "2013-09-30": "0.97750", "2013-06-30": "1.00110", "2013-03-31": "1.00570", "2012-12-31": "1.00410", "2012-09-30": "0.88880", "2012-06-30": "0.92270", "2012-03-31": "0.88620", "2011-12-31": "0.88840", "2011-09-30": "0.86620", "2011-06-30": "0.87980", "2011-03-31": "0.88080", "2010-12-31": "0.87660", "2010-09-30": "0.88010", "2010-06-30": "0.91230", "2010-03-31": "0.93120", "2009-12-31": "0.89320", "2009-09-30": "0.82410", "2009-06-30": "0.70030", "2009-03-31": "0.65270", "2008-12-31": "0.64210", "2008-09-30": "0.52660", "2008-06-30": "0.58520", "2008-03-31": "0.54890", "2007-12-31": "0.56610", "2007-09-30": "0.63680", "2007-06-30": "0.59900", "2007-03-31": "0.55530", "2006-12-31": "0.58610", "2006-09-30": "0.67790", "2006-06-30": "0.66190", "2006-03-31": "0.68130", "2005-12-31": "0.88240", "2005-09-30": "0.83160", "2005-06-30": "0.95980", "2005-03-31": "0.87010"}, "Gross Margin": {"2020-09-30": "79.34780", "2020-06-30": "75.83540", "2020-03-31": "70.61270", "2019-12-31": "72.14580", "2019-09-30": "76.96970", "2019-06-30": "76.56290", "2019-03-31": "65.55920", "2018-12-31": "65.90730", "2018-09-30": "74.25160", "2018-06-30": "71.08200", "2018-03-31": "65.68810", "2017-12-31": "67.37530", "2017-09-30": "73.80090", "2017-06-30": "72.22000", "2017-03-31": "64.86710", "2016-12-31": "66.16060", "2016-09-30": "72.05280", "2016-06-30": "70.30220", "2016-03-31": "64.90880", "2015-12-31": "67.08550", "2015-09-30": "71.14250", "2015-06-30": "71.12380", "2015-03-31": "61.36620", "2014-12-31": "63.59910", "2014-09-30": "70.03910", "2014-06-30": "65.46710", "2014-03-31": "57.95550", "2013-12-31": "60.70140", "2013-09-30": "67.88600", "2013-06-30": "65.33430", "2013-03-31": "57.64310", "2012-12-31": "71.78060", "2012-09-30": "63.57590", "2012-06-30": "62.59600", "2012-03-31": "46.76770", "2011-12-31": "59.16140", "2011-09-30": "63.79610", "2011-06-30": "60.32280", "2011-03-31": "53.46560", "2010-12-31": "50.81050", "2010-09-30": "63.79110", "2010-06-30": "60.30200", "2010-03-31": "51.68500", "2009-12-31": "58.12810", "2009-09-30": "60.38460", "2009-06-30": "60.62370", "2009-03-31": "45.09950", "2008-12-31": "53.26660", "2008-09-30": "62.85830", "2008-06-30": "55.52330", "2008-03-31": "48.58870", "2007-12-31": "50.49350", "2007-09-30": "58.31590", "2007-06-30": "52.58640", "2007-03-31": "46.07210", "2006-12-31": "51.88400", "2006-09-30": "50.95460", "2006-06-30": "52.82720", "2006-03-31": "43.22700", "2005-12-31": "49.60300", "2005-09-30": "57.91580", "2005-06-30": "57.04490", "2005-03-31": "51.37710"}, "Operating Margin": {"2020-09-30": "29.56520", "2020-06-30": "22.02860", "2020-03-31": "20.56350", "2019-12-31": "18.30060", "2019-09-30": "29.29290", "2019-06-30": "18.95720", "2019-03-31": "17.90920", "2018-12-31": "13.89810", "2018-09-30": "27.57920", "2018-06-30": "18.52710", "2018-03-31": "18.08360", "2017-12-31": "15.65240", "2017-09-30": "26.05580", "2017-06-30": "20.08360", "2017-03-31": "17.23860", "2016-12-31": "14.68000", "2016-09-30": "17.58600", "2016-06-30": "17.04210", "2016-03-31": "17.29080", "2015-12-31": "10.70130", "2015-09-30": "26.24320", "2015-06-30": "15.19800", "2015-03-31": "17.03810", "2014-12-31": "11.35430", "2014-09-30": "23.10520", "2014-06-30": "13.76780", "2014-03-31": "16.18390", "2013-12-31": "13.04350", "2013-09-30": "23.24030", "2013-06-30": "14.37330", "2013-03-31": "14.04140", "2012-12-31": "13.53040", "2012-09-30": "24.07620", "2012-06-30": "15.76130", "2012-03-31": "12.48530", "2011-12-31": "13.93270", "2011-09-30": "24.04410", "2011-06-30": "9.90880", "2011-03-31": "14.51210", "2010-12-31": "15.28150", "2010-09-30": "25.91150", "2010-06-30": "13.57870", "2010-03-31": "12.24440", "2009-12-31": "11.81090", "2009-09-30": "18.03170", "2009-06-30": "8.42330", "2009-03-31": "7.75870", "2008-12-31": "10.28300", "2008-09-30": "19.43280", "2008-06-30": "9.91060", "2008-03-31": "12.61090", "2007-12-31": "14.10380", "2007-09-30": "22.44020", "2007-06-30": "12.99920", "2007-03-31": "13.23550", "2006-12-31": "12.51630", "2006-09-30": "19.14870", "2006-06-30": "14.04990", "2006-03-31": "12.86930", "2005-12-31": "11.68950", "2005-09-30": "22.79800", "2005-06-30": "11.88910", "2005-03-31": "10.94140"}, "EBIT Margin": {"2020-09-30": "29.56520", "2020-06-30": "22.02860", "2020-03-31": "20.56350", "2019-12-31": "18.30060", "2019-09-30": "29.29290", "2019-06-30": "18.95720", "2019-03-31": "17.90920", "2018-12-31": "13.89810", "2018-09-30": "27.57920", "2018-06-30": "18.52710", "2018-03-31": "18.08360", "2017-12-31": "15.65240", "2017-09-30": "26.05580", "2017-06-30": "20.08360", "2017-03-31": "17.23860", "2016-12-31": "14.68000", "2016-09-30": "17.58600", "2016-06-30": "17.04210", "2016-03-31": "17.29080", "2015-12-31": "10.70130", "2015-09-30": "26.24320", "2015-06-30": "15.19800", "2015-03-31": "17.03810", "2014-12-31": "11.35430", "2014-09-30": "23.10520", "2014-06-30": "13.76780", "2014-03-31": "16.18390", "2013-12-31": "13.04350", "2013-09-30": "23.24030", "2013-06-30": "14.37330", "2013-03-31": "14.04140", "2012-12-31": "13.53050", "2012-09-30": "24.07620", "2012-06-30": "15.76130", "2012-03-31": "12.48530", "2011-12-31": "13.93270", "2011-09-30": "24.04410", "2011-06-30": "9.90880", "2011-03-31": "14.51210", "2010-12-31": "15.28150", "2010-09-30": "25.91150", "2010-06-30": "13.57870", "2010-03-31": "12.24440", "2009-12-31": "11.81090", "2009-09-30": "18.03170", "2009-06-30": "8.42330", "2009-03-31": "7.75870", "2008-12-31": "10.28300", "2008-09-30": "19.43280", "2008-06-30": "9.91060", "2008-03-31": "12.61090", "2007-12-31": "14.10380", "2007-09-30": "22.44020", "2007-06-30": "12.99920", "2007-03-31": "13.23550", "2006-12-31": "12.51630", "2006-09-30": "19.14870", "2006-06-30": "14.04990", "2006-03-31": "12.86930", "2005-12-31": "11.68950", "2005-09-30": "22.79800", "2005-06-30": "11.88910", "2005-03-31": "10.94140"}, "EBITDA Margin": {"2020-09-30": "", "2020-06-30": "", "2020-03-31": "", "2019-12-31": "", "2019-09-30": "", "2019-06-30": "", "2019-03-31": "", "2018-12-31": "", "2018-09-30": "", "2018-06-30": "", "2018-03-31": "", "2017-12-31": "", "2017-09-30": "", "2017-06-30": "", "2017-03-31": "", "2016-12-31": "", "2016-09-30": "", "2016-06-30": "", "2016-03-31": "", "2015-12-31": "", "2015-09-30": "", "2015-06-30": "", "2015-03-31": "", "2014-12-31": "", "2014-09-30": "", "2014-06-30": "", "2014-03-31": "", "2013-12-31": "", "2013-09-30": "", "2013-06-30": "", "2013-03-31": "", "2012-12-31": "", "2012-09-30": "", "2012-06-30": "", "2012-03-31": "", "2011-12-31": "", "2011-09-30": "", "2011-06-30": "", "2011-03-31": "", "2010-12-31": "", "2010-09-30": "", "2010-06-30": "", "2010-03-31": "", "2009-12-31": "", "2009-09-30": "", "2009-06-30": "", "2009-03-31": "", "2008-12-31": "", "2008-09-30": "", "2008-06-30": "", "2008-03-31": "", "2007-12-31": "", "2007-09-30": "", "2007-06-30": "", "2007-03-31": "", "2006-12-31": "", "2006-09-30": "", "2006-06-30": "", "2006-03-31": "", "2005-12-31": "", "2005-09-30": "", "2005-06-30": "", "2005-03-31": ""}, "Pre-Tax Profit Margin": {"2020-09-30": "24.89130", "2020-06-30": "16.85230", "2020-03-31": "16.80680", "2019-12-31": "15.10850", "2019-09-30": "25.45450", "2019-06-30": "13.70540", "2019-03-31": "14.46520", "2018-12-31": "10.69260", "2018-09-30": "23.67000", "2018-06-30": "14.27520", "2018-03-31": "15.31160", "2017-12-31": "11.45890", "2017-09-30": "21.77750", "2017-06-30": "15.41880", "2017-03-31": "13.95950", "2016-12-31": "9.74910", "2016-09-30": "15.02270", "2016-06-30": "13.91470", "2016-03-31": "14.43470", "2015-12-31": "6.56670", "2015-09-30": "23.40640", "2015-06-30": "11.51700", "2015-03-31": "13.33850", "2014-12-31": "7.56120", "2014-09-30": "20.18740", "2014-06-30": "10.36920", "2014-03-31": "13.76990", "2013-12-31": "9.94470", "2013-09-30": "20.66700", "2013-06-30": "10.98890", "2013-03-31": "11.07490", "2012-12-31": "10.74710", "2012-09-30": "21.66520", "2012-06-30": "12.48730", "2012-03-31": "9.27260", "2011-12-31": "10.85700", "2011-09-30": "21.13910", "2011-06-30": "6.07720", "2011-03-31": "11.46830", "2010-12-31": "11.75950", "2010-09-30": "23.07450", "2010-06-30": "10.20770", "2010-03-31": "9.30130", "2009-12-31": "8.70280", "2009-09-30": "-6.92310", "2009-06-30": "6.49300", "2009-03-31": "6.14800", "2008-12-31": "8.73020", "2008-09-30": "18.49430", "2008-06-30": "8.13390", "2008-03-31": "11.41130", "2007-12-31": "38.77670", "2007-09-30": "19.99340", "2007-06-30": "10.17150", "2007-03-31": "11.39480", "2006-12-31": "36.95470", "2006-09-30": "15.46500", "2006-06-30": "11.30880", "2006-03-31": "1.49320", "2005-12-31": "-11.94310", "2005-09-30": "12.52570", "2005-06-30": "-4.85850", "2005-03-31": "4.54430"}, "Net Profit Margin": {"2020-09-30": "26.73910", "2020-06-30": "17.61240", "2020-03-31": "18.56500", "2019-12-31": "12.66610", "2019-09-30": "22.82830", "2019-06-30": "11.97170", "2019-03-31": "12.67220", "2018-12-31": "9.76530", "2018-09-30": "22.13010", "2018-06-30": "12.30240", "2018-03-31": "13.19440", "2017-12-31": "10.95670", "2017-09-30": "18.61290", "2017-06-30": "12.32200", "2017-03-31": "11.75780", "2016-12-31": "7.86700", "2016-09-30": "13.88710", "2016-06-30": "11.11850", "2016-03-31": "11.43640", "2015-12-31": "4.60750", "2015-09-30": "20.01340", "2015-06-30": "9.42550", "2015-03-31": "10.76440", "2014-12-31": "7.46180", "2014-09-30": "18.18290", "2014-06-30": "8.23670", "2014-03-31": "11.33500", "2013-12-31": "7.86690", "2013-09-30": "18.18600", "2013-06-30": "9.09470", "2013-03-31": "8.13170", "2012-12-31": "9.09580", "2012-09-30": "16.97840", "2012-06-30": "9.54660", "2012-03-31": "4.55790", "2011-12-31": "7.49210", "2011-09-30": "14.00850", "2011-06-30": "7.17190", "2011-03-31": "8.37890", "2010-12-31": "6.97020", "2010-09-30": "15.66670", "2010-06-30": "6.44550", "2010-03-31": "4.87530", "2009-12-31": "6.28670", "2009-09-30": "-5.01130", "2009-06-30": "3.92820", "2009-03-31": "7.64290", "2008-12-31": "5.82010", "2008-09-30": "11.06800", "2008-06-30": "7.34830", "2008-03-31": "6.86490", "2007-12-31": "22.17120", "2007-09-30": "13.18200", "2007-06-30": "6.51300", "2007-03-31": "7.00120", "2006-12-31": "22.95260", "2006-09-30": "8.85000", "2006-06-30": "6.51550", "2006-03-31": "-0.17190", "2005-12-31": "-7.04680", "2005-09-30": "12.86890", "2005-06-30": "-8.38810", "2005-03-31": "0.30050"}, "Asset Turnover": {"2020-09-30": "0.05250", "2020-06-30": "0.04420", "2020-03-31": "0.05430", "2019-12-31": "0.05270", "2019-09-30": "0.05990", "2019-06-30": "0.04900", "2019-03-31": "0.06280", "2018-12-31": "0.05660", "2018-09-30": "0.06080", "2018-06-30": "0.05580", "2018-03-31": "0.06430", "2017-12-31": "0.06030", "2017-09-30": "0.06430", "2017-06-30": "0.05570", "2017-03-31": "0.06340", "2016-12-31": "0.05960", "2016-09-30": "0.07100", "2016-06-30": "0.05950", "2016-03-31": "0.06730", "2015-12-31": "0.05920", "2015-09-30": "0.07160", "2015-06-30": "0.05830", "2015-03-31": "0.07430", "2014-12-31": "0.06670", "2014-09-30": "0.07270", "2014-06-30": "0.06590", "2014-03-31": "0.08570", "2013-12-31": "0.07490", "2013-09-30": "0.07890", "2013-06-30": "0.06590", "2013-03-31": "0.08010", "2012-12-31": "0.06960", "2012-09-30": "0.08660", "2012-06-30": "0.06950", "2012-03-31": "0.07950", "2011-12-31": "0.07850", "2011-09-30": "0.09190", "2011-06-30": "0.07660", "2011-03-31": "0.09330", "2010-12-31": "0.07310", "2010-09-30": "0.10320", "2010-06-30": "0.08200", "2010-03-31": "0.09810", "2009-12-31": "0.09440", "2009-09-30": "0.10100", "2009-06-30": "0.08890", "2009-03-31": "0.11530", "2008-12-31": "0.10600", "2008-09-30": "0.13440", "2008-06-30": "0.11180", "2008-03-31": "0.13800", "2007-12-31": "0.12120", "2007-09-30": "0.13100", "2007-06-30": "0.11050", "2007-03-31": "0.13580", "2006-12-31": "0.11880", "2006-09-30": "0.12810", "2006-06-30": "0.10160", "2006-03-31": "0.13410", "2005-12-31": "0.11730", "2005-09-30": "0.11080", "2005-06-30": "0.08660", "2005-03-31": "0.09820"}, "Inventory Turnover Ratio": {"2020-09-30": "0.85200", "2020-06-30": "0.83140", "2020-03-31": "1.21990", "2019-12-31": "1.08020", "2019-09-30": "1.01740", "2019-06-30": "0.89990", "2019-03-31": "2.02380", "2018-12-31": "1.40600", "2018-09-30": "1.13260", "2018-06-30": "1.17940", "2018-03-31": "1.55030", "2017-12-31": "1.25580", "2017-09-30": "1.07710", "2017-06-30": "1.05460", "2017-03-31": "1.59830", "2016-12-31": "1.21320", "2016-09-30": "1.17510", "2016-06-30": "1.07170", "2016-03-31": "1.50150", "2015-12-31": "1.08990", "2015-09-30": "1.22650", "2015-06-30": "1.11830", "2015-03-31": "2.07110", "2014-12-31": "1.30790", "2014-09-30": "1.23700", "2014-06-30": "1.49940", "2014-03-31": "2.65300", "2013-12-31": "1.54490", "2013-09-30": "1.26210", "2013-06-30": "1.30180", "2013-03-31": "2.09610", "2012-12-31": "1.03920", "2012-09-30": "1.54540", "2012-06-30": "1.25460", "2012-03-31": "2.03700", "2011-12-31": "1.42460", "2011-09-30": "1.53730", "2011-06-30": "1.52560", "2011-03-31": "2.39840", "2010-12-31": "1.43260", "2010-09-30": "1.43520", "2010-06-30": "1.35670", "2010-03-31": "2.25180", "2009-12-31": "1.49690", "2009-09-30": "1.43230", "2009-06-30": "1.34920", "2009-03-31": "2.87490", "2008-12-31": "1.67550", "2008-09-30": "1.50700", "2008-06-30": "2.08740", "2008-03-31": "3.57140", "2007-12-31": "2.07110", "2007-09-30": "1.74370", "2007-06-30": "1.88190", "2007-03-31": "3.71750", "2006-12-31": "2.27160", "2006-09-30": "2.41670", "2006-06-30": "2.09100", "2006-03-31": "3.77230", "2005-12-31": "2.45960", "2005-09-30": "2.00490", "2005-06-30": "2.20700", "2005-03-31": "2.95360"}, "Receiveable Turnover": {"2020-09-30": "2.30580", "2020-06-30": "1.97440", "2020-03-31": "2.31000", "2019-12-31": "2.18980", "2019-09-30": "2.19270", "2019-06-30": "1.87470", "2019-03-31": "2.36230", "2018-12-31": "2.49290", "2018-09-30": "1.99570", "2018-06-30": "1.96650", "2018-03-31": "2.66990", "2017-12-31": "1.77320", "2017-09-30": "2.69830", "2017-06-30": "1.80110", "2017-03-31": "2.00970", "2016-12-31": "1.61570", "2016-09-30": "1.88120", "2016-06-30": "2.38570", "2016-03-31": "2.16030", "2015-12-31": "1.86140", "2015-09-30": "2.10370", "2015-06-30": "2.41240", "2015-03-31": "2.48170", "2014-12-31": "1.88180", "2014-09-30": "2.52880", "2014-06-30": "1.85490", "2014-03-31": "2.27780", "2013-12-31": "1.75910", "2013-09-30": "3.24930", "2013-06-30": "2.61000", "2013-03-31": "2.69050", "2012-12-31": "2.46760", "2012-09-30": "2.35130", "2012-06-30": "2.66830", "2012-03-31": "6.02440", "2011-12-31": "3.14250", "2011-09-30": "2.21720", "2011-06-30": "2.85690", "2011-03-31": "2.62950", "2010-12-31": "2.03420", "2010-09-30": "2.10830", "2010-06-30": "1.88800", "2010-03-31": "1.74000", "2009-12-31": "1.69640", "2009-09-30": "1.97630", "2009-06-30": "2.16100", "2009-03-31": "2.22560", "2008-12-31": "1.97500", "2008-09-30": "4.25660", "2008-06-30": "2.83840", "2008-03-31": "2.88290", "2007-12-31": "4.17340", "2007-09-30": "3.30890", "2007-06-30": "4.65210", "2007-03-31": "4.05640", "2006-12-31": "3.66900", "2006-09-30": "3.81650", "2006-06-30": "3.80970", "2006-03-31": "3.45420", "2005-12-31": "3.74250", "2005-09-30": "4.15490", "2005-06-30": "4.09000", "2005-03-31": "2.83660"}, "Days Sales In Receivables": {"2020-09-30": "39.03260", "2020-06-30": "45.58380", "2020-03-31": "38.96040", "2019-12-31": "41.09960", "2019-09-30": "41.04550", "2019-06-30": "48.00680", "2019-03-31": "38.09870", "2018-12-31": "36.10300", "2018-09-30": "45.09690", "2018-06-30": "45.76650", "2018-03-31": "33.70950", "2017-12-31": "50.75580", "2017-09-30": "33.35430", "2017-06-30": "49.96860", "2017-03-31": "44.78390", "2016-12-31": "55.70520", "2016-09-30": "47.84230", "2016-06-30": "37.72460", "2016-03-31": "41.66150", "2015-12-31": "48.35020", "2015-09-30": "42.78230", "2015-06-30": "37.30760", "2015-03-31": "36.26480", "2014-12-31": "47.82610", "2014-09-30": "35.59010", "2014-06-30": "48.52060", "2014-03-31": "39.51200", "2013-12-31": "51.16140", "2013-09-30": "27.69790", "2013-06-30": "34.48330", "2013-03-31": "33.45160", "2012-12-31": "36.47220", "2012-09-30": "38.27740", "2012-06-30": "33.72880", "2012-03-31": "14.93930", "2011-12-31": "28.63960", "2011-09-30": "40.59250", "2011-06-30": "31.50320", "2011-03-31": "34.22710", "2010-12-31": "44.24400", "2010-09-30": "42.68780", "2010-06-30": "47.66990", "2010-03-31": "51.72320", "2009-12-31": "53.05420", "2009-09-30": "45.53960", "2009-06-30": "41.64690", "2009-03-31": "40.43790", "2008-12-31": "45.56940", "2008-09-30": "21.14350", "2008-06-30": "31.70780", "2008-03-31": "31.21880", "2007-12-31": "21.56530", "2007-09-30": "27.19940", "2007-06-30": "19.34600", "2007-03-31": "22.18690", "2006-12-31": "24.52990", "2006-09-30": "23.58150", "2006-06-30": "23.62370", "2006-03-31": "26.05540", "2005-12-31": "24.04830", "2005-09-30": "21.66100", "2005-06-30": "22.00490", "2005-03-31": "31.72760"}, "ROE - Return On Equity": {"2020-09-30": "4.36150", "2020-06-30": "2.46740", "2020-03-31": "3.13680", "2019-12-31": "2.18250", "2019-09-30": "4.60840", "2019-06-30": "2.06610", "2019-03-31": "2.72720", "2018-12-31": "1.91460", "2018-09-30": "4.55320", "2018-06-30": "2.36510", "2018-03-31": "2.91860", "2017-12-31": "2.30260", "2017-09-30": "4.12590", "2017-06-30": "2.38990", "2017-03-31": "2.60720", "2016-12-31": "1.69600", "2016-09-30": "3.40490", "2016-06-30": "2.29280", "2016-03-31": "2.66160", "2015-12-31": "1.01230", "2015-09-30": "4.87440", "2015-06-30": "1.97150", "2015-03-31": "2.75650", "2014-12-31": "1.82240", "2014-09-30": "4.59080", "2014-06-30": "1.93470", "2014-03-31": "3.31810", "2013-12-31": "2.10470", "2013-09-30": "4.94110", "2013-06-30": "2.16300", "2013-03-31": "2.64000", "2012-12-31": "2.39420", "2012-09-30": "4.90750", "2012-06-30": "2.30090", "2012-03-31": "1.44370", "2011-12-31": "2.25220", "2011-09-30": "4.68800", "2011-06-30": "1.86060", "2011-03-31": "2.67580", "2010-12-31": "1.86140", "2010-09-30": "5.38100", "2010-06-30": "1.89490", "2010-03-31": "1.73250", "2009-12-31": "2.04710", "2009-09-30": "-1.41210", "2009-06-30": "1.18400", "2009-03-31": "2.70420", "2008-12-31": "1.95000", "2008-09-30": "4.04180", "2008-06-30": "2.05840", "2008-03-31": "2.67680", "2007-12-31": "8.09340", "2007-09-30": "4.62620", "2007-06-30": "1.80270", "2007-03-31": "2.54300", "2006-12-31": "7.21530", "2006-09-30": "3.54280", "2006-06-30": "1.84760", "2006-03-31": "0.52810", "2005-12-31": "-2.50770", "2005-09-30": "3.89730", "2005-06-30": "-0.35830", "2005-03-31": "1.05120"}, "Return On Tangible Equity": {"2020-09-30": "4.21390", "2020-06-30": "2.38160", "2020-03-31": "3.02680", "2019-12-31": "2.10180", "2019-09-30": "4.43010", "2019-06-30": "1.98180", "2019-03-31": "2.61550", "2018-12-31": "1.83460", "2018-09-30": "4.36230", "2018-06-30": "2.26120", "2018-03-31": "2.78690", "2017-12-31": "2.19750", "2017-09-30": "3.93640", "2017-06-30": "2.27740", "2017-03-31": "2.47990", "2016-12-31": "1.61250", "2016-09-30": "3.23720", "2016-06-30": "2.17780", "2016-03-31": "2.52740", "2015-12-31": "0.96070", "2015-09-30": "4.62740", "2015-06-30": "1.86830", "2015-03-31": "2.61140", "2014-12-31": "1.72230", "2014-09-30": "4.33840", "2014-06-30": "1.82530", "2014-03-31": "3.13030", "2013-12-31": "1.98380", "2013-09-30": "4.65620", "2013-06-30": "2.03430", "2013-03-31": "2.48230", "2012-12-31": "2.24730", "2012-09-30": "4.68920", "2012-06-30": "2.19530", "2012-03-31": "1.37710", "2011-12-31": "2.14880", "2011-09-30": "4.47200", "2011-06-30": "1.77280", "2011-03-31": "2.51640", "2010-12-31": "1.71690", "2010-09-30": "5.05920", "2010-06-30": "1.77740", "2010-03-31": "1.62490", "2009-12-31": "1.88170", "2009-09-30": "-1.32400", "2009-06-30": "1.11210", "2009-03-31": "2.54080", "2008-12-31": "1.79510", "2008-09-30": "3.71950", "2008-06-30": "1.89050", "2008-03-31": "2.45660", "2007-12-31": "7.41880", "2007-09-30": "4.21690", "2007-06-30": "1.64230", "2007-03-31": "2.32220", "2006-12-31": "6.60770", "2006-09-30": "3.22550", "2006-06-30": "1.68320", "2006-03-31": "0.48080", "2005-12-31": "-2.27990", "2005-09-30": "3.55790", "2005-06-30": "-0.32560", "2005-03-31": "0.95920"}, "ROA - Return On Assets": {"2020-09-30": "1.41960", "2020-06-30": "0.79270", "2020-03-31": "1.02260", "2019-12-31": "0.68020", "2019-09-30": "1.38510", "2019-06-30": "0.60230", "2019-03-31": "0.81270", "2018-12-31": "0.56920", "2018-09-30": "1.36280", "2018-06-30": "0.70410", "2018-03-31": "0.86720", "2017-12-31": "0.67880", "2017-09-30": "1.21430", "2017-06-30": "0.70430", "2017-03-31": "0.75460", "2016-12-31": "0.48980", "2016-09-30": "1.00850", "2016-06-30": "0.68500", "2016-03-31": "0.79940", "2015-12-31": "0.30170", "2015-09-30": "1.45400", "2015-06-30": "0.57990", "2015-03-31": "0.82120", "2014-12-31": "0.51970", "2014-09-30": "1.36100", "2014-06-30": "0.56730", "2014-03-31": "0.99490", "2013-12-31": "0.62180", "2013-09-30": "1.47070", "2013-06-30": "0.62820", "2013-03-31": "0.77420", "2012-12-31": "0.69630", "2012-09-30": "1.49260", "2012-06-30": "0.69860", "2012-03-31": "0.44970", "2011-12-31": "0.70090", "2011-09-30": "1.48500", "2011-06-30": "0.58590", "2011-03-31": "0.83190", "2010-12-31": "0.58060", "2010-09-30": "1.68550", "2010-06-30": "0.58270", "2010-03-31": "0.53000", "2009-12-31": "0.62860", "2009-09-30": "-0.44540", "2009-06-30": "0.40430", "2009-03-31": "0.93820", "2008-12-31": "0.67180", "2008-09-30": "1.55830", "2008-06-30": "0.76310", "2008-03-31": "1.01260", "2007-12-31": "3.01820", "2007-09-30": "1.67740", "2007-06-30": "0.66650", "2007-03-31": "0.97040", "2006-12-31": "2.70040", "2006-09-30": "1.26270", "2006-06-30": "0.67240", "2006-03-31": "0.18870", "2005-12-31": "-0.79140", "2005-09-30": "1.26290", "2005-06-30": "-0.10770", "2005-03-31": "0.32840"}, "ROI - Return On Investment": {"2020-09-30": "1.99470", "2020-06-30": "1.11110", "2020-03-31": "1.49610", "2019-12-31": "1.03860", "2019-09-30": "2.13930", "2019-06-30": "0.93930", "2019-03-31": "1.24650", "2018-12-31": "0.87520", "2018-09-30": "2.07710", "2018-06-30": "1.06320", "2018-03-31": "1.45490", "2017-12-31": "1.14740", "2017-09-30": "1.99090", "2017-06-30": "1.12500", "2017-03-31": "1.20770", "2016-12-31": "0.78180", "2016-09-30": "1.66840", "2016-06-30": "1.14670", "2016-03-31": "1.33830", "2015-12-31": "0.50630", "2015-09-30": "2.34050", "2015-06-30": "0.94710", "2015-03-31": "1.33950", "2014-12-31": "0.86780", "2014-09-30": "2.45150", "2014-06-30": "1.01430", "2014-03-31": "1.69790", "2013-12-31": "1.06950", "2013-09-30": "2.45690", "2013-06-30": "1.05170", "2013-03-31": "1.28450", "2012-12-31": "1.15920", "2012-09-30": "2.51190", "2012-06-30": "1.17350", "2012-03-31": "0.73730", "2011-12-31": "1.15810", "2011-09-30": "2.40600", "2011-06-30": "0.94330", "2011-03-31": "1.34570", "2010-12-31": "0.92250", "2010-09-30": "2.69150", "2010-06-30": "0.96370", "2010-03-31": "0.93130", "2009-12-31": "1.04740", "2009-09-30": "-0.76450", "2009-06-30": "0.72030", "2009-03-31": "1.64790", "2008-12-31": "1.14370", "2008-09-30": "2.63680", "2008-06-30": "1.28650", "2008-03-31": "1.66700", "2007-12-31": "5.01210", "2007-09-30": "2.67160", "2007-06-30": "1.11510", "2007-03-31": "1.58890", "2006-12-31": "4.53490", "2006-09-30": "2.08810", "2006-06-30": "1.09420", "2006-03-31": "0.30020", "2005-12-31": "-1.33070", "2005-09-30": "2.00620", "2005-06-30": "-0.17940", "2005-03-31": "0.53530"}, "Book Value Per Share": {"2020-09-30": "23.65860", "2020-06-30": "23.02600", "2020-03-31": "22.85490", "2019-12-31": "22.05920", "2019-09-30": "21.50760", "2019-06-30": "20.62810", "2019-03-31": "20.56670", "2018-12-31": "20.27300", "2018-09-30": "20.21900", "2018-06-30": "19.46630", "2018-03-31": "19.14400", "2017-12-31": "18.94200", "2017-09-30": "18.83270", "2017-06-30": "18.39510", "2017-03-31": "17.98280", "2016-12-31": "17.84130", "2016-09-30": "17.84220", "2016-06-30": "17.55220", "2016-03-31": "17.45550", "2015-12-31": "17.29300", "2015-09-30": "17.40520", "2015-06-30": "16.87080", "2015-03-31": "16.81230", "2014-12-31": "16.40810", "2014-09-30": "16.39370", "2014-06-30": "15.95110", "2014-03-31": "15.92440", "2013-12-31": "15.69800", "2013-09-30": "15.63180", "2013-06-30": "15.15310", "2013-03-31": "15.09030", "2012-12-31": "15.05490", "2012-09-30": "14.69900", "2012-06-30": "14.24320", "2012-03-31": "14.16880", "2011-12-31": "14.36070", "2011-09-30": "14.18470", "2011-06-30": "13.85070", "2011-03-31": "14.00550", "2010-12-31": "14.15500", "2010-09-30": "13.86320", "2010-06-30": "13.38050", "2010-03-31": "13.36170", "2009-12-31": "13.63910", "2009-09-30": "13.31240", "2009-06-30": "13.69480", "2009-03-31": "13.74930", "2008-12-31": "13.89510", "2008-09-30": "13.83850", "2008-06-30": "13.52860", "2008-03-31": "13.41720", "2007-12-31": "13.25220", "2007-09-30": "12.48960", "2007-06-30": "12.24080", "2007-03-31": "12.34340", "2006-12-31": "12.46520", "2006-09-30": "11.72510", "2006-06-30": "11.63660", "2006-03-31": "11.59010", "2005-12-31": "11.46780", "2005-09-30": "11.97910", "2005-06-30": "11.48100", "2005-03-31": "11.97840"}, "Operating Cash Flow Per Share": {"2020-09-30": 0.4642, "2020-06-30": 0.6249, "2020-03-31": "0.65490", "2019-12-31": 0.6415, "2019-09-30": 0.9587, "2019-06-30": 0.3976, "2019-03-31": "0.76540", "2018-12-31": 0.3789, "2018-09-30": 0.6973, "2018-06-30": 0.5073, "2018-03-31": "0.67550", "2017-12-31": 0.3171, "2017-09-30": 1.3969, "2017-06-30": 0.034, "2017-03-31": "0.52280", "2016-12-31": -1.1489, "2016-09-30": 0.6318, "2016-06-30": 1.2401, "2016-03-31": "1.00660", "2015-12-31": 0.794, "2015-09-30": 0.7842, "2015-06-30": 0.8706, "2015-03-31": "1.41630", "2014-12-31": 0.5745, "2014-09-30": 1.4246, "2014-06-30": 0.6977, "2014-03-31": "1.32490", "2013-12-31": 0.3966, "2013-09-30": 0.9919, "2013-06-30": 1.014, "2013-03-31": "0.89620", "2012-12-31": 1.0862, "2012-09-30": 1.1783, "2012-06-30": 0.5604, "2012-03-31": "0.97070", "2011-12-31": 0.4064, "2011-09-30": 0.6587, "2011-06-30": 0.9279, "2011-03-31": "1.18090", "2010-12-31": 1.3094, "2010-09-30": 0.9778, "2010-06-30": 1.312, "2010-03-31": "0.85650", "2009-12-31": 0.3002, "2009-09-30": 0.6839, "2009-06-30": 0.7802, "2009-03-31": "1.21300", "2008-12-31": -0.3494, "2008-09-30": 0.7045, "2008-06-30": 0.7627, "2008-03-31": "0.41520", "2007-12-31": 0.9981, "2007-09-30": 0.3712, "2007-06-30": 0.6063, "2007-03-31": "0.72390", "2006-12-31": 0.2526, "2006-09-30": 0.5203, "2006-06-30": 0.7062, "2006-03-31": "0.24160", "2005-12-31": 0.2408, "2005-09-30": 0.5943, "2005-06-30": 0.745, "2005-03-31": "0.84040"}, "Free Cash Flow Per Share": {"2020-09-30": -0.9967, "2020-06-30": -0.6308, "2020-03-31": "-0.52450", "2019-12-31": -1.7399, "2019-09-30": -0.5546, "2019-06-30": -0.8537, "2019-03-31": "-0.95100", "2018-12-31": -1.8196, "2018-09-30": -0.9378, "2018-06-30": -1.1172, "2018-03-31": "-0.86080", "2017-12-31": -1.5262, "2017-09-30": -0.4931, "2017-06-30": -1.3382, "2017-03-31": "-0.75790", "2016-12-31": -2.9554, "2016-09-30": -0.6686, "2016-06-30": 0.1318, "2016-03-31": "-0.04810", "2015-12-31": -0.7853, "2015-09-30": 0.3239, "2015-06-30": 0.0484, "2015-03-31": "0.31010", "2014-12-31": -0.5588, "2014-09-30": 0.4188, "2014-06-30": -0.1665, "2014-03-31": "0.54420", "2013-12-31": -0.5383, "2013-09-30": 0.1665, "2013-06-30": 0.2279, "2013-03-31": "0.14120", "2012-12-31": -1.6788, "2012-09-30": 0.7709, "2012-06-30": -0.3436, "2012-03-31": "0.41940", "2011-12-31": -0.1712, "2011-09-30": 0.0171, "2011-06-30": 0.4372, "2011-03-31": "0.14420", "2010-12-31": 0.1973, "2010-09-30": 0.0613, "2010-06-30": 0.5784, "2010-03-31": "-0.15120", "2009-12-31": -0.8274, "2009-09-30": -0.6886, "2009-06-30": -0.5886, "2009-03-31": "-0.12690", "2008-12-31": -1.3617, "2008-09-30": -0.0902, "2008-06-30": -0.6467, "2008-03-31": "-0.18680", "2007-12-31": 3.6091, "2007-09-30": -0.1292, "2007-06-30": 0.2607, "2007-03-31": "0.55330", "2006-12-31": 0.4192, "2006-09-30": 0.2253, "2006-06-30": 0.4631, "2006-03-31": "2.31120", "2005-12-31": -0.1059, "2005-09-30": 0.5043, "2005-06-30": 0.3042, "2005-03-31": "0.34030"}}, "revenue": {"Alliant Energy Annual Revenue (Millions of US $)": {"2019": "$3,648", "2018": "$3,535", "2017": "$3,382", "2016": "$3,320", "2015": "$3,254", "2014": "$3,350", "2013": "$3,277", "2012": "$3,095", "2011": "$3,221", "2010": "$3,262", "2009": "$3,427", "2008": "$3,669", "2007": "$3,438", "2006": "$3,359", "2005": "$3,280"}, "Alliant Energy Quarterly Revenue (Millions of US $)": {"2020-09-30": "$920", "2020-06-30": "$763", "2020-03-31": "$916", "2019-12-31": "$880", "2019-09-30": "$990", "2019-06-30": "$790", "2019-03-31": "$987", "2018-12-31": "$874", "2018-09-30": "$929", "2018-06-30": "$816", "2018-03-31": "$916", "2017-12-31": "$856", "2017-09-30": "$907", "2017-06-30": "$765", "2017-03-31": "$854", "2016-12-31": "$797", "2016-09-30": "$925", "2016-06-30": "$755", "2016-03-31": "$844", "2015-12-31": "$740", "2015-09-30": "$899", "2015-06-30": "$717", "2015-03-31": "$897", "2014-12-31": "$804", "2014-09-30": "$843", "2014-06-30": "$750", "2014-03-31": "$953", "2013-12-31": "$833", "2013-09-30": "$867", "2013-06-30": "$718", "2013-03-31": "$860", "2012-12-31": "$751", "2012-09-30": "$888", "2012-06-30": "$690", "2012-03-31": "$766", "2011-12-31": "$761", "2011-09-30": "$871", "2011-06-30": "$713", "2011-03-31": "$877", "2010-12-31": "$679", "2010-09-30": "$952", "2010-06-30": "$742", "2010-03-31": "$890", "2009-12-31": "$853", "2009-09-30": "$884", "2009-06-30": "$741", "2009-03-31": "$950", "2008-12-31": "$869", "2008-09-30": "$980", "2008-06-30": "$827", "2008-03-31": "$992", "2007-12-31": "$871", "2007-09-30": "$907", "2007-06-30": "$746", "2007-03-31": "$913", "2006-12-31": "$841", "2006-09-30": "$890", "2006-06-30": "$697", "2006-03-31": "$931", "2005-12-31": "$907", "2005-09-30": "$874", "2005-06-30": "$700", "2005-03-31": "$799"}}, "gross-profit": {"Alliant Energy Annual Gross Profit (Millions of US $)": {"2019": "$2,649", "2018": "$2,447", "2017": "$2,353", "2016": "$2,272", "2015": "$2,197", "2014": "$2,145", "2013": "$2,058", "2012": "$1,894", "2011": "$1,905", "2010": "$1,859", "2009": "$1,907", "2008": "$2,021", "2007": "$1,782", "2006": "$1,661", "2005": "$1,766"}, "Alliant Energy Quarterly Gross Profit (Millions of US $)": {"2020-09-30": "$730", "2020-06-30": "$579", "2020-03-31": "$647", "2019-12-31": "$635", "2019-09-30": "$762", "2019-06-30": "$605", "2019-03-31": "$647", "2018-12-31": "$576", "2018-09-30": "$690", "2018-06-30": "$580", "2018-03-31": "$602", "2017-12-31": "$577", "2017-09-30": "$669", "2017-06-30": "$553", "2017-03-31": "$554", "2016-12-31": "$527", "2016-09-30": "$666", "2016-06-30": "$531", "2016-03-31": "$548", "2015-12-31": "$497", "2015-09-30": "$640", "2015-06-30": "$510", "2015-03-31": "$551", "2014-12-31": "$511", "2014-09-30": "$591", "2014-06-30": "$491", "2014-03-31": "$552", "2013-12-31": "$505", "2013-09-30": "$588", "2013-06-30": "$469", "2013-03-31": "$496", "2012-12-31": "$539", "2012-09-30": "$564", "2012-06-30": "$432", "2012-03-31": "$358", "2011-12-31": "$450", "2011-09-30": "$556", "2011-06-30": "$430", "2011-03-31": "$469", "2010-12-31": "$345", "2010-09-30": "$607", "2010-06-30": "$447", "2010-03-31": "$460", "2009-12-31": "$496", "2009-09-30": "$534", "2009-06-30": "$449", "2009-03-31": "$428", "2008-12-31": "$463", "2008-09-30": "$616", "2008-06-30": "$459", "2008-03-31": "$482", "2007-12-31": "$440", "2007-09-30": "$529", "2007-06-30": "$392", "2007-03-31": "$421", "2006-12-31": "$437", "2006-09-30": "$454", "2006-06-30": "$368", "2006-03-31": "$402", "2005-12-31": "$450", "2005-09-30": "$506", "2005-06-30": "$399", "2005-03-31": "$410"}}, "operating-income": {"Alliant Energy Annual Operating Income (Millions of US $)": {"2019": "$778", "2018": "$694", "2017": "$671", "2016": "$554", "2015": "$577", "2014": "$544", "2013": "$534", "2012": "$520", "2011": "$513", "2010": "$560", "2009": "$396", "2008": "$487", "2007": "$544", "2006": "$494", "2005": "$476"}, "Alliant Energy Quarterly Operating Income (Millions of US $)": {"2020-09-30": "$272", "2020-06-30": "$168", "2020-03-31": "$188", "2019-12-31": "$161", "2019-09-30": "$290", "2019-06-30": "$150", "2019-03-31": "$177", "2018-12-31": "$121", "2018-09-30": "$256", "2018-06-30": "$151", "2018-03-31": "$166", "2017-12-31": "$134", "2017-09-30": "$236", "2017-06-30": "$154", "2017-03-31": "$147", "2016-12-31": "$117", "2016-09-30": "$163", "2016-06-30": "$129", "2016-03-31": "$146", "2015-12-31": "$79", "2015-09-30": "$236", "2015-06-30": "$109", "2015-03-31": "$153", "2014-12-31": "$91", "2014-09-30": "$195", "2014-06-30": "$103", "2014-03-31": "$154", "2013-12-31": "$109", "2013-09-30": "$201", "2013-06-30": "$103", "2013-03-31": "$121", "2012-12-31": "$102", "2012-09-30": "$214", "2012-06-30": "$109", "2012-03-31": "$96", "2011-12-31": "$106", "2011-09-30": "$209", "2011-06-30": "$71", "2011-03-31": "$127", "2010-12-31": "$104", "2010-09-30": "$247", "2010-06-30": "$101", "2010-03-31": "$109", "2009-12-31": "$101", "2009-09-30": "$159", "2009-06-30": "$62", "2009-03-31": "$74", "2008-12-31": "$89", "2008-09-30": "$191", "2008-06-30": "$82", "2008-03-31": "$125", "2007-12-31": "$123", "2007-09-30": "$204", "2007-06-30": "$97", "2007-03-31": "$121", "2006-12-31": "$105", "2006-09-30": "$171", "2006-06-30": "$98", "2006-03-31": "$120", "2005-12-31": "$106", "2005-09-30": "$199", "2005-06-30": "$83", "2005-03-31": "$87"}}, "ebitda": {"Alliant Energy Annual EBITDA (Millions of US $)": {"2019": "$1,345", "2018": "$1,201", "2017": "$1,133", "2016": "$961", "2015": "$991", "2014": "$986", "2013": "$945", "2012": "$908", "2011": "$893", "2010": "$904", "2009": "$714", "2008": "$773", "2007": "$854", "2006": "$800", "2005": "$866"}, "Alliant Energy Quarterly EBITDA (Millions of US $)": {"2020-09-30": "$428", "2020-06-30": "$315", "2020-03-31": "$340", "2019-12-31": "$304", "2019-09-30": "$434", "2019-06-30": "$303", "2019-03-31": "$304", "2018-12-31": "$252", "2018-09-30": "$385", "2018-06-30": "$278", "2018-03-31": "$286", "2017-12-31": "$253", "2017-09-30": "$357", "2017-06-30": "$269", "2017-03-31": "$254", "2016-12-31": "$215", "2016-09-30": "$267", "2016-06-30": "$231", "2016-03-31": "$248", "2015-12-31": "$193", "2015-09-30": "$335", "2015-06-30": "$209", "2015-03-31": "$253", "2014-12-31": "$245", "2014-09-30": "$292", "2014-06-30": "$199", "2014-03-31": "$250", "2013-12-31": "$213", "2013-09-30": "$303", "2013-06-30": "$206", "2013-03-31": "$223", "2012-12-31": "$200", "2012-09-30": "$311", "2012-06-30": "$203", "2012-03-31": "$193", "2011-12-31": "$202", "2011-09-30": "$305", "2011-06-30": "$167", "2011-03-31": "$220", "2010-12-31": "$195", "2010-09-30": "$336", "2010-06-30": "$177", "2010-03-31": "$197", "2009-12-31": "$184", "2009-09-30": "$241", "2009-06-30": "$139", "2009-03-31": "$150", "2008-12-31": "$160", "2008-09-30": "$260", "2008-06-30": "$155", "2008-03-31": "$199", "2007-12-31": "$200", "2007-09-30": "$281", "2007-06-30": "$175", "2007-03-31": "$199", "2006-12-31": "$183", "2006-09-30": "$246", "2006-06-30": "$173", "2006-03-31": "$199", "2005-12-31": "$210", "2005-09-30": "$295", "2005-06-30": "$178", "2005-03-31": "$183"}}, "net-income": {"Alliant Energy Annual Net Income (Millions of US $)": {"2019": "$557", "2018": "$512", "2017": "$457", "2016": "$372", "2015": "$378", "2014": "$383", "2013": "$358", "2012": "$320", "2011": "$304", "2010": "$288", "2009": "$111", "2008": "$288", "2007": "$425", "2006": "$316", "2005": "$-8"}, "Alliant Energy Quarterly Net Income (Millions of US $)": {"2020-09-30": "$246", "2020-06-30": "$134", "2020-03-31": "$170", "2019-12-31": "$112", "2019-09-30": "$226", "2019-06-30": "$95", "2019-03-31": "$125", "2018-12-31": "$85", "2018-09-30": "$206", "2018-06-30": "$100", "2018-03-31": "$121", "2017-12-31": "$94", "2017-09-30": "$169", "2017-06-30": "$94", "2017-03-31": "$100", "2016-12-31": "$63", "2016-09-30": "$128", "2016-06-30": "$84", "2016-03-31": "$97", "2015-12-31": "$34", "2015-09-30": "$180", "2015-06-30": "$68", "2015-03-31": "$97", "2014-12-31": "$60", "2014-09-30": "$153", "2014-06-30": "$62", "2014-03-31": "$108", "2013-12-31": "$66", "2013-09-30": "$158", "2013-06-30": "$65", "2013-03-31": "$70", "2012-12-31": "$68", "2012-09-30": "$151", "2012-06-30": "$66", "2012-03-31": "$35", "2011-12-31": "$57", "2011-09-30": "$122", "2011-06-30": "$51", "2011-03-31": "$74", "2010-12-31": "$47", "2010-09-30": "$149", "2010-06-30": "$48", "2010-03-31": "$43", "2009-12-31": "$54", "2009-09-30": "$-44", "2009-06-30": "$29", "2009-03-31": "$73", "2008-12-31": "$51", "2008-09-30": "$109", "2008-06-30": "$61", "2008-03-31": "$68", "2007-12-31": "$193", "2007-09-30": "$120", "2007-06-30": "$49", "2007-03-31": "$64", "2006-12-31": "$193", "2006-09-30": "$79", "2006-06-30": "$45", "2006-03-31": "$-2", "2005-12-31": "$-64", "2005-09-30": "$113", "2005-06-30": "$-59", "2005-03-31": "$2"}}, "eps-earnings-per-share-diluted": {"Alliant Energy Annual EPS": {"2019": "$2.33", "2018": "$2.19", "2017": "$1.99", "2016": "$1.64", "2015": "$1.68", "2014": "$1.73", "2013": "$1.62", "2012": "$1.45", "2011": "$1.37", "2010": "$1.30", "2009": "$0.51", "2008": "$1.31", "2007": "$1.89", "2006": "$1.35", "2005": "$-0.04"}, "Alliant Energy Quarterly EPS": {"2020-09-30": "$0.98", "2020-06-30": "$0.54", "2020-03-31": "$0.70", "2019-12-31": "$0.46", "2019-09-30": "$0.94", "2019-06-30": "$0.40", "2019-03-31": "$0.53", "2018-12-31": "$0.37", "2018-09-30": "$0.87", "2018-06-30": "$0.43", "2018-03-31": "$0.52", "2017-12-31": "$0.41", "2017-09-30": "$0.73", "2017-06-30": "$0.41", "2017-03-31": "$0.44", "2016-12-31": "$0.27", "2016-09-30": "$0.57", "2016-06-30": "$0.37", "2016-03-31": "$0.43", "2015-12-31": "$0.16", "2015-09-30": "$0.79", "2015-06-30": "$0.30", "2015-03-31": "$0.44", "2014-12-31": "$0.28", "2014-09-30": "$0.69", "2014-06-30": "$0.28", "2014-03-31": "$0.49", "2013-12-31": "$0.30", "2013-09-30": "$0.71", "2013-06-30": "$0.30", "2013-03-31": "$0.32", "2012-12-31": "$0.31", "2012-09-30": "$0.68", "2012-06-30": "$0.30", "2012-03-31": "$0.16", "2011-12-31": "$0.26", "2011-09-30": "$0.55", "2011-06-30": "$0.23", "2011-03-31": "$0.33", "2010-12-31": "$0.22", "2010-09-30": "$0.68", "2010-06-30": "$0.22", "2010-03-31": "$0.20", "2009-12-31": "$0.25", "2009-09-30": "$-0.20", "2009-06-30": "$0.13", "2009-03-31": "$0.33", "2008-12-31": "$0.23", "2008-09-30": "$0.49", "2008-06-30": "$0.28", "2008-03-31": "$0.31", "2007-12-31": "$0.86", "2007-09-30": "$0.54", "2007-06-30": "$0.22", "2007-03-31": "$0.28", "2006-12-31": "$0.82", "2006-09-30": "$0.34", "2006-06-30": "$0.20", "2006-03-31": "$-0.01", "2005-12-31": "$-0.28", "2005-09-30": "$0.48", "2005-06-30": "$-0.25", "2005-03-31": "$0.01"}}, "shares-outstanding": {"Alliant Energy Annual Shares Outstanding (Millions of Shares)": {"2019": "239", "2018": "234", "2017": "230", "2016": "227", "2015": "225", "2014": "222", "2013": "222", "2012": "222", "2011": "221", "2010": "221", "2009": "221", "2008": "221", "2007": "225", "2006": "234", "2005": "234"}, "Alliant Energy Quarterly Shares Outstanding (Millions of Shares)": {"2020-09-30": "250", "2020-06-30": "250", "2020-03-31": "245", "2019-12-31": "239", "2019-09-30": "240", "2019-06-30": "238", "2019-03-31": "237", "2018-12-31": "234", "2018-09-30": "235", "2018-06-30": "232", "2018-03-31": "231", "2017-12-31": "230", "2017-09-30": "231", "2017-06-30": "229", "2017-03-31": "228", "2016-12-31": "227", "2016-09-30": "227", "2016-06-30": "227", "2016-03-31": "227", "2015-12-31": "225", "2015-09-30": "226", "2015-06-30": "226", "2015-03-31": "222", "2014-12-31": "222", "2014-09-30": "222", "2014-06-30": "222", "2014-03-31": "222", "2013-12-31": "222", "2013-09-30": "222", "2013-06-30": "222", "2013-03-31": "222", "2012-12-31": "222", "2012-09-30": "222", "2012-06-30": "222", "2012-03-31": "221", "2011-12-31": "221", "2011-09-30": "221", "2011-06-30": "221", "2011-03-31": "221", "2010-12-31": "221", "2010-09-30": "221", "2010-06-30": "221", "2010-03-31": "221", "2009-12-31": "221", "2009-09-30": "221", "2009-06-30": "221", "2009-03-31": "221", "2008-12-31": "221", "2008-09-30": "221", "2008-06-30": "221", "2008-03-31": "221", "2007-12-31": "225", "2007-09-30": "222", "2007-06-30": "226", "2007-03-31": "232", "2006-12-31": "234", "2006-09-30": "235", "2006-06-30": "235", "2006-03-31": "235", "2005-12-31": "234", "2005-09-30": "234", "2005-06-30": "233", "2005-03-31": "233"}}, "total-assets": {"Alliant Energy Annual Total Assets (Millions of US $)": {"2019": "$16,701", "2018": "$15,426", "2017": "$14,188", "2016": "$13,374", "2015": "$12,495", "2014": "$12,064", "2013": "$11,112", "2012": "$10,786", "2011": "$9,688", "2010": "$9,283", "2009": "$9,036", "2008": "$8,202", "2007": "$7,190", "2006": "$7,084", "2005": "$7,733"}, "Alliant Energy Quarterly Total Assets (Millions of US $)": {"2020-09-30": "$17,540", "2020-06-30": "$17,270", "2020-03-31": "$16,879", "2019-12-31": "$16,701", "2019-09-30": "$16,533", "2019-06-30": "$16,122", "2019-03-31": "$15,713", "2018-12-31": "$15,426", "2018-09-30": "$15,270", "2018-06-30": "$14,615", "2018-03-31": "$14,242", "2017-12-31": "$14,188", "2017-09-30": "$14,115", "2017-06-30": "$13,743", "2017-03-31": "$13,465", "2016-12-31": "$13,374", "2016-09-30": "$13,029", "2016-06-30": "$12,685", "2016-03-31": "$12,535", "2015-12-31": "$12,495", "2015-09-30": "$12,559", "2015-06-30": "$12,312", "2015-03-31": "$12,080", "2014-12-31": "$12,064", "2014-09-30": "$11,594", "2014-06-30": "$11,387", "2014-03-31": "$11,117", "2013-12-31": "$11,112", "2013-09-30": "$10,981", "2013-06-30": "$10,888", "2013-03-31": "$10,734", "2012-12-31": "$10,786", "2012-09-30": "$10,251", "2012-06-30": "$9,934", "2012-03-31": "$9,628", "2011-12-31": "$9,688", "2011-09-30": "$9,481", "2011-06-30": "$9,301", "2011-03-31": "$9,401", "2010-12-31": "$9,283", "2010-09-30": "$9,226", "2010-06-30": "$9,044", "2010-03-31": "$9,075", "2009-12-31": "$9,036", "2009-09-30": "$8,756", "2009-06-30": "$8,335", "2009-03-31": "$8,239", "2008-12-31": "$8,202", "2008-09-30": "$7,297", "2008-06-30": "$7,404", "2008-03-31": "$7,189", "2007-12-31": "$7,190", "2007-09-30": "$6,927", "2007-06-30": "$6,752", "2007-03-31": "$6,719", "2006-12-31": "$7,084", "2006-09-30": "$6,953", "2006-06-30": "$6,856", "2006-03-31": "$6,942", "2005-12-31": "$7,733", "2005-09-30": "$7,886", "2005-06-30": "$8,081", "2005-03-31": "$8,132"}}, "cash-on-hand": {"Alliant Energy Annual Cash on Hand (Millions of US $)": {"2019": "$16", "2018": "$21", "2017": "$28", "2016": "$8", "2015": "$6", "2014": "$57", "2013": "$10", "2012": "$21", "2011": "$11", "2010": "$159", "2009": "$175", "2008": "$347", "2007": "$746", "2006": "$265", "2005": "$225"}, "Alliant Energy Quarterly Cash on Hand (Millions of US $)": {"2020-09-30": "$189", "2020-06-30": "$208", "2020-03-31": "$55", "2019-12-31": "$16", "2019-09-30": "$194", "2019-06-30": "$170", "2019-03-31": "$10", "2018-12-31": "$21", "2018-09-30": "$240", "2018-06-30": "$5", "2018-03-31": "$19", "2017-12-31": "$28", "2017-09-30": "$9", "2017-06-30": "$7", "2017-03-31": "$8", "2016-12-31": "$8", "2016-09-30": "$85", "2016-06-30": "$7", "2016-03-31": "$5", "2015-12-31": "$6", "2015-09-30": "$139", "2015-06-30": "$55", "2015-03-31": "$98", "2014-12-31": "$57", "2014-09-30": "$11", "2014-06-30": "$16", "2014-03-31": "$15", "2013-12-31": "$10", "2013-09-30": "$18", "2013-06-30": "$12", "2013-03-31": "$53", "2012-12-31": "$21", "2012-09-30": "$41", "2012-06-30": "$31", "2012-03-31": "$31", "2011-12-31": "$11", "2011-09-30": "$46", "2011-06-30": "$77", "2011-03-31": "$126", "2010-12-31": "$159", "2010-09-30": "$137", "2010-06-30": "$171", "2010-03-31": "$140", "2009-12-31": "$175", "2009-09-30": "$177", "2009-06-30": "$246", "2009-03-31": "$284", "2008-12-31": "$347", "2008-09-30": "$379", "2008-06-30": "$574", "2008-03-31": "$632", "2007-12-31": "$746", "2007-09-30": "$108", "2007-06-30": "$125", "2007-03-31": "$110", "2006-12-31": "$265", "2006-09-30": "$133", "2006-06-30": "$157", "2006-03-31": "$101", "2005-12-31": "$225", "2005-09-30": "$152", "2005-06-30": "$260", "2005-03-31": "$171"}}, "long-term-debt": {"Alliant Energy Annual Long Term Debt (Millions of US $)": {"2019": "$5,533", "2018": "$5,246", "2017": "$4,011", "2016": "$4,316", "2015": "$3,522", "2014": "$3,584", "2013": "$2,978", "2012": "$3,137", "2011": "$2,703", "2010": "$2,703", "2009": "$2,405", "2008": "$1,748", "2007": "$1,405", "2006": "$1,323", "2005": "$1,915"}, "Alliant Energy Quarterly Long Term Debt (Millions of US $)": {"2020-09-30": "$6,574", "2020-06-30": "$6,572", "2020-03-31": "$5,834", "2019-12-31": "$5,533", "2019-09-30": "$5,535", "2019-06-30": "$5,438", "2019-03-31": "$5,362", "2018-12-31": "$5,246", "2018-09-30": "$5,248", "2018-06-30": "$5,128", "2018-03-31": "$4,057", "2017-12-31": "$4,011", "2017-09-30": "$4,255", "2017-06-30": "$4,354", "2017-03-31": "$4,316", "2016-12-31": "$4,316", "2016-09-30": "$3,817", "2016-06-30": "$3,588", "2016-03-31": "$3,523", "2015-12-31": "$3,522", "2015-09-30": "$3,856", "2015-06-30": "$3,717", "2015-03-31": "$3,607", "2014-12-31": "$3,584", "2014-09-30": "$2,800", "2014-06-30": "$2,830", "2014-03-31": "$2,981", "2013-12-31": "$2,978", "2013-09-30": "$3,105", "2013-06-30": "$3,141", "2013-03-31": "$3,122", "2012-12-31": "$3,137", "2012-09-30": "$2,828", "2012-06-30": "$2,753", "2012-03-31": "$2,728", "2011-12-31": "$2,703", "2011-09-30": "$2,704", "2011-06-30": "$2,704", "2011-03-31": "$2,704", "2010-12-31": "$2,703", "2010-09-30": "$2,704", "2010-06-30": "$2,504", "2010-03-31": "$2,205", "2009-12-31": "$2,405", "2009-09-30": "$2,156", "2009-06-30": "$1,648", "2009-03-31": "$1,649", "2008-12-31": "$1,748", "2008-09-30": "$1,255", "2008-06-30": "$1,403", "2008-03-31": "$1,404", "2007-12-31": "$1,405", "2007-09-30": "$1,594", "2007-06-30": "$1,296", "2007-03-31": "$1,296", "2006-12-31": "$1,323", "2006-09-30": "$1,483", "2006-06-30": "$1,474", "2006-03-31": "$1,639", "2005-12-31": "$1,915", "2005-09-30": "$2,165", "2005-06-30": "$2,177", "2005-03-31": "$2,205"}}, "total-liabilities": {"Alliant Energy Annual Total Liabilities (Millions of US $)": {"2019": "$11,296", "2018": "$10,640", "2017": "$9,806", "2016": "$9,312", "2015": "$8,571", "2014": "$8,423", "2013": "$7,629", "2012": "$7,444", "2011": "$6,528", "2010": "$6,144", "2009": "$6,018", "2008": "$5,132", "2007": "$4,265", "2006": "$4,189", "2005": "$5,049"}, "Alliant Energy Quarterly Total Liabilities (Millions of US $)": {"2020-09-30": "$11,631", "2020-06-30": "$11,521", "2020-03-31": "$11,177", "2019-12-31": "$11,296", "2019-09-30": "$11,364", "2019-06-30": "$11,222", "2019-03-31": "$10,831", "2018-12-31": "$10,640", "2018-09-30": "$10,499", "2018-06-30": "$10,064", "2018-03-31": "$9,810", "2017-12-31": "$9,806", "2017-09-30": "$9,761", "2017-06-30": "$9,493", "2017-03-31": "$9,368", "2016-12-31": "$9,312", "2016-09-30": "$8,970", "2016-06-30": "$8,695", "2016-03-31": "$8,570", "2015-12-31": "$8,571", "2015-09-30": "$8,613", "2015-06-30": "$8,491", "2015-03-31": "$8,281", "2014-12-31": "$8,423", "2014-09-30": "$7,957", "2014-06-30": "$7,848", "2014-03-31": "$7,584", "2013-12-31": "$7,629", "2013-09-30": "$7,513", "2013-06-30": "$7,525", "2013-03-31": "$7,386", "2012-12-31": "$7,444", "2012-09-30": "$6,988", "2012-06-30": "$6,773", "2012-03-31": "$6,484", "2011-12-31": "$6,528", "2011-09-30": "$6,333", "2011-06-30": "$6,227", "2011-03-31": "$6,293", "2010-12-31": "$6,144", "2010-09-30": "$6,152", "2010-06-30": "$6,079", "2010-03-31": "$6,115", "2009-12-31": "$6,018", "2009-09-30": "$5,810", "2009-06-30": "$5,305", "2009-03-31": "$5,197", "2008-12-31": "$5,132", "2008-09-30": "$4,240", "2008-06-30": "$4,415", "2008-03-31": "$4,226", "2007-12-31": "$4,265", "2007-09-30": "$4,172", "2007-06-30": "$4,012", "2007-03-31": "$3,911", "2006-12-31": "$4,189", "2006-09-30": "$4,231", "2006-06-30": "$4,117", "2006-03-31": "$4,217", "2005-12-31": "$5,049", "2005-09-30": "$5,087", "2005-06-30": "$5,409", "2005-03-31": "$5,348"}}, "total-share-holder-equity": {"Alliant Energy Annual Share Holder Equity (Millions of US $)": {"2019": "$5,405", "2018": "$4,786", "2017": "$4,382", "2016": "$4,062", "2015": "$3,924", "2014": "$3,641", "2013": "$3,483", "2012": "$3,342", "2011": "$3,160", "2010": "$3,139", "2009": "$3,019", "2008": "$3,069", "2007": "$2,925", "2006": "$2,895", "2005": "$2,684"}, "Alliant Energy Quarterly Share Holder Equity (Millions of US $)": {"2020-09-30": "$5,909", "2020-06-30": "$5,748", "2020-03-31": "$5,702", "2019-12-31": "$5,405", "2019-09-30": "$5,169", "2019-06-30": "$4,900", "2019-03-31": "$4,882", "2018-12-31": "$4,786", "2018-09-30": "$4,770", "2018-06-30": "$4,551", "2018-03-31": "$4,432", "2017-12-31": "$4,382", "2017-09-30": "$4,354", "2017-06-30": "$4,250", "2017-03-31": "$4,097", "2016-12-31": "$4,062", "2016-09-30": "$4,059", "2016-06-30": "$3,990", "2016-03-31": "$3,965", "2015-12-31": "$3,924", "2015-09-30": "$3,946", "2015-06-30": "$3,822", "2015-03-31": "$3,799", "2014-12-31": "$3,641", "2014-09-30": "$3,637", "2014-06-30": "$3,539", "2014-03-31": "$3,533", "2013-12-31": "$3,483", "2013-09-30": "$3,469", "2013-06-30": "$3,362", "2013-03-31": "$3,348", "2012-12-31": "$3,342", "2012-09-30": "$3,263", "2012-06-30": "$3,161", "2012-03-31": "$3,144", "2011-12-31": "$3,160", "2011-09-30": "$3,149", "2011-06-30": "$3,074", "2011-03-31": "$3,108", "2010-12-31": "$3,139", "2010-09-30": "$3,074", "2010-06-30": "$2,965", "2010-03-31": "$2,960", "2009-12-31": "$3,019", "2009-09-30": "$2,946", "2009-06-30": "$3,030", "2009-03-31": "$3,042", "2008-12-31": "$3,069", "2008-09-30": "$3,057", "2008-06-30": "$2,989", "2008-03-31": "$2,964", "2007-12-31": "$2,925", "2007-09-30": "$2,756", "2007-06-30": "$2,740", "2007-03-31": "$2,808", "2006-12-31": "$2,895", "2006-09-30": "$2,722", "2006-06-30": "$2,739", "2006-03-31": "$2,725", "2005-12-31": "$2,684", "2005-09-30": "$2,799", "2005-06-30": "$2,672", "2005-03-31": "$2,784"}}, "profit-margins": {"current": "19.33%"}, "gross margin": {"2020-09-30": "74.48%", "2020-06-30": "73.91%", "2020-03-31": "74.08%", "2019-12-31": "72.64%", "2019-09-30": "71.15%", "2019-06-30": "70.35%", "2019-03-31": "69.15%", "2018-12-31": "69.27%", "2018-09-30": "69.63%", "2018-06-30": "69.47%", "2018-03-31": "69.72%", "2017-12-31": "69.57%", "2017-09-30": "69.30%", "2017-06-30": "68.84%", "2017-03-31": "68.39%", "2016-12-31": "68.41%", "2016-09-30": "68.69%", "2016-06-30": "68.44%", "2016-03-31": "68.59%", "2015-12-31": "67.57%", "2015-09-30": "66.69%", "2015-06-30": "66.33%", "2015-03-31": "65.09%", "2014-12-31": "64.03%", "2014-09-30": "63.30%", "2014-06-30": "62.77%", "2014-03-31": "62.71%", "2013-12-31": "62.78%", "2013-09-30": "65.46%", "2013-06-30": "64.28%", "2013-03-31": "63.69%", "2012-12-31": "61.16%", "2012-09-30": "58.10%", "2012-06-30": "58.16%", "2012-03-31": "57.67%", "2011-12-31": "59.12%", "2011-09-30": "57.32%", "2011-06-30": "57.47%", "2011-03-31": "57.48%", "2010-12-31": "56.97%", "2010-09-30": "58.48%", "2010-06-30": "57.49%", "2010-03-31": "57.57%", "2009-12-31": "55.63%", "2009-09-30": "54.41%", "2009-06-30": "55.25%", "2009-03-31": "54.22%", "2008-12-31": "55.07%", "2008-09-30": "54.41%", "2008-06-30": "53.10%", "2008-03-31": "52.42%", "2007-12-31": "51.85%", "2007-09-30": "52.19%", "2007-06-30": "50.24%", "2007-03-31": "50.25%", "2006-12-31": "49.42%", "2006-09-30": "48.88%", "2006-06-30": "50.63%", "2006-03-31": "51.49%", "2005-12-31": "53.81%"}, "operating margin": {"2020-09-30": "22.68%", "2020-06-30": "22.74%", "2020-03-31": "22.06%", "2019-12-31": "21.33%", "2019-09-30": "20.27%", "2019-06-30": "19.67%", "2019-03-31": "19.56%", "2018-12-31": "19.64%", "2018-09-30": "20.10%", "2018-06-30": "19.66%", "2018-03-31": "20.03%", "2017-12-31": "19.84%", "2017-09-30": "19.68%", "2017-06-30": "17.39%", "2017-03-31": "16.69%", "2016-12-31": "16.71%", "2016-09-30": "15.84%", "2016-06-30": "18.22%", "2016-03-31": "17.81%", "2015-12-31": "17.74%", "2015-09-30": "17.76%", "2015-06-30": "16.80%", "2015-03-31": "16.45%", "2014-12-31": "16.21%", "2014-09-30": "16.60%", "2014-06-30": "16.66%", "2014-03-31": "16.82%", "2013-12-31": "16.29%", "2013-09-30": "16.49%", "2013-06-30": "16.79%", "2013-03-31": "17.12%", "2012-12-31": "16.83%", "2012-09-30": "16.91%", "2012-06-30": "16.84%", "2012-03-31": "15.49%", "2011-12-31": "15.92%", "2011-09-30": "16.27%", "2011-06-30": "17.04%", "2011-03-31": "17.82%", "2010-12-31": "17.19%", "2010-09-30": "16.24%", "2010-06-30": "13.95%", "2010-03-31": "12.80%", "2009-12-31": "11.55%", "2009-09-30": "11.15%", "2009-06-30": "11.75%", "2009-03-31": "12.02%", "2008-12-31": "13.28%", "2008-09-30": "14.20%", "2008-06-30": "14.85%", "2008-03-31": "15.61%", "2007-12-31": "15.86%", "2007-09-30": "15.47%", "2007-06-30": "14.57%", "2007-03-31": "14.82%", "2006-12-31": "14.71%", "2006-09-30": "14.45%", "2006-06-30": "15.34%", "2006-03-31": "14.89%", "2005-12-31": "14.48%"}, "ebitda margin": {"2020-09-30": "39.87%", "2020-06-30": "39.25%", "2020-03-31": "38.62%", "2019-12-31": "36.88%", "2019-09-30": "35.52%", "2019-06-30": "34.76%", "2019-03-31": "33.81%", "2018-12-31": "33.98%", "2018-09-30": "34.18%", "2018-06-30": "33.59%", "2018-03-31": "33.83%", "2017-12-31": "33.50%", "2017-09-30": "32.95%", "2017-06-30": "30.08%", "2017-03-31": "29.03%", "2016-12-31": "28.94%", "2016-09-30": "28.77%", "2016-06-30": "31.10%", "2016-03-31": "30.78%", "2015-12-31": "30.43%", "2015-09-30": "31.41%", "2015-06-30": "30.63%", "2015-03-31": "30.02%", "2014-12-31": "29.43%", "2014-09-30": "28.23%", "2014-06-30": "28.36%", "2014-03-31": "28.83%", "2013-12-31": "28.83%", "2013-09-30": "29.16%", "2013-06-30": "29.22%", "2013-03-31": "29.38%", "2012-12-31": "29.31%", "2012-09-30": "29.28%", "2012-06-30": "29.24%", "2012-03-31": "27.87%", "2011-12-31": "27.75%", "2011-09-30": "28.25%", "2011-06-30": "28.50%", "2011-03-31": "28.52%", "2010-12-31": "27.70%", "2010-09-30": "25.98%", "2010-06-30": "23.69%", "2010-03-31": "22.60%", "2009-12-31": "20.83%", "2009-09-30": "20.03%", "2009-06-30": "20.03%", "2009-03-31": "19.99%", "2008-12-31": "21.10%", "2008-09-30": "22.18%", "2008-06-30": "23.21%", "2008-03-31": "24.32%", "2007-12-31": "24.88%", "2007-09-30": "24.60%", "2007-06-30": "23.69%", "2007-03-31": "23.97%", "2006-12-31": "23.85%", "2006-09-30": "24.18%", "2006-06-30": "25.73%", "2006-03-31": "25.85%", "2005-12-31": "26.40%"}, "pre tax profit margin": {"2020-09-30": "18.54%", "2020-06-30": "18.82%", "2020-03-31": "18.09%", "2019-12-31": "17.44%", "2019-09-30": "16.37%", "2019-06-30": "15.76%", "2019-03-31": "15.89%", "2018-12-31": "16.13%", "2018-09-30": "16.35%", "2018-06-30": "15.82%", "2018-03-31": "16.09%", "2017-12-31": "15.76%", "2017-09-30": "15.44%", "2017-06-30": "13.59%", "2017-03-31": "13.24%", "2016-12-31": "13.37%", "2016-09-30": "12.71%", "2016-06-30": "15.01%", "2016-03-31": "14.50%", "2015-12-31": "14.20%", "2015-09-30": "14.29%", "2015-06-30": "13.31%", "2015-03-31": "13.02%", "2014-12-31": "13.13%", "2014-09-30": "13.67%", "2014-06-30": "13.84%", "2014-03-31": "14.00%", "2013-12-31": "13.30%", "2013-09-30": "13.58%", "2013-06-30": "13.89%", "2013-03-31": "14.24%", "2012-12-31": "13.89%", "2012-09-30": "13.91%", "2012-06-30": "13.73%", "2012-03-31": "12.25%", "2011-12-31": "12.76%", "2011-09-30": "12.99%", "2011-06-30": "13.78%", "2011-03-31": "14.68%", "2010-12-31": "14.07%", "2010-09-30": "13.18%", "2010-06-30": "5.11%", "2010-03-31": "4.28%", "2009-12-31": "3.47%", "2009-09-30": "3.51%", "2009-06-30": "10.25%", "2009-03-31": "10.54%", "2008-12-31": "11.91%", "2008-09-30": "19.05%", "2008-06-30": "19.43%", "2008-03-31": "20.14%", "2007-12-31": "20.34%", "2007-09-30": "19.72%", "2007-06-30": "18.55%", "2007-03-31": "18.92%", "2006-12-31": "16.14%", "2006-09-30": "3.59%", "2006-06-30": "2.79%", "2006-03-31": "-0.53%", "2005-12-31": "0.12%"}, "net profit margin": {"2020-09-30": "19.03%", "2020-06-30": "18.09%", "2020-03-31": "16.86%", "2019-12-31": "15.30%", "2019-09-30": "14.59%", "2019-06-30": "14.28%", "2019-03-31": "14.31%", "2018-12-31": "14.49%", "2018-09-30": "14.81%", "2018-06-30": "13.85%", "2018-03-31": "13.88%", "2017-12-31": "13.51%", "2017-09-30": "12.82%", "2017-06-30": "11.52%", "2017-03-31": "11.26%", "2016-12-31": "11.20%", "2016-09-30": "10.51%", "2016-06-30": "12.20%", "2016-03-31": "11.84%", "2015-12-31": "11.65%", "2015-09-30": "12.21%", "2015-06-30": "11.59%", "2015-03-31": "11.29%", "2014-12-31": "11.43%", "2014-09-30": "11.51%", "2014-06-30": "11.58%", "2014-03-31": "11.78%", "2013-12-31": "10.95%", "2013-09-30": "11.30%", "2013-06-30": "11.00%", "2013-03-31": "11.13%", "2012-12-31": "10.34%", "2012-09-30": "9.95%", "2012-06-30": "9.07%", "2012-03-31": "8.52%", "2011-12-31": "9.44%", "2011-09-30": "9.36%", "2011-06-30": "9.97%", "2011-03-31": "9.78%", "2010-12-31": "8.80%", "2010-09-30": "8.55%", "2010-06-30": "3.00%", "2010-03-31": "2.43%", "2009-12-31": "3.27%", "2009-09-30": "3.16%", "2009-06-30": "7.40%", "2009-03-31": "8.11%", "2008-12-31": "7.88%", "2008-09-30": "11.74%", "2008-06-30": "12.29%", "2008-03-31": "12.23%", "2007-12-31": "12.39%", "2007-09-30": "12.50%", "2007-06-30": "11.36%", "2007-03-31": "11.40%", "2006-12-31": "9.38%", "2006-09-30": "1.69%", "2006-06-30": "2.70%", "2006-03-31": "-0.35%", "2005-12-31": "-0.24%"}, "pe ratio": {"current": "18.82", "2021-02-05": "18.54", "2020-09-30": "18.99", "2020-06-30": "17.73", "2020-03-31": "18.75", "2019-12-31": "22.65", "2019-09-30": "23.17", "2019-06-30": "21.62", "2019-03-31": "20.32", "2018-12-31": "18.15", "2018-09-30": "17.74", "2018-06-30": "18.67", "2018-03-31": "18.06", "2017-12-31": "19.42", "2017-09-30": "20.13", "2017-06-30": "21.12", "2017-03-31": "21.15", "2016-12-31": "20.25", "2016-09-30": "22.05", "2016-06-30": "19.75", "2016-03-31": "19.09", "2015-12-31": "15.81", "2015-09-30": "13.69", "2015-06-30": "14.22", "2015-03-31": "15.56", "2014-12-31": "15.81", "2014-09-30": "12.89", "2014-06-30": "13.88", "2014-03-31": "12.73", "2013-12-31": "12.66", "2013-09-30": "11.94", "2013-06-30": "12.26", "2013-03-31": "12.06", "2012-12-31": "11.56", "2012-09-30": "11.76", "2012-06-30": "13.49", "2012-03-31": "13.44", "2011-12-31": "11.85", "2011-09-30": "10.60", "2011-06-30": "10.07", "2011-03-31": "9.64", "2010-12-31": "9.93", "2010-09-30": "9.49", "2010-06-30": "23.96", "2010-03-31": "30.51", "2009-12-31": "20.08", "2009-09-30": "18.78", "2009-06-30": "7.21", "2009-03-31": "5.97", "2008-12-31": "7.07", "2008-09-30": "5.15", "2008-06-30": "5.28", "2008-03-31": "5.51", "2007-12-31": "6.46", "2007-09-30": "6.20", "2007-06-30": "7.00", "2007-03-31": "8.12", "2006-12-31": "8.18"}, "price sales": {"2021-02-05": "3.51", "2020-09-30": "3.59", "2020-06-30": "3.20", "2020-03-31": "3.15", "2019-12-31": "3.45", "2019-09-30": "3.36", "2019-06-30": "3.08", "2019-03-31": "2.89", "2018-12-31": "2.61", "2018-09-30": "2.61", "2018-06-30": "2.58", "2018-03-31": "2.50", "2017-12-31": "2.62", "2017-09-30": "2.58", "2017-06-30": "2.45", "2017-03-31": "2.40", "2016-12-31": "2.28", "2016-09-30": "2.32", "2016-06-30": "2.40", "2016-03-31": "2.25", "2015-12-31": "1.84", "2015-09-30": "1.66", "2015-06-30": "1.65", "2015-03-31": "1.75", "2014-12-31": "1.80", "2014-09-30": "1.48", "2014-06-30": "1.60", "2014-03-31": "1.49", "2013-12-31": "1.38", "2013-09-30": "1.35", "2013-06-30": "1.35", "2013-03-31": "1.34", "2012-12-31": "1.20", "2012-09-30": "1.17", "2012-06-30": "1.22", "2012-03-31": "1.14", "2011-12-31": "1.11", "2011-09-30": "0.99", "2011-06-30": "1.00", "2011-03-31": "0.94", "2010-12-31": "0.87", "2010-09-30": "0.81", "2010-06-30": "0.71", "2010-03-31": "0.74", "2009-12-31": "0.65", "2009-09-30": "0.59", "2009-06-30": "0.53", "2009-03-31": "0.48", "2008-12-31": "0.55", "2008-09-30": "0.61", "2008-06-30": "0.65", "2008-03-31": "0.68", "2007-12-31": "0.81", "2007-09-30": "0.77", "2007-06-30": "0.79", "2007-03-31": "0.93", "2006-12-31": "0.78"}, "price book": {"current": "2.17", "2021-02-05": "2.10", "2020-09-30": "2.15", "2020-06-30": "2.03", "2020-03-31": "2.05", "2019-12-31": "2.39", "2019-09-30": "2.40", "2019-06-30": "2.26", "2019-03-31": "2.16", "2018-12-31": "1.95", "2018-09-30": "1.96", "2018-06-30": "2.00", "2018-03-31": "1.95", "2017-12-31": "2.04", "2017-09-30": "1.99", "2017-06-30": "1.95", "2017-03-31": "1.95", "2016-12-31": "1.87", "2016-09-30": "1.87", "2016-06-30": "1.96", "2016-03-31": "1.83", "2015-12-31": "1.54", "2015-09-30": "1.42", "2015-06-30": "1.43", "2015-03-31": "1.55", "2014-12-31": "1.66", "2014-09-30": "1.38", "2014-06-30": "1.54", "2014-03-31": "1.43", "2013-12-31": "1.30", "2013-09-30": "1.24", "2013-06-30": "1.29", "2013-03-31": "1.28", "2012-12-31": "1.11", "2012-09-30": "1.12", "2012-06-30": "1.20", "2012-03-31": "1.13", "2011-12-31": "1.13", "2011-09-30": "0.99", "2011-06-30": "1.05", "2011-03-31": "0.99", "2010-12-31": "0.91", "2010-09-30": "0.91", "2010-06-30": "0.81", "2010-03-31": "0.84", "2009-12-31": "0.74", "2009-09-30": "0.69", "2009-06-30": "0.62", "2009-03-31": "0.58", "2008-12-31": "0.66", "2008-09-30": "0.73", "2008-06-30": "0.78", "2008-03-31": "0.80", "2007-12-31": "0.93", "2007-09-30": "0.92", "2007-06-30": "0.95", "2007-03-31": "1.08", "2006-12-31": "0.89", "2006-09-30": "0.89", "2006-06-30": "0.85", "2006-03-31": "0.78"}, "price fcf": {"2021-02-05": "", "2020-09-30": "$-3.89", "2020-06-30": "$-3.45", "2020-03-31": "$-3.67", "2019-12-31": "$-4.10", "2019-09-30": "$-4.18", "2019-06-30": "$-4.56", "2019-03-31": "$-4.83", "2018-12-31": "$-4.74", "2018-09-30": "$-4.44", "2018-06-30": "$-4.00", "2018-03-31": "$-4.22", "2017-12-31": "$-4.12", "2017-09-30": "$-5.54", "2017-06-30": "$-5.72", "2017-03-31": "$-4.25", "2016-12-31": "$-3.54", "2016-09-30": "$-1.37", "2016-06-30": "$-0.38", "2016-03-31": "$-0.46", "2015-12-31": "$-0.10", "2015-09-30": "$0.12", "2015-06-30": "$0.22", "2015-03-31": "$0.00", "2014-12-31": "$0.24", "2014-09-30": "$0.26", "2014-06-30": "$0.01", "2014-03-31": "$0.40", "2013-12-31": "$-0.00", "2013-09-30": "$-1.14", "2013-06-30": "$-0.54", "2013-03-31": "$-1.11", "2012-12-31": "$-0.83", "2012-09-30": "$0.68", "2012-06-30": "$-0.08", "2012-03-31": "$0.70", "2011-12-31": "$0.43", "2011-09-30": "$0.80", "2011-06-30": "$0.84", "2011-03-31": "$0.98", "2010-12-31": "$0.69", "2010-09-30": "$-0.34", "2010-06-30": "$-1.09", "2010-03-31": "$-2.26", "2009-12-31": "$-2.23", "2009-09-30": "$-2.77", "2009-06-30": "$-2.17", "2009-03-31": "$-2.23", "2008-12-31": "$-2.29", "2008-09-30": "$2.69", "2008-06-30": "$2.65", "2008-03-31": "$3.55", "2007-12-31": "$4.29", "2007-09-30": "$1.10", "2007-06-30": "$1.46", "2007-03-31": "$1.66", "2006-12-31": "$3.42"}, "net worth": {"value": "$12.41B"}, "current ratio": {"current": "0.80", "2020-09-30": "0.80", "2020-06-30": "0.86", "2020-03-31": "0.55", "2019-12-31": "0.43", "2019-09-30": "0.54", "2019-06-30": "0.53", "2019-03-31": "0.51", "2018-12-31": "0.48", "2018-09-30": "0.73", "2018-06-30": "0.64", "2018-03-31": "0.35", "2017-12-31": "0.42", "2017-09-30": "0.51", "2017-06-30": "0.67", "2017-03-31": "0.64", "2016-12-31": "0.76", "2016-09-30": "0.70", "2016-06-30": "0.51", "2016-03-31": "0.57", "2015-12-31": "0.61", "2015-09-30": "1.10", "2015-06-30": "1.05", "2015-03-31": "0.89", "2014-12-31": "0.86", "2014-09-30": "0.55", "2014-06-30": "0.58", "2014-03-31": "0.68", "2013-12-31": "0.71", "2013-09-30": "0.84", "2013-06-30": "0.83", "2013-03-31": "0.84", "2012-12-31": "0.98", "2012-09-30": "1.09", "2012-06-30": "0.96", "2012-03-31": "1.01", "2011-12-31": "1.02", "2011-09-30": "1.22", "2011-06-30": "1.16", "2011-03-31": "1.25", "2010-12-31": "1.26", "2010-09-30": "1.69", "2010-06-30": "1.29", "2010-03-31": "1.01", "2009-12-31": "1.29", "2009-09-30": "1.24", "2009-06-30": "0.99", "2009-03-31": "1.17", "2008-12-31": "1.39", "2008-09-30": "1.07", "2008-06-30": "1.28", "2008-03-31": "1.55", "2007-12-31": "1.57", "2007-09-30": "1.13", "2007-06-30": "0.81", "2007-03-31": "0.94", "2006-12-31": "1.42", "2006-09-30": "1.02", "2006-06-30": "1.03", "2006-03-31": "1.16", "2005-12-31": "1.13", "2005-09-30": "1.30", "2005-06-30": "1.05", "2005-03-31": "1.04"}, "quick ratio": {"2020-09-30": "0.63", "2020-06-30": "0.67", "2020-03-31": "0.42", "2019-12-31": "0.32", "2019-09-30": "0.43", "2019-06-30": "0.42", "2019-03-31": "0.41", "2018-12-31": "0.35", "2018-09-30": "0.59", "2018-06-30": "0.48", "2018-03-31": "0.25", "2017-12-31": "0.32", "2017-09-30": "0.36", "2017-06-30": "0.51", "2017-03-31": "0.48", "2016-12-31": "0.56", "2016-09-30": "0.54", "2016-06-30": "0.36", "2016-03-31": "0.42", "2015-12-31": "0.44", "2015-09-30": "0.88", "2015-06-30": "0.87", "2015-03-31": "0.73", "2014-12-31": "0.67", "2014-09-30": "0.44", "2014-06-30": "0.48", "2014-03-31": "0.57", "2013-12-31": "0.56", "2013-09-30": "0.63", "2013-06-30": "0.66", "2013-03-31": "0.67", "2012-12-31": "0.78", "2012-09-30": "0.87", "2012-06-30": "0.75", "2012-03-31": "0.75", "2011-12-31": "0.76", "2011-09-30": "0.96", "2011-06-30": "0.91", "2011-03-31": "1.04", "2010-12-31": "0.99", "2010-09-30": "1.34", "2010-06-30": "1.05", "2010-03-31": "0.86", "2009-12-31": "1.07", "2009-09-30": "1.00", "2009-06-30": "0.80", "2009-03-31": "1.00", "2008-12-31": "1.16", "2008-09-30": "0.84", "2008-06-30": "1.12", "2008-03-31": "1.39", "2007-12-31": "1.35", "2007-09-30": "0.84", "2007-06-30": "0.61", "2007-03-31": "0.78", "2006-12-31": "1.27", "2006-09-30": "0.86", "2006-06-30": "0.88", "2006-03-31": "1.02", "2005-12-31": "1.01", "2005-09-30": "1.11", "2005-06-30": "0.92", "2005-03-31": "0.88"}, "debt equity ratio": {"current": "1.15", "2020-09-30": "1.97", "2020-06-30": "2.00", "2020-03-31": "1.96", "2019-12-31": "2.09", "2019-09-30": "2.20", "2019-06-30": "2.29", "2019-03-31": "2.22", "2018-12-31": "2.22", "2018-09-30": "2.20", "2018-06-30": "2.21", "2018-03-31": "2.21", "2017-12-31": "2.24", "2017-09-30": "2.24", "2017-06-30": "2.23", "2017-03-31": "2.29", "2016-12-31": "2.29", "2016-09-30": "2.21", "2016-06-30": "2.18", "2016-03-31": "2.16", "2015-12-31": "2.18", "2015-09-30": "2.18", "2015-06-30": "2.22", "2015-03-31": "2.18", "2014-12-31": "2.31", "2014-09-30": "2.19", "2014-06-30": "2.22", "2014-03-31": "2.15", "2013-12-31": "2.19", "2013-09-30": "2.17", "2013-06-30": "2.24", "2013-03-31": "2.21", "2012-12-31": "2.23", "2012-09-30": "2.14", "2012-06-30": "2.14", "2012-03-31": "2.06", "2011-12-31": "2.07", "2011-09-30": "2.01", "2011-06-30": "2.03", "2011-03-31": "2.03", "2010-12-31": "1.96", "2010-09-30": "2.00", "2010-06-30": "2.05", "2010-03-31": "2.07", "2009-12-31": "1.99", "2009-09-30": "1.97", "2009-06-30": "1.75", "2009-03-31": "1.71", "2008-12-31": "1.67", "2008-09-30": "1.39", "2008-06-30": "1.48", "2008-03-31": "1.43", "2007-12-31": "1.46", "2007-09-30": "1.51", "2007-06-30": "1.46", "2007-03-31": "1.39", "2006-12-31": "1.45", "2006-09-30": "1.55", "2006-06-30": "1.50", "2006-03-31": "1.55", "2005-12-31": "1.88", "2005-09-30": "1.82", "2005-06-30": "2.02", "2005-03-31": "1.92"}, "return on equity": {"2020-09-30": "11.63%", "2020-06-30": "11.66%", "2020-03-31": "11.39%", "2019-12-31": "10.96%", "2019-09-30": "10.76%", "2019-06-30": "10.57%", "2019-03-31": "10.87%", "2018-12-31": "11.05%", "2018-09-30": "11.49%", "2018-06-30": "10.93%", "2018-03-31": "10.98%", "2017-12-31": "10.70%", "2017-09-30": "10.17%", "2017-06-30": "9.35%", "2017-03-31": "9.25%", "2016-12-31": "9.26%", "2016-09-30": "8.61%", "2016-06-30": "9.98%", "2016-03-31": "9.68%", "2015-12-31": "9.79%", "2015-09-30": "10.65%", "2015-06-30": "10.15%", "2015-03-31": "10.18%", "2014-12-31": "10.68%", "2014-09-30": "10.96%", "2014-06-30": "11.24%", "2014-03-31": "11.47%", "2013-12-31": "10.51%", "2013-09-30": "10.68%", "2013-06-30": "10.63%", "2013-03-31": "10.83%", "2012-12-31": "9.91%", "2012-09-30": "9.71%", "2012-06-30": "8.88%", "2012-03-31": "8.46%", "2011-12-31": "9.74%", "2011-09-30": "9.43%", "2011-06-30": "10.36%", "2011-03-31": "10.35%", "2010-12-31": "9.46%", "2010-09-30": "9.79%", "2010-06-30": "3.40%", "2010-03-31": "2.74%", "2009-12-31": "3.72%", "2009-09-30": "3.61%", "2009-06-30": "8.59%", "2009-03-31": "9.67%", "2008-12-31": "9.57%", "2008-09-30": "14.44%", "2008-06-30": "15.20%", "2008-03-31": "15.11%", "2007-12-31": "15.17%", "2007-09-30": "15.22%", "2007-06-30": "13.79%", "2007-03-31": "13.65%", "2006-12-31": "11.37%", "2006-09-30": "2.13%", "2006-06-30": "3.36%", "2006-03-31": "-0.44%", "2005-12-31": "-0.29%"}, "return on assets": {"2020-09-30": "3.87%", "2020-06-30": "3.81%", "2020-03-31": "3.64%", "2019-12-31": "3.43%", "2019-09-30": "3.33%", "2019-06-30": "3.27%", "2019-03-31": "3.38%", "2018-12-31": "3.44%", "2018-09-30": "3.57%", "2018-06-30": "3.39%", "2018-03-31": "3.40%", "2017-12-31": "3.29%", "2017-09-30": "3.12%", "2017-06-30": "2.87%", "2017-03-31": "2.85%", "2016-12-31": "2.88%", "2016-09-30": "2.70%", "2016-06-30": "3.14%", "2016-03-31": "3.04%", "2015-12-31": "3.07%", "2015-09-30": "3.31%", "2015-06-30": "3.15%", "2015-03-31": "3.16%", "2014-12-31": "3.32%", "2014-09-30": "3.44%", "2014-06-30": "3.53%", "2014-03-31": "3.60%", "2013-12-31": "3.28%", "2013-09-30": "3.33%", "2013-06-30": "3.32%", "2013-03-31": "3.40%", "2012-12-31": "3.15%", "2012-09-30": "3.13%", "2012-06-30": "2.89%", "2012-03-31": "2.78%", "2011-12-31": "3.21%", "2011-09-30": "3.14%", "2011-06-30": "3.45%", "2011-03-31": "3.44%", "2010-12-31": "3.13%", "2010-09-30": "3.23%", "2010-06-30": "1.13%", "2010-03-31": "0.93%", "2009-12-31": "1.30%", "2009-09-30": "1.30%", "2009-06-30": "3.27%", "2009-03-31": "3.78%", "2008-12-31": "3.84%", "2008-09-30": "5.93%", "2008-06-30": "6.16%", "2008-03-31": "6.13%", "2007-12-31": "6.18%", "2007-09-30": "6.20%", "2007-06-30": "5.60%", "2007-03-31": "5.52%", "2006-12-31": "4.53%", "2006-09-30": "0.81%", "2006-06-30": "1.25%", "2006-03-31": "-0.16%", "2005-12-31": "-0.10%"}, "return on investments": {"2020-09-30": "6.68%", "2020-06-30": "7.09%", "2020-03-31": "7.25%", "2019-12-31": "7.37%", "2019-09-30": "7.14%", "2019-06-30": "6.93%", "2019-03-31": "7.05%", "2018-12-31": "7.26%", "2018-09-30": "7.73%", "2018-06-30": "7.81%", "2018-03-31": "8.10%", "2017-12-31": "7.89%", "2017-09-30": "7.69%", "2017-06-30": "6.98%", "2017-03-31": "6.90%", "2016-12-31": "7.09%", "2016-09-30": "6.81%", "2016-06-30": "7.79%", "2016-03-31": "7.53%", "2015-12-31": "7.64%", "2015-09-30": "7.86%", "2015-06-30": "7.66%", "2015-03-31": "7.90%", "2014-12-31": "8.18%", "2014-09-30": "8.70%", "2014-06-30": "8.75%", "2014-03-31": "8.71%", "2013-12-31": "8.21%", "2013-09-30": "8.10%", "2013-06-30": "8.46%", "2013-03-31": "8.75%", "2012-12-31": "8.56%", "2012-09-30": "8.85%", "2012-06-30": "8.85%", "2012-03-31": "8.25%", "2011-12-31": "8.81%", "2011-09-30": "8.78%", "2011-06-30": "9.46%", "2011-03-31": "10.11%", "2010-12-31": "10.08%", "2010-09-30": "10.22%", "2010-06-30": "8.89%", "2010-03-31": "8.46%", "2009-12-31": "7.96%", "2009-09-30": "7.96%", "2009-06-30": "9.00%", "2009-03-31": "9.58%", "2008-12-31": "10.89%", "2008-09-30": "11.98%", "2008-06-30": "12.25%", "2008-03-31": "12.85%", "2007-12-31": "12.96%", "2007-09-30": "12.62%", "2007-06-30": "11.93%", "2007-03-31": "11.83%", "2006-12-31": "11.62%", "2006-09-30": "11.39%", "2006-06-30": "11.53%", "2006-03-31": "10.82%", "2005-12-31": "9.79%"}, "return on tangible equity": {"2020-09-30": "11.63%", "2020-06-30": "11.66%", "2020-03-31": "11.39%", "2019-12-31": "10.96%", "2019-09-30": "10.76%", "2019-06-30": "10.57%", "2019-03-31": "10.87%", "2018-12-31": "11.05%", "2018-09-30": "11.49%", "2018-06-30": "10.93%", "2018-03-31": "10.98%", "2017-12-31": "10.70%", "2017-09-30": "10.17%", "2017-06-30": "9.35%", "2017-03-31": "9.25%", "2016-12-31": "9.26%", "2016-09-30": "8.61%", "2016-06-30": "9.98%", "2016-03-31": "9.68%", "2015-12-31": "9.79%", "2015-09-30": "10.65%", "2015-06-30": "10.15%", "2015-03-31": "10.18%", "2014-12-31": "10.68%", "2014-09-30": "10.96%", "2014-06-30": "11.24%", "2014-03-31": "11.47%", "2013-12-31": "10.51%", "2013-09-30": "10.68%", "2013-06-30": "10.63%", "2013-03-31": "10.83%", "2012-12-31": "9.91%", "2012-09-30": "9.71%", "2012-06-30": "8.88%", "2012-03-31": "8.46%", "2011-12-31": "9.74%", "2011-09-30": "9.43%", "2011-06-30": "10.36%", "2011-03-31": "10.35%", "2010-12-31": "9.46%", "2010-09-30": "9.79%", "2010-06-30": "3.40%", "2010-03-31": "2.74%", "2009-12-31": "3.72%", "2009-09-30": "3.61%", "2009-06-30": "8.59%", "2009-03-31": "9.67%", "2008-12-31": "9.57%", "2008-09-30": "14.44%", "2008-06-30": "15.20%", "2008-03-31": "15.11%", "2007-12-31": "15.17%", "2007-09-30": "15.22%", "2007-06-30": "13.79%", "2007-03-31": "13.65%", "2006-12-31": "11.37%", "2006-09-30": "2.13%", "2006-06-30": "3.36%", "2006-03-31": "-0.44%", "2005-12-31": "-0.29%"}, "dividend yield history": {"last payout": "$1.61", "last yield": "3.24%"}}