{"ticker": "ALLY", "price": {"title": "Ally Financial Historical Annual Stock Price Data", "value": 41.64, "historical": {"2020": {"Average Stock Price": "23.9702", "Year Open": "30.7200", "Year High": "35.6600", "Year Low": "11.7000", "Year Close": "35.6600", "Annual % Change": "16.69%"}, "2019": {"Average Stock Price": "29.8525", "Year Open": "22.8800", "Year High": "35.0500", "Year Low": "22.6600", "Year Close": "30.5600", "Annual % Change": "34.86%"}, "2018": {"Average Stock Price": "26.8643", "Year Open": "29.4300", "Year High": "30.8300", "Year Low": "20.7400", "Year Close": "22.6600", "Annual % Change": "-22.29%"}, "2017": {"Average Stock Price": "22.4352", "Year Open": "19.2300", "Year High": "29.4100", "Year Low": "18.2200", "Year Close": "29.1600", "Annual % Change": "53.31%"}, "2016": {"Average Stock Price": "18.0870", "Year Open": "18.6500", "Year High": "20.4000", "Year Low": "14.9000", "Year Close": "19.0200", "Annual % Change": "2.04%"}, "2015": {"Average Stock Price": "21.1583", "Year Open": "23.6500", "Year High": "23.8800", "Year Low": "18.3300", "Year Close": "18.6400", "Annual % Change": "-21.08%"}, "2014": {"Average Stock Price": "24.2509", "Year Open": "25.9677", "Year High": "27.9032", "Year Low": "20.1200", "Year Close": "23.6200", "Annual % Change": "0.00%"}}}, "market cap": {"value": "$15.57B"}, "income statement": {"Revenue": {"2019-12-31": "11618.00000", "2018-12-31": "10466.00000", "2017-12-31": "9866.00000", "2016-12-31": "9835.00000", "2015-12-31": "9539.00000", "2014-12-31": "9667.00000", "2013-12-31": "9577.00000", "2012-12-31": "9916.00000", "2011-12-31": "8959.00000", "2010-12-31": "12433.00000", "2009-12-31": "16812.00000", "2008-12-31": "34014.00000"}, "Cost Of Goods Sold": {"2019-12-31": "4243.00000", "2018-12-31": "3637.00000", "2017-12-31": "2857.00000", "2016-12-31": "2629.00000", "2015-12-31": "2429.00000", "2014-12-31": "2783.00000", "2013-12-31": "3319.00000", "2012-12-31": "4052.00000", "2011-12-31": "4606.00000", "2010-12-31": "5460.00000", "2009-12-31": "7091.00000", "2008-12-31": "10441.00000"}, "Gross Profit": {"2019-12-31": "7375.00000", "2018-12-31": "6829.00000", "2017-12-31": "7009.00000", "2016-12-31": "7206.00000", "2015-12-31": "7110.00000", "2014-12-31": "6884.00000", "2013-12-31": "6258.00000", "2012-12-31": "5864.00000", "2011-12-31": "4353.00000", "2010-12-31": "6973.00000", "2009-12-31": "9721.00000", "2008-12-31": "23573.00000"}, "Research And Development Expenses": {"2019-12-31": "", "2018-12-31": "", "2017-12-31": "", "2016-12-31": "", "2015-12-31": "", "2014-12-31": "", "2013-12-31": "", "2012-12-31": "", "2011-12-31": "", "2010-12-31": "", "2009-12-31": "", "2008-12-31": ""}, "SG&A Expenses": {"2019-12-31": "4427.00000", "2018-12-31": "4182.00000", "2017-12-31": "4258.00000", "2016-12-31": "3856.00000", "2015-12-31": "3468.00000", "2014-12-31": "3405.00000", "2013-12-31": "3906.00000", "2012-12-31": "3951.00000", "2011-12-31": "3589.00000", "2010-12-31": "5330.00000", "2009-12-31": "13111.00000", "2008-12-31": "11451.00000"}, "Other Operating Income Or Expenses": {"2019-12-31": "", "2018-12-31": "", "2017-12-31": "", "2016-12-31": "", "2015-12-31": "", "2014-12-31": "", "2013-12-31": "", "2012-12-31": "", "2011-12-31": "", "2010-12-31": "", "2009-12-31": "", "2008-12-31": ""}, "Operating Expenses": {"2019-12-31": "9651.00000", "2018-12-31": "8844.00000", "2017-12-31": "8359.00000", "2016-12-31": "8254.00000", "2015-12-31": "8146.00000", "2014-12-31": "8421.00000", "2013-12-31": "9220.00000", "2012-12-31": "9402.00000", "2011-12-31": "9136.00000", "2010-12-31": "12041.00000", "2009-12-31": "23721.00000", "2008-12-31": "27370.00000"}, "Operating Income": {"2019-12-31": "1967.00000", "2018-12-31": "1622.00000", "2017-12-31": "1507.00000", "2016-12-31": "1581.00000", "2015-12-31": "1393.00000", "2014-12-31": "1246.00000", "2013-12-31": "357.00000", "2012-12-31": "514.00000", "2011-12-31": "-177.00000", "2010-12-31": "392.00000", "2009-12-31": "-6909.00000", "2008-12-31": "6644.00000"}, "Total Non-Operating Income/Expense": {"2019-12-31": "", "2018-12-31": "", "2017-12-31": "", "2016-12-31": "", "2015-12-31": "", "2014-12-31": "", "2013-12-31": "", "2012-12-31": "", "2011-12-31": "", "2010-12-31": "", "2009-12-31": "", "2008-12-31": ""}, "Pre-Tax Income": {"2019-12-31": "1967.00000", "2018-12-31": "1622.00000", "2017-12-31": "1507.00000", "2016-12-31": "1581.00000", "2015-12-31": "1393.00000", "2014-12-31": "1246.00000", "2013-12-31": "357.00000", "2012-12-31": "514.00000", "2011-12-31": "-177.00000", "2010-12-31": "392.00000", "2009-12-31": "-6909.00000", "2008-12-31": "4737.00000"}, "Income Taxes": {"2019-12-31": "246.00000", "2018-12-31": "359.00000", "2017-12-31": "581.00000", "2016-12-31": "470.00000", "2015-12-31": "496.00000", "2014-12-31": "321.00000", "2013-12-31": "-59.00000", "2012-12-31": "-856.00000", "2011-12-31": "42.00000", "2010-12-31": "104.00000", "2009-12-31": "74.00000", "2008-12-31": "-136.00000"}, "Income After Taxes": {"2019-12-31": "1721.00000", "2018-12-31": "1263.00000", "2017-12-31": "926.00000", "2016-12-31": "1111.00000", "2015-12-31": "897.00000", "2014-12-31": "925.00000", "2013-12-31": "416.00000", "2012-12-31": "1370.00000", "2011-12-31": "-219.00000", "2010-12-31": "288.00000", "2009-12-31": "-6983.00000", "2008-12-31": "4873.00000"}, "Other Income": {"2019-12-31": "", "2018-12-31": "", "2017-12-31": "", "2016-12-31": "", "2015-12-31": "", "2014-12-31": "", "2013-12-31": "", "2012-12-31": "", "2011-12-31": "", "2010-12-31": "", "2009-12-31": "", "2008-12-31": ""}, "Income From Continuous Operations": {"2019-12-31": "1721.00000", "2018-12-31": "1263.00000", "2017-12-31": "926.00000", "2016-12-31": "1111.00000", "2015-12-31": "897.00000", "2014-12-31": "925.00000", "2013-12-31": "416.00000", "2012-12-31": "1370.00000", "2011-12-31": "-219.00000", "2010-12-31": "288.00000", "2009-12-31": "-6983.00000", "2008-12-31": "4873.00000"}, "Income From Discontinued Operations": {"2019-12-31": "-6.00000", "2018-12-31": "", "2017-12-31": "3.00000", "2016-12-31": "-44.00000", "2015-12-31": "392.00000", "2014-12-31": "225.00000", "2013-12-31": "-55.00000", "2012-12-31": "-174.00000", "2011-12-31": "62.00000", "2010-12-31": "741.00000", "2009-12-31": "-3315.00000", "2008-12-31": "-3005.00000"}, "Net Income": {"2019-12-31": "1715.00000", "2018-12-31": "1263.00000", "2017-12-31": "929.00000", "2016-12-31": "1037.00000", "2015-12-31": "-1282.00000", "2014-12-31": "882.00000", "2013-12-31": "-689.00000", "2012-12-31": "394.00000", "2011-12-31": "-919.00000", "2010-12-31": "-832.00000", "2009-12-31": "-11523.00000", "2008-12-31": "1868.00000"}, "EBITDA": {"2019-12-31": "", "2018-12-31": "", "2017-12-31": "", "2016-12-31": "", "2015-12-31": "", "2014-12-31": "", "2013-12-31": "", "2012-12-31": "", "2011-12-31": "", "2010-12-31": "", "2009-12-31": "", "2008-12-31": ""}, "EBIT": {"2019-12-31": "", "2018-12-31": "", "2017-12-31": "", "2016-12-31": "", "2015-12-31": "", "2014-12-31": "", "2013-12-31": "", "2012-12-31": "", "2011-12-31": "", "2010-12-31": "", "2009-12-31": "", "2008-12-31": ""}, "Basic Shares Outstanding": {"2019-12-31": "393.23400", "2018-12-31": "425.16500", "2017-12-31": "453.70400", "2016-12-31": "481.10500", "2015-12-31": "482.87300", "2014-12-31": "481.15500", "2013-12-31": "420.16620", "2012-12-31": "412.60070", "2011-12-31": "1.33100", "2010-12-31": "0.80060", "2009-12-31": "0.52940", "2008-12-31": ""}, "Shares Outstanding": {"2019-12-31": "395.39500", "2018-12-31": "427.68000", "2017-12-31": "455.35000", "2016-12-31": "482.18200", "2015-12-31": "482.87300", "2014-12-31": "481.93400", "2013-12-31": "420.16620", "2012-12-31": "412.60070", "2011-12-31": "1.33100", "2010-12-31": "0.80060", "2009-12-31": "0.52940", "2008-12-31": ""}, "Basic EPS": {"2019-12-31": "4.36000", "2018-12-31": "2.97000", "2017-12-31": "2.05000", "2016-12-31": "2.15000", "2015-12-31": "-2.66000", "2014-12-31": "1.83000", "2013-12-31": "-1.64000", "2012-12-31": "0.96000", "2011-12-31": "-691.00000", "2010-12-31": "-1039.00000", "2009-12-31": "-21765.00000", "2008-12-31": ""}, "EPS - Earnings Per Share": {"2019-12-31": "4.34000", "2018-12-31": "2.95000", "2017-12-31": "2.04000", "2016-12-31": "2.15000", "2015-12-31": "-2.66000", "2014-12-31": "1.83000", "2013-12-31": "-1.64000", "2012-12-31": "0.96000", "2011-12-31": "-691.00000", "2010-12-31": "-1039.00000", "2009-12-31": "-21765.00000", "2008-12-31": "0.00000"}}, "income statement, quarterly": {"Revenue": {"2020-09-30": "2629.00000", "2020-06-30": "2733.00000", "2020-03-31": "2617.00000", "2019-12-31": "2929.00000", "2019-09-30": "2904.00000", "2019-06-30": "2886.00000", "2019-03-31": "2899.00000", "2018-12-31": "2706.00000", "2018-09-30": "2694.00000", "2018-06-30": "2596.00000", "2018-03-31": "2470.00000", "2017-12-31": "2475.00000", "2017-09-30": "2469.00000", "2017-06-30": "2476.00000", "2017-03-31": "2446.00000", "2016-12-31": "2459.00000", "2016-09-30": "2448.00000", "2016-06-30": "2443.00000", "2016-03-31": "2485.00000", "2015-12-31": "2480.00000", "2015-09-30": "2434.00000", "2015-06-30": "2298.00000", "2015-03-31": "2327.00000", "2014-12-31": "2319.00000", "2014-09-30": "2484.00000", "2014-06-30": "2468.00000", "2014-03-31": "2396.00000", "2013-12-31": "2415.00000", "2013-09-30": "2410.00000", "2013-06-30": "2410.00000", "2013-03-31": "2342.00000", "2012-12-31": "", "2012-09-30": "2642.00000", "2012-06-30": "2522.00000", "2011-12-31": "", "2010-12-31": "", "2009-12-31": "", "2008-12-31": ""}, "Cost Of Goods Sold": {"2020-09-30": "770.00000", "2020-06-30": "872.00000", "2020-03-31": "957.00000", "2019-12-31": "1024.00000", "2019-09-30": "1069.00000", "2019-06-30": "1095.00000", "2019-03-31": "1055.00000", "2018-12-31": "1028.00000", "2018-09-30": "942.00000", "2018-06-30": "873.00000", "2018-03-31": "794.00000", "2017-12-31": "740.00000", "2017-09-30": "735.00000", "2017-06-30": "700.00000", "2017-03-31": "682.00000", "2016-12-31": "674.00000", "2016-09-30": "656.00000", "2016-06-30": "651.00000", "2016-03-31": "648.00000", "2015-12-31": "605.00000", "2015-09-30": "604.00000", "2015-06-30": "608.00000", "2015-03-31": "612.00000", "2014-12-31": "672.00000", "2014-09-30": "671.00000", "2014-06-30": "728.00000", "2014-03-31": "712.00000", "2013-12-31": "770.00000", "2013-09-30": "787.00000", "2013-06-30": "881.00000", "2013-03-31": "881.00000", "2012-12-31": "", "2012-09-30": "1029.00000", "2012-06-30": "1016.00000", "2011-12-31": "", "2010-12-31": "", "2009-12-31": "", "2008-12-31": ""}, "Gross Profit": {"2020-09-30": "1859.00000", "2020-06-30": "1861.00000", "2020-03-31": "1660.00000", "2019-12-31": "1905.00000", "2019-09-30": "1835.00000", "2019-06-30": "1791.00000", "2019-03-31": "1844.00000", "2018-12-31": "1678.00000", "2018-09-30": "1752.00000", "2018-06-30": "1723.00000", "2018-03-31": "1676.00000", "2017-12-31": "1735.00000", "2017-09-30": "1734.00000", "2017-06-30": "1776.00000", "2017-03-31": "1764.00000", "2016-12-31": "1785.00000", "2016-09-30": "1792.00000", "2016-06-30": "1792.00000", "2016-03-31": "1837.00000", "2015-12-31": "1875.00000", "2015-09-30": "1830.00000", "2015-06-30": "1690.00000", "2015-03-31": "1715.00000", "2014-12-31": "1647.00000", "2014-09-30": "1813.00000", "2014-06-30": "1740.00000", "2014-03-31": "1684.00000", "2013-12-31": "1645.00000", "2013-09-30": "1623.00000", "2013-06-30": "1529.00000", "2013-03-31": "1461.00000", "2012-12-31": "", "2012-09-30": "1613.00000", "2012-06-30": "1506.00000", "2011-12-31": "", "2010-12-31": "", "2009-12-31": "", "2008-12-31": ""}, "Research And Development Expenses": {"2020-09-30": "", "2020-06-30": "", "2020-03-31": "", "2019-12-31": "", "2019-09-30": "", "2019-06-30": "", "2019-03-31": "", "2018-12-31": "", "2018-09-30": "", "2018-06-30": "", "2018-03-31": "", "2017-12-31": "", "2017-09-30": "", "2017-06-30": "", "2017-03-31": "", "2016-12-31": "", "2016-09-30": "", "2016-06-30": "", "2016-03-31": "", "2015-12-31": "", "2015-09-30": "", "2015-06-30": "", "2015-03-31": "", "2014-12-31": "", "2014-09-30": "", "2014-06-30": "", "2014-03-31": "", "2013-12-31": "", "2013-09-30": "", "2013-06-30": "", "2013-03-31": "", "2012-12-31": "", "2012-09-30": "", "2012-06-30": "", "2011-12-31": "", "2010-12-31": "", "2009-12-31": "", "2008-12-31": ""}, "SG&A Expenses": {"2020-09-30": "1052.00000", "2020-06-30": "1222.00000", "2020-03-31": "1823.00000", "2019-12-31": "1156.00000", "2019-09-30": "1101.00000", "2019-06-30": "1058.00000", "2019-03-31": "1112.00000", "2018-12-31": "1070.00000", "2018-09-30": "1040.00000", "2018-06-30": "997.00000", "2018-03-31": "1075.00000", "2017-12-31": "1063.00000", "2017-09-30": "1067.00000", "2017-06-30": "1079.00000", "2017-03-31": "1049.00000", "2016-12-31": "988.00000", "2016-09-30": "993.00000", "2016-06-30": "945.00000", "2016-03-31": "930.00000", "2015-12-31": "908.00000", "2015-09-30": "885.00000", "2015-06-30": "864.00000", "2015-03-31": "811.00000", "2014-12-31": "827.00000", "2014-09-30": "844.00000", "2014-06-30": "884.00000", "2014-03-31": "850.00000", "2013-12-31": "1024.00000", "2013-09-30": "903.00000", "2013-06-30": "890.00000", "2013-03-31": "1089.00000", "2012-12-31": "", "2012-09-30": "950.00000", "2012-06-30": "1004.00000", "2011-12-31": "", "2010-12-31": "", "2009-12-31": "", "2008-12-31": ""}, "Other Operating Income Or Expenses": {"2020-09-30": "", "2020-06-30": "", "2020-03-31": "", "2019-12-31": "", "2019-09-30": "", "2019-06-30": "", "2019-03-31": "", "2018-12-31": "", "2018-09-30": "", "2018-06-30": "", "2018-03-31": "", "2017-12-31": "", "2017-09-30": "", "2017-06-30": "", "2017-03-31": "", "2016-12-31": "", "2016-09-30": "", "2016-06-30": "", "2016-03-31": "", "2015-12-31": "", "2015-09-30": "", "2015-06-30": "", "2015-03-31": "", "2014-12-31": "", "2014-09-30": "", "2014-06-30": "", "2014-03-31": "", "2013-12-31": "", "2013-09-30": "", "2013-06-30": "", "2013-03-31": "", "2012-12-31": "", "2012-09-30": "", "2012-06-30": "", "2011-12-31": "", "2010-12-31": "", "2009-12-31": "", "2008-12-31": ""}, "Operating Expenses": {"2020-09-30": "1997.00000", "2020-06-30": "2396.00000", "2020-03-31": "3028.00000", "2019-12-31": "2442.00000", "2019-09-30": "2404.00000", "2019-06-30": "2392.00000", "2019-03-31": "2413.00000", "2018-12-31": "2338.00000", "2018-09-30": "2229.00000", "2018-06-30": "2135.00000", "2018-03-31": "2142.00000", "2017-12-31": "2065.00000", "2017-09-30": "2074.00000", "2017-06-30": "2100.00000", "2017-03-31": "2120.00000", "2016-12-31": "2079.00000", "2016-09-30": "2057.00000", "2016-06-30": "2030.00000", "2016-03-31": "2088.00000", "2015-12-31": "2049.00000", "2015-09-30": "2017.00000", "2015-06-30": "2035.00000", "2015-03-31": "2045.00000", "2014-12-31": "2132.00000", "2014-09-30": "2064.00000", "2014-06-30": "2121.00000", "2014-03-31": "2104.00000", "2013-12-31": "2340.00000", "2013-09-30": "2205.00000", "2013-06-30": "2270.00000", "2013-03-31": "2405.00000", "2012-12-31": "", "2012-09-30": "2345.00000", "2012-06-30": "2355.00000", "2011-12-31": "", "2010-12-31": "", "2009-12-31": "", "2008-12-31": ""}, "Operating Income": {"2020-09-30": "632.00000", "2020-06-30": "337.00000", "2020-03-31": "-411.00000", "2019-12-31": "487.00000", "2019-09-30": "500.00000", "2019-06-30": "494.00000", "2019-03-31": "486.00000", "2018-12-31": "368.00000", "2018-09-30": "465.00000", "2018-06-30": "461.00000", "2018-03-31": "328.00000", "2017-12-31": "410.00000", "2017-09-30": "395.00000", "2017-06-30": "376.00000", "2017-03-31": "326.00000", "2016-12-31": "380.00000", "2016-09-30": "391.00000", "2016-06-30": "413.00000", "2016-03-31": "397.00000", "2015-12-31": "431.00000", "2015-09-30": "417.00000", "2015-06-30": "263.00000", "2015-03-31": "282.00000", "2014-12-31": "187.00000", "2014-09-30": "420.00000", "2014-06-30": "347.00000", "2014-03-31": "292.00000", "2013-12-31": "75.00000", "2013-09-30": "205.00000", "2013-06-30": "140.00000", "2013-03-31": "-63.00000", "2012-12-31": "", "2012-09-30": "297.00000", "2012-06-30": "167.00000", "2011-12-31": "", "2010-12-31": "", "2009-12-31": "", "2008-12-31": ""}, "Total Non-Operating Income/Expense": {"2020-09-30": "", "2020-06-30": "", "2020-03-31": "", "2019-12-31": "", "2019-09-30": "", "2019-06-30": "", "2019-03-31": "", "2018-12-31": "", "2018-09-30": "", "2018-06-30": "", "2018-03-31": "", "2017-12-31": "", "2017-09-30": "", "2017-06-30": "", "2017-03-31": "", "2016-12-31": "", "2016-09-30": "", "2016-06-30": "", "2016-03-31": "", "2015-12-31": "", "2015-09-30": "", "2015-06-30": "", "2015-03-31": "", "2014-12-31": "", "2014-09-30": "", "2014-06-30": "", "2014-03-31": "", "2013-12-31": "", "2013-09-30": "", "2013-06-30": "", "2013-03-31": "", "2012-12-31": "", "2012-09-30": "", "2012-06-30": "", "2011-12-31": "", "2010-12-31": "", "2009-12-31": "", "2008-12-31": ""}, "Pre-Tax Income": {"2020-09-30": "632.00000", "2020-06-30": "337.00000", "2020-03-31": "-411.00000", "2019-12-31": "487.00000", "2019-09-30": "500.00000", "2019-06-30": "494.00000", "2019-03-31": "486.00000", "2018-12-31": "368.00000", "2018-09-30": "465.00000", "2018-06-30": "461.00000", "2018-03-31": "328.00000", "2017-12-31": "410.00000", "2017-09-30": "395.00000", "2017-06-30": "376.00000", "2017-03-31": "326.00000", "2016-12-31": "380.00000", "2016-09-30": "391.00000", "2016-06-30": "413.00000", "2016-03-31": "397.00000", "2015-12-31": "431.00000", "2015-09-30": "417.00000", "2015-06-30": "263.00000", "2015-03-31": "282.00000", "2014-12-31": "187.00000", "2014-09-30": "420.00000", "2014-06-30": "347.00000", "2014-03-31": "292.00000", "2013-12-31": "75.00000", "2013-09-30": "205.00000", "2013-06-30": "140.00000", "2013-03-31": "-63.00000", "2012-12-31": "", "2012-09-30": "297.00000", "2012-06-30": "167.00000", "2011-12-31": "", "2010-12-31": "", "2009-12-31": "", "2008-12-31": ""}, "Income Taxes": {"2020-09-30": "156.00000", "2020-06-30": "95.00000", "2020-03-31": "-92.00000", "2019-12-31": "106.00000", "2019-09-30": "119.00000", "2019-06-30": "-90.00000", "2019-03-31": "111.00000", "2018-12-31": "79.00000", "2018-09-30": "91.00000", "2018-06-30": "113.00000", "2018-03-31": "76.00000", "2017-12-31": "231.00000", "2017-09-30": "115.00000", "2017-06-30": "122.00000", "2017-03-31": "113.00000", "2016-12-31": "134.00000", "2016-09-30": "130.00000", "2016-06-30": "56.00000", "2016-03-31": "150.00000", "2015-12-31": "155.00000", "2015-09-30": "144.00000", "2015-06-30": "94.00000", "2015-03-31": "103.00000", "2014-12-31": "36.00000", "2014-09-30": "127.00000", "2014-06-30": "64.00000", "2014-03-31": "94.00000", "2013-12-31": "-4.00000", "2013-09-30": "28.00000", "2013-06-30": "40.00000", "2013-03-31": "-123.00000", "2012-12-31": "", "2012-09-30": "46.00000", "2012-06-30": "-16.00000", "2011-12-31": "", "2010-12-31": "", "2009-12-31": "", "2008-12-31": ""}, "Income After Taxes": {"2020-09-30": "476.00000", "2020-06-30": "242.00000", "2020-03-31": "-319.00000", "2019-12-31": "381.00000", "2019-09-30": "381.00000", "2019-06-30": "584.00000", "2019-03-31": "375.00000", "2018-12-31": "289.00000", "2018-09-30": "374.00000", "2018-06-30": "348.00000", "2018-03-31": "252.00000", "2017-12-31": "179.00000", "2017-09-30": "280.00000", "2017-06-30": "254.00000", "2017-03-31": "213.00000", "2016-12-31": "246.00000", "2016-09-30": "261.00000", "2016-06-30": "357.00000", "2016-03-31": "247.00000", "2015-12-31": "276.00000", "2015-09-30": "273.00000", "2015-06-30": "169.00000", "2015-03-31": "179.00000", "2014-12-31": "151.00000", "2014-09-30": "293.00000", "2014-06-30": "283.00000", "2014-03-31": "198.00000", "2013-12-31": "79.00000", "2013-09-30": "177.00000", "2013-06-30": "100.00000", "2013-03-31": "60.00000", "2012-12-31": "", "2012-09-30": "251.00000", "2012-06-30": "183.00000", "2011-12-31": "", "2010-12-31": "", "2009-12-31": "", "2008-12-31": ""}, "Other Income": {"2020-09-30": "", "2020-06-30": "", "2020-03-31": "", "2019-12-31": "", "2019-09-30": "", "2019-06-30": "", "2019-03-31": "", "2018-12-31": "", "2018-09-30": "", "2018-06-30": "", "2018-03-31": "", "2017-12-31": "", "2017-09-30": "", "2017-06-30": "", "2017-03-31": "", "2016-12-31": "", "2016-09-30": "", "2016-06-30": "", "2016-03-31": "", "2015-12-31": "", "2015-09-30": "", "2015-06-30": "", "2015-03-31": "", "2014-12-31": "", "2014-09-30": "", "2014-06-30": "", "2014-03-31": "", "2013-12-31": "", "2013-09-30": "", "2013-06-30": "", "2013-03-31": "", "2012-12-31": "", "2012-09-30": "", "2012-06-30": "", "2011-12-31": "", "2010-12-31": "", "2009-12-31": "", "2008-12-31": ""}, "Income From Continuous Operations": {"2020-09-30": "476.00000", "2020-06-30": "242.00000", "2020-03-31": "-319.00000", "2019-12-31": "381.00000", "2019-09-30": "381.00000", "2019-06-30": "584.00000", "2019-03-31": "375.00000", "2018-12-31": "289.00000", "2018-09-30": "374.00000", "2018-06-30": "348.00000", "2018-03-31": "252.00000", "2017-12-31": "179.00000", "2017-09-30": "280.00000", "2017-06-30": "254.00000", "2017-03-31": "213.00000", "2016-12-31": "246.00000", "2016-09-30": "261.00000", "2016-06-30": "357.00000", "2016-03-31": "247.00000", "2015-12-31": "276.00000", "2015-09-30": "273.00000", "2015-06-30": "169.00000", "2015-03-31": "179.00000", "2014-12-31": "151.00000", "2014-09-30": "293.00000", "2014-06-30": "283.00000", "2014-03-31": "198.00000", "2013-12-31": "79.00000", "2013-09-30": "177.00000", "2013-06-30": "100.00000", "2013-03-31": "60.00000", "2012-12-31": "", "2012-09-30": "251.00000", "2012-06-30": "183.00000", "2011-12-31": "", "2010-12-31": "", "2009-12-31": "", "2008-12-31": ""}, "Income From Discontinued Operations": {"2020-09-30": "", "2020-06-30": "-1.00000", "2020-03-31": "", "2019-12-31": "-3.00000", "2019-09-30": "", "2019-06-30": "-2.00000", "2019-03-31": "-1.00000", "2018-12-31": "", "2018-09-30": "", "2018-06-30": "1.00000", "2018-03-31": "-2.00000", "2017-12-31": "2.00000", "2017-09-30": "2.00000", "2017-06-30": "-2.00000", "2017-03-31": "1.00000", "2016-12-31": "2.00000", "2016-09-30": "-52.00000", "2016-06-30": "3.00000", "2016-03-31": "3.00000", "2015-12-31": "-13.00000", "2015-09-30": "-5.00000", "2015-06-30": "13.00000", "2015-03-31": "397.00000", "2014-12-31": "26.00000", "2014-09-30": "130.00000", "2014-06-30": "40.00000", "2014-03-31": "29.00000", "2013-12-31": "25.00000", "2013-09-30": "-86.00000", "2013-06-30": "-1027.00000", "2013-03-31": "1033.00000", "2012-12-31": "", "2012-09-30": "133.00000", "2012-06-30": "-1081.00000", "2011-12-31": "", "2010-12-31": "", "2009-12-31": "", "2008-12-31": ""}, "Net Income": {"2020-09-30": "476.00000", "2020-06-30": "241.00000", "2020-03-31": "-319.00000", "2019-12-31": "378.00000", "2019-09-30": "381.00000", "2019-06-30": "582.00000", "2019-03-31": "374.00000", "2018-12-31": "290.00000", "2018-09-30": "374.00000", "2018-06-30": "349.00000", "2018-03-31": "250.00000", "2017-12-31": "181.00000", "2017-09-30": "282.00000", "2017-06-30": "252.00000", "2017-03-31": "214.00000", "2016-12-31": "248.00000", "2016-09-30": "209.00000", "2016-06-30": "345.00000", "2016-03-31": "235.00000", "2015-12-31": "-952.00000", "2015-09-30": "230.00000", "2015-06-30": "-1069.00000", "2015-03-31": "509.00000", "2014-12-31": "109.00000", "2014-09-30": "356.00000", "2014-06-30": "258.00000", "2014-03-31": "159.00000", "2013-12-31": "-345.00000", "2013-09-30": "-110.00000", "2013-06-30": "-1127.00000", "2013-03-31": "893.00000", "2012-12-31": "", "2012-09-30": "183.00000", "2012-06-30": "-1099.00000", "2011-12-31": "", "2010-12-31": "", "2009-12-31": "", "2008-12-31": ""}, "EBITDA": {"2020-09-30": "", "2020-06-30": "", "2020-03-31": "", "2019-12-31": "", "2019-09-30": "", "2019-06-30": "", "2019-03-31": "", "2018-12-31": "", "2018-09-30": "", "2018-06-30": "", "2018-03-31": "", "2017-12-31": "", "2017-09-30": "", "2017-06-30": "", "2017-03-31": "", "2016-12-31": "", "2016-09-30": "", "2016-06-30": "", "2016-03-31": "", "2015-12-31": "", "2015-09-30": "", "2015-06-30": "", "2015-03-31": "", "2014-12-31": "", "2014-09-30": "", "2014-06-30": "", "2014-03-31": "", "2013-12-31": "", "2013-09-30": "", "2013-06-30": "", "2013-03-31": "", "2012-12-31": "", "2012-09-30": "", "2012-06-30": "", "2011-12-31": "", "2010-12-31": "", "2009-12-31": "", "2008-12-31": ""}, "EBIT": {"2020-09-30": "", "2020-06-30": "", "2020-03-31": "", "2019-12-31": "", "2019-09-30": "", "2019-06-30": "", "2019-03-31": "", "2018-12-31": "", "2018-09-30": "", "2018-06-30": "", "2018-03-31": "", "2017-12-31": "", "2017-09-30": "", "2017-06-30": "", "2017-03-31": "", "2016-12-31": "", "2016-09-30": "", "2016-06-30": "", "2016-03-31": "", "2015-12-31": "", "2015-09-30": "", "2015-06-30": "", "2015-03-31": "", "2014-12-31": "", "2014-09-30": "", "2014-06-30": "", "2014-03-31": "", "2013-12-31": "", "2013-09-30": "", "2013-06-30": "", "2013-03-31": "", "2012-12-31": "", "2012-09-30": "", "2012-06-30": "", "2011-12-31": "", "2010-12-31": "", "2009-12-31": "", "2008-12-31": ""}, "Basic Shares Outstanding": {"2020-09-30": "375.65800", "2020-06-30": "375.05100", "2020-03-31": "375.72300", "2019-12-31": "393.23400", "2019-09-30": "390.20500", "2019-06-30": "398.10000", "2019-03-31": "404.12900", "2018-12-31": "425.16500", "2018-09-30": "422.18700", "2018-06-30": "430.62800", "2018-03-31": "436.21300", "2017-12-31": "453.70400", "2017-09-30": "449.16900", "2017-06-30": "457.89100", "2017-03-31": "465.96100", "2016-12-31": "481.10500", "2016-09-30": "482.39300", "2016-06-30": "485.37000", "2016-03-31": "484.23300", "2015-12-31": "482.87300", "2015-09-30": "483.07330", "2015-06-30": "482.84700", "2015-03-31": "482.24790", "2014-12-31": "481.15500", "2014-09-30": "481.61110", "2014-06-30": "481.35000", "2014-03-31": "479.76750", "2013-12-31": "420.16620", "2013-09-30": "412.60070", "2013-06-30": "412.60100", "2013-03-31": "412.60070", "2012-12-31": "", "2012-09-30": "1.33100", "2012-06-30": "1.33100", "2011-12-31": "", "2010-12-31": "", "2009-12-31": "", "2008-12-31": ""}, "Shares Outstanding": {"2020-09-30": "377.01100", "2020-06-30": "375.76200", "2020-03-31": "375.72300", "2019-12-31": "395.39500", "2019-09-30": "392.60400", "2019-06-30": "399.91600", "2019-03-31": "405.95900", "2018-12-31": "427.68000", "2018-09-30": "424.78400", "2018-06-30": "432.55400", "2018-03-31": "438.93100", "2017-12-31": "455.35000", "2017-09-30": "451.07800", "2017-06-30": "458.81900", "2017-03-31": "466.82900", "2016-12-31": "482.18200", "2016-09-30": "483.57500", "2016-06-30": "486.07400", "2016-03-31": "484.65400", "2015-12-31": "482.87300", "2015-09-30": "484.39910", "2015-06-30": "482.84700", "2015-03-31": "482.78160", "2014-12-31": "481.93400", "2014-09-30": "482.50610", "2014-06-30": "482.34200", "2014-03-31": "479.76750", "2013-12-31": "420.16620", "2013-09-30": "412.60070", "2013-06-30": "412.60100", "2013-03-31": "412.60070", "2012-12-31": "", "2012-09-30": "1.33100", "2012-06-30": "1.33100", "2011-12-31": "", "2010-12-31": "", "2009-12-31": "", "2008-12-31": ""}, "Basic EPS": {"2020-09-30": "1.27000", "2020-06-30": "0.64000", "2020-03-31": "-0.85000", "2019-12-31": "1.00000", "2019-09-30": "0.97000", "2019-06-30": "1.46000", "2019-03-31": "0.93000", "2018-12-31": "0.70000", "2018-09-30": "0.89000", "2018-06-30": "0.81000", "2018-03-31": "0.57000", "2017-12-31": "0.41000", "2017-09-30": "0.63000", "2017-06-30": "0.55000", "2017-03-31": "0.46000", "2016-12-31": "0.52000", "2016-09-30": "0.43000", "2016-06-30": "0.71000", "2016-03-31": "0.49000", "2015-12-31": "-1.98000", "2015-09-30": "0.48000", "2015-06-30": "-2.22000", "2015-03-31": "1.06000", "2014-12-31": "0.22000", "2014-09-30": "0.74000", "2014-06-30": "0.54000", "2014-03-31": "0.33000", "2013-12-31": "-0.80000", "2013-09-30": "-0.27000", "2013-06-30": "-2.73000", "2013-03-31": "2.16000", "2012-12-31": "", "2012-09-30": "138.00000", "2012-06-30": "-825.00000", "2011-12-31": "", "2010-12-31": "", "2009-12-31": "", "2008-12-31": ""}, "EPS - Earnings Per Share": {"2020-09-30": "1.26000", "2020-06-30": "0.64000", "2020-03-31": "-0.85000", "2019-12-31": "0.99000", "2019-09-30": "0.97000", "2019-06-30": "1.46000", "2019-03-31": "0.92000", "2018-12-31": "0.69000", "2018-09-30": "0.88000", "2018-06-30": "0.81000", "2018-03-31": "0.57000", "2017-12-31": "0.40000", "2017-09-30": "0.63000", "2017-06-30": "0.55000", "2017-03-31": "0.46000", "2016-12-31": "0.52000", "2016-09-30": "0.43000", "2016-06-30": "0.71000", "2016-03-31": "0.49000", "2015-12-31": "-1.98000", "2015-09-30": "0.48000", "2015-06-30": "-2.22000", "2015-03-31": "1.06000", "2014-12-31": "0.22000", "2014-09-30": "0.74000", "2014-06-30": "0.54000", "2014-03-31": "0.33000", "2013-12-31": "-0.80000", "2013-09-30": "-0.27000", "2013-06-30": "-2.73000", "2013-03-31": "2.16000", "2012-12-31": "0.00000", "2012-09-30": "138.00000", "2012-06-30": "-825.00000", "2011-12-31": "0.00000", "2010-12-31": "0.00000", "2009-12-31": "0.00000", "2008-12-31": "0.00000"}}, "balance sheet": {"Cash On Hand": {"2019-12-31": "3555.00000", "2018-12-31": "4537.00000", "2017-12-31": "4252.00000", "2016-12-31": "5934.00000", "2015-12-31": "6380.00000", "2014-12-31": "5576.00000", "2013-12-31": "5531.00000", "2012-12-31": "7513.00000", "2011-12-31": "13657.00000", "2010-12-31": "11910.00000", "2009-12-31": "15527.00000", "2008-12-31": ""}, "Receivables": {"2019-12-31": "", "2018-12-31": "", "2017-12-31": "", "2016-12-31": "", "2015-12-31": "", "2014-12-31": "", "2013-12-31": "", "2012-12-31": "", "2011-12-31": "", "2010-12-31": "", "2009-12-31": "", "2008-12-31": ""}, "Inventory": {"2019-12-31": "", "2018-12-31": "", "2017-12-31": "", "2016-12-31": "", "2015-12-31": "", "2014-12-31": "", "2013-12-31": "", "2012-12-31": "", "2011-12-31": "", "2010-12-31": "", "2009-12-31": "", "2008-12-31": ""}, "Pre-Paid Expenses": {"2019-12-31": "", "2018-12-31": "", "2017-12-31": "", "2016-12-31": "", "2015-12-31": "", "2014-12-31": "", "2013-12-31": "", "2012-12-31": "", "2011-12-31": "", "2010-12-31": "", "2009-12-31": "", "2008-12-31": ""}, "Other Current Assets": {"2019-12-31": "", "2018-12-31": "", "2017-12-31": "", "2016-12-31": "", "2015-12-31": "", "2014-12-31": "", "2013-12-31": "", "2012-12-31": "", "2011-12-31": "", "2010-12-31": "", "2009-12-31": "", "2008-12-31": ""}, "Total Current Assets": {"2019-12-31": "133239.00000", "2018-12-31": "135861.00000", "2017-12-31": "128024.00000", "2016-12-31": "125639.00000", "2015-12-31": "118832.00000", "2014-12-31": "108245.00000", "2013-12-31": "106299.00000", "2012-12-31": "109583.00000", "2011-12-31": "137319.00000", "2010-12-31": "126042.00000", "2009-12-31": "114128.00000", "2008-12-31": ""}, "Property, Plant, And Equipment": {"2019-12-31": "", "2018-12-31": "", "2017-12-31": "", "2016-12-31": "", "2015-12-31": "", "2014-12-31": "", "2013-12-31": "", "2012-12-31": "", "2011-12-31": "", "2010-12-31": "", "2009-12-31": "", "2008-12-31": ""}, "Long-Term Investments": {"2019-12-31": "41332.00000", "2018-12-31": "36855.00000", "2017-12-31": "33461.00000", "2016-12-31": "31235.00000", "2015-12-31": "33428.00000", "2014-12-31": "35647.00000", "2013-12-31": "34763.00000", "2012-12-31": "27728.00000", "2011-12-31": "24410.00000", "2010-12-31": "23974.00000", "2009-12-31": "28153.00000", "2008-12-31": ""}, "Goodwill And Intangible Assets": {"2019-12-31": "", "2018-12-31": "", "2017-12-31": "", "2016-12-31": "", "2015-12-31": "", "2014-12-31": "", "2013-12-31": "", "2012-12-31": "952.00000", "2011-12-31": "2519.00000", "2010-12-31": "3738.00000", "2009-12-31": "3554.00000", "2008-12-31": "0.00000"}, "Other Long-Term Assets": {"2019-12-31": "6073.00000", "2018-12-31": "6153.00000", "2017-12-31": "5663.00000", "2016-12-31": "6854.00000", "2015-12-31": "6321.00000", "2014-12-31": "7739.00000", "2013-12-31": "10105.00000", "2012-12-31": "44084.00000", "2011-12-31": "19811.00000", "2010-12-31": "18254.00000", "2009-12-31": "26471.00000", "2008-12-31": ""}, "Total Long-Term Assets": {"2019-12-31": "47405.00000", "2018-12-31": "43008.00000", "2017-12-31": "39124.00000", "2016-12-31": "38089.00000", "2015-12-31": "39749.00000", "2014-12-31": "43386.00000", "2013-12-31": "44868.00000", "2012-12-31": "72764.00000", "2011-12-31": "46740.00000", "2010-12-31": "45966.00000", "2009-12-31": "58178.00000", "2008-12-31": ""}, "Total Assets": {"2019-12-31": "180644.00000", "2018-12-31": "178869.00000", "2017-12-31": "167148.00000", "2016-12-31": "163728.00000", "2015-12-31": "158581.00000", "2014-12-31": "151631.00000", "2013-12-31": "151167.00000", "2012-12-31": "182347.00000", "2011-12-31": "184059.00000", "2010-12-31": "172008.00000", "2009-12-31": "172306.00000", "2008-12-31": "0.00000"}, "Total Current Liabilities": {"2019-12-31": "128896.00000", "2018-12-31": "118364.00000", "2017-12-31": "106824.00000", "2016-12-31": "93783.00000", "2015-12-31": "76474.00000", "2014-12-31": "67477.00000", "2013-12-31": "65180.00000", "2012-12-31": "62893.00000", "2011-12-31": "68981.00000", "2010-12-31": "60511.00000", "2009-12-31": "54141.00000", "2008-12-31": ""}, "Long Term Debt": {"2019-12-31": "34027.00000", "2018-12-31": "44193.00000", "2017-12-31": "44226.00000", "2016-12-31": "54128.00000", "2015-12-31": "66234.00000", "2014-12-31": "66380.00000", "2013-12-31": "69465.00000", "2012-12-31": "74561.00000", "2011-12-31": "92885.00000", "2010-12-31": "86612.00000", "2009-12-31": "88021.00000", "2008-12-31": ""}, "Other Non-Current Liabilities": {"2019-12-31": "3305.00000", "2018-12-31": "3044.00000", "2017-12-31": "2604.00000", "2016-12-31": "2500.00000", "2015-12-31": "2434.00000", "2014-12-31": "2375.00000", "2013-12-31": "2314.00000", "2012-12-31": "24995.00000", "2011-12-31": "2913.00000", "2010-12-31": "4396.00000", "2009-12-31": "9305.00000", "2008-12-31": ""}, "Total Long Term Liabilities": {"2019-12-31": "37332.00000", "2018-12-31": "47237.00000", "2017-12-31": "46830.00000", "2016-12-31": "56628.00000", "2015-12-31": "68668.00000", "2014-12-31": "68755.00000", "2013-12-31": "71779.00000", "2012-12-31": "99556.00000", "2011-12-31": "95798.00000", "2010-12-31": "91008.00000", "2009-12-31": "97326.00000", "2008-12-31": ""}, "Total Liabilities": {"2019-12-31": "166228.00000", "2018-12-31": "165601.00000", "2017-12-31": "153654.00000", "2016-12-31": "150411.00000", "2015-12-31": "145142.00000", "2014-12-31": "136232.00000", "2013-12-31": "136959.00000", "2012-12-31": "162449.00000", "2011-12-31": "164779.00000", "2010-12-31": "151519.00000", "2009-12-31": "151467.00000", "2008-12-31": "0.00000"}, "Common Stock Net": {"2019-12-31": "21438.00000", "2018-12-31": "21345.00000", "2017-12-31": "21245.00000", "2016-12-31": "21166.00000", "2015-12-31": "21100.00000", "2014-12-31": "21038.00000", "2013-12-31": "20939.00000", "2012-12-31": "19668.00000", "2011-12-31": "19668.00000", "2010-12-31": "19668.00000", "2009-12-31": "13829.00000", "2008-12-31": "0.00000"}, "Retained Earnings (Accumulated Deficit)": {"2019-12-31": "-4057.00000", "2018-12-31": "-5489.00000", "2017-12-31": "-6406.00000", "2016-12-31": "-7151.00000", "2015-12-31": "-8110.00000", "2014-12-31": "-6828.00000", "2013-12-31": "-7710.00000", "2012-12-31": "-7021.00000", "2011-12-31": "-7415.00000", "2010-12-31": "-6410.00000", "2009-12-31": "-5630.00000", "2008-12-31": ""}, "Comprehensive Income": {"2019-12-31": "123.00000", "2018-12-31": "-539.00000", "2017-12-31": "-235.00000", "2016-12-31": "-341.00000", "2015-12-31": "-231.00000", "2014-12-31": "-66.00000", "2013-12-31": "-276.00000", "2012-12-31": "311.00000", "2011-12-31": "87.00000", "2010-12-31": "259.00000", "2009-12-31": "460.00000", "2008-12-31": ""}, "Other Share Holders Equity": {"2019-12-31": "", "2018-12-31": "", "2017-12-31": "", "2016-12-31": "", "2015-12-31": "", "2014-12-31": "", "2013-12-31": "", "2012-12-31": "", "2011-12-31": "", "2010-12-31": "", "2009-12-31": "", "2008-12-31": "0.00000"}, "Share Holder Equity": {"2019-12-31": "14416.00000", "2018-12-31": "13268.00000", "2017-12-31": "13494.00000", "2016-12-31": "13317.00000", "2015-12-31": "13439.00000", "2014-12-31": "15399.00000", "2013-12-31": "14208.00000", "2012-12-31": "19898.00000", "2011-12-31": "19280.00000", "2010-12-31": "20489.00000", "2009-12-31": "20839.00000", "2008-12-31": "0.00000"}, "Total Liabilities And Share Holders Equity": {"2019-12-31": "180644.00000", "2018-12-31": "178869.00000", "2017-12-31": "167148.00000", "2016-12-31": "163728.00000", "2015-12-31": "158581.00000", "2014-12-31": "151631.00000", "2013-12-31": "151167.00000", "2012-12-31": "182347.00000", "2011-12-31": "184059.00000", "2010-12-31": "172008.00000", "2009-12-31": "172306.00000", "2008-12-31": "0.00000"}}, "balance sheet, quarterly": {"Cash On Hand": {"2020-09-30": "19939.00000", "2020-06-30": "19131.00000", "2020-03-31": "6161.00000", "2019-12-31": "3555.00000", "2019-09-30": "3617.00000", "2019-06-30": "3563.00000", "2019-03-31": "3957.00000", "2018-12-31": "4537.00000", "2018-09-30": "3772.00000", "2018-06-30": "3924.00000", "2018-03-31": "3721.00000", "2017-12-31": "4252.00000", "2017-09-30": "4424.00000", "2017-06-30": "4377.00000", "2017-03-31": "4302.00000", "2016-12-31": "5934.00000", "2016-09-30": "4289.00000", "2016-06-30": "5731.00000", "2016-03-31": "5001.00000", "2015-12-31": "6380.00000", "2015-09-30": "5227.00000", "2015-06-30": "5858.00000", "2015-03-31": "7686.00000", "2014-12-31": "5576.00000", "2014-09-30": "5699.00000", "2014-06-30": "5777.00000", "2014-03-31": "5893.00000", "2013-12-31": "5531.00000", "2013-09-30": "6549.00000", "2013-06-30": "7774.00000", "2013-03-31": "", "2012-12-31": "", "2012-09-30": "", "2012-06-30": "", "2011-12-31": "13657.00000", "2010-12-31": "11910.00000", "2009-12-31": "15527.00000", "2008-12-31": ""}, "Receivables": {"2020-09-30": "", "2020-06-30": "", "2020-03-31": "", "2019-12-31": "", "2019-09-30": "", "2019-06-30": "", "2019-03-31": "", "2018-12-31": "", "2018-09-30": "", "2018-06-30": "", "2018-03-31": "", "2017-12-31": "", "2017-09-30": "", "2017-06-30": "", "2017-03-31": "", "2016-12-31": "", "2016-09-30": "", "2016-06-30": "", "2016-03-31": "", "2015-12-31": "", "2015-09-30": "", "2015-06-30": "", "2015-03-31": "", "2014-12-31": "", "2014-09-30": "", "2014-06-30": "", "2014-03-31": "", "2013-12-31": "", "2013-09-30": "", "2013-06-30": "", "2013-03-31": "", "2012-12-31": "", "2012-09-30": "", "2012-06-30": "", "2011-12-31": "", "2010-12-31": "", "2009-12-31": "", "2008-12-31": ""}, "Inventory": {"2020-09-30": "", "2020-06-30": "", "2020-03-31": "", "2019-12-31": "", "2019-09-30": "", "2019-06-30": "", "2019-03-31": "", "2018-12-31": "", "2018-09-30": "", "2018-06-30": "", "2018-03-31": "", "2017-12-31": "", "2017-09-30": "", "2017-06-30": "", "2017-03-31": "", "2016-12-31": "", "2016-09-30": "", "2016-06-30": "", "2016-03-31": "", "2015-12-31": "", "2015-09-30": "", "2015-06-30": "", "2015-03-31": "", "2014-12-31": "", "2014-09-30": "", "2014-06-30": "", "2014-03-31": "", "2013-12-31": "", "2013-09-30": "", "2013-06-30": "", "2013-03-31": "", "2012-12-31": "", "2012-09-30": "", "2012-06-30": "", "2011-12-31": "", "2010-12-31": "", "2009-12-31": "", "2008-12-31": ""}, "Pre-Paid Expenses": {"2020-09-30": "", "2020-06-30": "", "2020-03-31": "", "2019-12-31": "", "2019-09-30": "", "2019-06-30": "", "2019-03-31": "", "2018-12-31": "", "2018-09-30": "", "2018-06-30": "", "2018-03-31": "", "2017-12-31": "", "2017-09-30": "", "2017-06-30": "", "2017-03-31": "", "2016-12-31": "", "2016-09-30": "", "2016-06-30": "", "2016-03-31": "", "2015-12-31": "", "2015-09-30": "", "2015-06-30": "", "2015-03-31": "", "2014-12-31": "", "2014-09-30": "", "2014-06-30": "", "2014-03-31": "", "2013-12-31": "", "2013-09-30": "", "2013-06-30": "", "2013-03-31": "", "2012-12-31": "", "2012-09-30": "", "2012-06-30": "", "2011-12-31": "", "2010-12-31": "", "2009-12-31": "", "2008-12-31": ""}, "Other Current Assets": {"2020-09-30": "", "2020-06-30": "", "2020-03-31": "", "2019-12-31": "", "2019-09-30": "", "2019-06-30": "", "2019-03-31": "", "2018-12-31": "", "2018-09-30": "", "2018-06-30": "", "2018-03-31": "", "2017-12-31": "", "2017-09-30": "", "2017-06-30": "", "2017-03-31": "", "2016-12-31": "", "2016-09-30": "", "2016-06-30": "", "2016-03-31": "", "2015-12-31": "", "2015-09-30": "", "2015-06-30": "", "2015-03-31": "", "2014-12-31": "", "2014-09-30": "", "2014-06-30": "", "2014-03-31": "", "2013-12-31": "", "2013-09-30": "", "2013-06-30": "", "2013-03-31": "", "2012-12-31": "", "2012-09-30": "", "2012-06-30": "", "2011-12-31": "", "2010-12-31": "", "2009-12-31": "", "2008-12-31": ""}, "Total Current Assets": {"2020-09-30": "137691.00000", "2020-06-30": "137024.00000", "2020-03-31": "133866.00000", "2019-12-31": "133239.00000", "2019-09-30": "134470.00000", "2019-06-30": "134226.00000", "2019-03-31": "135232.00000", "2018-12-31": "135861.00000", "2018-09-30": "131845.00000", "2018-06-30": "130786.00000", "2018-03-31": "130093.00000", "2017-12-31": "128024.00000", "2017-09-30": "124081.00000", "2017-06-30": "125722.00000", "2017-03-31": "124094.00000", "2016-12-31": "125639.00000", "2016-09-30": "120051.00000", "2016-06-30": "119154.00000", "2016-03-31": "116667.00000", "2015-12-31": "118832.00000", "2015-09-30": "114031.00000", "2015-06-30": "113254.00000", "2015-03-31": "109891.00000", "2014-12-31": "108245.00000", "2014-09-30": "105785.00000", "2014-06-30": "107043.00000", "2014-03-31": "106007.00000", "2013-12-31": "106299.00000", "2013-09-30": "102363.00000", "2013-06-30": "105297.00000", "2013-03-31": "", "2012-12-31": "", "2012-09-30": "", "2012-06-30": "", "2011-12-31": "128762.00000", "2010-12-31": "114631.00000", "2009-12-31": "93503.00000", "2008-12-31": ""}, "Property, Plant, And Equipment": {"2020-09-30": "", "2020-06-30": "", "2020-03-31": "", "2019-12-31": "", "2019-09-30": "", "2019-06-30": "", "2019-03-31": "", "2018-12-31": "", "2018-09-30": "", "2018-06-30": "", "2018-03-31": "", "2017-12-31": "", "2017-09-30": "", "2017-06-30": "", "2017-03-31": "", "2016-12-31": "", "2016-09-30": "", "2016-06-30": "", "2016-03-31": "", "2015-12-31": "", "2015-09-30": "", "2015-06-30": "", "2015-03-31": "", "2014-12-31": "", "2014-09-30": "", "2014-06-30": "", "2014-03-31": "", "2013-12-31": "", "2013-09-30": "", "2013-06-30": "", "2013-03-31": "", "2012-12-31": "", "2012-09-30": "", "2012-06-30": "", "2011-12-31": "", "2010-12-31": "", "2009-12-31": "", "2008-12-31": ""}, "Long-Term Investments": {"2020-09-30": "41325.00000", "2020-06-30": "40316.00000", "2020-03-31": "40683.00000", "2019-12-31": "41332.00000", "2019-09-30": "41225.00000", "2019-06-30": "40147.00000", "2019-03-31": "38892.00000", "2018-12-31": "36855.00000", "2018-09-30": "35460.00000", "2018-06-30": "34545.00000", "2018-03-31": "33903.00000", "2017-12-31": "33461.00000", "2017-09-30": "33869.00000", "2017-06-30": "32670.00000", "2017-03-31": "31873.00000", "2016-12-31": "31235.00000", "2016-09-30": "31039.00000", "2016-06-30": "32523.00000", "2016-03-31": "33256.00000", "2015-12-31": "33428.00000", "2015-09-30": "36050.00000", "2015-06-30": "37092.00000", "2015-03-31": "36850.00000", "2014-12-31": "35647.00000", "2014-09-30": "36055.00000", "2014-06-30": "35562.00000", "2014-03-31": "34514.00000", "2013-12-31": "34763.00000", "2013-09-30": "35221.00000", "2013-06-30": "33100.00000", "2013-03-31": "", "2012-12-31": "", "2012-09-30": "", "2012-06-30": "", "2011-12-31": "32967.00000", "2010-12-31": "35385.00000", "2009-12-31": "48778.00000", "2008-12-31": ""}, "Goodwill And Intangible Assets": {"2020-09-30": "", "2020-06-30": "", "2020-03-31": "", "2019-12-31": "", "2019-09-30": "", "2019-06-30": "", "2019-03-31": "", "2018-12-31": "", "2018-09-30": "", "2018-06-30": "", "2018-03-31": "", "2017-12-31": "", "2017-09-30": "", "2017-06-30": "", "2017-03-31": "", "2016-12-31": "", "2016-09-30": "", "2016-06-30": "", "2016-03-31": "", "2015-12-31": "", "2015-09-30": "", "2015-06-30": "", "2015-03-31": "", "2014-12-31": "", "2014-09-30": "", "2014-06-30": "", "2014-03-31": "", "2013-12-31": "", "2013-09-30": "", "2013-06-30": "", "2013-03-31": "0.00000", "2012-12-31": "", "2012-09-30": "0.00000", "2012-06-30": "0.00000", "2011-12-31": "2519.00000", "2010-12-31": "3738.00000", "2009-12-31": "3554.00000", "2008-12-31": "0.00000"}, "Other Long-Term Assets": {"2020-09-30": "6254.00000", "2020-06-30": "6721.00000", "2020-03-31": "7978.00000", "2019-12-31": "6073.00000", "2019-09-30": "5790.00000", "2019-06-30": "6075.00000", "2019-03-31": "5993.00000", "2018-12-31": "6153.00000", "2018-09-30": "5796.00000", "2018-06-30": "6014.00000", "2018-03-31": "6025.00000", "2017-12-31": "5663.00000", "2017-09-30": "6063.00000", "2017-06-30": "5953.00000", "2017-03-31": "6134.00000", "2016-12-31": "6854.00000", "2016-09-30": "6307.00000", "2016-06-30": "6254.00000", "2016-03-31": "6582.00000", "2015-12-31": "6321.00000", "2015-09-30": "6024.00000", "2015-06-30": "6126.00000", "2015-03-31": "6783.00000", "2014-12-31": "7739.00000", "2014-09-30": "7355.00000", "2014-06-30": "7332.00000", "2014-03-31": "7931.00000", "2013-12-31": "10105.00000", "2013-09-30": "12972.00000", "2013-06-30": "12230.00000", "2013-03-31": "", "2012-12-31": "", "2012-09-30": "", "2012-06-30": "", "2011-12-31": "19811.00000", "2010-12-31": "18254.00000", "2009-12-31": "26471.00000", "2008-12-31": ""}, "Total Long-Term Assets": {"2020-09-30": "47579.00000", "2020-06-30": "47037.00000", "2020-03-31": "48661.00000", "2019-12-31": "47405.00000", "2019-09-30": "47015.00000", "2019-06-30": "46222.00000", "2019-03-31": "44885.00000", "2018-12-31": "43008.00000", "2018-09-30": "41256.00000", "2018-06-30": "40559.00000", "2018-03-31": "39928.00000", "2017-12-31": "39124.00000", "2017-09-30": "39932.00000", "2017-06-30": "38623.00000", "2017-03-31": "38007.00000", "2016-12-31": "38089.00000", "2016-09-30": "37346.00000", "2016-06-30": "38777.00000", "2016-03-31": "39838.00000", "2015-12-31": "39749.00000", "2015-09-30": "42074.00000", "2015-06-30": "43218.00000", "2015-03-31": "43633.00000", "2014-12-31": "43386.00000", "2014-09-30": "43410.00000", "2014-06-30": "42894.00000", "2014-03-31": "42445.00000", "2013-12-31": "44868.00000", "2013-09-30": "48193.00000", "2013-06-30": "45330.00000", "2013-03-31": "", "2012-12-31": "", "2012-09-30": "", "2012-06-30": "", "2011-12-31": "55297.00000", "2010-12-31": "57377.00000", "2009-12-31": "78803.00000", "2008-12-31": ""}, "Total Assets": {"2020-09-30": "185270.00000", "2020-06-30": "184061.00000", "2020-03-31": "182527.00000", "2019-12-31": "180644.00000", "2019-09-30": "181485.00000", "2019-06-30": "180448.00000", "2019-03-31": "180117.00000", "2018-12-31": "178869.00000", "2018-09-30": "173101.00000", "2018-06-30": "171345.00000", "2018-03-31": "170021.00000", "2017-12-31": "167148.00000", "2017-09-30": "164013.00000", "2017-06-30": "164345.00000", "2017-03-31": "162101.00000", "2016-12-31": "163728.00000", "2016-09-30": "157397.00000", "2016-06-30": "157931.00000", "2016-03-31": "156505.00000", "2015-12-31": "158581.00000", "2015-09-30": "156105.00000", "2015-06-30": "156472.00000", "2015-03-31": "153524.00000", "2014-12-31": "151631.00000", "2014-09-30": "149195.00000", "2014-06-30": "149937.00000", "2014-03-31": "148452.00000", "2013-12-31": "151167.00000", "2013-09-30": "150556.00000", "2013-06-30": "150627.00000", "2013-03-31": "0.00000", "2012-12-31": "0.00000", "2012-09-30": "0.00000", "2012-06-30": "0.00000", "2011-12-31": "184059.00000", "2010-12-31": "172008.00000", "2009-12-31": "172306.00000", "2008-12-31": "0.00000"}, "Total Current Liabilities": {"2020-09-30": "142039.00000", "2020-06-30": "137721.00000", "2020-03-31": "134637.00000", "2019-12-31": "128896.00000", "2019-09-30": "128059.00000", "2019-06-30": "125495.00000", "2019-03-31": "121832.00000", "2018-12-31": "118364.00000", "2018-09-30": "111454.00000", "2018-06-30": "107921.00000", "2018-03-31": "108959.00000", "2017-12-31": "106824.00000", "2017-09-30": "102735.00000", "2017-06-30": "99186.00000", "2017-03-31": "95161.00000", "2016-12-31": "93783.00000", "2016-09-30": "84438.00000", "2016-06-30": "80815.00000", "2016-03-31": "78189.00000", "2015-12-31": "76474.00000", "2015-09-30": "71607.00000", "2015-06-30": "73908.00000", "2015-03-31": "69456.00000", "2014-12-31": "67477.00000", "2014-09-30": "64337.00000", "2014-06-30": "64797.00000", "2014-03-31": "63386.00000", "2013-12-31": "65180.00000", "2013-09-30": "63860.00000", "2013-06-30": "60364.00000", "2013-03-31": "", "2012-12-31": "", "2012-09-30": "", "2012-06-30": "", "2011-12-31": "68401.00000", "2010-12-31": "60511.00000", "2009-12-31": "54141.00000", "2008-12-31": ""}, "Long Term Debt": {"2020-09-30": "25704.00000", "2020-06-30": "29176.00000", "2020-03-31": "31066.00000", "2019-12-31": "34027.00000", "2019-09-30": "35730.00000", "2019-06-30": "37466.00000", "2019-03-31": "41490.00000", "2018-12-31": "44193.00000", "2018-09-30": "45542.00000", "2018-06-30": "47328.00000", "2018-03-31": "45076.00000", "2017-12-31": "44226.00000", "2017-09-30": "45122.00000", "2017-06-30": "49145.00000", "2017-03-31": "51061.00000", "2016-12-31": "54128.00000", "2016-09-30": "56836.00000", "2016-06-30": "61040.00000", "2016-03-31": "62044.00000", "2015-12-31": "66234.00000", "2015-09-30": "67461.00000", "2015-06-30": "65852.00000", "2015-03-31": "65760.00000", "2014-12-31": "66380.00000", "2014-09-30": "67299.00000", "2014-06-30": "67913.00000", "2014-03-31": "68295.00000", "2013-12-31": "69465.00000", "2013-09-30": "60701.00000", "2013-06-30": "64534.00000", "2013-03-31": "", "2012-12-31": "", "2012-09-30": "", "2012-06-30": "", "2011-12-31": "92885.00000", "2010-12-31": "86612.00000", "2009-12-31": "88021.00000", "2008-12-31": ""}, "Other Non-Current Liabilities": {"2020-09-30": "3401.00000", "2020-06-30": "3338.00000", "2020-03-31": "3305.00000", "2019-12-31": "3305.00000", "2019-09-30": "3246.00000", "2019-06-30": "3171.00000", "2019-03-31": "3096.00000", "2018-12-31": "3044.00000", "2018-09-30": "3020.00000", "2018-06-30": "2957.00000", "2018-03-31": "2904.00000", "2017-12-31": "2604.00000", "2017-09-30": "2583.00000", "2017-06-30": "2541.00000", "2017-03-31": "2514.00000", "2016-12-31": "2500.00000", "2016-09-30": "2493.00000", "2016-06-30": "2465.00000", "2016-03-31": "2449.00000", "2015-12-31": "2434.00000", "2015-09-30": "2438.00000", "2015-06-30": "2417.00000", "2015-03-31": "2374.00000", "2014-12-31": "2375.00000", "2014-09-30": "2369.00000", "2014-06-30": "2349.00000", "2014-03-31": "2312.00000", "2013-12-31": "2314.00000", "2013-09-30": "6934.00000", "2013-06-30": "6564.00000", "2013-03-31": "", "2012-12-31": "", "2012-09-30": "", "2012-06-30": "", "2011-12-31": "3493.00000", "2010-12-31": "4396.00000", "2009-12-31": "9305.00000", "2008-12-31": ""}, "Total Long Term Liabilities": {"2020-09-30": "29105.00000", "2020-06-30": "32514.00000", "2020-03-31": "34371.00000", "2019-12-31": "37332.00000", "2019-09-30": "38976.00000", "2019-06-30": "40637.00000", "2019-03-31": "44586.00000", "2018-12-31": "47237.00000", "2018-09-30": "48562.00000", "2018-06-30": "50285.00000", "2018-03-31": "47980.00000", "2017-12-31": "46830.00000", "2017-09-30": "47705.00000", "2017-06-30": "51686.00000", "2017-03-31": "53575.00000", "2016-12-31": "56628.00000", "2016-09-30": "59329.00000", "2016-06-30": "63505.00000", "2016-03-31": "64493.00000", "2015-12-31": "68668.00000", "2015-09-30": "69899.00000", "2015-06-30": "68269.00000", "2015-03-31": "68134.00000", "2014-12-31": "68755.00000", "2014-09-30": "69668.00000", "2014-06-30": "70262.00000", "2014-03-31": "70607.00000", "2013-12-31": "71779.00000", "2013-09-30": "67635.00000", "2013-06-30": "71098.00000", "2013-03-31": "", "2012-12-31": "", "2012-09-30": "", "2012-06-30": "", "2011-12-31": "96378.00000", "2010-12-31": "91008.00000", "2009-12-31": "97326.00000", "2008-12-31": ""}, "Total Liabilities": {"2020-09-30": "171144.00000", "2020-06-30": "170235.00000", "2020-03-31": "169008.00000", "2019-12-31": "166228.00000", "2019-09-30": "167035.00000", "2019-06-30": "166132.00000", "2019-03-31": "166418.00000", "2018-12-31": "165601.00000", "2018-09-30": "160016.00000", "2018-06-30": "158206.00000", "2018-03-31": "156939.00000", "2017-12-31": "153654.00000", "2017-09-30": "150440.00000", "2017-06-30": "150872.00000", "2017-03-31": "148736.00000", "2016-12-31": "150411.00000", "2016-09-30": "143767.00000", "2016-06-30": "144320.00000", "2016-03-31": "142682.00000", "2015-12-31": "145142.00000", "2015-09-30": "141506.00000", "2015-06-30": "142177.00000", "2015-03-31": "137590.00000", "2014-12-31": "136232.00000", "2014-09-30": "134005.00000", "2014-06-30": "135059.00000", "2014-03-31": "133993.00000", "2013-12-31": "136959.00000", "2013-09-30": "131495.00000", "2013-06-30": "131462.00000", "2013-03-31": "0.00000", "2012-12-31": "", "2012-09-30": "0.00000", "2012-06-30": "0.00000", "2011-12-31": "164779.00000", "2010-12-31": "151519.00000", "2009-12-31": "151467.00000", "2008-12-31": "0.00000"}, "Common Stock Net": {"2020-09-30": "21517.00000", "2020-06-30": "21499.00000", "2020-03-31": "21470.00000", "2019-12-31": "21438.00000", "2019-09-30": "21417.00000", "2019-06-30": "21403.00000", "2019-03-31": "21379.00000", "2018-12-31": "21345.00000", "2018-09-30": "21322.00000", "2018-06-30": "21303.00000", "2018-03-31": "21273.00000", "2017-12-31": "21245.00000", "2017-09-30": "21223.00000", "2017-06-30": "21208.00000", "2017-03-31": "21187.00000", "2016-12-31": "21166.00000", "2016-09-30": "21149.00000", "2016-06-30": "21136.00000", "2016-03-31": "21117.00000", "2015-12-31": "21100.00000", "2015-09-30": "21082.00000", "2015-06-30": "21069.00000", "2015-03-31": "21048.00000", "2014-12-31": "21038.00000", "2014-09-30": "21022.00000", "2014-06-30": "21011.00000", "2014-03-31": "20939.00000", "2013-12-31": "20939.00000", "2013-09-30": "19669.00000", "2013-06-30": "19668.00000", "2013-03-31": "0.00000", "2012-12-31": "", "2012-09-30": "0.00000", "2012-06-30": "0.00000", "2011-12-31": "19668.00000", "2010-12-31": "19668.00000", "2009-12-31": "13829.00000", "2008-12-31": "0.00000"}, "Retained Earnings (Accumulated Deficit)": {"2020-09-30": "-4893.00000", "2020-06-30": "-5296.00000", "2020-03-31": "-5465.00000", "2019-12-31": "-4057.00000", "2019-09-30": "-4368.00000", "2019-06-30": "-4682.00000", "2019-03-31": "-5195.00000", "2018-12-31": "-5489.00000", "2018-09-30": "-5716.00000", "2018-06-30": "-6026.00000", "2018-03-31": "-6318.00000", "2017-12-31": "-6406.00000", "2017-09-30": "-6533.00000", "2017-06-30": "-6760.00000", "2017-03-31": "-6975.00000", "2016-12-31": "-7151.00000", "2016-09-30": "-7361.00000", "2016-06-30": "-7530.00000", "2016-03-31": "-7875.00000", "2015-12-31": "-8110.00000", "2015-09-30": "-7158.00000", "2015-06-30": "-7388.00000", "2015-03-31": "-6319.00000", "2014-12-31": "-6828.00000", "2014-09-30": "-6937.00000", "2014-06-30": "-7293.00000", "2014-03-31": "-7551.00000", "2013-12-31": "-7710.00000", "2013-09-30": "-7365.00000", "2013-06-30": "-7256.00000", "2013-03-31": "", "2012-12-31": "", "2012-09-30": "", "2012-06-30": "", "2011-12-31": "-7415.00000", "2010-12-31": "-6410.00000", "2009-12-31": "-5630.00000", "2008-12-31": ""}, "Comprehensive Income": {"2020-09-30": "695.00000", "2020-06-30": "815.00000", "2020-03-31": "706.00000", "2019-12-31": "123.00000", "2019-09-30": "190.00000", "2019-06-30": "84.00000", "2019-03-31": "-225.00000", "2018-12-31": "-539.00000", "2018-09-30": "-781.00000", "2018-06-30": "-648.00000", "2018-03-31": "-578.00000", "2017-12-31": "-235.00000", "2017-09-30": "-197.00000", "2017-06-30": "-245.00000", "2017-03-31": "-321.00000", "2016-12-31": "-341.00000", "2016-09-30": "31.00000", "2016-06-30": "35.00000", "2016-03-31": "-85.00000", "2015-12-31": "-231.00000", "2015-09-30": "-122.00000", "2015-06-30": "-183.00000", "2015-03-31": "-35.00000", "2014-12-31": "-66.00000", "2014-09-30": "-150.00000", "2014-06-30": "-95.00000", "2014-03-31": "-184.00000", "2013-12-31": "-276.00000", "2013-09-30": "-183.00000", "2013-06-30": "-187.00000", "2013-03-31": "", "2012-12-31": "", "2012-09-30": "", "2012-06-30": "", "2011-12-31": "", "2010-12-31": "", "2009-12-31": "", "2008-12-31": ""}, "Other Share Holders Equity": {"2020-09-30": "", "2020-06-30": "", "2020-03-31": "", "2019-12-31": "", "2019-09-30": "", "2019-06-30": "", "2019-03-31": "", "2018-12-31": "", "2018-09-30": "", "2018-06-30": "", "2018-03-31": "", "2017-12-31": "", "2017-09-30": "", "2017-06-30": "", "2017-03-31": "", "2016-12-31": "", "2016-09-30": "", "2016-06-30": "", "2016-03-31": "", "2015-12-31": "", "2015-09-30": "", "2015-06-30": "", "2015-03-31": "", "2014-12-31": "", "2014-09-30": "", "2014-06-30": "", "2014-03-31": "", "2013-12-31": "", "2013-09-30": "", "2013-06-30": "", "2013-03-31": "0.00000", "2012-12-31": "", "2012-09-30": "0.00000", "2012-06-30": "0.00000", "2011-12-31": "87.00000", "2010-12-31": "259.00000", "2009-12-31": "460.00000", "2008-12-31": "0.00000"}, "Share Holder Equity": {"2020-09-30": "14126.00000", "2020-06-30": "13826.00000", "2020-03-31": "13519.00000", "2019-12-31": "14416.00000", "2019-09-30": "14450.00000", "2019-06-30": "14316.00000", "2019-03-31": "13699.00000", "2018-12-31": "13268.00000", "2018-09-30": "13085.00000", "2018-06-30": "13139.00000", "2018-03-31": "13082.00000", "2017-12-31": "13494.00000", "2017-09-30": "13573.00000", "2017-06-30": "13473.00000", "2017-03-31": "13365.00000", "2016-12-31": "13317.00000", "2016-09-30": "13630.00000", "2016-06-30": "13611.00000", "2016-03-31": "13823.00000", "2015-12-31": "13439.00000", "2015-09-30": "14599.00000", "2015-06-30": "14295.00000", "2015-03-31": "15934.00000", "2014-12-31": "15399.00000", "2014-09-30": "15190.00000", "2014-06-30": "14878.00000", "2014-03-31": "14459.00000", "2013-12-31": "14208.00000", "2013-09-30": "19061.00000", "2013-06-30": "19165.00000", "2013-03-31": "0.00000", "2012-12-31": "", "2012-09-30": "0.00000", "2012-06-30": "0.00000", "2011-12-31": "19280.00000", "2010-12-31": "20489.00000", "2009-12-31": "20839.00000", "2008-12-31": "0.00000"}, "Total Liabilities And Share Holders Equity": {"2020-09-30": "185270.00000", "2020-06-30": "184061.00000", "2020-03-31": "182527.00000", "2019-12-31": "180644.00000", "2019-09-30": "181485.00000", "2019-06-30": "180448.00000", "2019-03-31": "180117.00000", "2018-12-31": "178869.00000", "2018-09-30": "173101.00000", "2018-06-30": "171345.00000", "2018-03-31": "170021.00000", "2017-12-31": "167148.00000", "2017-09-30": "164013.00000", "2017-06-30": "164345.00000", "2017-03-31": "162101.00000", "2016-12-31": "163728.00000", "2016-09-30": "157397.00000", "2016-06-30": "157931.00000", "2016-03-31": "156505.00000", "2015-12-31": "158581.00000", "2015-09-30": "156105.00000", "2015-06-30": "156472.00000", "2015-03-31": "153524.00000", "2014-12-31": "151631.00000", "2014-09-30": "149195.00000", "2014-06-30": "149937.00000", "2014-03-31": "148452.00000", "2013-12-31": "151167.00000", "2013-09-30": "150556.00000", "2013-06-30": "150627.00000", "2013-03-31": "0.00000", "2012-12-31": "", "2012-09-30": "0.00000", "2012-06-30": "0.00000", "2011-12-31": "184059.00000", "2010-12-31": "172008.00000", "2009-12-31": "172306.00000", "2008-12-31": "0.00000"}}, "cash flow statement": {"Net Income/Loss": {"2019-12-31": "1715.00000", "2018-12-31": "1263.00000", "2017-12-31": "929.00000", "2016-12-31": "1067.00000", "2015-12-31": "1289.00000", "2014-12-31": "1150.00000", "2013-12-31": "361.00000", "2012-12-31": "1196.00000", "2011-12-31": "-157.00000", "2010-12-31": "1029.00000", "2009-12-31": "-10298.00000", "2008-12-31": "1868.00000"}, "Total Depreciation And Amortization - Cash Flow": {"2019-12-31": "1555.00000", "2018-12-31": "1649.00000", "2017-12-31": "1859.00000", "2016-12-31": "2382.00000", "2015-12-31": "2801.00000", "2014-12-31": "2936.00000", "2013-12-31": "2965.00000", "2012-12-31": "3058.00000", "2011-12-31": "4319.00000", "2010-12-31": "5018.00000", "2009-12-31": "6707.00000", "2008-12-31": "6780.00000"}, "Other Non-Cash Items": {"2019-12-31": "934.00000", "2018-12-31": "1298.00000", "2017-12-31": "1580.00000", "2016-12-31": "1190.00000", "2015-12-31": "1022.00000", "2014-12-31": "452.00000", "2013-12-31": "-1490.00000", "2012-12-31": "49.00000", "2011-12-31": "-211.00000", "2010-12-31": "-30.00000", "2009-12-31": "6620.00000", "2008-12-31": "-8138.00000"}, "Total Non-Cash Items": {"2019-12-31": "2489.00000", "2018-12-31": "2947.00000", "2017-12-31": "3439.00000", "2016-12-31": "3572.00000", "2015-12-31": "3823.00000", "2014-12-31": "3388.00000", "2013-12-31": "1475.00000", "2012-12-31": "3107.00000", "2011-12-31": "4108.00000", "2010-12-31": "4988.00000", "2009-12-31": "13327.00000", "2008-12-31": "-1358.00000"}, "Change In Accounts Receivable": {"2019-12-31": "-16.00000", "2018-12-31": "-93.00000", "2017-12-31": "-172.00000", "2016-12-31": "88.00000", "2015-12-31": "-157.00000", "2014-12-31": "55.00000", "2013-12-31": "2406.00000", "2012-12-31": "471.00000", "2011-12-31": "458.00000", "2010-12-31": "5256.00000", "2009-12-31": "-9802.00000", "2008-12-31": "11114.00000"}, "Change In Inventories": {"2019-12-31": "", "2018-12-31": "", "2017-12-31": "", "2016-12-31": "", "2015-12-31": "", "2014-12-31": "", "2013-12-31": "", "2012-12-31": "", "2011-12-31": "", "2010-12-31": "", "2009-12-31": "", "2008-12-31": ""}, "Change In Accounts Payable": {"2019-12-31": "118.00000", "2018-12-31": "148.00000", "2017-12-31": "24.00000", "2016-12-31": "1.00000", "2015-12-31": "-127.00000", "2014-12-31": "-411.00000", "2013-12-31": "-39.00000", "2012-12-31": "-311.00000", "2011-12-31": "-98.00000", "2010-12-31": "177.00000", "2009-12-31": "83.00000", "2008-12-31": "-651.00000"}, "Change In Assets/Liabilities": {"2019-12-31": "-256.00000", "2018-12-31": "-115.00000", "2017-12-31": "-141.00000", "2016-12-31": "-161.00000", "2015-12-31": "283.00000", "2014-12-31": "-779.00000", "2013-12-31": "-1702.00000", "2012-12-31": "586.00000", "2011-12-31": "1182.00000", "2010-12-31": "157.00000", "2009-12-31": "1558.00000", "2008-12-31": "-362.00000"}, "Total Change In Assets/Liabilities": {"2019-12-31": "-154.00000", "2018-12-31": "-60.00000", "2017-12-31": "-289.00000", "2016-12-31": "-72.00000", "2015-12-31": "-1.00000", "2014-12-31": "-1135.00000", "2013-12-31": "665.00000", "2012-12-31": "746.00000", "2011-12-31": "1542.00000", "2010-12-31": "5590.00000", "2009-12-31": "-8161.00000", "2008-12-31": "10101.00000"}, "Cash Flow From Operating Activities": {"2019-12-31": "4050.00000", "2018-12-31": "4150.00000", "2017-12-31": "4079.00000", "2016-12-31": "4567.00000", "2015-12-31": "5111.00000", "2014-12-31": "3403.00000", "2013-12-31": "2501.00000", "2012-12-31": "5049.00000", "2011-12-31": "5493.00000", "2010-12-31": "11607.00000", "2009-12-31": "-5132.00000", "2008-12-31": "14095.00000"}, "Net Change In Property, Plant, And Equipment": {"2019-12-31": "", "2018-12-31": "", "2017-12-31": "", "2016-12-31": "", "2015-12-31": "", "2014-12-31": "", "2013-12-31": "", "2012-12-31": "", "2011-12-31": "", "2010-12-31": "", "2009-12-31": "", "2008-12-31": ""}, "Net Change In Intangible Assets": {"2019-12-31": "", "2018-12-31": "", "2017-12-31": "", "2016-12-31": "", "2015-12-31": "", "2014-12-31": "", "2013-12-31": "911.00000", "2012-12-31": "", "2011-12-31": "", "2010-12-31": "", "2009-12-31": "", "2008-12-31": "797.00000"}, "Net Acquisitions/Divestitures": {"2019-12-31": "-171.00000", "2018-12-31": "", "2017-12-31": "", "2016-12-31": "-309.00000", "2015-12-31": "1049.00000", "2014-12-31": "47.00000", "2013-12-31": "7444.00000", "2012-12-31": "516.00000", "2011-12-31": "50.00000", "2010-12-31": "161.00000", "2009-12-31": "296.00000", "2008-12-31": "319.00000"}, "Net Change In Short-term Investments": {"2019-12-31": "", "2018-12-31": "", "2017-12-31": "", "2016-12-31": "", "2015-12-31": "", "2014-12-31": "", "2013-12-31": "", "2012-12-31": "", "2011-12-31": "", "2010-12-31": "", "2009-12-31": "", "2008-12-31": ""}, "Net Change In Long-Term Investments": {"2019-12-31": "-2672.00000", "2018-12-31": "-4702.00000", "2017-12-31": "-4847.00000", "2016-12-31": "-3085.00000", "2015-12-31": "-1268.00000", "2014-12-31": "1566.00000", "2013-12-31": "-3168.00000", "2012-12-31": "519.00000", "2011-12-31": "-180.00000", "2010-12-31": "-1717.00000", "2009-12-31": "-6468.00000", "2008-12-31": "5368.00000"}, "Net Change In Investments - Total": {"2019-12-31": "-2672.00000", "2018-12-31": "-4702.00000", "2017-12-31": "-4847.00000", "2016-12-31": "-3085.00000", "2015-12-31": "-1268.00000", "2014-12-31": "1566.00000", "2013-12-31": "-3168.00000", "2012-12-31": "519.00000", "2011-12-31": "-180.00000", "2010-12-31": "-1717.00000", "2009-12-31": "-6468.00000", "2008-12-31": "5368.00000"}, "Investing Activities - Other": {"2019-12-31": "-926.00000", "2018-12-31": "-9807.00000", "2017-12-31": "-3880.00000", "2016-12-31": "-5676.00000", "2015-12-31": "-9784.00000", "2014-12-31": "-4825.00000", "2013-12-31": "-8730.00000", "2012-12-31": "-17590.00000", "2011-12-31": "-13998.00000", "2010-12-31": "-6011.00000", "2009-12-31": "23300.00000", "2008-12-31": "4496.00000"}, "Cash Flow From Investing Activities": {"2019-12-31": "-3769.00000", "2018-12-31": "-14509.00000", "2017-12-31": "-8727.00000", "2016-12-31": "-9070.00000", "2015-12-31": "-10003.00000", "2014-12-31": "-3212.00000", "2013-12-31": "-3543.00000", "2012-12-31": "-16555.00000", "2011-12-31": "-14128.00000", "2010-12-31": "-7567.00000", "2009-12-31": "17128.00000", "2008-12-31": "10918.00000"}, "Net Long-Term Debt": {"2019-12-31": "-10309.00000", "2018-12-31": "461.00000", "2017-12-31": "-9939.00000", "2016-12-31": "-12257.00000", "2015-12-31": "-685.00000", "2014-12-31": "-3234.00000", "2013-12-31": "-4562.00000", "2012-12-31": "-508.00000", "2011-12-31": "4281.00000", "2010-12-31": "-10528.00000", "2009-12-31": "-30814.00000", "2008-12-31": "-14903.00000"}, "Net Current Debt": {"2019-12-31": "-4456.00000", "2018-12-31": "-1426.00000", "2017-12-31": "-1263.00000", "2016-12-31": "4564.00000", "2015-12-31": "1028.00000", "2014-12-31": "-1494.00000", "2013-12-31": "1591.00000", "2012-12-31": "2694.00000", "2011-12-31": "514.00000", "2010-12-31": "-3629.00000", "2009-12-31": "-338.00000", "2008-12-31": "-22815.00000"}, "Debt Issuance/Retirement Net - Total": {"2019-12-31": "-14765.00000", "2018-12-31": "-965.00000", "2017-12-31": "-11202.00000", "2016-12-31": "-7693.00000", "2015-12-31": "343.00000", "2014-12-31": "-4728.00000", "2013-12-31": "-2971.00000", "2012-12-31": "2186.00000", "2011-12-31": "4795.00000", "2010-12-31": "-14157.00000", "2009-12-31": "-31152.00000", "2008-12-31": "-37718.00000"}, "Net Common Equity Issued/Repurchased": {"2019-12-31": "-1039.00000", "2018-12-31": "-939.00000", "2017-12-31": "-753.00000", "2016-12-31": "-341.00000", "2015-12-31": "-16.00000", "2014-12-31": "", "2013-12-31": "1270.00000", "2012-12-31": "", "2011-12-31": "", "2010-12-31": "", "2009-12-31": "1247.00000", "2008-12-31": ""}, "Net Total Equity Issued/Repurchased": {"2019-12-31": "-1039.00000", "2018-12-31": "-939.00000", "2017-12-31": "-753.00000", "2016-12-31": "-1037.00000", "2015-12-31": "-575.00000", "2014-12-31": "", "2013-12-31": "-4655.00000", "2012-12-31": "", "2011-12-31": "", "2010-12-31": "", "2009-12-31": "9997.00000", "2008-12-31": "5000.00000"}, "Total Common And Preferred Stock Dividends Paid": {"2019-12-31": "-273.00000", "2018-12-31": "-242.00000", "2017-12-31": "-184.00000", "2016-12-31": "-108.00000", "2015-12-31": "-2571.00000", "2014-12-31": "-268.00000", "2013-12-31": "-810.00000", "2012-12-31": "-802.00000", "2011-12-31": "-819.00000", "2010-12-31": "-1253.00000", "2009-12-31": "-1592.00000", "2008-12-31": "-113.00000"}, "Financial Activities - Other": {"2019-12-31": "14547.00000", "2018-12-31": "12867.00000", "2017-12-31": "14172.00000", "2016-12-31": "12508.00000", "2015-12-31": "8247.00000", "2014-12-31": "4851.00000", "2013-12-31": "5357.00000", "2012-12-31": "6653.00000", "2011-12-31": "6074.00000", "2010-12-31": "7425.00000", "2009-12-31": "11767.00000", "2008-12-31": "4663.00000"}, "Cash Flow From Financial Activities": {"2019-12-31": "-1530.00000", "2018-12-31": "10721.00000", "2017-12-31": "2033.00000", "2016-12-31": "3670.00000", "2015-12-31": "5444.00000", "2014-12-31": "-145.00000", "2013-12-31": "-3079.00000", "2012-12-31": "8037.00000", "2011-12-31": "10050.00000", "2010-12-31": "-7985.00000", "2009-12-31": "-10980.00000", "2008-12-31": "-28168.00000"}, "Net Cash Flow": {"2019-12-31": "-1246.00000", "2018-12-31": "357.00000", "2017-12-31": "-2612.00000", "2016-12-31": "-832.00000", "2015-12-31": "548.00000", "2014-12-31": "45.00000", "2013-12-31": "-1982.00000", "2012-12-31": "-5522.00000", "2011-12-31": "1365.00000", "2010-12-31": "-3118.00000", "2009-12-31": "-363.00000", "2008-12-31": "-2526.00000"}, "Stock-Based Compensation": {"2019-12-31": "", "2018-12-31": "", "2017-12-31": "", "2016-12-31": "", "2015-12-31": "", "2014-12-31": "", "2013-12-31": "", "2012-12-31": "", "2011-12-31": "", "2010-12-31": "", "2009-12-31": "", "2008-12-31": ""}, "Common Stock Dividends Paid": {"2019-12-31": "-273.00000", "2018-12-31": "-242.00000", "2017-12-31": "-184.00000", "2016-12-31": "-108.00000", "2015-12-31": "-2571.00000", "2014-12-31": "-268.00000", "2013-12-31": "", "2012-12-31": "", "2011-12-31": "", "2010-12-31": "", "2009-12-31": "-1592.00000", "2008-12-31": "-113.00000"}}, "cash flow statement, quarterly": {"Net Income/Loss": {"2020-09-30": 476, "2020-06-30": 241, "2020-03-31": "-319.00000", "2019-12-31": 378, "2019-09-30": 381, "2019-06-30": 582, "2019-03-31": "374.00000", "2018-12-31": 290, "2018-09-30": 374, "2018-06-30": 349, "2018-03-31": "250.00000", "2017-12-31": 181, "2017-09-30": 282, "2017-06-30": 252, "2017-03-31": "214.00000", "2016-12-31": 248, "2016-09-30": 209, "2016-06-30": 360, "2016-03-31": "250.00000", "2015-12-31": 263, "2015-09-30": 268, "2015-06-30": 182, "2015-03-31": "576.00000", "2014-12-31": 177, "2014-09-30": 423, "2014-06-30": 323, "2014-03-31": "227.00000", "2013-12-31": 104, "2013-09-30": 91, "2013-06-30": -927, "2013-03-31": "1093.00000", "2012-12-31": 1400, "2012-09-30": 384, "2012-06-30": -431, "2011-12-31": -1232, "2010-12-31": 11373, "2009-12-31": -12166, "2008-12-31": 1868}, "Total Depreciation And Amortization - Cash Flow": {"2020-09-30": 357, "2020-06-30": 466, "2020-03-31": "386.00000", "2019-12-31": 419, "2019-09-30": 384, "2019-06-30": 383, "2019-03-31": "369.00000", "2018-12-31": 369, "2018-09-30": 415, "2018-06-30": 431, "2018-03-31": "434.00000", "2017-12-31": 425, "2017-09-30": 431, "2017-06-30": 469, "2017-03-31": "534.00000", "2016-12-31": 575, "2016-09-30": 566, "2016-06-30": 588, "2016-03-31": "653.00000", "2015-12-31": 671, "2015-09-30": 664, "2015-06-30": 707, "2015-03-31": "759.00000", "2014-12-31": 803, "2014-09-30": 718, "2014-06-30": 677, "2014-03-31": "738.00000", "2013-12-31": 757, "2013-09-30": 760, "2013-06-30": 701, "2013-03-31": "747.00000", "2012-12-31": 646, "2012-09-30": 860, "2012-06-30": -2767, "2011-12-31": 219, "2010-12-31": -2607, "2009-12-31": -73, "2008-12-31": 6780}, "Other Non-Cash Items": {"2020-09-30": 255, "2020-06-30": 186, "2020-03-31": "895.00000", "2019-12-31": 298, "2019-09-30": 323, "2019-06-30": 39, "2019-03-31": "274.00000", "2018-12-31": 411, "2018-09-30": 291, "2018-06-30": 240, "2018-03-31": "356.00000", "2017-12-31": 510, "2017-09-30": 377, "2017-06-30": 358, "2017-03-31": "335.00000", "2016-12-31": 359, "2016-09-30": 335, "2016-06-30": 179, "2016-03-31": "317.00000", "2015-12-31": 353, "2015-09-30": 353, "2015-06-30": 344, "2015-03-31": "-28.00000", "2014-12-31": 202, "2014-09-30": 114, "2014-06-30": -39, "2014-03-31": "175.00000", "2013-12-31": -1621, "2013-09-30": 174, "2013-06-30": 856, "2013-03-31": "-899.00000", "2012-12-31": -1106, "2012-09-30": 20, "2012-06-30": 1086, "2011-12-31": 0, "2010-12-31": 0, "2009-12-31": 0, "2008-12-31": 0}, "Total Non-Cash Items": {"2020-09-30": 612, "2020-06-30": 652, "2020-03-31": "1281.00000", "2019-12-31": 717, "2019-09-30": 707, "2019-06-30": 422, "2019-03-31": "643.00000", "2018-12-31": 780, "2018-09-30": 706, "2018-06-30": 671, "2018-03-31": "790.00000", "2017-12-31": 935, "2017-09-30": 808, "2017-06-30": 827, "2017-03-31": "869.00000", "2016-12-31": 934, "2016-09-30": 901, "2016-06-30": 767, "2016-03-31": "970.00000", "2015-12-31": 1024, "2015-09-30": 1017, "2015-06-30": 1051, "2015-03-31": "731.00000", "2014-12-31": 1005, "2014-09-30": 832, "2014-06-30": 638, "2014-03-31": "913.00000", "2013-12-31": -864, "2013-09-30": 934, "2013-06-30": 1557, "2013-03-31": "-152.00000", "2012-12-31": -460, "2012-09-30": 880, "2012-06-30": -1681, "2011-12-31": 219, "2010-12-31": -2607, "2009-12-31": -73, "2008-12-31": 6780}, "Change In Accounts Receivable": {"2020-09-30": -5, "2020-06-30": -110, "2020-03-31": "-54.00000", "2019-12-31": 170, "2019-09-30": 19, "2019-06-30": -172, "2019-03-31": "-33.00000", "2018-12-31": -15, "2018-09-30": 142, "2018-06-30": -201, "2018-03-31": "-19.00000", "2017-12-31": -91, "2017-09-30": -16, "2017-06-30": -50, "2017-03-31": "-15.00000", "2016-12-31": 49, "2016-09-30": -57, "2016-06-30": 37, "2016-03-31": "59.00000", "2015-12-31": -98, "2015-09-30": 1020, "2015-06-30": 83, "2015-03-31": "-1162.00000", "2014-12-31": 2, "2014-09-30": 0, "2014-06-30": 40, "2014-03-31": "13.00000", "2013-12-31": 45, "2013-09-30": 42, "2013-06-30": 635, "2013-03-31": "1684.00000", "2012-12-31": -1229, "2012-09-30": -217, "2012-06-30": 1446, "2011-12-31": 0, "2010-12-31": 0, "2009-12-31": 0, "2008-12-31": 0}, "Change In Inventories": {"2020-09-30": 0, "2020-06-30": 0, "2020-03-31": "", "2019-12-31": 0, "2019-09-30": 0, "2019-06-30": 0, "2019-03-31": "", "2018-12-31": 0, "2018-09-30": 0, "2018-06-30": 0, "2018-03-31": "", "2017-12-31": 0, "2017-09-30": 0, "2017-06-30": 0, "2017-03-31": "", "2016-12-31": 0, "2016-09-30": 0, "2016-06-30": 0, "2016-03-31": "", "2015-12-31": 0, "2015-09-30": 0, "2015-06-30": 0, "2015-03-31": "", "2014-12-31": 0, "2014-09-30": 0, "2014-06-30": 0, "2014-03-31": "", "2013-12-31": 0, "2013-09-30": 0, "2013-06-30": 0, "2013-03-31": "", "2012-12-31": 0, "2012-09-30": 0, "2012-06-30": 0, "2011-12-31": 0, "2010-12-31": 0, "2009-12-31": 0, "2008-12-31": 0}, "Change In Accounts Payable": {"2020-09-30": 51, "2020-06-30": -13, "2020-03-31": "69.00000", "2019-12-31": -253, "2019-09-30": 150, "2019-06-30": 48, "2019-03-31": "173.00000", "2018-12-31": -190, "2018-09-30": 145, "2018-06-30": 73, "2018-03-31": "120.00000", "2017-12-31": -178, "2017-09-30": 154, "2017-06-30": 17, "2017-03-31": "31.00000", "2016-12-31": -111, "2016-09-30": 36, "2016-06-30": 52, "2016-03-31": "24.00000", "2015-12-31": -87, "2015-09-30": 19, "2015-06-30": -22, "2015-03-31": "-37.00000", "2014-12-31": -65, "2014-09-30": 13, "2014-06-30": -364, "2014-03-31": "5.00000", "2013-12-31": -90, "2013-09-30": -10, "2013-06-30": 17, "2013-03-31": "44.00000", "2012-12-31": -168, "2012-09-30": 38, "2012-06-30": 130, "2011-12-31": 0, "2010-12-31": 0, "2009-12-31": 0, "2008-12-31": 0}, "Change In Assets/Liabilities": {"2020-09-30": 308, "2020-06-30": -422, "2020-03-31": "-163.00000", "2019-12-31": -95, "2019-09-30": 32, "2019-06-30": -117, "2019-03-31": "-76.00000", "2018-12-31": -59, "2018-09-30": -32, "2018-06-30": 20, "2018-03-31": "-44.00000", "2017-12-31": -141, "2017-09-30": 75, "2017-06-30": -151, "2017-03-31": "76.00000", "2016-12-31": -142, "2016-09-30": 64, "2016-06-30": 18, "2016-03-31": "-101.00000", "2015-12-31": 39, "2015-09-30": -97, "2015-06-30": 202, "2015-03-31": "139.00000", "2014-12-31": -174, "2014-09-30": -323, "2014-06-30": -56, "2014-03-31": "-226.00000", "2013-12-31": -1059, "2013-09-30": -105, "2013-06-30": -123, "2013-03-31": "-415.00000", "2012-12-31": -134, "2012-09-30": -1180, "2012-06-30": 1314, "2011-12-31": 0, "2010-12-31": 0, "2009-12-31": 0, "2008-12-31": 0}, "Total Change In Assets/Liabilities": {"2020-09-30": 354, "2020-06-30": -545, "2020-03-31": "-148.00000", "2019-12-31": -178, "2019-09-30": 201, "2019-06-30": -241, "2019-03-31": "64.00000", "2018-12-31": -264, "2018-09-30": 255, "2018-06-30": -108, "2018-03-31": "57.00000", "2017-12-31": -410, "2017-09-30": 213, "2017-06-30": -184, "2017-03-31": "92.00000", "2016-12-31": -204, "2016-09-30": 43, "2016-06-30": 107, "2016-03-31": "-18.00000", "2015-12-31": -146, "2015-09-30": 942, "2015-06-30": 263, "2015-03-31": "-1060.00000", "2014-12-31": -237, "2014-09-30": -310, "2014-06-30": -380, "2014-03-31": "-208.00000", "2013-12-31": -1104, "2013-09-30": -73, "2013-06-30": 529, "2013-03-31": "1313.00000", "2012-12-31": -832, "2012-09-30": -1359, "2012-06-30": 1388, "2011-12-31": -4088, "2010-12-31": 14153, "2009-12-31": -18268, "2008-12-31": 9705}, "Cash Flow From Operating Activities": {"2020-09-30": 1442, "2020-06-30": 348, "2020-03-31": "814.00000", "2019-12-31": 917, "2019-09-30": 1289, "2019-06-30": 763, "2019-03-31": "1081.00000", "2018-12-31": 806, "2018-09-30": 1335, "2018-06-30": 912, "2018-03-31": "1097.00000", "2017-12-31": 706, "2017-09-30": 1303, "2017-06-30": 895, "2017-03-31": "1175.00000", "2016-12-31": 978, "2016-09-30": 1153, "2016-06-30": 1234, "2016-03-31": "1202.00000", "2015-12-31": 1141, "2015-09-30": 2227, "2015-06-30": 1496, "2015-03-31": "247.00000", "2014-12-31": 945, "2014-09-30": 945, "2014-06-30": 581, "2014-03-31": "932.00000", "2013-12-31": -1864, "2013-09-30": 952, "2013-06-30": 1159, "2013-03-31": "2254.00000", "2012-12-31": 204, "2012-09-30": -95, "2012-06-30": -553, "2011-12-31": -6114, "2010-12-31": 16739, "2009-12-31": -19227, "2008-12-31": 14095}, "Net Change In Property, Plant, And Equipment": {"2020-09-30": 0, "2020-06-30": 0, "2020-03-31": "", "2019-12-31": 0, "2019-09-30": 0, "2019-06-30": 0, "2019-03-31": "", "2018-12-31": 0, "2018-09-30": 0, "2018-06-30": 0, "2018-03-31": "", "2017-12-31": 0, "2017-09-30": 0, "2017-06-30": 0, "2017-03-31": "", "2016-12-31": 0, "2016-09-30": 0, "2016-06-30": 0, "2016-03-31": "", "2015-12-31": 0, "2015-09-30": 0, "2015-06-30": 0, "2015-03-31": "", "2014-12-31": 0, "2014-09-30": 0, "2014-06-30": 0, "2014-03-31": "", "2013-12-31": 0, "2013-09-30": 0, "2013-06-30": 0, "2013-03-31": "", "2012-12-31": 0, "2012-09-30": 0, "2012-06-30": 0, "2011-12-31": 0, "2010-12-31": 0, "2009-12-31": 0, "2008-12-31": 0}, "Net Change In Intangible Assets": {"2020-09-30": 0, "2020-06-30": 0, "2020-03-31": "", "2019-12-31": 0, "2019-09-30": 0, "2019-06-30": 0, "2019-03-31": "", "2018-12-31": 0, "2018-09-30": 0, "2018-06-30": 0, "2018-03-31": "", "2017-12-31": 0, "2017-09-30": 0, "2017-06-30": 0, "2017-03-31": "", "2016-12-31": 0, "2016-09-30": 0, "2016-06-30": 0, "2016-03-31": "", "2015-12-31": 0, "2015-09-30": 0, "2015-06-30": 0, "2015-03-31": "", "2014-12-31": 0, "2014-09-30": 0, "2014-06-30": 0, "2014-03-31": "", "2013-12-31": 0, "2013-09-30": 0, "2013-06-30": 911, "2013-03-31": "", "2012-12-31": 0, "2012-09-30": 0, "2012-06-30": 0, "2011-12-31": 0, "2010-12-31": 0, "2009-12-31": 0, "2008-12-31": 0}, "Net Acquisitions/Divestitures": {"2020-09-30": 0, "2020-06-30": 0, "2020-03-31": "", "2019-12-31": -171, "2019-09-30": 0, "2019-06-30": 0, "2019-03-31": "", "2018-12-31": 0, "2018-09-30": 0, "2018-06-30": 0, "2018-03-31": "", "2017-12-31": 0, "2017-09-30": 0, "2017-06-30": 0, "2017-03-31": "", "2016-12-31": 0, "2016-09-30": -21, "2016-06-30": -288, "2016-03-31": "", "2015-12-31": 0, "2015-09-30": 0, "2015-06-30": 0, "2015-03-31": "1049.00000", "2014-12-31": 0, "2014-09-30": 0, "2014-06-30": 47, "2014-03-31": "", "2013-12-31": 507, "2013-09-30": 4, "2013-06-30": 4104, "2013-03-31": "2829.00000", "2012-12-31": 0, "2012-09-30": 0, "2012-06-30": 466, "2011-12-31": -111, "2010-12-31": -135, "2009-12-31": -23, "2008-12-31": 319}, "Net Change In Short-term Investments": {"2020-09-30": 0, "2020-06-30": 92, "2020-03-31": "-92.00000", "2019-12-31": 0, "2019-09-30": 0, "2019-06-30": -171, "2019-03-31": "171.00000", "2018-12-31": 0, "2018-09-30": 0, "2018-06-30": 0, "2018-03-31": "", "2017-12-31": 20, "2017-09-30": -127, "2017-06-30": 107, "2017-03-31": "", "2016-12-31": 401, "2016-09-30": -401, "2016-06-30": 0, "2016-03-31": "", "2015-12-31": 42, "2015-09-30": -130, "2015-06-30": 80, "2015-03-31": "8.00000", "2014-12-31": 0, "2014-09-30": 0, "2014-06-30": 0, "2014-03-31": "", "2013-12-31": 0, "2013-09-30": 0, "2013-06-30": 0, "2013-03-31": "", "2012-12-31": 0, "2012-09-30": 0, "2012-06-30": 0, "2011-12-31": 0, "2010-12-31": 0, "2009-12-31": 0, "2008-12-31": 0}, "Net Change In Long-Term Investments": {"2020-09-30": 267, "2020-06-30": 2210, "2020-03-31": "437.00000", "2019-12-31": -577, "2019-09-30": 297, "2019-06-30": -589, "2019-03-31": "-1803.00000", "2018-12-31": -1910, "2018-09-30": -454, "2018-06-30": -808, "2018-03-31": "-1530.00000", "2017-12-31": -76, "2017-09-30": -2014, "2017-06-30": -1561, "2017-03-31": "-1196.00000", "2016-12-31": -2365, "2016-09-30": 742, "2016-06-30": -743, "2016-03-31": "-719.00000", "2015-12-31": 1194, "2015-09-30": 646, "2015-06-30": -1522, "2015-03-31": "-1586.00000", "2014-12-31": 832, "2014-09-30": -135, "2014-06-30": -170, "2014-03-31": "1039.00000", "2013-12-31": 965, "2013-09-30": -1653, "2013-06-30": -1001, "2013-03-31": "-1479.00000", "2012-12-31": -2122, "2012-09-30": 452, "2012-06-30": 1670, "2011-12-31": 0, "2010-12-31": 0, "2009-12-31": 0, "2008-12-31": 0}, "Net Change In Investments - Total": {"2020-09-30": 267, "2020-06-30": 2302, "2020-03-31": "345.00000", "2019-12-31": -577, "2019-09-30": 297, "2019-06-30": -760, "2019-03-31": "-1632.00000", "2018-12-31": -1910, "2018-09-30": -454, "2018-06-30": -808, "2018-03-31": "-1530.00000", "2017-12-31": -56, "2017-09-30": -2141, "2017-06-30": -1454, "2017-03-31": "-1196.00000", "2016-12-31": -1964, "2016-09-30": 341, "2016-06-30": -743, "2016-03-31": "-719.00000", "2015-12-31": 1236, "2015-09-30": 516, "2015-06-30": -1442, "2015-03-31": "-1578.00000", "2014-12-31": 832, "2014-09-30": -135, "2014-06-30": -170, "2014-03-31": "1039.00000", "2013-12-31": 965, "2013-09-30": -1653, "2013-06-30": -1001, "2013-03-31": "-1479.00000", "2012-12-31": -1603, "2012-09-30": 452, "2012-06-30": 1850, "2011-12-31": 1537, "2010-12-31": 4751, "2009-12-31": -11836, "2008-12-31": 5368}, "Investing Activities - Other": {"2020-09-30": -567, "2020-06-30": 9328, "2020-03-31": "-670.00000", "2019-12-31": 127, "2019-09-30": -938, "2019-06-30": 294, "2019-03-31": "-409.00000", "2018-12-31": -3753, "2018-09-30": -2275, "2018-06-30": -907, "2018-03-31": "-2872.00000", "2017-12-31": -4509, "2017-09-30": 1766, "2017-06-30": -1318, "2017-03-31": "181.00000", "2016-12-31": -4325, "2016-09-30": -1842, "2016-06-30": -879, "2016-03-31": "1370.00000", "2015-12-31": -4220, "2015-09-30": -2343, "2015-06-30": -4555, "2015-03-31": "1334.00000", "2014-12-31": -4049, "2014-09-30": 50, "2014-06-30": -1934, "2014-03-31": "1108.00000", "2013-12-31": -8545, "2013-09-30": -487, "2013-06-30": 947, "2013-03-31": "-645.00000", "2012-12-31": -7221, "2012-09-30": -2040, "2012-06-30": 5669, "2011-12-31": -8025, "2010-12-31": -29273, "2009-12-31": 18007, "2008-12-31": 5293}, "Cash Flow From Investing Activities": {"2020-09-30": -300, "2020-06-30": 11630, "2020-03-31": "-325.00000", "2019-12-31": -621, "2019-09-30": -641, "2019-06-30": -466, "2019-03-31": "-2041.00000", "2018-12-31": -5663, "2018-09-30": -2729, "2018-06-30": -1715, "2018-03-31": "-4402.00000", "2017-12-31": -4565, "2017-09-30": -375, "2017-06-30": -2772, "2017-03-31": "-1015.00000", "2016-12-31": -6289, "2016-09-30": -1522, "2016-06-30": -1910, "2016-03-31": "651.00000", "2015-12-31": -2984, "2015-09-30": -1827, "2015-06-30": -5997, "2015-03-31": "805.00000", "2014-12-31": -3217, "2014-09-30": -85, "2014-06-30": -2057, "2014-03-31": "2147.00000", "2013-12-31": -7073, "2013-09-30": -2136, "2013-06-30": 4961, "2013-03-31": "705.00000", "2012-12-31": -8824, "2012-09-30": -1588, "2012-06-30": 7985, "2011-12-31": -6561, "2010-12-31": -24695, "2009-12-31": 6210, "2008-12-31": 10918}, "Net Long-Term Debt": {"2020-09-30": -3651, "2020-06-30": -1911, "2020-03-31": "-3151.00000", "2019-12-31": -1633, "2019-09-30": -1894, "2019-06-30": -4058, "2019-03-31": "-2724.00000", "2018-12-31": -1301, "2018-09-30": -1378, "2018-06-30": 2246, "2018-03-31": "894.00000", "2017-12-31": -865, "2017-09-30": -4038, "2017-06-30": -1951, "2017-03-31": "-3085.00000", "2016-12-31": -2728, "2016-09-30": -4244, "2016-06-30": -1039, "2016-03-31": "-4246.00000", "2015-12-31": -1097, "2015-09-30": 1578, "2015-06-30": -213, "2015-03-31": "-953.00000", "2014-12-31": -937, "2014-09-30": -514, "2014-06-30": -502, "2014-03-31": "-1281.00000", "2013-12-31": 8816, "2013-09-30": -3650, "2013-06-30": -2536, "2013-03-31": "-7192.00000", "2012-12-31": -4612, "2012-09-30": 1405, "2012-06-30": 3207, "2011-12-31": 0, "2010-12-31": 0, "2009-12-31": 0, "2008-12-31": 0}, "Net Current Debt": {"2020-09-30": -657, "2020-06-30": -5805, "2020-03-31": "3963.00000", "2019-12-31": 196, "2019-09-30": -1184, "2019-06-30": 404, "2019-03-31": "-3872.00000", "2018-12-31": 2648, "2018-09-30": 231, "2018-06-30": -2457, "2018-03-31": "-1848.00000", "2017-12-31": 1237, "2017-09-30": -538, "2017-06-30": 2341, "2017-03-31": "-4303.00000", "2016-12-31": 6237, "2016-09-30": 439, "2016-06-30": 627, "2016-03-31": "-2739.00000", "2015-12-31": 2720, "2015-09-30": -4637, "2015-06-30": 3563, "2015-03-31": "-618.00000", "2014-12-31": 1804, "2014-09-30": -1117, "2014-06-30": 1203, "2014-03-31": "-3384.00000", "2013-12-31": 2527, "2013-09-30": 1896, "2013-06-30": -3350, "2013-03-31": "518.00000", "2012-12-31": 4367, "2012-09-30": -188, "2012-06-30": -1999, "2011-12-31": 4143, "2010-12-31": -3291, "2009-12-31": 22477, "2008-12-31": -22815}, "Debt Issuance/Retirement Net - Total": {"2020-09-30": -4308, "2020-06-30": -7716, "2020-03-31": "812.00000", "2019-12-31": -1437, "2019-09-30": -3078, "2019-06-30": -3654, "2019-03-31": "-6596.00000", "2018-12-31": 1347, "2018-09-30": -1147, "2018-06-30": -211, "2018-03-31": "-954.00000", "2017-12-31": 372, "2017-09-30": -4576, "2017-06-30": 390, "2017-03-31": "-7388.00000", "2016-12-31": 3509, "2016-09-30": -3805, "2016-06-30": -412, "2016-03-31": "-6985.00000", "2015-12-31": 1623, "2015-09-30": -3059, "2015-06-30": 3350, "2015-03-31": "-1571.00000", "2014-12-31": 867, "2014-09-30": -1631, "2014-06-30": 701, "2014-03-31": "-4665.00000", "2013-12-31": 11343, "2013-09-30": -1754, "2013-06-30": -5886, "2013-03-31": "-6674.00000", "2012-12-31": -3447, "2012-09-30": 1217, "2012-06-30": -2559, "2011-12-31": 14809, "2010-12-31": 20286, "2009-12-31": -15911, "2008-12-31": -14903}, "Net Common Equity Issued/Repurchased": {"2020-09-30": -1, "2020-06-30": 0, "2020-03-31": "-104.00000", "2019-12-31": -299, "2019-09-30": -300, "2019-06-30": -229, "2019-03-31": "-211.00000", "2018-12-31": -309, "2018-09-30": -250, "2018-06-30": -195, "2018-03-31": "-185.00000", "2017-12-31": -190, "2017-09-30": -190, "2017-06-30": -204, "2017-03-31": "-169.00000", "2016-12-31": -168, "2016-09-30": -159, "2016-06-30": 0, "2016-03-31": "-14.00000", "2015-12-31": 0, "2015-09-30": -16, "2015-06-30": 0, "2015-03-31": "", "2014-12-31": 0, "2014-09-30": 0, "2014-06-30": 0, "2014-03-31": "", "2013-12-31": 1270, "2013-09-30": 0, "2013-06-30": 0, "2013-03-31": "", "2012-12-31": 0, "2012-09-30": 0, "2012-06-30": 0, "2011-12-31": 0, "2010-12-31": 0, "2009-12-31": 0, "2008-12-31": 0}, "Net Total Equity Issued/Repurchased": {"2020-09-30": -1, "2020-06-30": 0, "2020-03-31": "-104.00000", "2019-12-31": -299, "2019-09-30": -300, "2019-06-30": -229, "2019-03-31": "-211.00000", "2018-12-31": -309, "2018-09-30": -250, "2018-06-30": -195, "2018-03-31": "-185.00000", "2017-12-31": -190, "2017-09-30": -190, "2017-06-30": -204, "2017-03-31": "-169.00000", "2016-12-31": -168, "2016-09-30": -159, "2016-06-30": -696, "2016-03-31": "-14.00000", "2015-12-31": -117, "2015-09-30": -16, "2015-06-30": -442, "2015-03-31": "", "2014-12-31": 0, "2014-09-30": 0, "2014-06-30": 0, "2014-03-31": "", "2013-12-31": -4655, "2013-09-30": 0, "2013-06-30": 0, "2013-03-31": "", "2012-12-31": 0, "2012-09-30": 0, "2012-06-30": 0, "2011-12-31": 0, "2010-12-31": -9997, "2009-12-31": 4997, "2008-12-31": 5000}, "Total Common And Preferred Stock Dividends Paid": {"2020-09-30": -73, "2020-06-30": -72, "2020-03-31": "-72.00000", "2019-12-31": -67, "2019-09-30": -67, "2019-06-30": -69, "2019-03-31": "-70.00000", "2018-12-31": -63, "2018-09-30": -64, "2018-06-30": -57, "2018-03-31": "-58.00000", "2017-12-31": -54, "2017-09-30": -55, "2017-06-30": -37, "2017-03-31": "-38.00000", "2016-12-31": -38, "2016-09-30": -40, "2016-06-30": -15, "2016-03-31": "-15.00000", "2015-12-31": -1215, "2015-09-30": -38, "2015-06-30": -1251, "2015-03-31": "-67.00000", "2014-12-31": -68, "2014-09-30": -66, "2014-06-30": -66, "2014-03-31": "-68.00000", "2013-12-31": -209, "2013-09-30": -200, "2013-06-30": -201, "2013-03-31": "-200.00000", "2012-12-31": -201, "2012-09-30": -200, "2012-06-30": 418, "2011-12-31": 434, "2010-12-31": 339, "2009-12-31": -1479, "2008-12-31": -113}, "Financial Activities - Other": {"2020-09-30": 3896, "2020-06-30": 8707, "2020-03-31": "1565.00000", "2019-12-31": 1515, "2019-09-30": 2899, "2019-06-30": 3019, "2019-03-31": "7114.00000", "2018-12-31": 4804, "2018-09-30": 2622, "2018-06-30": 1268, "2018-03-31": "4173.00000", "2017-12-31": 3122, "2017-09-30": 3917, "2017-06-30": 1682, "2017-03-31": "5451.00000", "2016-12-31": 3268, "2016-09-30": 2932, "2016-06-30": 2528, "2016-03-31": "3780.00000", "2015-12-31": 2450, "2015-09-30": 2084, "2015-06-30": 1066, "2015-03-31": "2647.00000", "2014-12-31": 1350, "2014-09-30": 760, "2014-06-30": 724, "2014-03-31": "2017.00000", "2013-12-31": 1300, "2013-09-30": 1906, "2013-06-30": -209, "2013-03-31": "2360.00000", "2012-12-31": 2006, "2012-09-30": 1674, "2012-06-30": -3101, "2011-12-31": -1351, "2010-12-31": -4342, "2009-12-31": 7104, "2008-12-31": 4663}, "Cash Flow From Financial Activities": {"2020-09-30": -486, "2020-06-30": 919, "2020-03-31": "2201.00000", "2019-12-31": -288, "2019-09-30": -546, "2019-06-30": -933, "2019-03-31": "237.00000", "2018-12-31": 5779, "2018-09-30": 1161, "2018-06-30": 805, "2018-03-31": "2976.00000", "2017-12-31": 3250, "2017-09-30": -904, "2017-06-30": 1831, "2017-03-31": "-2144.00000", "2016-12-31": 6571, "2016-09-30": -1072, "2016-06-30": 1405, "2016-03-31": "-3234.00000", "2015-12-31": 2741, "2015-09-30": -1029, "2015-06-30": 2723, "2015-03-31": "1009.00000", "2014-12-31": 2149, "2014-09-30": -937, "2014-06-30": 1359, "2014-03-31": "-2716.00000", "2013-12-31": 7779, "2013-09-30": -48, "2013-06-30": -6296, "2013-03-31": "-4514.00000", "2012-12-31": 1052, "2012-09-30": 2691, "2012-06-30": -5756, "2011-12-31": 18035, "2010-12-31": 2995, "2009-12-31": 17188, "2008-12-31": -28168}, "Net Cash Flow": {"2020-09-30": 658, "2020-06-30": 12898, "2020-03-31": "2686.00000", "2019-12-31": 9, "2019-09-30": 101, "2019-06-30": -634, "2019-03-31": "-722.00000", "2018-12-31": 919, "2018-09-30": -232, "2018-06-30": 1, "2018-03-31": "-331.00000", "2017-12-31": -609, "2017-09-30": 25, "2017-06-30": -44, "2017-03-31": "-1984.00000", "2016-12-31": 1259, "2016-09-30": -1442, "2016-06-30": 730, "2016-03-31": "-1379.00000", "2015-12-31": 897, "2015-09-30": -631, "2015-06-30": -1778, "2015-03-31": "2060.00000", "2014-12-31": -123, "2014-09-30": -78, "2014-06-30": -116, "2014-03-31": "362.00000", "2013-12-31": -1018, "2013-09-30": -1225, "2013-06-30": 337, "2013-03-31": "-76.00000", "2012-12-31": -9644, "2012-09-30": 1031, "2012-06-30": 1726, "2011-12-31": 4483, "2010-12-31": -2755, "2009-12-31": 2163, "2008-12-31": -2526}, "Stock-Based Compensation": {"2020-09-30": 0, "2020-06-30": 0, "2020-03-31": "", "2019-12-31": 0, "2019-09-30": 0, "2019-06-30": 0, "2019-03-31": "", "2018-12-31": 0, "2018-09-30": 0, "2018-06-30": 0, "2018-03-31": "", "2017-12-31": 0, "2017-09-30": 0, "2017-06-30": 0, "2017-03-31": "", "2016-12-31": 0, "2016-09-30": 0, "2016-06-30": 0, "2016-03-31": "", "2015-12-31": 0, "2015-09-30": 0, "2015-06-30": 0, "2015-03-31": "", "2014-12-31": 0, "2014-09-30": 0, "2014-06-30": 0, "2014-03-31": "", "2013-12-31": 0, "2013-09-30": 0, "2013-06-30": 0, "2013-03-31": "", "2012-12-31": 0, "2012-09-30": 0, "2012-06-30": 0, "2011-12-31": 0, "2010-12-31": 0, "2009-12-31": 0, "2008-12-31": 0}, "Common Stock Dividends Paid": {"2020-09-30": -73, "2020-06-30": -72, "2020-03-31": "-72.00000", "2019-12-31": -67, "2019-09-30": -67, "2019-06-30": -69, "2019-03-31": "-70.00000", "2018-12-31": -63, "2018-09-30": -64, "2018-06-30": -57, "2018-03-31": "-58.00000", "2017-12-31": -54, "2017-09-30": -55, "2017-06-30": -37, "2017-03-31": "-38.00000", "2016-12-31": -38, "2016-09-30": -40, "2016-06-30": -15, "2016-03-31": "-15.00000", "2015-12-31": -2571, "2015-09-30": 0, "2015-06-30": 0, "2015-03-31": "", "2014-12-31": -268, "2014-09-30": 0, "2014-06-30": 0, "2014-03-31": "", "2013-12-31": 0, "2013-09-30": 0, "2013-06-30": 0, "2013-03-31": "", "2012-12-31": 0, "2012-09-30": 0, "2012-06-30": 0, "2011-12-31": 0, "2010-12-31": 0, "2009-12-31": 0, "2008-12-31": 0}}, "financial ratios": {"Current Ratio": {"2019-12-31": "", "2018-12-31": "", "2017-12-31": "", "2016-12-31": "", "2015-12-31": "", "2014-12-31": "", "2013-12-31": "", "2012-12-31": "", "2011-12-31": "", "2010-12-31": "", "2009-12-31": "", "2008-12-31": ""}, "Long-term Debt / Capital": {"2019-12-31": "0.70240", "2018-12-31": "0.76910", "2017-12-31": "0.76620", "2016-12-31": "0.80260", "2015-12-31": "0.83130", "2014-12-31": "0.81170", "2013-12-31": "0.83020", "2012-12-31": "0.78930", "2011-12-31": "0.82810", "2010-12-31": "0.80870", "2009-12-31": "0.80860", "2008-12-31": ""}, "Debt/Equity Ratio": {"2019-12-31": "2.74400", "2018-12-31": "4.08350", "2017-12-31": "4.12320", "2016-12-31": "5.01620", "2015-12-31": "5.53130", "2014-12-31": "4.76930", "2013-12-31": "5.49060", "2012-12-31": "4.12210", "2011-12-31": "5.21600", "2010-12-31": "4.59370", "2009-12-31": "4.71770", "2008-12-31": ""}, "Gross Margin": {"2019-12-31": "", "2018-12-31": "", "2017-12-31": "", "2016-12-31": "", "2015-12-31": "", "2014-12-31": "", "2013-12-31": "", "2012-12-31": "", "2011-12-31": "", "2010-12-31": "", "2009-12-31": "", "2008-12-31": ""}, "Operating Margin": {"2019-12-31": "", "2018-12-31": "", "2017-12-31": "", "2016-12-31": "", "2015-12-31": "", "2014-12-31": "", "2013-12-31": "", "2012-12-31": "", "2011-12-31": "", "2010-12-31": "", "2009-12-31": "", "2008-12-31": ""}, "EBIT Margin": {"2019-12-31": "", "2018-12-31": "", "2017-12-31": "", "2016-12-31": "", "2015-12-31": "", "2014-12-31": "", "2013-12-31": "", "2012-12-31": "", "2011-12-31": "", "2010-12-31": "", "2009-12-31": "", "2008-12-31": ""}, "EBITDA Margin": {"2019-12-31": "", "2018-12-31": "", "2017-12-31": "", "2016-12-31": "", "2015-12-31": "", "2014-12-31": "", "2013-12-31": "", "2012-12-31": "", "2011-12-31": "", "2010-12-31": "", "2009-12-31": "", "2008-12-31": ""}, "Pre-Tax Profit Margin": {"2019-12-31": "30.84520", "2018-12-31": "27.44040", "2017-12-31": "25.71230", "2016-12-31": "25.13910", "2015-12-31": "21.75540", "2014-12-31": "19.38700", "2013-12-31": "6.20110", "2012-12-31": "9.28640", "2011-12-31": "-4.22230", "2010-12-31": "5.92500", "2009-12-31": "-167.77560", "2008-12-31": "23.14010"}, "Net Profit Margin": {"2019-12-31": "26.89350", "2018-12-31": "21.36690", "2017-12-31": "15.85050", "2016-12-31": "16.48910", "2015-12-31": "-20.02190", "2014-12-31": "13.72340", "2013-12-31": "-11.96800", "2012-12-31": "7.11830", "2011-12-31": "-21.92270", "2010-12-31": "-12.57560", "2009-12-31": "-279.82030", "2008-12-31": "9.12510"}, "Asset Turnover": {"2019-12-31": "0.03530", "2018-12-31": "0.03300", "2017-12-31": "0.03510", "2016-12-31": "0.03840", "2015-12-31": "0.04040", "2014-12-31": "0.04240", "2013-12-31": "0.03810", "2012-12-31": "0.03040", "2011-12-31": "0.02280", "2010-12-31": "0.03850", "2009-12-31": "0.02390", "2008-12-31": ""}, "Inventory Turnover Ratio": {"2019-12-31": "", "2018-12-31": "", "2017-12-31": "", "2016-12-31": "", "2015-12-31": "", "2014-12-31": "", "2013-12-31": "", "2012-12-31": "", "2011-12-31": "", "2010-12-31": "", "2009-12-31": "", "2008-12-31": ""}, "Receiveable Turnover": {"2019-12-31": "", "2018-12-31": "", "2017-12-31": "", "2016-12-31": "", "2015-12-31": "", "2014-12-31": "", "2013-12-31": "", "2012-12-31": "", "2011-12-31": "", "2010-12-31": "", "2009-12-31": "", "2008-12-31": ""}, "Days Sales In Receivables": {"2019-12-31": "", "2018-12-31": "", "2017-12-31": "", "2016-12-31": "", "2015-12-31": "", "2014-12-31": "", "2013-12-31": "", "2012-12-31": "", "2011-12-31": "", "2010-12-31": "", "2009-12-31": "", "2008-12-31": ""}, "ROE - Return On Equity": {"2019-12-31": "11.93810", "2018-12-31": "9.51910", "2017-12-31": "6.86230", "2016-12-31": "8.34270", "2015-12-31": "7.03920", "2014-12-31": "6.53990", "2013-12-31": "3.21160", "2012-12-31": "10.57260", "2011-12-31": "-1.77470", "2010-12-31": "2.13070", "2009-12-31": "-80.64440", "2008-12-31": ""}, "Return On Tangible Equity": {"2019-12-31": "11.93810", "2018-12-31": "9.51910", "2017-12-31": "6.86230", "2016-12-31": "8.34270", "2015-12-31": "6.67460", "2014-12-31": "6.00690", "2013-12-31": "2.92790", "2012-12-31": "7.23110", "2011-12-31": "-1.30660", "2010-12-31": "1.71930", "2009-12-31": "-40.39920", "2008-12-31": ""}, "ROA - Return On Assets": {"2019-12-31": "0.95270", "2018-12-31": "0.70610", "2017-12-31": "0.55400", "2016-12-31": "0.67860", "2015-12-31": "0.56560", "2014-12-31": "0.61000", "2013-12-31": "0.27520", "2012-12-31": "0.75130", "2011-12-31": "-0.11900", "2010-12-31": "0.16740", "2009-12-31": "-4.05270", "2008-12-31": ""}, "ROI - Return On Investment": {"2019-12-31": "3.55260", "2018-12-31": "2.19800", "2017-12-31": "1.60430", "2016-12-31": "1.64730", "2015-12-31": "1.12590", "2014-12-31": "1.13110", "2013-12-31": "0.49720", "2012-12-31": "1.45040", "2011-12-31": "-0.19520", "2010-12-31": "0.26890", "2009-12-31": "-6.41470", "2008-12-31": ""}, "Book Value Per Share": {"2019-12-31": "38.51130", "2018-12-31": "32.76860", "2017-12-31": "30.87490", "2016-12-31": "28.51610", "2015-12-31": "27.88290", "2014-12-31": "32.07500", "2013-12-31": "29.61440", "2012-12-31": "14950.00000", "2011-12-31": "14485.35000", "2010-12-31": "15405.26000", "2009-12-31": "26081.35000", "2008-12-31": ""}, "Operating Cash Flow Per Share": {"2019-12-31": 0.5394, "2018-12-31": 0.7456, "2017-12-31": -0.5136, "2016-12-31": -1.1131, "2015-12-31": 3.5235, "2014-12-31": 1.1087, "2013-12-31": -6.2846, "2012-12-31": -4114.828, "2011-12-31": -10370.865, "2010-12-31": 24192.07, "2009-12-31": -9694.14, "2008-12-31": 0}, "Free Cash Flow Per Share": {"2019-12-31": 0.5394, "2018-12-31": 0.7456, "2017-12-31": -0.5136, "2016-12-31": -1.1131, "2015-12-31": 3.5235, "2014-12-31": 1.1087, "2013-12-31": -6.2846, "2012-12-31": -4114.828, "2011-12-31": -10370.865, "2010-12-31": 24192.07, "2009-12-31": -9694.14, "2008-12-31": 0}}, "financial ratios, quarterly": {"Current Ratio": {"2020-09-30": "", "2020-06-30": "", "2020-03-31": "", "2019-12-31": "", "2019-09-30": "", "2019-06-30": "", "2019-03-31": "", "2018-12-31": "", "2018-09-30": "", "2018-06-30": "", "2018-03-31": "", "2017-12-31": "", "2017-09-30": "", "2017-06-30": "", "2017-03-31": "", "2016-12-31": "", "2016-09-30": "", "2016-06-30": "", "2016-03-31": "", "2015-12-31": "", "2015-09-30": "", "2015-06-30": "", "2015-03-31": "", "2014-12-31": "", "2014-09-30": "", "2014-06-30": "", "2014-03-31": "", "2013-12-31": "", "2013-09-30": "", "2013-06-30": "", "2013-03-31": "", "2012-12-31": "", "2012-09-30": "", "2012-06-30": "", "2011-12-31": "", "2010-12-31": "", "2009-12-31": "", "2008-12-31": ""}, "Long-term Debt / Capital": {"2020-09-30": "0.64530", "2020-06-30": "0.67850", "2020-03-31": "0.69680", "2019-12-31": "0.70240", "2019-09-30": "0.71200", "2019-06-30": "0.72350", "2019-03-31": "0.75180", "2018-12-31": "0.76910", "2018-09-30": "0.77680", "2018-06-30": "0.78270", "2018-03-31": "0.77510", "2017-12-31": "0.76620", "2017-09-30": "0.76880", "2017-06-30": "0.78480", "2017-03-31": "0.79260", "2016-12-31": "0.80260", "2016-09-30": "0.80660", "2016-06-30": "0.81770", "2016-03-31": "0.81780", "2015-12-31": "0.83130", "2015-09-30": "0.82210", "2015-06-30": "0.82160", "2015-03-31": "0.80500", "2014-12-31": "0.81170", "2014-09-30": "0.81590", "2014-06-30": "0.82030", "2014-03-31": "0.82530", "2013-12-31": "0.83020", "2013-09-30": "0.76100", "2013-06-30": "0.77100", "2013-03-31": "", "2012-12-31": "", "2012-09-30": "", "2012-06-30": "", "2011-12-31": "", "2010-12-31": "", "2009-12-31": "", "2008-12-31": ""}, "Debt/Equity Ratio": {"2020-09-30": "2.03430", "2020-06-30": "2.37700", "2020-03-31": "3.00010", "2019-12-31": "2.74400", "2019-09-30": "2.84190", "2019-06-30": "3.07240", "2019-03-31": "3.47510", "2018-12-31": "4.08350", "2018-09-30": "4.04130", "2018-06-30": "4.14310", "2018-03-31": "4.17670", "2017-12-31": "4.12320", "2017-09-30": "4.07400", "2017-06-30": "4.44270", "2017-03-31": "4.44680", "2016-12-31": "5.01620", "2016-09-30": "4.64200", "2016-06-30": "4.92500", "2016-03-31": "4.87660", "2015-12-31": "5.53130", "2015-09-30": "4.98930", "2015-06-30": "5.30710", "2015-03-31": "4.53160", "2014-12-31": "4.76930", "2014-09-30": "4.77640", "2014-06-30": "4.99270", "2014-03-31": "5.08040", "2013-12-31": "5.49060", "2013-09-30": "3.50010", "2013-06-30": "3.58630", "2013-03-31": "", "2012-12-31": "", "2012-09-30": "", "2012-06-30": "", "2011-12-31": "", "2010-12-31": "", "2009-12-31": "", "2008-12-31": ""}, "Gross Margin": {"2020-09-30": "", "2020-06-30": "", "2020-03-31": "", "2019-12-31": "", "2019-09-30": "", "2019-06-30": "", "2019-03-31": "", "2018-12-31": "", "2018-09-30": "", "2018-06-30": "", "2018-03-31": "", "2017-12-31": "", "2017-09-30": "", "2017-06-30": "", "2017-03-31": "", "2016-12-31": "", "2016-09-30": "", "2016-06-30": "", "2016-03-31": "", "2015-12-31": "", "2015-09-30": "", "2015-06-30": "", "2015-03-31": "", "2014-12-31": "", "2014-09-30": "", "2014-06-30": "", "2014-03-31": "", "2013-12-31": "", "2013-09-30": "", "2013-06-30": "", "2013-03-31": "", "2012-12-31": "", "2012-09-30": "", "2012-06-30": "", "2011-12-31": "", "2010-12-31": "", "2009-12-31": "", "2008-12-31": ""}, "Operating Margin": {"2020-09-30": "", "2020-06-30": "", "2020-03-31": "", "2019-12-31": "", "2019-09-30": "", "2019-06-30": "", "2019-03-31": "", "2018-12-31": "", "2018-09-30": "", "2018-06-30": "", "2018-03-31": "", "2017-12-31": "", "2017-09-30": "", "2017-06-30": "", "2017-03-31": "", "2016-12-31": "", "2016-09-30": "", "2016-06-30": "", "2016-03-31": "", "2015-12-31": "", "2015-09-30": "", "2015-06-30": "", "2015-03-31": "", "2014-12-31": "", "2014-09-30": "", "2014-06-30": "", "2014-03-31": "", "2013-12-31": "", "2013-09-30": "", "2013-06-30": "", "2013-03-31": "", "2012-12-31": "", "2012-09-30": "", "2012-06-30": "", "2011-12-31": "", "2010-12-31": "", "2009-12-31": "", "2008-12-31": ""}, "EBIT Margin": {"2020-09-30": "", "2020-06-30": "", "2020-03-31": "", "2019-12-31": "", "2019-09-30": "", "2019-06-30": "", "2019-03-31": "", "2018-12-31": "", "2018-09-30": "", "2018-06-30": "", "2018-03-31": "", "2017-12-31": "", "2017-09-30": "", "2017-06-30": "", "2017-03-31": "", "2016-12-31": "", "2016-09-30": "", "2016-06-30": "", "2016-03-31": "", "2015-12-31": "", "2015-09-30": "", "2015-06-30": "", "2015-03-31": "", "2014-12-31": "", "2014-09-30": "", "2014-06-30": "", "2014-03-31": "", "2013-12-31": "", "2013-09-30": "", "2013-06-30": "", "2013-03-31": "", "2012-12-31": "", "2012-09-30": "", "2012-06-30": "", "2011-12-31": "", "2010-12-31": "", "2009-12-31": "", "2008-12-31": ""}, "EBITDA Margin": {"2020-09-30": "", "2020-06-30": "", "2020-03-31": "", "2019-12-31": "", "2019-09-30": "", "2019-06-30": "", "2019-03-31": "", "2018-12-31": "", "2018-09-30": "", "2018-06-30": "", "2018-03-31": "", "2017-12-31": "", "2017-09-30": "", "2017-06-30": "", "2017-03-31": "", "2016-12-31": "", "2016-09-30": "", "2016-06-30": "", "2016-03-31": "", "2015-12-31": "", "2015-09-30": "", "2015-06-30": "", "2015-03-31": "", "2014-12-31": "", "2014-09-30": "", "2014-06-30": "", "2014-03-31": "", "2013-12-31": "", "2013-09-30": "", "2013-06-30": "", "2013-03-31": "", "2012-12-31": "", "2012-09-30": "", "2012-06-30": "", "2011-12-31": "", "2010-12-31": "", "2009-12-31": "", "2008-12-31": ""}, "Pre-Tax Profit Margin": {"2020-09-30": "36.91590", "2020-06-30": "21.41040", "2020-03-31": "-54.29330", "2019-12-31": "29.89560", "2019-09-30": "31.80660", "2019-06-30": "30.60720", "2019-03-31": "31.11400", "2018-12-31": "26.06230", "2018-09-30": "30.61230", "2018-06-30": "29.45690", "2018-03-31": "23.18020", "2017-12-31": "28.45250", "2017-09-30": "27.81690", "2017-06-30": "24.95020", "2017-03-31": "21.83520", "2016-12-31": "25.03290", "2016-09-30": "25.48890", "2016-06-30": "25.49380", "2016-03-31": "24.55160", "2015-12-31": "26.36090", "2015-09-30": "25.75660", "2015-06-30": "16.96770", "2015-03-31": "17.63600", "2014-12-31": "12.53350", "2014-09-30": "24.54710", "2014-06-30": "20.69170", "2014-03-31": "18.87520", "2013-12-31": "4.98340", "2013-09-30": "13.83270", "2013-06-30": "9.72220", "2013-03-31": "-4.73680", "2012-12-31": "", "2012-09-30": "19.69500", "2012-06-30": "11.33740", "2011-12-31": "", "2010-12-31": "", "2009-12-31": "", "2008-12-31": ""}, "Net Profit Margin": {"2020-09-30": "27.80370", "2020-06-30": "15.31130", "2020-03-31": "-42.14000", "2019-12-31": "23.20440", "2019-09-30": "24.23660", "2019-06-30": "36.05950", "2019-03-31": "23.94370", "2018-12-31": "20.53820", "2018-09-30": "24.62150", "2018-06-30": "22.30030", "2018-03-31": "17.66780", "2017-12-31": "12.56070", "2017-09-30": "19.85920", "2017-06-30": "16.72200", "2017-03-31": "14.33360", "2016-12-31": "16.33730", "2016-09-30": "13.62450", "2016-06-30": "21.29630", "2016-03-31": "14.53310", "2015-12-31": "-58.22630", "2015-09-30": "14.20630", "2015-06-30": "-68.96770", "2015-03-31": "31.83240", "2014-12-31": "7.30560", "2014-09-30": "20.80660", "2014-06-30": "15.38460", "2014-03-31": "10.27800", "2013-12-31": "-22.92360", "2013-09-30": "-7.42240", "2013-06-30": "-78.26390", "2013-03-31": "67.14290", "2012-12-31": "", "2012-09-30": "12.13530", "2012-06-30": "-74.60960", "2011-12-31": "", "2010-12-31": "", "2009-12-31": "", "2008-12-31": ""}, "Asset Turnover": {"2020-09-30": "0.00920", "2020-06-30": "0.00860", "2020-03-31": "0.00410", "2019-12-31": "0.00900", "2019-09-30": "0.00870", "2019-06-30": "0.00890", "2019-03-31": "0.00870", "2018-12-31": "0.00790", "2018-09-30": "0.00880", "2018-06-30": "0.00910", "2018-03-31": "0.00830", "2017-12-31": "0.00860", "2017-09-30": "0.00870", "2017-06-30": "0.00920", "2017-03-31": "0.00920", "2016-12-31": "0.00930", "2016-09-30": "0.00970", "2016-06-30": "0.01030", "2016-03-31": "0.01030", "2015-12-31": "0.01030", "2015-09-30": "0.01040", "2015-06-30": "0.00990", "2015-03-31": "0.01040", "2014-12-31": "0.00980", "2014-09-30": "0.01150", "2014-06-30": "0.01120", "2014-03-31": "0.01040", "2013-12-31": "0.01000", "2013-09-30": "0.00980", "2013-06-30": "0.00960", "2013-03-31": "", "2012-12-31": "", "2012-09-30": "", "2012-06-30": "", "2011-12-31": "", "2010-12-31": "", "2009-12-31": "", "2008-12-31": ""}, "Inventory Turnover Ratio": {"2020-09-30": "", "2020-06-30": "", "2020-03-31": "", "2019-12-31": "", "2019-09-30": "", "2019-06-30": "", "2019-03-31": "", "2018-12-31": "", "2018-09-30": "", "2018-06-30": "", "2018-03-31": "", "2017-12-31": "", "2017-09-30": "", "2017-06-30": "", "2017-03-31": "", "2016-12-31": "", "2016-09-30": "", "2016-06-30": "", "2016-03-31": "", "2015-12-31": "", "2015-09-30": "", "2015-06-30": "", "2015-03-31": "", "2014-12-31": "", "2014-09-30": "", "2014-06-30": "", "2014-03-31": "", "2013-12-31": "", "2013-09-30": "", "2013-06-30": "", "2013-03-31": "", "2012-12-31": "", "2012-09-30": "", "2012-06-30": "", "2011-12-31": "", "2010-12-31": "", "2009-12-31": "", "2008-12-31": ""}, "Receiveable Turnover": {"2020-09-30": "", "2020-06-30": "", "2020-03-31": "", "2019-12-31": "", "2019-09-30": "", "2019-06-30": "", "2019-03-31": "", "2018-12-31": "", "2018-09-30": "", "2018-06-30": "", "2018-03-31": "", "2017-12-31": "", "2017-09-30": "", "2017-06-30": "", "2017-03-31": "", "2016-12-31": "", "2016-09-30": "", "2016-06-30": "", "2016-03-31": "", "2015-12-31": "", "2015-09-30": "", "2015-06-30": "", "2015-03-31": "", "2014-12-31": "", "2014-09-30": "", "2014-06-30": "", "2014-03-31": "", "2013-12-31": "", "2013-09-30": "", "2013-06-30": "", "2013-03-31": "", "2012-12-31": "", "2012-09-30": "", "2012-06-30": "", "2011-12-31": "", "2010-12-31": "", "2009-12-31": "", "2008-12-31": ""}, "Days Sales In Receivables": {"2020-09-30": "", "2020-06-30": "", "2020-03-31": "", "2019-12-31": "", "2019-09-30": "", "2019-06-30": "", "2019-03-31": "", "2018-12-31": "", "2018-09-30": "", "2018-06-30": "", "2018-03-31": "", "2017-12-31": "", "2017-09-30": "", "2017-06-30": "", "2017-03-31": "", "2016-12-31": "", "2016-09-30": "", "2016-06-30": "", "2016-03-31": "", "2015-12-31": "", "2015-09-30": "", "2015-06-30": "", "2015-03-31": "", "2014-12-31": "", "2014-09-30": "", "2014-06-30": "", "2014-03-31": "", "2013-12-31": "", "2013-09-30": "", "2013-06-30": "", "2013-03-31": "", "2012-12-31": "", "2012-09-30": "", "2012-06-30": "", "2011-12-31": "", "2010-12-31": "", "2009-12-31": "", "2008-12-31": ""}, "ROE - Return On Equity": {"2020-09-30": "3.36970", "2020-06-30": "1.75030", "2020-03-31": "-2.35960", "2019-12-31": "2.64290", "2019-09-30": "2.63670", "2019-06-30": "4.07940", "2019-03-31": "2.73740", "2018-12-31": "2.17820", "2018-09-30": "2.85820", "2018-06-30": "2.64860", "2018-03-31": "1.92630", "2017-12-31": "1.32650", "2017-09-30": "2.06290", "2017-06-30": "1.88530", "2017-03-31": "1.59370", "2016-12-31": "1.84730", "2016-09-30": "1.91490", "2016-06-30": "2.62290", "2016-03-31": "1.88160", "2015-12-31": "2.16590", "2015-09-30": "1.98030", "2015-06-30": "1.25350", "2015-03-31": "1.21940", "2014-12-31": "1.06760", "2014-09-30": "2.10260", "2014-06-30": "2.07740", "2014-03-31": "1.49950", "2013-12-31": "0.60990", "2013-09-30": "1.46030", "2013-06-30": "0.81800", "2013-03-31": "", "2012-12-31": "", "2012-09-30": "", "2012-06-30": "", "2011-12-31": "", "2010-12-31": "", "2009-12-31": "", "2008-12-31": ""}, "Return On Tangible Equity": {"2020-09-30": "3.36970", "2020-06-30": "1.75030", "2020-03-31": "-2.35960", "2019-12-31": "2.64290", "2019-09-30": "2.63670", "2019-06-30": "4.07940", "2019-03-31": "2.73740", "2018-12-31": "2.17820", "2018-09-30": "2.85820", "2018-06-30": "2.64860", "2018-03-31": "1.92630", "2017-12-31": "1.32650", "2017-09-30": "2.06290", "2017-06-30": "1.88530", "2017-03-31": "1.59370", "2016-12-31": "1.84730", "2016-09-30": "1.91490", "2016-06-30": "2.62290", "2016-03-31": "1.78690", "2015-12-31": "2.05370", "2015-09-30": "1.87000", "2015-06-30": "1.18220", "2015-03-31": "1.12340", "2014-12-31": "0.98060", "2014-09-30": "1.92890", "2014-06-30": "1.90210", "2014-03-31": "1.36940", "2013-12-31": "0.55600", "2013-09-30": "0.92860", "2013-06-30": "0.52180", "2013-03-31": "", "2012-12-31": "", "2012-09-30": "", "2012-06-30": "", "2011-12-31": "", "2010-12-31": "", "2009-12-31": "", "2008-12-31": ""}, "ROA - Return On Assets": {"2020-09-30": "0.25690", "2020-06-30": "0.13150", "2020-03-31": "-0.17480", "2019-12-31": "0.21090", "2019-09-30": "0.20990", "2019-06-30": "0.32360", "2019-03-31": "0.20820", "2018-12-31": "0.16160", "2018-09-30": "0.21610", "2018-06-30": "0.20310", "2018-03-31": "0.14820", "2017-12-31": "0.10710", "2017-09-30": "0.17070", "2017-06-30": "0.15460", "2017-03-31": "0.13140", "2016-12-31": "0.15020", "2016-09-30": "0.16580", "2016-06-30": "0.22600", "2016-03-31": "0.15780", "2015-12-31": "0.17400", "2015-09-30": "0.17490", "2015-06-30": "0.10800", "2015-03-31": "0.11660", "2014-12-31": "0.09960", "2014-09-30": "0.19640", "2014-06-30": "0.18870", "2014-03-31": "0.13340", "2013-12-31": "0.05230", "2013-09-30": "0.11760", "2013-06-30": "0.06640", "2013-03-31": "", "2012-12-31": "", "2012-09-30": "", "2012-06-30": "", "2011-12-31": "", "2010-12-31": "", "2009-12-31": "", "2008-12-31": ""}, "ROI - Return On Investment": {"2020-09-30": "1.19510", "2020-06-30": "0.56280", "2020-03-31": "-0.71550", "2019-12-31": "0.78650", "2019-09-30": "0.75930", "2019-06-30": "1.12780", "2019-03-31": "0.67950", "2018-12-31": "0.50290", "2018-09-30": "0.63790", "2018-06-30": "0.57550", "2018-03-31": "0.43330", "2017-12-31": "0.31010", "2017-09-30": "0.47700", "2017-06-30": "0.40560", "2017-03-31": "0.33060", "2016-12-31": "0.36470", "2016-09-30": "0.37040", "2016-06-30": "0.47820", "2016-03-31": "0.32560", "2015-12-31": "0.34640", "2015-09-30": "0.33270", "2015-06-30": "0.21090", "2015-03-31": "0.21910", "2014-12-31": "0.18460", "2014-09-30": "0.35520", "2014-06-30": "0.34180", "2014-03-31": "0.23930", "2013-12-31": "0.09440", "2013-09-30": "0.22190", "2013-06-30": "0.11950", "2013-03-31": "", "2012-12-31": "", "2012-09-30": "", "2012-06-30": "", "2011-12-31": "", "2010-12-31": "", "2009-12-31": "", "2008-12-31": ""}, "Book Value Per Share": {"2020-09-30": "37.78450", "2020-06-30": "36.98400", "2020-03-31": "36.22890", "2019-12-31": "38.51130", "2019-09-30": "37.67700", "2019-06-30": "36.44840", "2019-03-31": "34.26800", "2018-12-31": "32.76860", "2018-09-30": "31.40970", "2018-06-30": "30.86070", "2018-03-31": "30.23410", "2017-12-31": "30.87490", "2017-09-30": "30.58390", "2017-06-30": "29.78830", "2017-03-31": "28.91650", "2016-12-31": "28.51610", "2016-09-30": "28.66640", "2016-06-30": "28.13630", "2016-03-31": "28.49330", "2015-12-31": "27.88290", "2015-09-30": "30.30410", "2015-06-30": "29.67310", "2015-03-31": "33.09220", "2014-12-31": "32.07500", "2014-09-30": "31.65780", "2014-06-30": "31.01050", "2014-03-31": "30.13750", "2013-12-31": "29.61440", "2013-09-30": "14321.13000", "2013-06-30": "14399.27000", "2013-03-31": "", "2012-12-31": "", "2012-09-30": "", "2012-06-30": "", "2011-12-31": "", "2010-12-31": "", "2009-12-31": "", "2008-12-31": ""}, "Operating Cash Flow Per Share": {"2020-09-30": 3.8146, "2020-06-30": 0.9259, "2020-03-31": "2.16650", "2019-12-31": 2.2628, "2019-09-30": 3.3691, "2019-06-30": 1.9482, "2019-03-31": "2.66280", "2018-12-31": 1.8313, "2018-09-30": 3.2277, "2018-06-30": 2.1452, "2018-03-31": "2.49930", "2017-12-31": 1.4803, "2017-09-30": 2.966, "2017-06-30": 1.9946, "2017-03-31": "2.51700", "2016-12-31": 2.0497, "2016-09-30": 2.4102, "2016-06-30": 2.5315, "2016-03-31": "2.48010", "2015-12-31": 2.3889, "2015-09-30": 4.5859, "2015-06-30": 3.0982, "2015-03-31": "0.51160", "2014-12-31": 1.9669, "2014-09-30": 1.9574, "2014-06-30": 1.1942, "2014-03-31": "1.94260", "2013-12-31": -4.6268, "2013-09-30": 2.3073, "2013-06-30": 2.809, "2013-03-31": "5.46290", "2012-12-31": -3640.202, "2012-09-30": -71.377, "2012-06-30": 3711.579, "2011-12-31": 0, "2010-12-31": 0, "2009-12-31": 0, "2008-12-31": 0}, "Free Cash Flow Per Share": {"2020-09-30": 3.8146, "2020-06-30": 0.9259, "2020-03-31": "2.16650", "2019-12-31": 2.2628, "2019-09-30": 3.3691, "2019-06-30": 1.9482, "2019-03-31": "2.66280", "2018-12-31": 1.8313, "2018-09-30": 3.2277, "2018-06-30": 2.1452, "2018-03-31": "2.49930", "2017-12-31": 1.4803, "2017-09-30": 2.966, "2017-06-30": 1.9946, "2017-03-31": "2.51700", "2016-12-31": 2.0497, "2016-09-30": 2.4102, "2016-06-30": 2.5315, "2016-03-31": "2.48010", "2015-12-31": 2.3889, "2015-09-30": 4.5859, "2015-06-30": 3.0982, "2015-03-31": "0.51160", "2014-12-31": 1.9669, "2014-09-30": 1.9574, "2014-06-30": 1.1942, "2014-03-31": "1.94260", "2013-12-31": -4.6268, "2013-09-30": 2.3073, "2013-06-30": 2.809, "2013-03-31": "5.46290", "2012-12-31": -3640.202, "2012-09-30": -71.377, "2012-06-30": 3711.579, "2011-12-31": 0, "2010-12-31": 0, "2009-12-31": 0, "2008-12-31": 0}}, "revenue": {"Ally Financial Annual Revenue (Millions of US $)": {"2019": "$11,618", "2018": "$10,466", "2017": "$9,866", "2016": "$9,835", "2015": "$9,539", "2014": "$9,667", "2013": "$9,577", "2012": "$9,916", "2011": "$8,959", "2010": "$12,433", "2009": "$16,812", "2008": "$34,014"}, "Ally Financial Quarterly Revenue (Millions of US $)": {"2020-09-30": "$2,629", "2020-06-30": "$2,733", "2020-03-31": "$2,617", "2019-12-31": "$2,929", "2019-09-30": "$2,904", "2019-06-30": "$2,886", "2019-03-31": "$2,899", "2018-12-31": "$2,706", "2018-09-30": "$2,694", "2018-06-30": "$2,596", "2018-03-31": "$2,470", "2017-12-31": "$2,475", "2017-09-30": "$2,469", "2017-06-30": "$2,476", "2017-03-31": "$2,446", "2016-12-31": "$2,459", "2016-09-30": "$2,448", "2016-06-30": "$2,443", "2016-03-31": "$2,485", "2015-12-31": "$2,480", "2015-09-30": "$2,434", "2015-06-30": "$2,298", "2015-03-31": "$2,327", "2014-12-31": "$2,319", "2014-09-30": "$2,484", "2014-06-30": "$2,468", "2014-03-31": "$2,396", "2013-12-31": "$2,415", "2013-09-30": "$2,410", "2013-06-30": "$2,410", "2013-03-31": "$2,342", "2012-12-31": "", "2012-09-30": "$2,642", "2012-06-30": "$2,522", "2011-12-31": "", "2010-12-31": "", "2009-12-31": "", "2008-12-31": ""}}, "gross-profit": {"Ally Financial Annual Gross Profit (Millions of US $)": {"2019": "$7,375", "2018": "$6,829", "2017": "$7,009", "2016": "$7,206", "2015": "$7,110", "2014": "$6,884", "2013": "$6,258", "2012": "$5,864", "2011": "$4,353", "2010": "$6,973", "2009": "$9,721", "2008": "$23,573"}, "Ally Financial Quarterly Gross Profit (Millions of US $)": {"2020-09-30": "$1,859", "2020-06-30": "$1,861", "2020-03-31": "$1,660", "2019-12-31": "$1,905", "2019-09-30": "$1,835", "2019-06-30": "$1,791", "2019-03-31": "$1,844", "2018-12-31": "$1,678", "2018-09-30": "$1,752", "2018-06-30": "$1,723", "2018-03-31": "$1,676", "2017-12-31": "$1,735", "2017-09-30": "$1,734", "2017-06-30": "$1,776", "2017-03-31": "$1,764", "2016-12-31": "$1,785", "2016-09-30": "$1,792", "2016-06-30": "$1,792", "2016-03-31": "$1,837", "2015-12-31": "$1,875", "2015-09-30": "$1,830", "2015-06-30": "$1,690", "2015-03-31": "$1,715", "2014-12-31": "$1,647", "2014-09-30": "$1,813", "2014-06-30": "$1,740", "2014-03-31": "$1,684", "2013-12-31": "$1,645", "2013-09-30": "$1,623", "2013-06-30": "$1,529", "2013-03-31": "$1,461", "2012-12-31": "", "2012-09-30": "$1,613", "2012-06-30": "$1,506", "2011-12-31": "", "2010-12-31": "", "2009-12-31": "", "2008-12-31": ""}}, "operating-income": {"Ally Financial Annual Operating Income (Millions of US $)": {"2019": "$1,967", "2018": "$1,622", "2017": "$1,507", "2016": "$1,581", "2015": "$1,393", "2014": "$1,246", "2013": "$357", "2012": "$514", "2011": "$-177", "2010": "$392", "2009": "$-6,909", "2008": "$6,644"}, "Ally Financial Quarterly Operating Income (Millions of US $)": {"2020-09-30": "$632", "2020-06-30": "$337", "2020-03-31": "$-411", "2019-12-31": "$487", "2019-09-30": "$500", "2019-06-30": "$494", "2019-03-31": "$486", "2018-12-31": "$368", "2018-09-30": "$465", "2018-06-30": "$461", "2018-03-31": "$328", "2017-12-31": "$410", "2017-09-30": "$395", "2017-06-30": "$376", "2017-03-31": "$326", "2016-12-31": "$380", "2016-09-30": "$391", "2016-06-30": "$413", "2016-03-31": "$397", "2015-12-31": "$431", "2015-09-30": "$417", "2015-06-30": "$263", "2015-03-31": "$282", "2014-12-31": "$187", "2014-09-30": "$420", "2014-06-30": "$347", "2014-03-31": "$292", "2013-12-31": "$75", "2013-09-30": "$205", "2013-06-30": "$140", "2013-03-31": "$-63", "2012-12-31": "", "2012-09-30": "$297", "2012-06-30": "$167", "2011-12-31": "", "2010-12-31": "", "2009-12-31": "", "2008-12-31": ""}}, "ebitda": {"Ally Financial Annual EBITDA (Millions of US $)": {"2019": "$", "2018": "$", "2017": "$", "2016": "$", "2015": "$", "2014": "$", "2013": "$", "2012": "$", "2011": "$", "2010": "$", "2009": "$", "2008": "$"}, "Ally Financial Quarterly EBITDA (Millions of US $)": {"2020-09-30": "", "2020-06-30": "", "2020-03-31": "", "2019-12-31": "", "2019-09-30": "", "2019-06-30": "", "2019-03-31": "", "2018-12-31": "", "2018-09-30": "", "2018-06-30": "", "2018-03-31": "", "2017-12-31": "", "2017-09-30": "", "2017-06-30": "", "2017-03-31": "", "2016-12-31": "", "2016-09-30": "", "2016-06-30": "", "2016-03-31": "", "2015-12-31": "", "2015-09-30": "", "2015-06-30": "", "2015-03-31": "", "2014-12-31": "", "2014-09-30": "", "2014-06-30": "", "2014-03-31": "", "2013-12-31": "", "2013-09-30": "", "2013-06-30": "", "2013-03-31": "", "2012-12-31": "", "2012-09-30": "", "2012-06-30": "", "2011-12-31": "", "2010-12-31": "", "2009-12-31": "", "2008-12-31": ""}}, "net-income": {"Ally Financial Annual Net Income (Millions of US $)": {"2019": "$1,715", "2018": "$1,263", "2017": "$929", "2016": "$1,037", "2015": "$-1,282", "2014": "$882", "2013": "$-689", "2012": "$394", "2011": "$-919", "2010": "$-832", "2009": "$-11,523", "2008": "$1,868"}, "Ally Financial Quarterly Net Income (Millions of US $)": {"2020-09-30": "$476", "2020-06-30": "$241", "2020-03-31": "$-319", "2019-12-31": "$378", "2019-09-30": "$381", "2019-06-30": "$582", "2019-03-31": "$374", "2018-12-31": "$290", "2018-09-30": "$374", "2018-06-30": "$349", "2018-03-31": "$250", "2017-12-31": "$181", "2017-09-30": "$282", "2017-06-30": "$252", "2017-03-31": "$214", "2016-12-31": "$248", "2016-09-30": "$209", "2016-06-30": "$345", "2016-03-31": "$235", "2015-12-31": "$-952", "2015-09-30": "$230", "2015-06-30": "$-1,069", "2015-03-31": "$509", "2014-12-31": "$109", "2014-09-30": "$356", "2014-06-30": "$258", "2014-03-31": "$159", "2013-12-31": "$-345", "2013-09-30": "$-110", "2013-06-30": "$-1,127", "2013-03-31": "$893", "2012-12-31": "", "2012-09-30": "$183", "2012-06-30": "$-1,099", "2011-12-31": "", "2010-12-31": "", "2009-12-31": "", "2008-12-31": ""}}, "eps-earnings-per-share-diluted": {"Ally Financial Annual EPS": {"2019": "$4.34", "2018": "$2.95", "2017": "$2.04", "2016": "$2.15", "2015": "$-2.66", "2014": "$1.83", "2013": "$-1.64", "2012": "$0.96", "2011": "$-691.00", "2010": "$-1,039.00", "2009": "$-21,765.00", "2008": "$0.00"}, "Ally Financial Quarterly EPS": {"2020-09-30": "$1.26", "2020-06-30": "$0.64", "2020-03-31": "$-0.85", "2019-12-31": "$0.99", "2019-09-30": "$0.97", "2019-06-30": "$1.46", "2019-03-31": "$0.92", "2018-12-31": "$0.69", "2018-09-30": "$0.88", "2018-06-30": "$0.81", "2018-03-31": "$0.57", "2017-12-31": "$0.40", "2017-09-30": "$0.63", "2017-06-30": "$0.55", "2017-03-31": "$0.46", "2016-12-31": "$0.52", "2016-09-30": "$0.43", "2016-06-30": "$0.71", "2016-03-31": "$0.49", "2015-12-31": "$-1.98", "2015-09-30": "$0.48", "2015-06-30": "$-2.22", "2015-03-31": "$1.06", "2014-12-31": "$0.22", "2014-09-30": "$0.74", "2014-06-30": "$0.54", "2014-03-31": "$0.33", "2013-12-31": "$-0.80", "2013-09-30": "$-0.27", "2013-06-30": "$-2.73", "2013-03-31": "$2.16", "2012-12-31": "$0.00", "2012-09-30": "$138.00", "2012-06-30": "$-825.00", "2011-12-31": "$0.00", "2010-12-31": "$0.00", "2009-12-31": "$0.00", "2008-12-31": "$0.00"}}, "shares-outstanding": {"Ally Financial Annual Shares Outstanding (Millions of Shares)": {"2019": "395", "2018": "428", "2017": "455", "2016": "482", "2015": "483", "2014": "482", "2013": "420", "2012": "413", "2011": "1", "2010": "1", "2009": "1", "2008": ""}, "Ally Financial Quarterly Shares Outstanding (Millions of Shares)": {"2020-09-30": "377", "2020-06-30": "376", "2020-03-31": "376", "2019-12-31": "395", "2019-09-30": "393", "2019-06-30": "400", "2019-03-31": "406", "2018-12-31": "428", "2018-09-30": "425", "2018-06-30": "433", "2018-03-31": "439", "2017-12-31": "455", "2017-09-30": "451", "2017-06-30": "459", "2017-03-31": "467", "2016-12-31": "482", "2016-09-30": "484", "2016-06-30": "486", "2016-03-31": "485", "2015-12-31": "483", "2015-09-30": "484", "2015-06-30": "483", "2015-03-31": "483", "2014-12-31": "482", "2014-09-30": "483", "2014-06-30": "482", "2014-03-31": "480", "2013-12-31": "420", "2013-09-30": "413", "2013-06-30": "413", "2013-03-31": "413", "2012-12-31": "", "2012-09-30": "1", "2012-06-30": "1", "2011-12-31": "", "2010-12-31": "", "2009-12-31": "", "2008-12-31": ""}}, "total-assets": {"Ally Financial Annual Total Assets (Millions of US $)": {"2019": "$180,644", "2018": "$178,869", "2017": "$167,148", "2016": "$163,728", "2015": "$158,581", "2014": "$151,631", "2013": "$151,167", "2012": "$182,347", "2011": "$184,059", "2010": "$172,008", "2009": "$172,306", "2008": "$0"}, "Ally Financial Quarterly Total Assets (Millions of US $)": {"2020-09-30": "$185,270", "2020-06-30": "$184,061", "2020-03-31": "$182,527", "2019-12-31": "$180,644", "2019-09-30": "$181,485", "2019-06-30": "$180,448", "2019-03-31": "$180,117", "2018-12-31": "$178,869", "2018-09-30": "$173,101", "2018-06-30": "$171,345", "2018-03-31": "$170,021", "2017-12-31": "$167,148", "2017-09-30": "$164,013", "2017-06-30": "$164,345", "2017-03-31": "$162,101", "2016-12-31": "$163,728", "2016-09-30": "$157,397", "2016-06-30": "$157,931", "2016-03-31": "$156,505", "2015-12-31": "$158,581", "2015-09-30": "$156,105", "2015-06-30": "$156,472", "2015-03-31": "$153,524", "2014-12-31": "$151,631", "2014-09-30": "$149,195", "2014-06-30": "$149,937", "2014-03-31": "$148,452", "2013-12-31": "$151,167", "2013-09-30": "$150,556", "2013-06-30": "$150,627", "2013-03-31": "$0", "2012-12-31": "$0", "2012-09-30": "$0", "2012-06-30": "$0", "2011-12-31": "$184,059", "2010-12-31": "$172,008", "2009-12-31": "$172,306", "2008-12-31": "$0"}}, "cash-on-hand": {"Ally Financial Annual Cash on Hand (Millions of US $)": {"2019": "$3,555", "2018": "$4,537", "2017": "$4,252", "2016": "$5,934", "2015": "$6,380", "2014": "$5,576", "2013": "$5,531", "2012": "$7,513", "2011": "$13,657", "2010": "$11,910", "2009": "$15,527", "2008": "$"}, "Ally Financial Quarterly Cash on Hand (Millions of US $)": {"2020-09-30": "$19,939", "2020-06-30": "$19,131", "2020-03-31": "$6,161", "2019-12-31": "$3,555", "2019-09-30": "$3,617", "2019-06-30": "$3,563", "2019-03-31": "$3,957", "2018-12-31": "$4,537", "2018-09-30": "$3,772", "2018-06-30": "$3,924", "2018-03-31": "$3,721", "2017-12-31": "$4,252", "2017-09-30": "$4,424", "2017-06-30": "$4,377", "2017-03-31": "$4,302", "2016-12-31": "$5,934", "2016-09-30": "$4,289", "2016-06-30": "$5,731", "2016-03-31": "$5,001", "2015-12-31": "$6,380", "2015-09-30": "$5,227", "2015-06-30": "$5,858", "2015-03-31": "$7,686", "2014-12-31": "$5,576", "2014-09-30": "$5,699", "2014-06-30": "$5,777", "2014-03-31": "$5,893", "2013-12-31": "$5,531", "2013-09-30": "$6,549", "2013-06-30": "$7,774", "2013-03-31": "", "2012-12-31": "", "2012-09-30": "", "2012-06-30": "", "2011-12-31": "$13,657", "2010-12-31": "$11,910", "2009-12-31": "$15,527", "2008-12-31": ""}}, "long-term-debt": {"Ally Financial Annual Long Term Debt (Millions of US $)": {"2019": "$34,027", "2018": "$44,193", "2017": "$44,226", "2016": "$54,128", "2015": "$66,234", "2014": "$66,380", "2013": "$69,465", "2012": "$74,561", "2011": "$92,885", "2010": "$86,612", "2009": "$88,021", "2008": "$"}, "Ally Financial Quarterly Long Term Debt (Millions of US $)": {"2020-09-30": "$25,704", "2020-06-30": "$29,176", "2020-03-31": "$31,066", "2019-12-31": "$34,027", "2019-09-30": "$35,730", "2019-06-30": "$37,466", "2019-03-31": "$41,490", "2018-12-31": "$44,193", "2018-09-30": "$45,542", "2018-06-30": "$47,328", "2018-03-31": "$45,076", "2017-12-31": "$44,226", "2017-09-30": "$45,122", "2017-06-30": "$49,145", "2017-03-31": "$51,061", "2016-12-31": "$54,128", "2016-09-30": "$56,836", "2016-06-30": "$61,040", "2016-03-31": "$62,044", "2015-12-31": "$66,234", "2015-09-30": "$67,461", "2015-06-30": "$65,852", "2015-03-31": "$65,760", "2014-12-31": "$66,380", "2014-09-30": "$67,299", "2014-06-30": "$67,913", "2014-03-31": "$68,295", "2013-12-31": "$69,465", "2013-09-30": "$60,701", "2013-06-30": "$64,534", "2013-03-31": "", "2012-12-31": "", "2012-09-30": "", "2012-06-30": "", "2011-12-31": "$92,885", "2010-12-31": "$86,612", "2009-12-31": "$88,021", "2008-12-31": ""}}, "total-liabilities": {"Ally Financial Annual Total Liabilities (Millions of US $)": {"2019": "$166,228", "2018": "$165,601", "2017": "$153,654", "2016": "$150,411", "2015": "$145,142", "2014": "$136,232", "2013": "$136,959", "2012": "$162,449", "2011": "$164,779", "2010": "$151,519", "2009": "$151,467", "2008": "$0"}, "Ally Financial Quarterly Total Liabilities (Millions of US $)": {"2020-09-30": "$171,144", "2020-06-30": "$170,235", "2020-03-31": "$169,008", "2019-12-31": "$166,228", "2019-09-30": "$167,035", "2019-06-30": "$166,132", "2019-03-31": "$166,418", "2018-12-31": "$165,601", "2018-09-30": "$160,016", "2018-06-30": "$158,206", "2018-03-31": "$156,939", "2017-12-31": "$153,654", "2017-09-30": "$150,440", "2017-06-30": "$150,872", "2017-03-31": "$148,736", "2016-12-31": "$150,411", "2016-09-30": "$143,767", "2016-06-30": "$144,320", "2016-03-31": "$142,682", "2015-12-31": "$145,142", "2015-09-30": "$141,506", "2015-06-30": "$142,177", "2015-03-31": "$137,590", "2014-12-31": "$136,232", "2014-09-30": "$134,005", "2014-06-30": "$135,059", "2014-03-31": "$133,993", "2013-12-31": "$136,959", "2013-09-30": "$131,495", "2013-06-30": "$131,462", "2013-03-31": "$0", "2012-12-31": "", "2012-09-30": "$0", "2012-06-30": "$0", "2011-12-31": "$164,779", "2010-12-31": "$151,519", "2009-12-31": "$151,467", "2008-12-31": "$0"}}, "total-share-holder-equity": {"Ally Financial Annual Share Holder Equity (Millions of US $)": {"2019": "$14,416", "2018": "$13,268", "2017": "$13,494", "2016": "$13,317", "2015": "$13,439", "2014": "$15,399", "2013": "$14,208", "2012": "$19,898", "2011": "$19,280", "2010": "$20,489", "2009": "$20,839", "2008": "$0"}, "Ally Financial Quarterly Share Holder Equity (Millions of US $)": {"2020-09-30": "$14,126", "2020-06-30": "$13,826", "2020-03-31": "$13,519", "2019-12-31": "$14,416", "2019-09-30": "$14,450", "2019-06-30": "$14,316", "2019-03-31": "$13,699", "2018-12-31": "$13,268", "2018-09-30": "$13,085", "2018-06-30": "$13,139", "2018-03-31": "$13,082", "2017-12-31": "$13,494", "2017-09-30": "$13,573", "2017-06-30": "$13,473", "2017-03-31": "$13,365", "2016-12-31": "$13,317", "2016-09-30": "$13,630", "2016-06-30": "$13,611", "2016-03-31": "$13,823", "2015-12-31": "$13,439", "2015-09-30": "$14,599", "2015-06-30": "$14,295", "2015-03-31": "$15,934", "2014-12-31": "$15,399", "2014-09-30": "$15,190", "2014-06-30": "$14,878", "2014-03-31": "$14,459", "2013-12-31": "$14,208", "2013-09-30": "$19,061", "2013-06-30": "$19,165", "2013-03-31": "$0", "2012-12-31": "", "2012-09-30": "$0", "2012-06-30": "$0", "2011-12-31": "$19,280", "2010-12-31": "$20,489", "2009-12-31": "$20,839", "2008-12-31": "$0"}}, "profit-margins": {"current": "16.23%"}, "gross margin": {"2020-09-30": "66.79%", "2020-06-30": "64.93%", "2020-03-31": "63.44%", "2019-12-31": "63.48%", "2019-09-30": "62.73%", "2019-06-30": "63.16%", "2019-03-31": "64.22%", "2018-12-31": "65.25%", "2018-09-30": "67.28%", "2018-06-30": "68.61%", "2018-03-31": "69.98%", "2017-12-31": "71.04%", "2017-09-30": "71.66%", "2017-06-30": "72.41%", "2017-03-31": "72.82%", "2016-12-31": "73.27%", "2016-09-30": "74.03%", "2016-06-30": "74.52%", "2016-03-31": "74.58%", "2015-12-31": "74.54%", "2015-09-30": "73.38%", "2015-06-30": "72.82%", "2015-03-31": "72.05%", "2014-12-31": "71.21%", "2014-09-30": "70.49%", "2014-06-30": "69.07%", "2014-03-31": "67.29%", "2013-12-31": "65.34%", "2013-06-30": "62.25%", "2013-03-31": "61.02%"}, "operating margin": {"2020-09-30": "9.58%", "2020-06-30": "8.16%", "2020-03-31": "9.44%", "2019-12-31": "16.93%", "2019-09-30": "16.22%", "2019-06-30": "16.21%", "2019-03-31": "16.34%", "2018-12-31": "15.50%", "2018-09-30": "16.26%", "2018-06-30": "15.92%", "2018-03-31": "15.26%", "2017-12-31": "15.27%", "2017-09-30": "14.99%", "2017-06-30": "14.99%", "2017-03-31": "15.41%", "2016-12-31": "16.08%", "2016-09-30": "16.56%", "2016-06-30": "16.85%", "2016-03-31": "15.55%", "2015-12-31": "14.60%", "2015-09-30": "12.25%", "2015-06-30": "12.22%", "2015-03-31": "12.88%", "2014-12-31": "12.89%", "2014-09-30": "11.62%", "2014-06-30": "9.48%", "2014-03-31": "7.39%", "2013-12-31": "3.73%", "2013-06-30": "5.06%", "2013-03-31": "5.34%"}, "ebitda margin": {"2020-09-30": "0.00%", "2020-06-30": "0.00%", "2020-03-31": "0.00%", "2019-12-31": "0.00%", "2019-09-30": "0.00%", "2019-06-30": "0.00%", "2019-03-31": "0.00%", "2018-12-31": "0.00%", "2018-09-30": "0.00%", "2018-06-30": "0.00%", "2018-03-31": "0.00%", "2017-12-31": "0.00%", "2017-09-30": "0.00%", "2017-06-30": "0.00%", "2017-03-31": "0.00%", "2016-12-31": "0.00%", "2016-09-30": "0.00%", "2016-06-30": "0.00%", "2016-03-31": "0.00%", "2015-12-31": "0.00%", "2015-09-30": "0.00%", "2015-06-30": "0.00%", "2015-03-31": "0.00%", "2014-12-31": "0.00%", "2014-09-30": "0.00%", "2014-06-30": "0.00%", "2014-03-31": "0.00%", "2013-12-31": "0.00%", "2013-06-30": "0.00%", "2013-03-31": "0.00%"}, "pre tax profit margin": {"2020-09-30": "9.58%", "2020-06-30": "8.16%", "2020-03-31": "9.44%", "2019-12-31": "16.93%", "2019-09-30": "16.22%", "2019-06-30": "16.21%", "2019-03-31": "16.34%", "2018-12-31": "15.50%", "2018-09-30": "16.26%", "2018-06-30": "15.92%", "2018-03-31": "15.26%", "2017-12-31": "15.27%", "2017-09-30": "14.99%", "2017-06-30": "14.99%", "2017-03-31": "15.41%", "2016-12-31": "16.08%", "2016-09-30": "16.56%", "2016-06-30": "16.85%", "2016-03-31": "15.55%", "2015-12-31": "14.60%", "2015-09-30": "12.25%", "2015-06-30": "12.22%", "2015-03-31": "12.88%", "2014-12-31": "12.89%", "2014-09-30": "11.62%", "2014-06-30": "9.48%", "2014-03-31": "7.39%", "2013-12-31": "3.73%", "2013-06-30": "5.06%", "2013-03-31": "5.34%"}, "net profit margin": {"2020-09-30": "7.11%", "2020-06-30": "6.09%", "2020-03-31": "9.02%", "2019-12-31": "14.76%", "2019-09-30": "14.28%", "2019-06-30": "14.48%", "2019-03-31": "12.73%", "2018-12-31": "12.07%", "2018-09-30": "11.28%", "2018-06-30": "10.61%", "2018-03-31": "9.76%", "2017-12-31": "9.42%", "2017-09-30": "10.11%", "2017-06-30": "9.39%", "2017-03-31": "10.37%", "2016-12-31": "10.54%", "2016-09-30": "-1.65%", "2016-06-30": "-1.44%", "2016-03-31": "-16.05%", "2015-12-31": "-13.44%", "2015-09-30": "-2.36%", "2015-06-30": "-1.01%", "2015-03-31": "12.84%", "2014-12-31": "9.12%", "2014-09-30": "4.38%", "2014-06-30": "-0.39%", "2014-03-31": "-14.78%", "2013-12-31": "-7.19%", "2013-06-30": "-0.69%", "2013-03-31": "-0.31%"}, "pe ratio": {"current": "13.79", "2021-02-05": "20.41", "2020-09-30": "12.14", "2020-06-30": "11.09", "2020-03-31": "5.43", "2019-12-31": "6.77", "2019-09-30": "7.83", "2019-06-30": "7.45", "2019-03-31": "7.86", "2018-12-31": "7.20", "2018-09-30": "9.26", "2018-06-30": "10.09", "2018-03-31": "11.63", "2017-12-31": "13.10", "2017-09-30": "10.30", "2017-06-30": "9.72", "2017-03-31": "8.71", "2016-12-31": "8.00", "2016-09-30": "0.00", "2016-06-30": "0.00", "2016-03-31": "0.00", "2015-12-31": "0.00", "2015-09-30": "0.00", "2015-06-30": "0.00", "2015-03-31": "7.32", "2014-12-31": "11.51"}, "price sales": {"2021-02-05": "1.45", "2020-09-30": "0.87", "2020-06-30": "0.67", "2020-03-31": "0.48", "2019-12-31": "1.01", "2019-09-30": "1.13", "2019-06-30": "1.09", "2019-03-31": "1.01", "2018-12-31": "0.88", "2018-09-30": "1.06", "2018-06-30": "1.08", "2018-03-31": "1.14", "2017-12-31": "1.25", "2017-09-30": "1.05", "2017-06-30": "0.92", "2017-03-31": "0.90", "2016-12-31": "0.85", "2016-09-30": "0.86", "2016-06-30": "0.75", "2016-03-31": "0.84", "2015-12-31": "0.85", "2015-09-30": "0.94", "2015-06-30": "1.03", "2015-03-31": "0.95", "2014-12-31": "1.06"}, "price book": {"current": "1.10", "2021-02-05": "1.10", "2020-09-30": "0.66", "2020-06-30": "0.52", "2020-03-31": "0.39", "2019-12-31": "0.76", "2019-09-30": "0.84", "2019-06-30": "0.81", "2019-03-31": "0.76", "2018-12-31": "0.65", "2018-09-30": "0.79", "2018-06-30": "0.79", "2018-03-31": "0.83", "2017-12-31": "0.87", "2017-09-30": "0.73", "2017-06-30": "0.64", "2017-03-31": "0.64", "2016-12-31": "0.60", "2016-09-30": "0.61", "2016-06-30": "0.54", "2016-03-31": "0.59", "2015-12-31": "0.60", "2015-09-30": "0.60", "2015-06-30": "0.68", "2015-03-31": "0.57", "2014-12-31": "0.66", "2014-09-30": "0.66", "2014-06-30": "0.69", "2014-03-31": "0.83"}, "price fcf": {"2021-02-05": "", "2020-09-30": "$9.17", "2020-06-30": "$8.72", "2020-03-31": "$9.75", "2019-12-31": "$10.24", "2019-09-30": "$9.81", "2019-06-30": "$9.67", "2019-03-31": "$9.87", "2018-12-31": "$9.70", "2018-09-30": "$9.35", "2018-06-30": "$9.09", "2018-03-31": "$8.94", "2017-12-31": "$8.96", "2017-09-30": "$9.53", "2017-06-30": "$8.97", "2017-03-31": "$9.51", "2016-12-31": "$9.47", "2016-09-30": "$9.81", "2016-06-30": "$11.99", "2016-03-31": "$12.55", "2015-12-31": "$10.58", "2015-09-30": "$10.16", "2015-06-30": "$7.53", "2015-03-31": "$5.63", "2014-12-31": "$7.06"}, "net worth": {"value": "$15.57B"}, "current ratio": {"2020-09-30": "0.97", "2020-06-30": "1.00", "2020-03-31": "0.99", "2019-12-31": "1.03", "2019-09-30": "1.05", "2019-06-30": "1.07", "2019-03-31": "1.11", "2018-12-31": "1.15", "2018-09-30": "1.18", "2018-06-30": "1.21", "2018-03-31": "1.19", "2017-12-31": "1.20", "2017-09-30": "1.21", "2017-06-30": "1.27", "2017-03-31": "1.30", "2016-12-31": "1.34", "2016-09-30": "1.42", "2016-06-30": "1.47", "2016-03-31": "1.49", "2015-12-31": "1.55", "2015-09-30": "1.59", "2015-06-30": "1.53", "2015-03-31": "1.58", "2014-12-31": "1.60", "2014-09-30": "1.64", "2014-06-30": "1.65", "2014-03-31": "1.67", "2013-12-31": "1.63", "2013-09-30": "1.60", "2013-06-30": "1.74", "2013-03-31": "0.00", "2012-12-31": "0.00", "2012-09-30": "0.00", "2012-06-30": "0.00", "2011-12-31": "1.88", "2010-12-31": "1.89", "2009-12-31": "1.73", "2008-12-31": "0.00"}, "quick ratio": {"2020-09-30": "0.00", "2020-06-30": "0.00", "2020-03-31": "0.00", "2019-12-31": "0.00", "2019-09-30": "0.00", "2019-06-30": "0.00", "2019-03-31": "0.00", "2018-12-31": "0.00", "2018-09-30": "0.00", "2018-06-30": "0.00", "2018-03-31": "0.00", "2017-12-31": "0.00", "2017-09-30": "0.00", "2017-06-30": "0.00", "2017-03-31": "0.00", "2016-12-31": "0.00", "2016-09-30": "0.00", "2016-06-30": "0.00", "2016-03-31": "0.00", "2015-12-31": "0.00", "2015-09-30": "0.00", "2015-06-30": "0.00", "2015-03-31": "0.00", "2014-12-31": "0.00", "2014-09-30": "0.00", "2014-06-30": "0.00", "2014-03-31": "0.00", "2013-12-31": "0.00", "2013-09-30": "0.00", "2013-06-30": "0.00", "2013-03-31": "0.00", "2012-12-31": "0.00", "2012-09-30": "0.00", "2012-06-30": "0.00", "2011-12-31": "0.00", "2010-12-31": "0.00", "2009-12-31": "0.00", "2008-12-31": "0.00"}, "debt equity ratio": {"current": "1.82", "2020-09-30": "12.12", "2020-06-30": "12.31", "2020-03-31": "12.50", "2019-12-31": "11.53", "2019-09-30": "11.56", "2019-06-30": "11.61", "2019-03-31": "12.15", "2018-12-31": "12.48", "2018-09-30": "12.23", "2018-06-30": "12.04", "2018-03-31": "12.00", "2017-12-31": "11.39", "2017-09-30": "11.08", "2017-06-30": "11.20", "2017-03-31": "11.13", "2016-12-31": "11.30", "2016-09-30": "10.55", "2016-06-30": "10.60", "2016-03-31": "10.32", "2015-12-31": "10.80", "2015-09-30": "9.69", "2015-06-30": "9.95", "2015-03-31": "8.64", "2014-12-31": "8.85", "2014-09-30": "8.82", "2014-06-30": "9.08", "2014-03-31": "9.27", "2013-12-31": "9.64", "2013-09-30": "6.90", "2013-06-30": "6.86", "2013-03-31": "0.00", "2012-12-31": "0.00", "2012-09-30": "0.00", "2012-06-30": "0.00", "2011-12-31": "8.55", "2010-12-31": "7.40", "2009-12-31": "7.27", "2008-12-31": "0.00"}, "return on equity": {"2020-09-30": "5.55%", "2020-06-30": "4.85%", "2020-03-31": "7.21%", "2019-12-31": "12.06%", "2019-09-30": "11.68%", "2019-06-30": "11.92%", "2019-03-31": "10.43%", "2018-12-31": "9.61%", "2018-09-30": "8.74%", "2018-06-30": "7.97%", "2018-03-31": "7.20%", "2017-12-31": "6.89%", "2017-09-30": "7.42%", "2017-06-30": "6.86%", "2017-03-31": "7.54%", "2016-12-31": "7.63%", "2016-09-30": "-1.20%", "2016-06-30": "-1.02%", "2016-03-31": "-11.08%", "2015-12-31": "-8.80%", "2015-09-30": "-1.47%", "2015-06-30": "-0.62%", "2015-03-31": "8.03%", "2014-12-31": "5.89%", "2014-09-30": "2.91%", "2014-06-30": "-0.24%", "2014-03-31": "-8.51%", "2013-12-31": "-5.26%", "2013-06-30": "-1.06%", "2013-03-31": "inf%"}, "return on assets": {"2020-09-30": "0.42%", "2020-06-30": "0.37%", "2020-03-31": "0.56%", "2019-12-31": "0.95%", "2019-09-30": "0.90%", "2019-06-30": "0.91%", "2019-03-31": "0.79%", "2018-12-31": "0.73%", "2018-09-30": "0.68%", "2018-06-30": "0.63%", "2018-03-31": "0.58%", "2017-12-31": "0.57%", "2017-09-30": "0.61%", "2017-06-30": "0.57%", "2017-03-31": "0.63%", "2016-12-31": "0.65%", "2016-09-30": "-0.10%", "2016-06-30": "-0.09%", "2016-03-31": "-0.99%", "2015-12-31": "-0.82%", "2015-09-30": "-0.14%", "2015-06-30": "-0.06%", "2015-03-31": "0.82%", "2014-12-31": "0.59%", "2014-09-30": "0.29%", "2014-06-30": "-0.03%", "2014-03-31": "-0.95%", "2013-12-31": "-0.61%", "2013-06-30": "-0.14%", "2013-03-31": "inf%"}, "return on investments": {"2020-09-30": "2.38%", "2020-06-30": "1.96%", "2020-03-31": "2.19%", "2019-12-31": "3.83%", "2019-09-30": "3.44%", "2019-06-30": "3.25%", "2019-03-31": "3.07%", "2018-12-31": "2.76%", "2018-09-30": "2.83%", "2018-06-30": "2.71%", "2018-03-31": "2.54%", "2017-12-31": "2.48%", "2017-09-30": "2.33%", "2017-06-30": "2.22%", "2017-03-31": "2.18%", "2016-12-31": "2.19%", "2016-09-30": "2.17%", "2016-06-30": "2.12%", "2016-03-31": "1.90%", "2015-12-31": "1.72%", "2015-09-30": "1.41%", "2015-06-30": "1.41%", "2015-03-31": "1.50%", "2014-12-31": "1.51%", "2014-09-30": "1.37%", "2014-06-30": "1.12%", "2014-03-31": "0.86%", "2013-12-31": "0.58%", "2013-06-30": "1.79%", "2013-03-31": "inf%"}, "return on tangible equity": {"2020-09-30": "5.55%", "2020-06-30": "4.85%", "2020-03-31": "7.21%", "2019-12-31": "12.06%", "2019-09-30": "11.68%", "2019-06-30": "11.92%", "2019-03-31": "10.43%", "2018-12-31": "9.61%", "2018-09-30": "8.74%", "2018-06-30": "7.97%", "2018-03-31": "7.20%", "2017-12-31": "6.89%", "2017-09-30": "7.42%", "2017-06-30": "6.86%", "2017-03-31": "7.54%", "2016-12-31": "7.63%", "2016-09-30": "-1.20%", "2016-06-30": "-1.02%", "2016-03-31": "-11.08%", "2015-12-31": "-8.80%", "2015-09-30": "-1.47%", "2015-06-30": "-0.62%", "2015-03-31": "8.03%", "2014-12-31": "5.89%", "2014-09-30": "2.91%", "2014-06-30": "-0.24%", "2014-03-31": "-8.51%", "2013-12-31": "-5.26%", "2013-06-30": "-1.06%", "2013-03-31": "inf%"}, "dividend yield history": {"last payout": "$0.76", "last yield": "1.83%"}}