{"ticker": "ALNY", "price": {"title": "Alnylam Pharmaceuticals Historical Annual Stock Price Data", "value": 165.11, "historical": {"2020": {"Average Stock Price": "131.5823", "Year Open": "115.6200", "Year High": "165.4900", "Year Low": "93.1200", "Year Close": "129.9700", "Annual % Change": "12.85%"}, "2019": {"Average Stock Price": "84.8380", "Year Open": "72.7600", "Year High": "124.2300", "Year Low": "65.8600", "Year Close": "115.1700", "Annual % Change": "57.96%"}, "2018": {"Average Stock Price": "101.1745", "Year Open": "131.8500", "Year High": "148.5400", "Year Low": "62.6700", "Year Close": "72.9100", "Annual % Change": "-42.61%"}, "2017": {"Average Stock Price": "80.4191", "Year Open": "38.6400", "Year High": "139.9800", "Year Low": "36.8800", "Year Close": "127.0500", "Annual % Change": "239.34%"}, "2016": {"Average Stock Price": "60.4803", "Year Open": "93.0300", "Year High": "94.7700", "Year Low": "31.4100", "Year Close": "37.4400", "Annual % Change": "-60.23%"}, "2015": {"Average Stock Price": "106.1699", "Year Open": "97.7700", "Year High": "138.7300", "Year Low": "75.0200", "Year Close": "94.1400", "Annual % Change": "-2.95%"}, "2014": {"Average Stock Price": "73.5115", "Year Open": "63.8600", "Year High": "106.5900", "Year Low": "48.8700", "Year Close": "97.0000", "Annual % Change": "50.86%"}, "2013": {"Average Stock Price": "40.1254", "Year Open": "19.1700", "Year High": "66.9100", "Year Low": "18.7300", "Year Close": "64.3000", "Annual % Change": "252.33%"}, "2012": {"Average Stock Price": "14.3445", "Year Open": "8.6600", "Year High": "20.9900", "Year Low": "8.6500", "Year Close": "18.2500", "Annual % Change": "123.93%"}, "2011": {"Average Stock Price": "8.7621", "Year Open": "10.0100", "Year High": "11.3700", "Year Low": "6.0000", "Year Close": "8.1500", "Annual % Change": "-17.34%"}, "2010": {"Average Stock Price": "14.9240", "Year Open": "18.1400", "Year High": "18.7200", "Year Low": "8.9600", "Year Close": "9.8600", "Annual % Change": "-44.04%"}, "2009": {"Average Stock Price": "20.1578", "Year Open": "25.1500", "Year High": "25.9400", "Year Low": "15.1400", "Year Close": "17.6200", "Annual % Change": "-28.75%"}, "2008": {"Average Stock Price": "27.1632", "Year Open": "28.9200", "Year High": "35.9500", "Year Low": "17.2900", "Year Close": "24.7300", "Annual % Change": "-14.96%"}, "2007": {"Average Stock Price": "23.7309", "Year Open": "21.5700", "Year High": "36.5500", "Year Low": "15.1600", "Year Close": "29.0800", "Annual % Change": "35.89%"}, "2006": {"Average Stock Price": "15.6638", "Year Open": "12.9600", "Year High": "23.8100", "Year Low": "11.6100", "Year Close": "21.4000", "Annual % Change": "60.18%"}, "2005": {"Average Stock Price": "9.2154", "Year Open": "7.5800", "Year High": "14.1900", "Year Low": "6.9000", "Year Close": "13.3600", "Annual % Change": "78.85%"}, "2004": {"Average Stock Price": "6.1401", "Year Open": "7.0000", "Year High": "8.2600", "Year Low": "3.9500", "Year Close": "7.4700", "Annual % Change": "0.00%"}}}, "market cap": {"value": "$19.18B"}, "income statement": {"Revenue": {"2019-12-31": "219.75000", "2018-12-31": "74.90800", "2017-12-31": "89.91200", "2016-12-31": "47.15900", "2015-12-31": "41.09700", "2014-12-31": "50.56100", "2013-12-31": "47.16700", "2012-12-31": "66.72500", "2011-12-31": "82.75700", "2010-12-31": "100.04100", "2009-12-31": "100.53300", "2008-12-31": "96.16300", "2007-12-31": "50.89700", "2006-12-31": "26.93000", "2005-12-31": "5.71600"}, "Cost Of Goods Sold": {"2019-12-31": "25.06200", "2018-12-31": "1.80200", "2017-12-31": "", "2016-12-31": "", "2015-12-31": "", "2014-12-31": "", "2013-12-31": "", "2012-12-31": "", "2011-12-31": "", "2010-12-31": "", "2009-12-31": "", "2008-12-31": "", "2007-12-31": "", "2006-12-31": "", "2005-12-31": ""}, "Gross Profit": {"2019-12-31": "194.68800", "2018-12-31": "73.10600", "2017-12-31": "89.91200", "2016-12-31": "47.15900", "2015-12-31": "41.09700", "2014-12-31": "50.56100", "2013-12-31": "47.16700", "2012-12-31": "66.72500", "2011-12-31": "82.75700", "2010-12-31": "100.04100", "2009-12-31": "100.53300", "2008-12-31": "96.16300", "2007-12-31": "50.89700", "2006-12-31": "26.93000", "2005-12-31": "5.71600"}, "Research And Development Expenses": {"2019-12-31": "655.11400", "2018-12-31": "505.42000", "2017-12-31": "390.63500", "2016-12-31": "382.39200", "2015-12-31": "276.49500", "2014-12-31": "190.24900", "2013-12-31": "112.95700", "2012-12-31": "86.56900", "2011-12-31": "99.29500", "2010-12-31": "106.38400", "2009-12-31": "108.73000", "2008-12-31": "96.88300", "2007-12-31": "120.68600", "2006-12-31": "49.26000", "2005-12-31": "34.97700"}, "SG&A Expenses": {"2019-12-31": "479.00500", "2018-12-31": "382.35900", "2017-12-31": "199.36500", "2016-12-31": "89.35400", "2015-12-31": "60.61000", "2014-12-31": "44.52600", "2013-12-31": "27.15200", "2012-12-31": "44.61200", "2011-12-31": "38.28000", "2010-12-31": "37.72700", "2009-12-31": "39.91400", "2008-12-31": "27.11500", "2007-12-31": "23.38800", "2006-12-31": "17.17100", "2005-12-31": "14.21100"}, "Other Operating Income Or Expenses": {"2019-12-31": "", "2018-12-31": "", "2017-12-31": "", "2016-12-31": "", "2015-12-31": "", "2014-12-31": "", "2013-12-31": "", "2012-12-31": "", "2011-12-31": "", "2010-12-31": "", "2009-12-31": "", "2008-12-31": "", "2007-12-31": "", "2006-12-31": "", "2005-12-31": ""}, "Operating Expenses": {"2019-12-31": "1159.18100", "2018-12-31": "889.58110", "2017-12-31": "590.00000", "2016-12-31": "471.74600", "2015-12-31": "337.10500", "2014-12-31": "455.54100", "2013-12-31": "140.10900", "2012-12-31": "196.18100", "2011-12-31": "137.57500", "2010-12-31": "144.11100", "2009-12-31": "148.64400", "2008-12-31": "123.99800", "2007-12-31": "144.07400", "2006-12-31": "66.43100", "2005-12-31": "49.18800"}, "Operating Income": {"2019-12-31": "-939.43100", "2018-12-31": "-814.67300", "2017-12-31": "-500.08800", "2016-12-31": "-424.58700", "2015-12-31": "-296.00800", "2014-12-31": "-404.98000", "2013-12-31": "-92.94200", "2012-12-31": "-129.45600", "2011-12-31": "-54.81800", "2010-12-31": "-44.07000", "2009-12-31": "-48.11100", "2008-12-31": "-27.83500", "2007-12-31": "-93.17700", "2006-12-31": "-39.50100", "2005-12-31": "-43.47200"}, "Total Non-Operating Income/Expense": {"2019-12-31": "54.17800", "2018-12-31": "53.99900", "2017-12-31": "9.21400", "2016-12-31": "14.47900", "2015-12-31": "5.93500", "2014-12-31": "4.37600", "2013-12-31": "1.02200", "2012-12-31": "12.87000", "2011-12-31": "-2.83100", "2010-12-31": "1.06900", "2009-12-31": "1.10300", "2008-12-31": "2.30500", "2007-12-31": "12.95600", "2006-12-31": "4.89300", "2005-12-31": "0.55800"}, "Pre-Tax Income": {"2019-12-31": "-885.25300", "2018-12-31": "-760.67400", "2017-12-31": "-490.87400", "2016-12-31": "-410.10800", "2015-12-31": "-290.07300", "2014-12-31": "-400.60400", "2013-12-31": "-91.92000", "2012-12-31": "-116.58600", "2011-12-31": "-57.64900", "2010-12-31": "-43.00100", "2009-12-31": "-47.00800", "2008-12-31": "-25.53000", "2007-12-31": "-80.22100", "2006-12-31": "-34.60800", "2005-12-31": "-42.91400"}, "Income Taxes": {"2019-12-31": "0.86300", "2018-12-31": "0.82300", "2017-12-31": "", "2016-12-31": "", "2015-12-31": "", "2014-12-31": "-40.20900", "2013-12-31": "-2.69500", "2012-12-31": "-10.57200", "2011-12-31": "0.00000", "2010-12-31": "0.51400", "2009-12-31": "0.58200", "2008-12-31": "0.71900", "2007-12-31": "5.24500", "2006-12-31": "", "2005-12-31": ""}, "Income After Taxes": {"2019-12-31": "-886.11600", "2018-12-31": "-761.49700", "2017-12-31": "-490.87400", "2016-12-31": "-410.10800", "2015-12-31": "-290.07300", "2014-12-31": "-360.39500", "2013-12-31": "-89.22500", "2012-12-31": "-106.01400", "2011-12-31": "-57.64900", "2010-12-31": "-43.51500", "2009-12-31": "-47.59000", "2008-12-31": "-26.24900", "2007-12-31": "-85.46600", "2006-12-31": "-34.60800", "2005-12-31": "-42.91400"}, "Other Income": {"2019-12-31": "", "2018-12-31": "", "2017-12-31": "", "2016-12-31": "", "2015-12-31": "", "2014-12-31": "", "2013-12-31": "", "2012-12-31": "", "2011-12-31": "", "2010-12-31": "", "2009-12-31": "", "2008-12-31": "", "2007-12-31": "", "2006-12-31": "", "2005-12-31": ""}, "Income From Continuous Operations": {"2019-12-31": "-886.11600", "2018-12-31": "-761.49700", "2017-12-31": "-490.87400", "2016-12-31": "-410.10800", "2015-12-31": "-290.07300", "2014-12-31": "-360.39500", "2013-12-31": "-89.22500", "2012-12-31": "-106.01400", "2011-12-31": "-57.64900", "2010-12-31": "-43.51500", "2009-12-31": "-47.59000", "2008-12-31": "-26.24900", "2007-12-31": "-85.46600", "2006-12-31": "-34.60800", "2005-12-31": "-42.91400"}, "Income From Discontinued Operations": {"2019-12-31": "", "2018-12-31": "", "2017-12-31": "", "2016-12-31": "", "2015-12-31": "", "2014-12-31": "", "2013-12-31": "", "2012-12-31": "", "2011-12-31": "", "2010-12-31": "", "2009-12-31": "", "2008-12-31": "", "2007-12-31": "", "2006-12-31": "", "2005-12-31": ""}, "Net Income": {"2019-12-31": "-886.11600", "2018-12-31": "-761.49700", "2017-12-31": "-490.87400", "2016-12-31": "-410.10800", "2015-12-31": "-290.07300", "2014-12-31": "-360.39500", "2013-12-31": "-89.22500", "2012-12-31": "-106.01400", "2011-12-31": "-57.64900", "2010-12-31": "-43.51500", "2009-12-31": "-47.59000", "2008-12-31": "-26.24900", "2007-12-31": "-85.46600", "2006-12-31": "-34.60800", "2005-12-31": "-42.91400"}, "EBITDA": {"2019-12-31": "-885.06300", "2018-12-31": "-799.42500", "2017-12-31": "-488.19000", "2016-12-31": "-409.45700", "2015-12-31": "-276.95800", "2014-12-31": "-393.05400", "2013-12-31": "-82.71300", "2012-12-31": "-120.42100", "2011-12-31": "-49.69300", "2010-12-31": "-39.12900", "2009-12-31": "-42.11900", "2008-12-31": "-22.10900", "2007-12-31": "-89.09500", "2006-12-31": "-35.43100", "2005-12-31": "-40.49000"}, "EBIT": {"2019-12-31": "-939.43100", "2018-12-31": "-814.67300", "2017-12-31": "-500.08800", "2016-12-31": "-424.58700", "2015-12-31": "-296.00800", "2014-12-31": "-404.98000", "2013-12-31": "-92.94200", "2012-12-31": "-129.45600", "2011-12-31": "-54.81800", "2010-12-31": "-44.07000", "2009-12-31": "-48.11100", "2008-12-31": "-27.83500", "2007-12-31": "-93.17700", "2006-12-31": "-39.50100", "2005-12-31": "-43.47200"}, "Basic Shares Outstanding": {"2019-12-31": "109.26400", "2018-12-31": "100.59000", "2017-12-31": "90.55400", "2016-12-31": "85.59600", "2015-12-31": "83.99200", "2014-12-31": "74.27800", "2013-12-31": "61.55100", "2012-12-31": "50.28600", "2011-12-31": "42.41000", "2010-12-31": "42.04000", "2009-12-31": "41.63300", "2008-12-31": "41.07700", "2007-12-31": "38.65700", "2006-12-31": "31.89000", "2005-12-31": "21.94900"}, "Shares Outstanding": {"2019-12-31": "109.26400", "2018-12-31": "100.59000", "2017-12-31": "90.55400", "2016-12-31": "85.59600", "2015-12-31": "83.99200", "2014-12-31": "74.27800", "2013-12-31": "61.55100", "2012-12-31": "50.28600", "2011-12-31": "42.41000", "2010-12-31": "42.04000", "2009-12-31": "41.63300", "2008-12-31": "41.07700", "2007-12-31": "38.65700", "2006-12-31": "31.89000", "2005-12-31": "21.94900"}, "Basic EPS": {"2019-12-31": "-8.11000", "2018-12-31": "-7.57000", "2017-12-31": "-5.42000", "2016-12-31": "-4.79000", "2015-12-31": "-3.45000", "2014-12-31": "-4.85000", "2013-12-31": "-1.45000", "2012-12-31": "-2.11000", "2011-12-31": "-1.36000", "2010-12-31": "-1.04000", "2009-12-31": "-1.14000", "2008-12-31": "-0.64000", "2007-12-31": "-2.21000", "2006-12-31": "-1.09000", "2005-12-31": "-1.96000"}, "EPS - Earnings Per Share": {"2019-12-31": "-8.11000", "2018-12-31": "-7.57000", "2017-12-31": "-5.42000", "2016-12-31": "-4.79000", "2015-12-31": "-3.45000", "2014-12-31": "-4.85000", "2013-12-31": "-1.45000", "2012-12-31": "-2.11000", "2011-12-31": "-1.36000", "2010-12-31": "-1.04000", "2009-12-31": "-1.14000", "2008-12-31": "-0.64000", "2007-12-31": "-2.21000", "2006-12-31": "-1.09000", "2005-12-31": "-1.96000"}}, "income statement, quarterly": {"Revenue": {"2020-09-30": "125.85300", "2020-06-30": "103.96200", "2020-03-31": "99.47600", "2019-12-31": "71.68100", "2019-09-30": "70.06100", "2019-06-30": "44.71400", "2019-03-31": "33.29400", "2018-12-31": "21.03300", "2018-09-30": "2.06900", "2018-06-30": "29.90700", "2018-03-31": "21.89900", "2017-12-31": "37.92400", "2017-09-30": "17.09600", "2017-06-30": "15.93200", "2017-03-31": "18.96000", "2016-12-31": "17.45400", "2016-09-30": "13.65100", "2016-06-30": "8.70900", "2016-03-31": "7.34500", "2015-12-31": "7.55100", "2015-09-30": "6.32400", "2015-06-30": "8.68500", "2015-03-31": "18.53700", "2014-12-31": "24.01900", "2014-09-30": "10.97200", "2014-06-30": "7.29500", "2014-03-31": "8.27500", "2013-12-31": "10.84700", "2013-09-30": "8.99100", "2013-06-30": "8.68700", "2013-03-31": "18.64200", "2012-12-31": "8.49500", "2012-09-30": "16.75900", "2012-06-30": "20.88400", "2012-03-31": "20.58700", "2011-12-31": "20.45500", "2011-09-30": "20.79100", "2011-06-30": "20.61400", "2011-03-31": "20.89700", "2010-12-31": "21.19200", "2010-09-30": "27.66800", "2010-06-30": "26.61700", "2010-03-31": "24.56400", "2009-12-31": "26.62600", "2009-09-30": "24.24900", "2009-06-30": "24.60100", "2009-03-31": "25.05700", "2008-12-31": "24.40400", "2008-09-30": "25.73400", "2008-06-30": "23.83300", "2008-03-31": "22.19200", "2007-12-31": "18.23200", "2007-09-30": "16.31500", "2007-06-30": "9.13300", "2007-03-31": "7.21700", "2006-12-31": "6.98100", "2006-09-30": "8.21100", "2006-06-30": "6.02100", "2006-03-31": "5.71700", "2005-12-31": "1.55200", "2005-09-30": "1.41300", "2005-06-30": "1.10800", "2005-03-31": "1.64300"}, "Cost Of Goods Sold": {"2020-09-30": "21.79700", "2020-06-30": "19.92900", "2020-03-31": "13.30200", "2019-12-31": "12.17600", "2019-09-30": "5.21300", "2019-06-30": "4.32600", "2019-03-31": "3.34700", "2018-12-31": "1.66500", "2018-09-30": "0.13700", "2018-06-30": "", "2018-03-31": "", "2017-12-31": "", "2017-09-30": "", "2017-06-30": "", "2017-03-31": "", "2016-12-31": "", "2016-09-30": "", "2016-06-30": "", "2016-03-31": "", "2015-12-31": "", "2015-09-30": "", "2015-06-30": "", "2015-03-31": "", "2014-12-31": "", "2014-09-30": "", "2014-06-30": "", "2014-03-31": "", "2013-12-31": "", "2013-09-30": "", "2013-06-30": "", "2013-03-31": "", "2012-12-31": "", "2012-09-30": "", "2012-06-30": "", "2012-03-31": "", "2011-12-31": "", "2011-09-30": "", "2011-06-30": "", "2011-03-31": "", "2010-12-31": "", "2010-09-30": "", "2010-06-30": "", "2010-03-31": "", "2009-12-31": "", "2009-09-30": "", "2009-06-30": "", "2009-03-31": "", "2008-12-31": "", "2008-09-30": "", "2008-06-30": "", "2008-03-31": "", "2007-12-31": "", "2007-09-30": "", "2007-06-30": "", "2007-03-31": "", "2006-12-31": "", "2006-09-30": "", "2006-06-30": "", "2006-03-31": "", "2005-12-31": "", "2005-09-30": "", "2005-06-30": "", "2005-03-31": ""}, "Gross Profit": {"2020-09-30": "104.05600", "2020-06-30": "84.03300", "2020-03-31": "86.17400", "2019-12-31": "59.50500", "2019-09-30": "64.84800", "2019-06-30": "40.38800", "2019-03-31": "29.94700", "2018-12-31": "19.36800", "2018-09-30": "1.93200", "2018-06-30": "29.90700", "2018-03-31": "21.89900", "2017-12-31": "37.92400", "2017-09-30": "17.09600", "2017-06-30": "15.93200", "2017-03-31": "18.96000", "2016-12-31": "17.45400", "2016-09-30": "13.65100", "2016-06-30": "8.70900", "2016-03-31": "7.34500", "2015-12-31": "7.55100", "2015-09-30": "6.32400", "2015-06-30": "8.68500", "2015-03-31": "18.53700", "2014-12-31": "24.01900", "2014-09-30": "10.97200", "2014-06-30": "7.29500", "2014-03-31": "8.27500", "2013-12-31": "10.84700", "2013-09-30": "8.99100", "2013-06-30": "8.68700", "2013-03-31": "18.64200", "2012-12-31": "8.49500", "2012-09-30": "16.75900", "2012-06-30": "20.88400", "2012-03-31": "20.58700", "2011-12-31": "20.45500", "2011-09-30": "20.79100", "2011-06-30": "20.61400", "2011-03-31": "20.89700", "2010-12-31": "21.19200", "2010-09-30": "27.66800", "2010-06-30": "26.61700", "2010-03-31": "24.56400", "2009-12-31": "26.62600", "2009-09-30": "24.24900", "2009-06-30": "24.60100", "2009-03-31": "25.05700", "2008-12-31": "24.40400", "2008-09-30": "25.73400", "2008-06-30": "23.83300", "2008-03-31": "22.19200", "2007-12-31": "18.23200", "2007-09-30": "16.31500", "2007-06-30": "9.13300", "2007-03-31": "7.21700", "2006-12-31": "6.98100", "2006-09-30": "8.21100", "2006-06-30": "6.02100", "2006-03-31": "5.71700", "2005-12-31": "1.55200", "2005-09-30": "1.41300", "2005-06-30": "1.10800", "2005-03-31": "1.64300"}, "Research And Development Expenses": {"2020-09-30": "161.78300", "2020-06-30": "154.99600", "2020-03-31": "169.57100", "2019-12-31": "201.30100", "2019-09-30": "160.79600", "2019-06-30": "163.89000", "2019-03-31": "129.12700", "2018-12-31": "131.03600", "2018-09-30": "139.94500", "2018-06-30": "137.58200", "2018-03-31": "96.85700", "2017-12-31": "117.77200", "2017-09-30": "95.25200", "2017-06-30": "90.62700", "2017-03-31": "86.98400", "2016-12-31": "105.01100", "2016-09-30": "97.93600", "2016-06-30": "83.17200", "2016-03-31": "96.27300", "2015-12-31": "82.83500", "2015-09-30": "68.61800", "2015-06-30": "67.00700", "2015-03-31": "58.03500", "2014-12-31": "55.54600", "2014-09-30": "46.27300", "2014-06-30": "44.67200", "2014-03-31": "43.75800", "2013-12-31": "32.10600", "2013-09-30": "34.45700", "2013-06-30": "24.21500", "2013-03-31": "22.17900", "2012-12-31": "21.67800", "2012-09-30": "22.09400", "2012-06-30": "21.72300", "2012-03-31": "21.07400", "2011-12-31": "23.36900", "2011-09-30": "24.27400", "2011-06-30": "25.30300", "2011-03-31": "26.34900", "2010-12-31": "26.08000", "2010-09-30": "27.46800", "2010-06-30": "28.13600", "2010-03-31": "24.70000", "2009-12-31": "21.57500", "2009-09-30": "23.21900", "2009-06-30": "38.61500", "2009-03-31": "25.32100", "2008-12-31": "24.94300", "2008-09-30": "22.10500", "2008-06-30": "29.55800", "2008-03-31": "20.27700", "2007-12-31": "15.62700", "2007-09-30": "59.57500", "2007-06-30": "18.81300", "2007-03-31": "26.67100", "2006-12-31": "12.25800", "2006-09-30": "12.69700", "2006-06-30": "12.59900", "2006-03-31": "11.70600", "2005-12-31": "12.42000", "2005-09-30": "7.99500", "2005-06-30": "9.19000", "2005-03-31": "5.37200"}, "SG&A Expenses": {"2020-09-30": "167.47200", "2020-06-30": "127.89600", "2020-03-31": "126.76100", "2019-12-31": "156.27700", "2019-09-30": "120.35100", "2019-06-30": "112.76900", "2019-03-31": "89.60800", "2018-12-31": "108.68800", "2018-09-30": "116.54500", "2018-06-30": "84.67900", "2018-03-31": "72.44700", "2017-12-31": "67.45500", "2017-09-30": "47.64400", "2017-06-30": "45.77900", "2017-03-31": "38.48700", "2016-12-31": "27.87600", "2016-09-30": "22.39100", "2016-06-30": "17.98700", "2016-03-31": "21.10000", "2015-12-31": "17.22800", "2015-09-30": "16.03600", "2015-06-30": "14.62200", "2015-03-31": "12.72400", "2014-12-31": "14.18500", "2014-09-30": "9.89800", "2014-06-30": "11.51800", "2014-03-31": "8.92500", "2013-12-31": "8.33300", "2013-09-30": "6.76800", "2013-06-30": "5.78400", "2013-03-31": "6.26700", "2012-12-31": "10.16600", "2012-09-30": "12.81200", "2012-06-30": "11.22800", "2012-03-31": "10.40600", "2011-12-31": "10.67200", "2011-09-30": "8.95500", "2011-06-30": "8.42900", "2011-03-31": "10.22400", "2010-12-31": "7.52200", "2010-09-30": "8.92800", "2010-06-30": "10.10700", "2010-03-31": "11.17000", "2009-12-31": "13.12000", "2009-09-30": "10.68000", "2009-06-30": "8.39800", "2009-03-31": "7.71600", "2008-12-31": "7.27400", "2008-09-30": "6.86300", "2008-06-30": "7.10600", "2008-03-31": "5.87200", "2007-12-31": "5.49700", "2007-09-30": "8.07800", "2007-06-30": "5.27300", "2007-03-31": "4.54000", "2006-12-31": "4.71400", "2006-09-30": "4.11800", "2006-06-30": "4.53100", "2006-03-31": "3.80800", "2005-12-31": "4.04900", "2005-09-30": "4.08800", "2005-06-30": "3.12200", "2005-03-31": "2.95200"}, "Other Operating Income Or Expenses": {"2020-09-30": "", "2020-06-30": "", "2020-03-31": "", "2019-12-31": "", "2019-09-30": "", "2019-06-30": "", "2019-03-31": "", "2018-12-31": "", "2018-09-30": "", "2018-06-30": "", "2018-03-31": "", "2017-12-31": "", "2017-09-30": "", "2017-06-30": "", "2017-03-31": "", "2016-12-31": "", "2016-09-30": "", "2016-06-30": "", "2016-03-31": "", "2015-12-31": "", "2015-09-30": "", "2015-06-30": "", "2015-03-31": "", "2014-12-31": "", "2014-09-30": "", "2014-06-30": "", "2014-03-31": "", "2013-12-31": "", "2013-09-30": "", "2013-06-30": "", "2013-03-31": "", "2012-12-31": "", "2012-09-30": "", "2012-06-30": "", "2012-03-31": "", "2011-12-31": "", "2011-09-30": "", "2011-06-30": "", "2011-03-31": "", "2010-12-31": "", "2010-09-30": "", "2010-06-30": "", "2010-03-31": "", "2009-12-31": "", "2009-09-30": "", "2009-06-30": "", "2009-03-31": "", "2008-12-31": "", "2008-09-30": "", "2008-06-30": "", "2008-03-31": "", "2007-12-31": "", "2007-09-30": "", "2007-06-30": "", "2007-03-31": "", "2006-12-31": "", "2006-09-30": "", "2006-06-30": "", "2006-03-31": "", "2005-12-31": "", "2005-09-30": "", "2005-06-30": "", "2005-03-31": ""}, "Operating Expenses": {"2020-09-30": "351.05200", "2020-06-30": "302.82100", "2020-03-31": "309.63400", "2019-12-31": "369.75410", "2019-09-30": "286.36000", "2019-06-30": "280.98500", "2019-03-31": "222.08200", "2018-12-31": "241.38910", "2018-09-30": "256.62700", "2018-06-30": "222.26100", "2018-03-31": "169.30400", "2017-12-31": "185.22700", "2017-09-30": "142.89600", "2017-06-30": "136.40600", "2017-03-31": "125.47100", "2016-12-31": "132.88700", "2016-09-30": "120.32700", "2016-06-30": "101.15900", "2016-03-31": "117.37300", "2015-12-31": "100.06300", "2015-09-30": "84.65400", "2015-06-30": "81.62900", "2015-03-31": "70.75900", "2014-12-31": "69.73100", "2014-09-30": "56.17100", "2014-06-30": "52.30000", "2014-03-31": "277.33900", "2013-12-31": "40.43900", "2013-09-30": "41.22500", "2013-06-30": "29.99900", "2013-03-31": "28.44600", "2012-12-31": "96.84400", "2012-09-30": "34.90600", "2012-06-30": "32.95100", "2012-03-31": "31.48000", "2011-12-31": "34.04100", "2011-09-30": "33.22900", "2011-06-30": "33.73200", "2011-03-31": "36.57300", "2010-12-31": "33.60200", "2010-09-30": "36.39600", "2010-06-30": "38.24300", "2010-03-31": "35.87000", "2009-12-31": "34.69500", "2009-09-30": "33.89900", "2009-06-30": "47.01300", "2009-03-31": "33.03700", "2008-12-31": "32.21700", "2008-09-30": "28.96800", "2008-06-30": "36.66400", "2008-03-31": "26.14900", "2007-12-31": "21.12400", "2007-09-30": "67.65300", "2007-06-30": "24.08600", "2007-03-31": "31.21100", "2006-12-31": "16.97200", "2006-09-30": "16.81500", "2006-06-30": "17.13000", "2006-03-31": "15.51400", "2005-12-31": "16.46900", "2005-09-30": "12.08300", "2005-06-30": "12.31200", "2005-03-31": "8.32400"}, "Operating Income": {"2020-09-30": "-225.19900", "2020-06-30": "-198.85900", "2020-03-31": "-210.15800", "2019-12-31": "-298.07310", "2019-09-30": "-216.29900", "2019-06-30": "-236.27100", "2019-03-31": "-188.78800", "2018-12-31": "-220.35600", "2018-09-30": "-254.55800", "2018-06-30": "-192.35400", "2018-03-31": "-147.40500", "2017-12-31": "-147.30300", "2017-09-30": "-125.80000", "2017-06-30": "-120.47400", "2017-03-31": "-106.51100", "2016-12-31": "-115.43300", "2016-09-30": "-106.67600", "2016-06-30": "-92.45000", "2016-03-31": "-110.02800", "2015-12-31": "-92.51200", "2015-09-30": "-78.33000", "2015-06-30": "-72.94400", "2015-03-31": "-52.22200", "2014-12-31": "-45.71200", "2014-09-30": "-45.19900", "2014-06-30": "-45.00500", "2014-03-31": "-269.06400", "2013-12-31": "-29.59200", "2013-09-30": "-32.23400", "2013-06-30": "-21.31200", "2013-03-31": "-9.80400", "2012-12-31": "-88.34900", "2012-09-30": "-18.14700", "2012-06-30": "-12.06700", "2012-03-31": "-10.89300", "2011-12-31": "-13.58600", "2011-09-30": "-12.43800", "2011-06-30": "-13.11800", "2011-03-31": "-15.67600", "2010-12-31": "-12.41000", "2010-09-30": "-8.72800", "2010-06-30": "-11.62600", "2010-03-31": "-11.30600", "2009-12-31": "-8.06900", "2009-09-30": "-9.65000", "2009-06-30": "-22.41200", "2009-03-31": "-7.98000", "2008-12-31": "-7.81300", "2008-09-30": "-3.23400", "2008-06-30": "-12.83100", "2008-03-31": "-3.95700", "2007-12-31": "-2.89200", "2007-09-30": "-51.33800", "2007-06-30": "-14.95300", "2007-03-31": "-23.99400", "2006-12-31": "-9.99100", "2006-09-30": "-8.60400", "2006-06-30": "-11.10900", "2006-03-31": "-9.79700", "2005-12-31": "-14.91700", "2005-09-30": "-10.67000", "2005-06-30": "-11.20400", "2005-03-31": "-6.68100"}, "Total Non-Operating Income/Expense": {"2020-09-30": "-27.25300", "2020-06-30": "20.95600", "2020-03-31": "28.51200", "2019-12-31": "21.49000", "2019-09-30": "7.37000", "2019-06-30": "17.75000", "2019-03-31": "7.56800", "2018-12-31": "9.27600", "2018-09-30": "9.72100", "2018-06-30": "28.87300", "2018-03-31": "6.12900", "2017-12-31": "5.07600", "2017-09-30": "2.86300", "2017-06-30": "2.05400", "2017-03-31": "-0.77900", "2016-12-31": "2.49900", "2016-09-30": "2.60500", "2016-06-30": "2.32100", "2016-03-31": "7.05400", "2015-12-31": "1.79100", "2015-09-30": "1.53800", "2015-06-30": "1.59200", "2015-03-31": "1.01400", "2014-12-31": "2.23200", "2014-09-30": "1.27700", "2014-06-30": "0.61600", "2014-03-31": "0.25100", "2013-12-31": "0.25600", "2013-09-30": "0.27800", "2013-06-30": "0.25900", "2013-03-31": "0.22900", "2012-12-31": "15.58900", "2012-09-30": "-1.35500", "2012-06-30": "-0.88900", "2012-03-31": "-0.47500", "2011-12-31": "-0.71700", "2011-09-30": "-0.79900", "2011-06-30": "-0.70600", "2011-03-31": "-0.60900", "2010-12-31": "5.90700", "2010-09-30": "-0.60400", "2010-06-30": "-3.23500", "2010-03-31": "-0.99900", "2009-12-31": "-0.16100", "2009-09-30": "-0.11000", "2009-06-30": "0.61800", "2009-03-31": "0.75600", "2008-12-31": "-1.52300", "2008-09-30": "-0.41700", "2008-06-30": "1.32200", "2008-03-31": "2.92300", "2007-12-31": "4.61400", "2007-09-30": "3.73100", "2007-06-30": "2.26200", "2007-03-31": "2.34900", "2006-12-31": "1.55300", "2006-09-30": "1.20400", "2006-06-30": "1.19900", "2006-03-31": "0.93700", "2005-12-31": "0.42600", "2005-09-30": "-0.00800", "2005-06-30": "0.05900", "2005-03-31": "0.08100"}, "Pre-Tax Income": {"2020-09-30": "-252.45200", "2020-06-30": "-177.90300", "2020-03-31": "-181.64600", "2019-12-31": "-276.58300", "2019-09-30": "-208.92900", "2019-06-30": "-218.52100", "2019-03-31": "-181.22000", "2018-12-31": "-211.08000", "2018-09-30": "-244.83700", "2018-06-30": "-163.48100", "2018-03-31": "-141.27600", "2017-12-31": "-142.22700", "2017-09-30": "-122.93700", "2017-06-30": "-118.42000", "2017-03-31": "-107.29000", "2016-12-31": "-112.93400", "2016-09-30": "-104.07100", "2016-06-30": "-90.12900", "2016-03-31": "-102.97400", "2015-12-31": "-90.72100", "2015-09-30": "-76.79200", "2015-06-30": "-71.35200", "2015-03-31": "-51.20800", "2014-12-31": "-43.48000", "2014-09-30": "-43.92200", "2014-06-30": "-44.38900", "2014-03-31": "-268.81300", "2013-12-31": "-29.33600", "2013-09-30": "-31.95600", "2013-06-30": "-21.05300", "2013-03-31": "-9.57500", "2012-12-31": "-72.76000", "2012-09-30": "-19.50200", "2012-06-30": "-12.95600", "2012-03-31": "-11.36800", "2011-12-31": "-14.30300", "2011-09-30": "-13.23700", "2011-06-30": "-13.82400", "2011-03-31": "-16.28500", "2010-12-31": "-6.50300", "2010-09-30": "-9.33200", "2010-06-30": "-14.86100", "2010-03-31": "-12.30500", "2009-12-31": "-8.23000", "2009-09-30": "-9.76000", "2009-06-30": "-21.79400", "2009-03-31": "-7.22400", "2008-12-31": "-9.33600", "2008-09-30": "-3.65100", "2008-06-30": "-11.50900", "2008-03-31": "-1.03400", "2007-12-31": "1.72200", "2007-09-30": "-47.60700", "2007-06-30": "-12.69100", "2007-03-31": "-21.64500", "2006-12-31": "6.98100", "2006-09-30": "-7.40000", "2006-06-30": "-9.91000", "2006-03-31": "-8.86000", "2005-12-31": "-14.49100", "2005-09-30": "-10.67800", "2005-06-30": "-11.14500", "2005-03-31": "-6.60000"}, "Income Taxes": {"2020-09-30": "0.83900", "2020-06-30": "1.32600", "2020-03-31": "0.57500", "2019-12-31": "-0.39800", "2019-09-30": "-0.39400", "2019-06-30": "0.96000", "2019-03-31": "0.69500", "2018-12-31": "0.36100", "2018-09-30": "0.44500", "2018-06-30": "0.07900", "2018-03-31": "-0.06200", "2017-12-31": "", "2017-09-30": "", "2017-06-30": "", "2017-03-31": "", "2016-12-31": "", "2016-09-30": "", "2016-06-30": "", "2016-03-31": "", "2015-12-31": "", "2015-09-30": "", "2015-06-30": "0.43100", "2015-03-31": "-0.43100", "2014-12-31": "-22.09100", "2014-09-30": "0.06700", "2014-06-30": "-0.31500", "2014-03-31": "-17.87000", "2013-12-31": "3.02100", "2013-09-30": "-2.27000", "2013-06-30": "-2.88400", "2013-03-31": "-0.56200", "2012-12-31": "", "2012-09-30": "", "2012-06-30": "", "2012-03-31": "", "2011-12-31": "", "2011-09-30": "", "2011-06-30": "", "2011-03-31": "", "2010-12-31": "0.42700", "2010-09-30": "0.29800", "2010-06-30": "-0.22900", "2010-03-31": "0.01800", "2009-12-31": "-0.43900", "2009-09-30": "-0.55200", "2009-06-30": "0.90800", "2009-03-31": "0.66500", "2008-12-31": "0.05600", "2008-09-30": "-0.79300", "2008-06-30": "1.25100", "2008-03-31": "0.20500", "2007-12-31": "0.06000", "2007-09-30": "5.18500", "2007-06-30": "", "2007-03-31": "", "2006-12-31": "", "2006-09-30": "", "2006-06-30": "", "2006-03-31": "", "2005-12-31": "", "2005-09-30": "", "2005-06-30": "", "2005-03-31": ""}, "Income After Taxes": {"2020-09-30": "-253.29100", "2020-06-30": "-179.22900", "2020-03-31": "-182.22100", "2019-12-31": "-276.18490", "2019-09-30": "-208.53500", "2019-06-30": "-219.48100", "2019-03-31": "-181.91500", "2018-12-31": "-211.44100", "2018-09-30": "-245.28200", "2018-06-30": "-163.56000", "2018-03-31": "-141.21400", "2017-12-31": "-142.22700", "2017-09-30": "-122.93700", "2017-06-30": "-118.42000", "2017-03-31": "-107.29000", "2016-12-31": "-112.93400", "2016-09-30": "-104.07100", "2016-06-30": "-90.12900", "2016-03-31": "-102.97400", "2015-12-31": "-90.72100", "2015-09-30": "-76.79200", "2015-06-30": "-71.78300", "2015-03-31": "-50.77700", "2014-12-31": "-21.38900", "2014-09-30": "-43.98900", "2014-06-30": "-44.07400", "2014-03-31": "-250.94300", "2013-12-31": "-32.35700", "2013-09-30": "-29.68600", "2013-06-30": "-18.16900", "2013-03-31": "-9.01300", "2012-12-31": "-62.18800", "2012-09-30": "-19.50200", "2012-06-30": "-12.95600", "2012-03-31": "-11.36800", "2011-12-31": "-14.30300", "2011-09-30": "-13.23700", "2011-06-30": "-13.82400", "2011-03-31": "-16.28500", "2010-12-31": "-6.93000", "2010-09-30": "-9.63000", "2010-06-30": "-14.63200", "2010-03-31": "-12.32300", "2009-12-31": "-7.79100", "2009-09-30": "-9.20800", "2009-06-30": "-22.70200", "2009-03-31": "-7.88900", "2008-12-31": "-9.39200", "2008-09-30": "-2.85800", "2008-06-30": "-12.76000", "2008-03-31": "-1.23900", "2007-12-31": "1.66200", "2007-09-30": "-52.79200", "2007-06-30": "-12.69100", "2007-03-31": "-21.64500", "2006-12-31": "6.98100", "2006-09-30": "-7.40000", "2006-06-30": "-9.91000", "2006-03-31": "-8.86000", "2005-12-31": "-14.49100", "2005-09-30": "-10.67800", "2005-06-30": "-11.14500", "2005-03-31": "-6.60000"}, "Other Income": {"2020-09-30": "", "2020-06-30": "", "2020-03-31": "", "2019-12-31": "", "2019-09-30": "", "2019-06-30": "", "2019-03-31": "", "2018-12-31": "", "2018-09-30": "", "2018-06-30": "", "2018-03-31": "", "2017-12-31": "", "2017-09-30": "", "2017-06-30": "", "2017-03-31": "", "2016-12-31": "", "2016-09-30": "", "2016-06-30": "", "2016-03-31": "", "2015-12-31": "", "2015-09-30": "", "2015-06-30": "", "2015-03-31": "", "2014-12-31": "", "2014-09-30": "", "2014-06-30": "", "2014-03-31": "", "2013-12-31": "", "2013-09-30": "", "2013-06-30": "", "2013-03-31": "", "2012-12-31": "", "2012-09-30": "", "2012-06-30": "", "2012-03-31": "", "2011-12-31": "", "2011-09-30": "", "2011-06-30": "", "2011-03-31": "", "2010-12-31": "", "2010-09-30": "", "2010-06-30": "", "2010-03-31": "", "2009-12-31": "", "2009-09-30": "", "2009-06-30": "", "2009-03-31": "", "2008-12-31": "", "2008-09-30": "", "2008-06-30": "", "2008-03-31": "", "2007-12-31": "", "2007-09-30": "", "2007-06-30": "", "2007-03-31": "", "2006-12-31": "", "2006-09-30": "", "2006-06-30": "", "2006-03-31": "", "2005-12-31": "", "2005-09-30": "", "2005-06-30": "", "2005-03-31": ""}, "Income From Continuous Operations": {"2020-09-30": "-253.29100", "2020-06-30": "-179.22900", "2020-03-31": "-182.22100", "2019-12-31": "-276.18490", "2019-09-30": "-208.53500", "2019-06-30": "-219.48100", "2019-03-31": "-181.91500", "2018-12-31": "-211.44100", "2018-09-30": "-245.28200", "2018-06-30": "-163.56000", "2018-03-31": "-141.21400", "2017-12-31": "-142.22700", "2017-09-30": "-122.93700", "2017-06-30": "-118.42000", "2017-03-31": "-107.29000", "2016-12-31": "-112.93400", "2016-09-30": "-104.07100", "2016-06-30": "-90.12900", "2016-03-31": "-102.97400", "2015-12-31": "-90.72100", "2015-09-30": "-76.79200", "2015-06-30": "-71.78300", "2015-03-31": "-50.77700", "2014-12-31": "-21.38900", "2014-09-30": "-43.98900", "2014-06-30": "-44.07400", "2014-03-31": "-250.94300", "2013-12-31": "-32.35700", "2013-09-30": "-29.68600", "2013-06-30": "-18.16900", "2013-03-31": "-9.01300", "2012-12-31": "-62.18800", "2012-09-30": "-19.50200", "2012-06-30": "-12.95600", "2012-03-31": "-11.36800", "2011-12-31": "-14.30300", "2011-09-30": "-13.23700", "2011-06-30": "-13.82400", "2011-03-31": "-16.28500", "2010-12-31": "-6.93000", "2010-09-30": "-9.63000", "2010-06-30": "-14.63200", "2010-03-31": "-12.32300", "2009-12-31": "-7.79100", "2009-09-30": "-9.20800", "2009-06-30": "-22.70200", "2009-03-31": "-7.88900", "2008-12-31": "-9.39200", "2008-09-30": "-2.85800", "2008-06-30": "-12.76000", "2008-03-31": "-1.23900", "2007-12-31": "1.66200", "2007-09-30": "-52.79200", "2007-06-30": "-12.69100", "2007-03-31": "-21.64500", "2006-12-31": "6.98100", "2006-09-30": "-7.40000", "2006-06-30": "-9.91000", "2006-03-31": "-8.86000", "2005-12-31": "-14.49100", "2005-09-30": "-10.67800", "2005-06-30": "-11.14500", "2005-03-31": "-6.60000"}, "Income From Discontinued Operations": {"2020-09-30": "", "2020-06-30": "", "2020-03-31": "", "2019-12-31": "", "2019-09-30": "", "2019-06-30": "", "2019-03-31": "", "2018-12-31": "", "2018-09-30": "", "2018-06-30": "", "2018-03-31": "", "2017-12-31": "", "2017-09-30": "", "2017-06-30": "", "2017-03-31": "", "2016-12-31": "", "2016-09-30": "", "2016-06-30": "", "2016-03-31": "", "2015-12-31": "", "2015-09-30": "", "2015-06-30": "", "2015-03-31": "", "2014-12-31": "", "2014-09-30": "", "2014-06-30": "", "2014-03-31": "", "2013-12-31": "", "2013-09-30": "", "2013-06-30": "", "2013-03-31": "", "2012-12-31": "", "2012-09-30": "", "2012-06-30": "", "2012-03-31": "", "2011-12-31": "", "2011-09-30": "", "2011-06-30": "", "2011-03-31": "", "2010-12-31": "", "2010-09-30": "", "2010-06-30": "", "2010-03-31": "", "2009-12-31": "", "2009-09-30": "", "2009-06-30": "", "2009-03-31": "", "2008-12-31": "", "2008-09-30": "", "2008-06-30": "", "2008-03-31": "", "2007-12-31": "", "2007-09-30": "", "2007-06-30": "", "2007-03-31": "", "2006-12-31": "", "2006-09-30": "", "2006-06-30": "", "2006-03-31": "", "2005-12-31": "", "2005-09-30": "", "2005-06-30": "", "2005-03-31": ""}, "Net Income": {"2020-09-30": "-253.29100", "2020-06-30": "-179.22900", "2020-03-31": "-182.22100", "2019-12-31": "-276.18510", "2019-09-30": "-208.53500", "2019-06-30": "-219.48100", "2019-03-31": "-181.91500", "2018-12-31": "-211.44100", "2018-09-30": "-245.28200", "2018-06-30": "-163.56000", "2018-03-31": "-141.21400", "2017-12-31": "-142.22700", "2017-09-30": "-122.93700", "2017-06-30": "-118.42000", "2017-03-31": "-107.29000", "2016-12-31": "-112.93400", "2016-09-30": "-104.07100", "2016-06-30": "-90.12900", "2016-03-31": "-102.97400", "2015-12-31": "-90.72100", "2015-09-30": "-76.79200", "2015-06-30": "-71.78300", "2015-03-31": "-50.77700", "2014-12-31": "-21.38900", "2014-09-30": "-43.98900", "2014-06-30": "-44.07400", "2014-03-31": "-250.94300", "2013-12-31": "-32.35700", "2013-09-30": "-29.68600", "2013-06-30": "-18.16900", "2013-03-31": "-9.01300", "2012-12-31": "-62.18800", "2012-09-30": "-19.50200", "2012-06-30": "-12.95600", "2012-03-31": "-11.36800", "2011-12-31": "-14.30300", "2011-09-30": "-13.23700", "2011-06-30": "-13.82400", "2011-03-31": "-16.28500", "2010-12-31": "-6.93000", "2010-09-30": "-9.63000", "2010-06-30": "-14.63200", "2010-03-31": "-12.32300", "2009-12-31": "-7.79100", "2009-09-30": "-9.20800", "2009-06-30": "-22.70200", "2009-03-31": "-7.88900", "2008-12-31": "-9.39200", "2008-09-30": "-2.85800", "2008-06-30": "-12.76000", "2008-03-31": "-1.23900", "2007-12-31": "1.66200", "2007-09-30": "-52.79200", "2007-06-30": "-12.69100", "2007-03-31": "-21.64500", "2006-12-31": "6.98100", "2006-09-30": "-7.40000", "2006-06-30": "-9.91000", "2006-03-31": "-8.86000", "2005-12-31": "-14.49100", "2005-09-30": "-10.67800", "2005-06-30": "-11.14500", "2005-03-31": "-6.60000"}, "EBITDA": {"2020-09-30": "-206.42800", "2020-06-30": "-181.08100", "2020-03-31": "-193.15200", "2019-12-31": "-283.31110", "2019-09-30": "-202.97100", "2019-06-30": "-224.08600", "2019-03-31": "-174.69500", "2018-12-31": "-210.93010", "2018-09-30": "-254.15300", "2018-06-30": "-190.11500", "2018-03-31": "-144.22700", "2017-12-31": "-145.05800", "2017-09-30": "-122.21300", "2017-06-30": "-117.40800", "2017-03-31": "-103.51100", "2016-12-31": "-112.41500", "2016-09-30": "-103.17600", "2016-06-30": "-88.43900", "2016-03-31": "-105.42700", "2015-12-31": "-87.44300", "2015-09-30": "-73.06000", "2015-06-30": "-67.92300", "2015-03-31": "-48.53200", "2014-12-31": "-42.37100", "2014-09-30": "-42.08200", "2014-06-30": "-42.13700", "2014-03-31": "-266.46400", "2013-12-31": "-26.96500", "2013-09-30": "-29.47000", "2013-06-30": "-18.60100", "2013-03-31": "-7.67700", "2012-12-31": "-86.32500", "2012-09-30": "-15.86200", "2012-06-30": "-9.46200", "2012-03-31": "-8.77200", "2011-12-31": "-12.34900", "2011-09-30": "-11.17600", "2011-06-30": "-11.83100", "2011-03-31": "-14.33700", "2010-12-31": "-11.11900", "2010-09-30": "-7.46200", "2010-06-30": "-10.40300", "2010-03-31": "-10.14500", "2009-12-31": "-6.93300", "2009-09-30": "-8.53900", "2009-06-30": "-20.46900", "2009-03-31": "-6.17800", "2008-12-31": "-6.01500", "2008-09-30": "-1.60300", "2008-06-30": "-11.48500", "2008-03-31": "-3.00600", "2007-12-31": "-1.99000", "2007-09-30": "-50.29000", "2007-06-30": "-14.01600", "2007-03-31": "-22.79900", "2006-12-31": "-8.78900", "2006-09-30": "-6.61300", "2006-06-30": "-11.11600", "2006-03-31": "-8.91300", "2005-12-31": "-14.30200", "2005-09-30": "-9.93000", "2005-06-30": "-10.25200", "2005-03-31": "-6.00600"}, "EBIT": {"2020-09-30": "-225.19900", "2020-06-30": "-198.85900", "2020-03-31": "-210.15800", "2019-12-31": "-298.07310", "2019-09-30": "-216.29900", "2019-06-30": "-236.27100", "2019-03-31": "-188.78800", "2018-12-31": "-220.35600", "2018-09-30": "-254.55800", "2018-06-30": "-192.35400", "2018-03-31": "-147.40500", "2017-12-31": "-147.30300", "2017-09-30": "-125.80000", "2017-06-30": "-120.47400", "2017-03-31": "-106.51100", "2016-12-31": "-115.43300", "2016-09-30": "-106.67600", "2016-06-30": "-92.45000", "2016-03-31": "-110.02800", "2015-12-31": "-92.51200", "2015-09-30": "-78.33000", "2015-06-30": "-72.94400", "2015-03-31": "-52.22200", "2014-12-31": "-45.71200", "2014-09-30": "-45.19900", "2014-06-30": "-45.00500", "2014-03-31": "-269.06400", "2013-12-31": "-29.59200", "2013-09-30": "-32.23400", "2013-06-30": "-21.31200", "2013-03-31": "-9.80400", "2012-12-31": "-88.34900", "2012-09-30": "-18.14700", "2012-06-30": "-12.06700", "2012-03-31": "-10.89300", "2011-12-31": "-13.58600", "2011-09-30": "-12.43800", "2011-06-30": "-13.11800", "2011-03-31": "-15.67600", "2010-12-31": "-12.41000", "2010-09-30": "-8.72800", "2010-06-30": "-11.62600", "2010-03-31": "-11.30600", "2009-12-31": "-8.06900", "2009-09-30": "-9.65000", "2009-06-30": "-22.41200", "2009-03-31": "-7.98000", "2008-12-31": "-7.81300", "2008-09-30": "-3.23400", "2008-06-30": "-12.83100", "2008-03-31": "-3.95700", "2007-12-31": "-2.89200", "2007-09-30": "-51.33800", "2007-06-30": "-14.95300", "2007-03-31": "-23.99400", "2006-12-31": "6.98100", "2006-09-30": "-8.60400", "2006-06-30": "-11.10900", "2006-03-31": "-9.79700", "2005-12-31": "-14.91700", "2005-09-30": "-10.67000", "2005-06-30": "-11.20400", "2005-03-31": "-6.68100"}, "Basic Shares Outstanding": {"2020-09-30": "115.98600", "2020-06-30": "114.91100", "2020-03-31": "112.74800", "2019-12-31": "109.26400", "2019-09-30": "108.70100", "2019-06-30": "108.57600", "2019-03-31": "105.40000", "2018-12-31": "100.59000", "2018-09-30": "100.78300", "2018-06-30": "100.51900", "2018-03-31": "99.97900", "2017-12-31": "90.55400", "2017-09-30": "91.82800", "2017-06-30": "88.09800", "2017-03-31": "86.02700", "2016-12-31": "85.59600", "2016-09-30": "85.71600", "2016-06-30": "85.54500", "2016-03-31": "85.27700", "2015-12-31": "83.99200", "2015-09-30": "84.63300", "2015-06-30": "84.35300", "2015-03-31": "82.07400", "2014-12-31": "74.27800", "2014-09-30": "76.40800", "2014-06-30": "75.83500", "2014-03-31": "67.78600", "2013-12-31": "61.55100", "2013-09-30": "62.41600", "2013-06-30": "61.66100", "2013-03-31": "59.17300", "2012-12-31": "50.28600", "2012-09-30": "51.54200", "2012-06-30": "51.28000", "2012-03-31": "46.21000", "2011-12-31": "42.41000", "2011-09-30": "42.65400", "2011-06-30": "42.37900", "2011-03-31": "42.34500", "2010-12-31": "42.04000", "2010-09-30": "42.12300", "2010-06-30": "41.99100", "2010-03-31": "41.87000", "2009-12-31": "41.63300", "2009-09-30": "41.70800", "2009-06-30": "41.52000", "2009-03-31": "41.39900", "2008-12-31": "41.07700", "2008-09-30": "41.19700", "2008-06-30": "40.90800", "2008-03-31": "40.73600", "2007-12-31": "38.65700", "2007-09-30": "39.02500", "2007-06-30": "37.53400", "2007-03-31": "37.37600", "2006-12-31": "31.89000", "2006-09-30": "32.12200", "2006-06-30": "32.01000", "2006-03-31": "30.02800", "2005-12-31": "21.94900", "2005-09-30": "20.91400", "2005-06-30": "20.60600", "2005-03-31": "20.43500"}, "Shares Outstanding": {"2020-09-30": "115.98600", "2020-06-30": "114.91100", "2020-03-31": "112.74800", "2019-12-31": "109.26400", "2019-09-30": "108.70100", "2019-06-30": "108.57600", "2019-03-31": "105.40000", "2018-12-31": "100.59000", "2018-09-30": "100.78300", "2018-06-30": "100.51900", "2018-03-31": "99.97900", "2017-12-31": "90.55400", "2017-09-30": "91.82800", "2017-06-30": "88.09800", "2017-03-31": "86.02700", "2016-12-31": "85.59600", "2016-09-30": "85.71600", "2016-06-30": "85.54500", "2016-03-31": "85.27700", "2015-12-31": "83.99200", "2015-09-30": "84.63300", "2015-06-30": "84.35300", "2015-03-31": "82.07400", "2014-12-31": "74.27800", "2014-09-30": "76.40800", "2014-06-30": "75.83500", "2014-03-31": "67.78600", "2013-12-31": "61.55100", "2013-09-30": "62.41600", "2013-06-30": "61.66100", "2013-03-31": "59.17300", "2012-12-31": "50.28600", "2012-09-30": "51.54200", "2012-06-30": "51.28000", "2012-03-31": "46.21000", "2011-12-31": "42.41000", "2011-09-30": "42.65400", "2011-06-30": "42.37900", "2011-03-31": "42.34500", "2010-12-31": "42.04000", "2010-09-30": "42.12300", "2010-06-30": "41.99100", "2010-03-31": "41.87000", "2009-12-31": "41.63300", "2009-09-30": "41.70800", "2009-06-30": "41.52000", "2009-03-31": "41.39900", "2008-12-31": "41.07700", "2008-09-30": "41.19700", "2008-06-30": "40.90800", "2008-03-31": "40.73600", "2007-12-31": "38.65700", "2007-09-30": "39.02500", "2007-06-30": "37.53400", "2007-03-31": "37.37600", "2006-12-31": "31.89000", "2006-09-30": "32.12200", "2006-06-30": "32.01000", "2006-03-31": "30.02800", "2005-12-31": "21.94900", "2005-09-30": "20.91400", "2005-06-30": "20.60600", "2005-03-31": "20.43500"}, "Basic EPS": {"2020-09-30": "-2.18000", "2020-06-30": "-1.56000", "2020-03-31": "-1.62000", "2019-12-31": "-2.44000", "2019-09-30": "-1.92000", "2019-06-30": "-2.02000", "2019-03-31": "-1.73000", "2018-12-31": "-2.10000", "2018-09-30": "-2.43000", "2018-06-30": "-1.63000", "2018-03-31": "-1.41000", "2017-12-31": "-1.49000", "2017-09-30": "-1.34000", "2017-06-30": "-1.34000", "2017-03-31": "-1.25000", "2016-12-31": "-1.32000", "2016-09-30": "-1.21000", "2016-06-30": "-1.05000", "2016-03-31": "-1.21000", "2015-12-31": "-1.07000", "2015-09-30": "-0.91000", "2015-06-30": "-0.85000", "2015-03-31": "-0.62000", "2014-12-31": "0.01000", "2014-09-30": "-0.58000", "2014-06-30": "-0.58000", "2014-03-31": "-3.70000", "2013-12-31": "-0.53000", "2013-09-30": "-0.48000", "2013-06-30": "-0.29000", "2013-03-31": "-0.15000", "2012-12-31": "-1.23000", "2012-09-30": "-0.38000", "2012-06-30": "-0.25000", "2012-03-31": "-0.25000", "2011-12-31": "-0.34000", "2011-09-30": "-0.31000", "2011-06-30": "-0.33000", "2011-03-31": "-0.38000", "2010-12-31": "-0.17000", "2010-09-30": "-0.23000", "2010-06-30": "-0.35000", "2010-03-31": "-0.29000", "2009-12-31": "-0.18000", "2009-09-30": "-0.22000", "2009-06-30": "-0.55000", "2009-03-31": "-0.19000", "2008-12-31": "-0.23000", "2008-09-30": "-0.07000", "2008-06-30": "-0.31000", "2008-03-31": "-0.03000", "2007-12-31": "0.06000", "2007-09-30": "-1.35000", "2007-06-30": "-0.34000", "2007-03-31": "-0.58000", "2006-12-31": "-0.25000", "2006-09-30": "-0.23000", "2006-06-30": "-0.31000", "2006-03-31": "-0.30000", "2005-12-31": "-0.59000", "2005-09-30": "-0.51000", "2005-06-30": "-0.54000", "2005-03-31": "-0.32000"}, "EPS - Earnings Per Share": {"2020-09-30": "-2.18000", "2020-06-30": "-1.56000", "2020-03-31": "-1.62000", "2019-12-31": "-2.44000", "2019-09-30": "-1.92000", "2019-06-30": "-2.02000", "2019-03-31": "-1.73000", "2018-12-31": "-2.10000", "2018-09-30": "-2.43000", "2018-06-30": "-1.63000", "2018-03-31": "-1.41000", "2017-12-31": "-1.49000", "2017-09-30": "-1.34000", "2017-06-30": "-1.34000", "2017-03-31": "-1.25000", "2016-12-31": "-1.32000", "2016-09-30": "-1.21000", "2016-06-30": "-1.05000", "2016-03-31": "-1.21000", "2015-12-31": "-1.07000", "2015-09-30": "-0.91000", "2015-06-30": "-0.85000", "2015-03-31": "-0.62000", "2014-12-31": "0.01000", "2014-09-30": "-0.58000", "2014-06-30": "-0.58000", "2014-03-31": "-3.70000", "2013-12-31": "-0.53000", "2013-09-30": "-0.48000", "2013-06-30": "-0.29000", "2013-03-31": "-0.15000", "2012-12-31": "-1.23000", "2012-09-30": "-0.38000", "2012-06-30": "-0.25000", "2012-03-31": "-0.25000", "2011-12-31": "-0.34000", "2011-09-30": "-0.31000", "2011-06-30": "-0.33000", "2011-03-31": "-0.38000", "2010-12-31": "-0.17000", "2010-09-30": "-0.23000", "2010-06-30": "-0.35000", "2010-03-31": "-0.29000", "2009-12-31": "-0.18000", "2009-09-30": "-0.22000", "2009-06-30": "-0.55000", "2009-03-31": "-0.19000", "2008-12-31": "-0.23000", "2008-09-30": "-0.07000", "2008-06-30": "-0.31000", "2008-03-31": "-0.03000", "2007-12-31": "0.06000", "2007-09-30": "-1.35000", "2007-06-30": "-0.34000", "2007-03-31": "-0.58000", "2006-12-31": "-0.25000", "2006-09-30": "-0.23000", "2006-06-30": "-0.31000", "2006-03-31": "-0.30000", "2005-12-31": "-0.59000", "2005-09-30": "-0.51000", "2005-06-30": "-0.54000", "2005-03-31": "-0.32000"}}, "balance sheet": {"Cash On Hand": {"2019-12-31": "1536.16200", "2018-12-31": "1084.15500", "2017-12-31": "1690.61800", "2016-12-31": "626.79900", "2015-12-31": "1080.53100", "2014-12-31": "696.69100", "2013-12-31": "245.87000", "2012-12-31": "122.81200", "2011-12-31": "146.40200", "2010-12-31": "233.13100", "2009-12-31": "281.40200", "2008-12-31": "433.38700", "2007-12-31": "389.94800", "2006-12-31": "217.26000", "2005-12-31": "80.00200"}, "Receivables": {"2019-12-31": "43.01100", "2018-12-31": "18.76000", "2017-12-31": "34.00200", "2016-12-31": "23.33400", "2015-12-31": "8.29800", "2014-12-31": "39.93700", "2013-12-31": "4.24800", "2012-12-31": "0.10400", "2011-12-31": "1.46800", "2010-12-31": "14.11900", "2009-12-31": "6.04400", "2008-12-31": "4.18800", "2007-12-31": "5.03100", "2006-12-31": "3.82900", "2005-12-31": "0.75500"}, "Inventory": {"2019-12-31": "56.34800", "2018-12-31": "24.06800", "2017-12-31": "", "2016-12-31": "", "2015-12-31": "", "2014-12-31": "", "2013-12-31": "", "2012-12-31": "", "2011-12-31": "", "2010-12-31": "", "2009-12-31": "", "2008-12-31": "", "2007-12-31": "", "2006-12-31": "", "2005-12-31": ""}, "Pre-Paid Expenses": {"2019-12-31": "80.34300", "2018-12-31": "73.71300", "2017-12-31": "40.12000", "2016-12-31": "21.74400", "2015-12-31": "16.55900", "2014-12-31": "9.73900", "2013-12-31": "3.91000", "2012-12-31": "2.64100", "2011-12-31": "4.15800", "2010-12-31": "6.88900", "2009-12-31": "4.15100", "2008-12-31": "4.67400", "2007-12-31": "2.92600", "2006-12-31": "1.69500", "2005-12-31": "1.65700"}, "Other Current Assets": {"2019-12-31": "", "2018-12-31": "", "2017-12-31": "", "2016-12-31": "", "2015-12-31": "", "2014-12-31": "", "2013-12-31": "", "2012-12-31": "", "2011-12-31": "", "2010-12-31": "", "2009-12-31": "", "2008-12-31": "", "2007-12-31": "", "2006-12-31": "", "2005-12-31": ""}, "Total Current Assets": {"2019-12-31": "1715.86400", "2018-12-31": "1200.69600", "2017-12-31": "1764.74000", "2016-12-31": "671.87700", "2015-12-31": "1105.38800", "2014-12-31": "746.36700", "2013-12-31": "254.02800", "2012-12-31": "125.55700", "2011-12-31": "152.02800", "2010-12-31": "254.13900", "2009-12-31": "293.53400", "2008-12-31": "443.12400", "2007-12-31": "397.90500", "2006-12-31": "222.78400", "2005-12-31": "82.41400"}, "Property, Plant, And Equipment": {"2019-12-31": "425.17900", "2018-12-31": "320.65800", "2017-12-31": "181.90000", "2016-12-31": "114.57200", "2015-12-31": "27.81200", "2014-12-31": "21.74000", "2013-12-31": "16.44800", "2012-12-31": "19.79900", "2011-12-31": "14.64300", "2010-12-31": "18.28900", "2009-12-31": "18.32400", "2008-12-31": "19.19400", "2007-12-31": "13.81000", "2006-12-31": "12.17300", "2005-12-31": "10.58000"}, "Long-Term Investments": {"2019-12-31": "14.82500", "2018-12-31": "44.82500", "2017-12-31": "43.91900", "2016-12-31": "474.79900", "2015-12-31": "251.83900", "2014-12-31": "279.82100", "2013-12-31": "150.05400", "2012-12-31": "142.16400", "2011-12-31": "114.40700", "2010-12-31": "120.38900", "2009-12-31": "160.34900", "2008-12-31": "83.90400", "2007-12-31": "74.78300", "2006-12-31": "", "2005-12-31": ""}, "Goodwill And Intangible Assets": {"2019-12-31": "", "2018-12-31": "", "2017-12-31": "", "2016-12-31": "", "2015-12-31": "", "2014-12-31": "", "2013-12-31": "", "2012-12-31": "", "2011-12-31": "", "2010-12-31": "0.44800", "2009-12-31": "0.62200", "2008-12-31": "0.79500", "2007-12-31": "0.96800", "2006-12-31": "1.93300", "2005-12-31": "2.49100"}, "Other Long-Term Assets": {"2019-12-31": "18.06900", "2018-12-31": "8.62300", "2017-12-31": "4.17100", "2016-12-31": "1.56200", "2015-12-31": "1.47100", "2014-12-31": "", "2013-12-31": "", "2012-12-31": "", "2011-12-31": "0.83900", "2010-12-31": "", "2009-12-31": "", "2008-12-31": "3.15200", "2007-12-31": "6.32500", "2006-12-31": "3.11600", "2005-12-31": "2.86300"}, "Total Long-Term Assets": {"2019-12-31": "679.27000", "2018-12-31": "374.10600", "2017-12-31": "229.99000", "2016-12-31": "590.93300", "2015-12-31": "281.12200", "2014-12-31": "333.22800", "2013-12-31": "166.50200", "2012-12-31": "161.96300", "2011-12-31": "129.88900", "2010-12-31": "139.12600", "2009-12-31": "187.85100", "2008-12-31": "111.55200", "2007-12-31": "95.88600", "2006-12-31": "17.22200", "2005-12-31": "15.93400"}, "Total Assets": {"2019-12-31": "2395.13400", "2018-12-31": "1574.80200", "2017-12-31": "1994.73000", "2016-12-31": "1262.81000", "2015-12-31": "1386.51000", "2014-12-31": "1079.59500", "2013-12-31": "420.53000", "2012-12-31": "287.52000", "2011-12-31": "281.91700", "2010-12-31": "393.26500", "2009-12-31": "481.38500", "2008-12-31": "554.67600", "2007-12-31": "493.79100", "2006-12-31": "240.00600", "2005-12-31": "98.34800"}, "Total Current Liabilities": {"2019-12-31": "352.59400", "2018-12-31": "179.49400", "2017-12-31": "144.25100", "2016-12-31": "131.69900", "2015-12-31": "62.09900", "2014-12-31": "95.33400", "2013-12-31": "53.86400", "2012-12-31": "48.34500", "2011-12-31": "80.99000", "2010-12-31": "102.04600", "2009-12-31": "110.73300", "2008-12-31": "99.45200", "2007-12-31": "83.47800", "2006-12-31": "22.92500", "2005-12-31": "18.48400"}, "Long Term Debt": {"2019-12-31": "", "2018-12-31": "30.00000", "2017-12-31": "30.00000", "2016-12-31": "150.00000", "2015-12-31": "", "2014-12-31": "", "2013-12-31": "", "2012-12-31": "", "2011-12-31": "", "2010-12-31": "", "2009-12-31": "", "2008-12-31": "", "2007-12-31": "2.96300", "2006-12-31": "5.91900", "2005-12-31": "5.51900"}, "Other Non-Current Liabilities": {"2019-12-31": "9.33000", "2018-12-31": "4.96500", "2017-12-31": "4.34700", "2016-12-31": "3.06700", "2015-12-31": "1.30100", "2014-12-31": "", "2013-12-31": "", "2012-12-31": "", "2011-12-31": "0.71600", "2010-12-31": "0.14300", "2009-12-31": "0.19400", "2008-12-31": "0.24600", "2007-12-31": "0.30200", "2006-12-31": "", "2005-12-31": ""}, "Total Long Term Liabilities": {"2019-12-31": "603.84800", "2018-12-31": "93.34300", "2017-12-31": "84.04800", "2016-12-31": "210.89000", "2015-12-31": "59.69700", "2014-12-31": "47.99400", "2013-12-31": "96.31900", "2012-12-31": "105.12200", "2011-12-31": "82.93000", "2010-12-31": "132.98600", "2009-12-31": "192.68700", "2008-12-31": "253.09900", "2007-12-31": "211.14500", "2006-12-31": "15.90700", "2005-12-31": "18.08500"}, "Total Liabilities": {"2019-12-31": "956.44200", "2018-12-31": "272.83700", "2017-12-31": "228.29900", "2016-12-31": "342.58900", "2015-12-31": "121.79600", "2014-12-31": "143.32800", "2013-12-31": "150.18300", "2012-12-31": "153.46700", "2011-12-31": "163.92000", "2010-12-31": "235.03200", "2009-12-31": "303.42000", "2008-12-31": "352.55100", "2007-12-31": "294.62300", "2006-12-31": "38.83200", "2005-12-31": "36.56900"}, "Common Stock Net": {"2019-12-31": "1.12200", "2018-12-31": "1.01100", "2017-12-31": "0.99700", "2016-12-31": "0.85900", "2015-12-31": "0.85100", "2014-12-31": "0.77200", "2013-12-31": "0.63700", "2012-12-31": "0.52500", "2011-12-31": "0.42700", "2010-12-31": "0.42300", "2009-12-31": "0.41800", "2008-12-31": "0.41400", "2007-12-31": "0.40800", "2006-12-31": "0.37100", "2005-12-31": "0.26700"}, "Retained Earnings (Accumulated Deficit)": {"2019-12-31": "-3727.08800", "2018-12-31": "-2840.97200", "2017-12-31": "-2147.68500", "2016-12-31": "-1656.81100", "2015-12-31": "-1246.70300", "2014-12-31": "-956.63000", "2013-12-31": "-596.23500", "2012-12-31": "-507.01000", "2011-12-31": "-400.99600", "2010-12-31": "-343.34700", "2009-12-31": "-299.83200", "2008-12-31": "-252.24200", "2007-12-31": "-225.99300", "2006-12-31": "-140.52700", "2005-12-31": "-105.91900"}, "Comprehensive Income": {"2019-12-31": "-36.51800", "2018-12-31": "-33.21300", "2017-12-31": "-34.43300", "2016-12-31": "-33.44100", "2015-12-31": "4.36900", "2014-12-31": "48.76300", "2013-12-31": "19.71700", "2012-12-31": "15.66200", "2011-12-31": "-0.16500", "2010-12-31": "0.71400", "2009-12-31": "0.71600", "2008-12-31": "1.18600", "2007-12-31": "0.30000", "2006-12-31": "0.64000", "2005-12-31": "-0.14200"}, "Other Share Holders Equity": {"2019-12-31": "", "2018-12-31": "", "2017-12-31": "", "2016-12-31": "", "2015-12-31": "", "2014-12-31": "", "2013-12-31": "", "2012-12-31": "", "2011-12-31": "", "2010-12-31": "", "2009-12-31": "", "2008-12-31": "", "2007-12-31": "", "2006-12-31": "", "2005-12-31": ""}, "Share Holder Equity": {"2019-12-31": "1438.69200", "2018-12-31": "1301.96500", "2017-12-31": "1766.43100", "2016-12-31": "920.22100", "2015-12-31": "1264.71400", "2014-12-31": "936.26700", "2013-12-31": "270.34700", "2012-12-31": "134.05300", "2011-12-31": "117.99700", "2010-12-31": "158.23300", "2009-12-31": "177.96500", "2008-12-31": "202.12500", "2007-12-31": "199.16800", "2006-12-31": "201.17400", "2005-12-31": "61.77900"}, "Total Liabilities And Share Holders Equity": {"2019-12-31": "2395.13400", "2018-12-31": "1574.80200", "2017-12-31": "1994.73000", "2016-12-31": "1262.81000", "2015-12-31": "1386.51000", "2014-12-31": "1079.59500", "2013-12-31": "420.53000", "2012-12-31": "287.52000", "2011-12-31": "281.91700", "2010-12-31": "393.26500", "2009-12-31": "481.38500", "2008-12-31": "554.67600", "2007-12-31": "493.79100", "2006-12-31": "240.00600", "2005-12-31": "98.34800"}}, "balance sheet, quarterly": {"Cash On Hand": {"2020-09-30": "1833.87600", "2020-06-30": "1925.56400", "2020-03-31": "1342.20300", "2019-12-31": "1536.16200", "2019-09-30": "1721.05800", "2019-06-30": "1926.83100", "2019-03-31": "1244.53700", "2018-12-31": "1084.15500", "2018-09-30": "1236.83400", "2018-06-30": "1447.66600", "2018-03-31": "1567.86400", "2017-12-31": "1690.61800", "2017-09-30": "948.29400", "2017-06-30": "923.27100", "2017-03-31": "559.60400", "2016-12-31": "626.79900", "2016-09-30": "713.13600", "2016-06-30": "856.40200", "2016-03-31": "1013.63400", "2015-12-31": "1080.53100", "2015-09-30": "1016.21000", "2015-06-30": "1004.63000", "2015-03-31": "1066.87300", "2014-12-31": "696.69100", "2014-09-30": "631.93400", "2014-06-30": "654.76200", "2014-03-31": "665.49000", "2013-12-31": "245.87000", "2013-09-30": "193.77900", "2013-06-30": "209.69400", "2013-03-31": "236.01100", "2012-12-31": "122.81200", "2012-09-30": "228.33600", "2012-06-30": "229.02400", "2012-03-31": "199.09500", "2011-12-31": "146.40200", "2011-09-30": "173.02100", "2011-06-30": "217.94900", "2011-03-31": "244.64000", "2010-12-31": "233.13100", "2010-09-30": "231.36700", "2010-06-30": "259.19400", "2010-03-31": "261.75800", "2009-12-31": "281.40200", "2009-09-30": "217.97000", "2009-06-30": "267.23800", "2009-03-31": "408.05400", "2008-12-31": "433.38700", "2008-09-30": "423.11600", "2008-06-30": "541.32300", "2008-03-31": "443.87300", "2007-12-31": "389.94800", "2007-09-30": "468.37800", "2007-06-30": "194.76800", "2007-03-31": "204.46600", "2006-12-31": "217.26000", "2006-09-30": "120.27400", "2006-06-30": "123.26700", "2006-03-31": "132.27500", "2005-12-31": "80.00200", "2005-09-30": "24.80900", "2005-06-30": "31.64200", "2005-03-31": "38.29000"}, "Receivables": {"2020-09-30": "579.11800", "2020-06-30": "69.11500", "2020-03-31": "75.57200", "2019-12-31": "43.01100", "2019-09-30": "48.10900", "2019-06-30": "30.73900", "2019-03-31": "33.80100", "2018-12-31": "18.76000", "2018-09-30": "3.36200", "2018-06-30": "2.96100", "2018-03-31": "50.76800", "2017-12-31": "34.00200", "2017-09-30": "14.64400", "2017-06-30": "15.40500", "2017-03-31": "19.45700", "2016-12-31": "23.33400", "2016-09-30": "15.14600", "2016-06-30": "9.51400", "2016-03-31": "8.81400", "2015-12-31": "8.29800", "2015-09-30": "8.13000", "2015-06-30": "9.40300", "2015-03-31": "10.10700", "2014-12-31": "39.93700", "2014-09-30": "0.38400", "2014-06-30": "0.08900", "2014-03-31": "0.16400", "2013-12-31": "4.24800", "2013-09-30": "0.60900", "2013-06-30": "0.46000", "2013-03-31": "0.55800", "2012-12-31": "0.10400", "2012-09-30": "1.91800", "2012-06-30": "4.38500", "2012-03-31": "2.19200", "2011-12-31": "1.46800", "2011-09-30": "2.02700", "2011-06-30": "1.30800", "2011-03-31": "1.15000", "2010-12-31": "14.11900", "2010-09-30": "4.88100", "2010-06-30": "6.35800", "2010-03-31": "4.50500", "2009-12-31": "6.04400", "2009-09-30": "5.02200", "2009-06-30": "5.85700", "2009-03-31": "5.83100", "2008-12-31": "4.18800", "2008-09-30": "24.14000", "2008-06-30": "5.12600", "2008-03-31": "9.68000", "2007-12-31": "5.03100", "2007-09-30": "5.12900", "2007-06-30": "5.61500", "2007-03-31": "4.39300", "2006-12-31": "3.82900", "2006-09-30": "4.84700", "2006-06-30": "3.59100", "2006-03-31": "3.11600", "2005-12-31": "0.75500", "2005-09-30": "0.58700", "2005-06-30": "0.96000", "2005-03-31": "2.16400"}, "Inventory": {"2020-09-30": "66.94200", "2020-06-30": "77.41800", "2020-03-31": "68.30000", "2019-12-31": "56.34800", "2019-09-30": "54.56200", "2019-06-30": "40.58700", "2019-03-31": "32.00100", "2018-12-31": "24.06800", "2018-09-30": "11.08100", "2018-06-30": "", "2018-03-31": "", "2017-12-31": "", "2017-09-30": "", "2017-06-30": "", "2017-03-31": "", "2016-12-31": "", "2016-09-30": "", "2016-06-30": "", "2016-03-31": "", "2015-12-31": "", "2015-09-30": "", "2015-06-30": "", "2015-03-31": "", "2014-12-31": "", "2014-09-30": "", "2014-06-30": "", "2014-03-31": "", "2013-12-31": "", "2013-09-30": "", "2013-06-30": "", "2013-03-31": "", "2012-12-31": "", "2012-09-30": "", "2012-06-30": "", "2012-03-31": "", "2011-12-31": "", "2011-09-30": "", "2011-06-30": "", "2011-03-31": "", "2010-12-31": "", "2010-09-30": "", "2010-06-30": "", "2010-03-31": "", "2009-12-31": "", "2009-09-30": "", "2009-06-30": "", "2009-03-31": "", "2008-12-31": "", "2008-09-30": "", "2008-06-30": "", "2008-03-31": "", "2007-12-31": "", "2007-09-30": "", "2007-06-30": "", "2007-03-31": "", "2006-12-31": "", "2006-09-30": "", "2006-06-30": "", "2006-03-31": "", "2005-12-31": "", "2005-09-30": "", "2005-06-30": "", "2005-03-31": ""}, "Pre-Paid Expenses": {"2020-09-30": "74.76600", "2020-06-30": "88.34900", "2020-03-31": "98.69800", "2019-12-31": "80.34300", "2019-09-30": "73.53600", "2019-06-30": "65.61600", "2019-03-31": "81.67400", "2018-12-31": "73.71300", "2018-09-30": "90.84300", "2018-06-30": "51.93200", "2018-03-31": "66.66500", "2017-12-31": "40.12000", "2017-09-30": "30.43000", "2017-06-30": "22.03300", "2017-03-31": "18.12700", "2016-12-31": "21.74400", "2016-09-30": "19.28200", "2016-06-30": "22.15200", "2016-03-31": "27.62600", "2015-12-31": "16.55900", "2015-09-30": "17.45300", "2015-06-30": "15.11700", "2015-03-31": "13.20600", "2014-12-31": "9.73900", "2014-09-30": "10.69900", "2014-06-30": "10.27000", "2014-03-31": "8.40900", "2013-12-31": "3.91000", "2013-09-30": "4.77600", "2013-06-30": "4.20500", "2013-03-31": "3.54200", "2012-12-31": "2.64100", "2012-09-30": "5.67900", "2012-06-30": "6.93300", "2012-03-31": "7.25200", "2011-12-31": "4.15800", "2011-09-30": "4.90900", "2011-06-30": "5.07700", "2011-03-31": "4.91900", "2010-12-31": "6.88900", "2010-09-30": "6.43200", "2010-06-30": "6.02100", "2010-03-31": "5.10900", "2009-12-31": "4.15100", "2009-09-30": "5.17300", "2009-06-30": "5.32700", "2009-03-31": "5.45400", "2008-12-31": "4.67400", "2008-09-30": "4.52300", "2008-06-30": "4.18200", "2008-03-31": "1.92200", "2007-12-31": "2.92600", "2007-09-30": "4.12500", "2007-06-30": "1.57500", "2007-03-31": "1.05700", "2006-12-31": "1.69500", "2006-09-30": "1.70600", "2006-06-30": "2.19900", "2006-03-31": "1.72900", "2005-12-31": "1.65700", "2005-09-30": "1.30100", "2005-06-30": "1.23800", "2005-03-31": "0.98800"}, "Other Current Assets": {"2020-09-30": "", "2020-06-30": "", "2020-03-31": "", "2019-12-31": "", "2019-09-30": "", "2019-06-30": "", "2019-03-31": "", "2018-12-31": "", "2018-09-30": "", "2018-06-30": "", "2018-03-31": "", "2017-12-31": "", "2017-09-30": "", "2017-06-30": "", "2017-03-31": "", "2016-12-31": "", "2016-09-30": "", "2016-06-30": "", "2016-03-31": "", "2015-12-31": "", "2015-09-30": "", "2015-06-30": "", "2015-03-31": "", "2014-12-31": "", "2014-09-30": "", "2014-06-30": "", "2014-03-31": "", "2013-12-31": "", "2013-09-30": "", "2013-06-30": "", "2013-03-31": "", "2012-12-31": "", "2012-09-30": "", "2012-06-30": "", "2012-03-31": "", "2011-12-31": "", "2011-09-30": "", "2011-06-30": "", "2011-03-31": "", "2010-12-31": "", "2010-09-30": "", "2010-06-30": "", "2010-03-31": "", "2009-12-31": "", "2009-09-30": "", "2009-06-30": "", "2009-03-31": "", "2008-12-31": "", "2008-09-30": "", "2008-06-30": "", "2008-03-31": "", "2007-12-31": "", "2007-09-30": "", "2007-06-30": "", "2007-03-31": "", "2006-12-31": "", "2006-09-30": "", "2006-06-30": "", "2006-03-31": "", "2005-12-31": "", "2005-09-30": "", "2005-06-30": "", "2005-03-31": ""}, "Total Current Assets": {"2020-09-30": "2554.70200", "2020-06-30": "2160.44600", "2020-03-31": "1584.77300", "2019-12-31": "1715.86400", "2019-09-30": "1897.26500", "2019-06-30": "2063.77300", "2019-03-31": "1392.01300", "2018-12-31": "1200.69600", "2018-09-30": "1342.12000", "2018-06-30": "1502.55900", "2018-03-31": "1685.29700", "2017-12-31": "1764.74000", "2017-09-30": "993.36800", "2017-06-30": "960.70900", "2017-03-31": "597.18800", "2016-12-31": "671.87700", "2016-09-30": "747.56400", "2016-06-30": "888.06800", "2016-03-31": "1050.07400", "2015-12-31": "1105.38800", "2015-09-30": "1041.79300", "2015-06-30": "1029.15000", "2015-03-31": "1090.18600", "2014-12-31": "746.36700", "2014-09-30": "643.01700", "2014-06-30": "665.12100", "2014-03-31": "674.06300", "2013-12-31": "254.02800", "2013-09-30": "199.16400", "2013-06-30": "214.35900", "2013-03-31": "240.11100", "2012-12-31": "125.55700", "2012-09-30": "235.93300", "2012-06-30": "240.34200", "2012-03-31": "208.53900", "2011-12-31": "152.02800", "2011-09-30": "179.95700", "2011-06-30": "224.33400", "2011-03-31": "250.70900", "2010-12-31": "254.13900", "2010-09-30": "244.62300", "2010-06-30": "273.51000", "2010-03-31": "273.30900", "2009-12-31": "293.53400", "2009-09-30": "228.16500", "2009-06-30": "278.42200", "2009-03-31": "419.33900", "2008-12-31": "443.12400", "2008-09-30": "451.77900", "2008-06-30": "550.63100", "2008-03-31": "455.47500", "2007-12-31": "397.90500", "2007-09-30": "477.63200", "2007-06-30": "201.95800", "2007-03-31": "209.91600", "2006-12-31": "222.78400", "2006-09-30": "126.82700", "2006-06-30": "129.05700", "2006-03-31": "137.12000", "2005-12-31": "82.41400", "2005-09-30": "26.69700", "2005-06-30": "33.84000", "2005-03-31": "41.44200"}, "Property, Plant, And Equipment": {"2020-09-30": "444.69000", "2020-06-30": "439.12600", "2020-03-31": "429.81400", "2019-12-31": "425.17900", "2019-09-30": "396.45600", "2019-06-30": "371.76900", "2019-03-31": "341.71200", "2018-12-31": "320.65800", "2018-09-30": "272.65200", "2018-06-30": "227.83900", "2018-03-31": "201.97900", "2017-12-31": "181.90000", "2017-09-30": "161.89900", "2017-06-30": "147.53300", "2017-03-31": "129.96200", "2016-12-31": "114.57200", "2016-09-30": "74.21900", "2016-06-30": "55.39400", "2016-03-31": "36.81400", "2015-12-31": "27.81200", "2015-09-30": "26.31600", "2015-06-30": "25.16900", "2015-03-31": "21.16600", "2014-12-31": "21.74000", "2014-09-30": "18.80600", "2014-06-30": "16.95300", "2014-03-31": "15.73100", "2013-12-31": "16.44800", "2013-09-30": "16.97400", "2013-06-30": "18.04500", "2013-03-31": "18.98300", "2012-12-31": "19.79900", "2012-09-30": "18.79200", "2012-06-30": "14.20600", "2012-03-31": "13.70300", "2011-12-31": "14.64300", "2011-09-30": "15.30900", "2011-06-30": "16.25200", "2011-03-31": "17.02100", "2010-12-31": "18.28900", "2010-09-30": "18.39900", "2010-06-30": "18.55400", "2010-03-31": "18.30400", "2009-12-31": "18.32400", "2009-09-30": "18.15200", "2009-06-30": "18.48300", "2009-03-31": "19.32100", "2008-12-31": "19.19400", "2008-09-30": "19.57700", "2008-06-30": "18.85300", "2008-03-31": "15.87500", "2007-12-31": "13.81000", "2007-09-30": "10.43400", "2007-06-30": "12.96500", "2007-03-31": "12.52700", "2006-12-31": "12.17300", "2006-09-30": "12.85600", "2006-06-30": "13.04400", "2006-03-31": "11.35900", "2005-12-31": "10.58000", "2005-09-30": "10.76000", "2005-06-30": "11.08400", "2005-03-31": "11.54000"}, "Long-Term Investments": {"2020-09-30": "24.72500", "2020-06-30": "24.72500", "2020-03-31": "24.72500", "2019-12-31": "14.82500", "2019-09-30": "14.82500", "2019-06-30": "44.82500", "2019-03-31": "44.82500", "2018-12-31": "44.82500", "2018-09-30": "44.82500", "2018-06-30": "44.82500", "2018-03-31": "30.64800", "2017-12-31": "43.91900", "2017-09-30": "201.54300", "2017-06-30": "324.57000", "2017-03-31": "405.30500", "2016-12-31": "474.79900", "2016-09-30": "489.56600", "2016-06-30": "437.22900", "2016-03-31": "228.59000", "2015-12-31": "251.83900", "2015-09-30": "358.62900", "2015-06-30": "456.79800", "2015-03-31": "483.77100", "2014-12-31": "279.82100", "2014-09-30": "324.53400", "2014-06-30": "350.58500", "2014-03-31": "390.50300", "2013-12-31": "150.05400", "2013-09-30": "231.36500", "2013-06-30": "230.15400", "2013-03-31": "212.48400", "2012-12-31": "142.16400", "2012-09-30": "67.48200", "2012-06-30": "63.74100", "2012-03-31": "117.82200", "2011-12-31": "114.40700", "2011-09-30": "114.63900", "2011-06-30": "99.88100", "2011-03-31": "100.91700", "2010-12-31": "120.38900", "2010-09-30": "140.52300", "2010-06-30": "138.90700", "2010-03-31": "162.54100", "2009-12-31": "160.34900", "2009-09-30": "243.37400", "2009-06-30": "215.43400", "2009-03-31": "106.36000", "2008-12-31": "83.90400", "2008-09-30": "104.74600", "2008-06-30": "6.41200", "2008-03-31": "7.68400", "2007-12-31": "74.78300", "2007-09-30": "9.90100", "2007-06-30": "", "2007-03-31": "", "2006-12-31": "", "2006-09-30": "", "2006-06-30": "", "2006-03-31": "", "2005-12-31": "", "2005-09-30": "", "2005-06-30": "", "2005-03-31": ""}, "Goodwill And Intangible Assets": {"2020-09-30": "", "2020-06-30": "", "2020-03-31": "", "2019-12-31": "", "2019-09-30": "", "2019-06-30": "", "2019-03-31": "", "2018-12-31": "", "2018-09-30": "", "2018-06-30": "", "2018-03-31": "", "2017-12-31": "", "2017-09-30": "", "2017-06-30": "", "2017-03-31": "", "2016-12-31": "", "2016-09-30": "", "2016-06-30": "", "2016-03-31": "", "2015-12-31": "", "2015-09-30": "", "2015-06-30": "", "2015-03-31": "", "2014-12-31": "", "2014-09-30": "", "2014-06-30": "", "2014-03-31": "", "2013-12-31": "", "2013-09-30": "", "2013-06-30": "", "2013-03-31": "", "2012-12-31": "", "2012-09-30": "0.14500", "2012-06-30": "0.18800", "2012-03-31": "0.23100", "2011-12-31": "", "2011-09-30": "0.31800", "2011-06-30": "0.36100", "2011-03-31": "0.40500", "2010-12-31": "0.44800", "2010-09-30": "0.49100", "2010-06-30": "0.53500", "2010-03-31": "0.57800", "2009-12-31": "0.62200", "2009-09-30": "0.66500", "2009-06-30": "0.70800", "2009-03-31": "0.75100", "2008-12-31": "0.79500", "2008-09-30": "0.83800", "2008-06-30": "0.88200", "2008-03-31": "0.92500", "2007-12-31": "0.96800", "2007-09-30": "1.61000", "2007-06-30": "1.73700", "2007-03-31": "1.83500", "2006-12-31": "1.93300", "2006-09-30": "2.18000", "2006-06-30": "2.28400", "2006-03-31": "2.38700", "2005-12-31": "2.49100", "2005-09-30": "3.05000", "2005-06-30": "3.16800", "2005-03-31": "3.28700"}, "Other Long-Term Assets": {"2020-09-30": "37.93200", "2020-06-30": "20.39600", "2020-03-31": "19.03200", "2019-12-31": "18.06900", "2019-09-30": "9.63200", "2019-06-30": "9.68700", "2019-03-31": "9.03700", "2018-12-31": "8.62300", "2018-09-30": "16.05700", "2018-06-30": "14.16600", "2018-03-31": "5.21500", "2017-12-31": "4.17100", "2017-09-30": "1.47100", "2017-06-30": "1.47100", "2017-03-31": "1.47100", "2016-12-31": "1.56200", "2016-09-30": "1.56100", "2016-06-30": "1.47100", "2016-03-31": "1.47100", "2015-12-31": "1.47100", "2015-09-30": "", "2015-06-30": "", "2015-03-31": "", "2014-12-31": "", "2014-09-30": "", "2014-06-30": "", "2014-03-31": "", "2013-12-31": "", "2013-09-30": "", "2013-06-30": "", "2013-03-31": "", "2012-12-31": "", "2012-09-30": "", "2012-06-30": "", "2012-03-31": "", "2011-12-31": "0.83900", "2011-09-30": "", "2011-06-30": "", "2011-03-31": "", "2010-12-31": "", "2010-09-30": "", "2010-06-30": "", "2010-03-31": "", "2009-12-31": "", "2009-09-30": "", "2009-06-30": "", "2009-03-31": "3.15200", "2008-12-31": "3.15200", "2008-09-30": "3.24100", "2008-06-30": "3.26800", "2008-03-31": "6.29700", "2007-12-31": "6.32500", "2007-09-30": "5.51400", "2007-06-30": "2.99800", "2007-03-31": "3.06200", "2006-12-31": "3.11600", "2006-09-30": "2.66400", "2006-06-30": "2.72900", "2006-03-31": "2.82100", "2005-12-31": "2.86300", "2005-09-30": "2.74100", "2005-06-30": "2.77000", "2005-03-31": "2.79800"}, "Total Long-Term Assets": {"2020-09-30": "752.58100", "2020-06-30": "1213.92100", "2020-03-31": "694.85100", "2019-12-31": "679.27000", "2019-09-30": "644.35700", "2019-06-30": "652.63810", "2019-03-31": "621.98600", "2018-12-31": "374.10600", "2018-09-30": "333.53400", "2018-06-30": "286.83000", "2018-03-31": "237.84200", "2017-12-31": "229.99000", "2017-09-30": "364.91300", "2017-06-30": "473.57400", "2017-03-31": "536.73800", "2016-12-31": "590.93300", "2016-09-30": "565.34600", "2016-06-30": "494.09400", "2016-03-31": "266.87500", "2015-12-31": "281.12200", "2015-09-30": "394.35100", "2015-06-30": "501.62100", "2015-03-31": "538.60400", "2014-12-31": "333.22800", "2014-09-30": "343.34000", "2014-06-30": "367.53800", "2014-03-31": "406.23400", "2013-12-31": "166.50200", "2013-09-30": "248.33900", "2013-06-30": "248.19900", "2013-03-31": "231.46700", "2012-12-31": "161.96300", "2012-09-30": "86.41900", "2012-06-30": "78.13500", "2012-03-31": "131.75600", "2011-12-31": "129.88900", "2011-09-30": "130.26600", "2011-06-30": "116.49400", "2011-03-31": "118.34300", "2010-12-31": "139.12600", "2010-09-30": "167.98300", "2010-06-30": "166.67000", "2010-03-31": "190.09700", "2009-12-31": "187.85100", "2009-09-30": "267.50300", "2009-06-30": "240.23100", "2009-03-31": "135.19000", "2008-12-31": "111.55200", "2008-09-30": "128.40200", "2008-06-30": "29.41500", "2008-03-31": "30.78100", "2007-12-31": "95.88600", "2007-09-30": "27.45900", "2007-06-30": "17.70000", "2007-03-31": "17.42400", "2006-12-31": "17.22200", "2006-09-30": "17.70000", "2006-06-30": "18.05700", "2006-03-31": "16.56700", "2005-12-31": "15.93400", "2005-09-30": "16.55100", "2005-06-30": "17.02200", "2005-03-31": "17.62500"}, "Total Assets": {"2020-09-30": "3307.28300", "2020-06-30": "3374.36700", "2020-03-31": "2279.62400", "2019-12-31": "2395.13400", "2019-09-30": "2541.62200", "2019-06-30": "2716.41100", "2019-03-31": "2013.99900", "2018-12-31": "1574.80200", "2018-09-30": "1675.65400", "2018-06-30": "1789.38900", "2018-03-31": "1923.13900", "2017-12-31": "1994.73000", "2017-09-30": "1358.28100", "2017-06-30": "1434.28300", "2017-03-31": "1133.92600", "2016-12-31": "1262.81000", "2016-09-30": "1312.91000", "2016-06-30": "1382.16200", "2016-03-31": "1316.94900", "2015-12-31": "1386.51000", "2015-09-30": "1436.14400", "2015-06-30": "1530.77100", "2015-03-31": "1628.79000", "2014-12-31": "1079.59500", "2014-09-30": "986.35700", "2014-06-30": "1032.65900", "2014-03-31": "1080.29700", "2013-12-31": "420.53000", "2013-09-30": "447.50300", "2013-06-30": "462.55800", "2013-03-31": "471.57800", "2012-12-31": "287.52000", "2012-09-30": "322.35200", "2012-06-30": "318.47700", "2012-03-31": "340.29500", "2011-12-31": "281.91700", "2011-09-30": "310.22300", "2011-06-30": "340.82800", "2011-03-31": "369.05200", "2010-12-31": "393.26500", "2010-09-30": "412.60600", "2010-06-30": "440.18000", "2010-03-31": "463.40600", "2009-12-31": "481.38500", "2009-09-30": "495.66800", "2009-06-30": "518.65300", "2009-03-31": "554.52900", "2008-12-31": "554.67600", "2008-09-30": "580.18100", "2008-06-30": "580.04600", "2008-03-31": "486.25600", "2007-12-31": "493.79100", "2007-09-30": "505.09100", "2007-06-30": "219.65800", "2007-03-31": "227.34000", "2006-12-31": "240.00600", "2006-09-30": "144.52700", "2006-06-30": "147.11400", "2006-03-31": "153.68700", "2005-12-31": "98.34800", "2005-09-30": "43.24800", "2005-06-30": "50.86200", "2005-03-31": "59.06700"}, "Total Current Liabilities": {"2020-09-30": "480.24100", "2020-06-30": "384.30200", "2020-03-31": "338.79100", "2019-12-31": "352.59400", "2019-09-30": "352.86400", "2019-06-30": "328.60400", "2019-03-31": "149.16300", "2018-12-31": "179.49400", "2018-09-30": "121.50300", "2018-06-30": "113.65900", "2018-03-31": "115.38300", "2017-12-31": "144.25100", "2017-09-30": "101.04500", "2017-06-30": "108.72600", "2017-03-31": "95.78600", "2016-12-31": "131.69900", "2016-09-30": "81.76100", "2016-06-30": "70.57500", "2016-03-31": "66.36900", "2015-12-31": "62.09900", "2015-09-30": "57.11200", "2015-06-30": "66.59800", "2015-03-31": "80.69300", "2014-12-31": "95.33400", "2014-09-30": "56.84900", "2014-06-30": "53.74500", "2014-03-31": "83.83100", "2013-12-31": "53.86400", "2013-09-30": "54.89500", "2013-06-30": "53.06600", "2013-03-31": "49.75000", "2012-12-31": "48.34500", "2012-09-30": "54.75800", "2012-06-30": "57.06400", "2012-03-31": "66.63800", "2011-12-31": "80.99000", "2011-09-30": "93.92700", "2011-06-30": "100.53400", "2011-03-31": "99.34400", "2010-12-31": "102.04600", "2010-09-30": "99.43300", "2010-06-30": "102.03300", "2010-03-31": "98.57100", "2009-12-31": "110.73300", "2009-09-30": "101.12100", "2009-06-30": "102.33100", "2009-03-31": "104.25100", "2008-12-31": "99.45200", "2008-09-30": "102.02400", "2008-06-30": "105.72700", "2008-03-31": "84.91000", "2007-12-31": "83.47800", "2007-09-30": "87.45600", "2007-06-30": "27.10600", "2007-03-31": "23.49800", "2006-12-31": "22.92500", "2006-09-30": "21.53000", "2006-06-30": "20.60100", "2006-03-31": "19.99000", "2005-12-31": "18.48400", "2005-09-30": "8.00200", "2005-06-30": "9.02100", "2005-03-31": "6.13800"}, "Long Term Debt": {"2020-09-30": "", "2020-06-30": "", "2020-03-31": "", "2019-12-31": "", "2019-09-30": "", "2019-06-30": "30.00000", "2019-03-31": "30.00000", "2018-12-31": "30.00000", "2018-09-30": "30.00000", "2018-06-30": "30.00000", "2018-03-31": "30.00000", "2017-12-31": "30.00000", "2017-09-30": "150.00000", "2017-06-30": "150.00000", "2017-03-31": "150.00000", "2016-12-31": "150.00000", "2016-09-30": "150.00000", "2016-06-30": "150.00000", "2016-03-31": "", "2015-12-31": "", "2015-09-30": "", "2015-06-30": "", "2015-03-31": "", "2014-12-31": "", "2014-09-30": "", "2014-06-30": "", "2014-03-31": "", "2013-12-31": "", "2013-09-30": "", "2013-06-30": "", "2013-03-31": "", "2012-12-31": "", "2012-09-30": "", "2012-06-30": "", "2012-03-31": "", "2011-12-31": "", "2011-09-30": "", "2011-06-30": "", "2011-03-31": "", "2010-12-31": "", "2010-09-30": "", "2010-06-30": "", "2010-03-31": "", "2009-12-31": "", "2009-09-30": "", "2009-06-30": "", "2009-03-31": "", "2008-12-31": "", "2008-09-30": "0.71900", "2008-06-30": "0.93800", "2008-03-31": "1.95500", "2007-12-31": "2.96300", "2007-09-30": "3.94600", "2007-06-30": "4.90600", "2007-03-31": "5.06500", "2006-12-31": "5.91900", "2006-09-30": "6.43700", "2006-06-30": "6.33400", "2006-03-31": "5.32000", "2005-12-31": "5.51900", "2005-09-30": "5.78200", "2005-06-30": "6.18700", "2005-03-31": "6.47800"}, "Other Non-Current Liabilities": {"2020-09-30": "1049.04900", "2020-06-30": "1027.19100", "2020-03-31": "9.19800", "2019-12-31": "9.33000", "2019-09-30": "9.03600", "2019-06-30": "9.51400", "2019-03-31": "5.07200", "2018-12-31": "4.96500", "2018-09-30": "4.33500", "2018-06-30": "4.18600", "2018-03-31": "4.45800", "2017-12-31": "4.34700", "2017-09-30": "2.84200", "2017-06-30": "2.81500", "2017-03-31": "3.18400", "2016-12-31": "3.06700", "2016-09-30": "1.99100", "2016-06-30": "1.77700", "2016-03-31": "1.37300", "2015-12-31": "1.30100", "2015-09-30": "", "2015-06-30": "", "2015-03-31": "", "2014-12-31": "", "2014-09-30": "0.50000", "2014-06-30": "1.00000", "2014-03-31": "1.00000", "2013-12-31": "", "2013-09-30": "", "2013-06-30": "", "2013-03-31": "", "2012-12-31": "", "2012-09-30": "0.52100", "2012-06-30": "0.69000", "2012-03-31": "0.70300", "2011-12-31": "0.71600", "2011-09-30": "0.72900", "2011-06-30": "0.74200", "2011-03-31": "1.06700", "2010-12-31": "0.14300", "2010-09-30": "", "2010-06-30": "0.16800", "2010-03-31": "0.18100", "2009-12-31": "0.19400", "2009-09-30": "0.20700", "2009-06-30": "0.22000", "2009-03-31": "0.23300", "2008-12-31": "0.24600", "2008-09-30": "0.31800", "2008-06-30": "0.27000", "2008-03-31": "0.28600", "2007-12-31": "0.30200", "2007-09-30": "0.58300", "2007-06-30": "", "2007-03-31": "", "2006-12-31": "", "2006-09-30": "", "2006-06-30": "", "2006-03-31": "", "2005-12-31": "", "2005-09-30": "", "2005-06-30": "", "2005-03-31": ""}, "Total Long Term Liabilities": {"2020-09-30": "1612.01900", "2020-06-30": "1590.33900", "2020-03-31": "591.10400", "2019-12-31": "603.84800", "2019-09-30": "581.67100", "2019-06-30": "630.61200", "2019-03-31": "317.85000", "2018-12-31": "93.34300", "2018-09-30": "76.03200", "2018-06-30": "54.92800", "2018-03-31": "52.95100", "2017-12-31": "84.04800", "2017-09-30": "198.40100", "2017-06-30": "202.59100", "2017-03-31": "207.23900", "2016-12-31": "210.89000", "2016-09-30": "216.18100", "2016-06-30": "213.10500", "2016-03-31": "61.52900", "2015-12-31": "59.69700", "2015-09-30": "57.42800", "2015-06-30": "55.56900", "2015-03-31": "51.58700", "2014-12-31": "47.99400", "2014-09-30": "25.03000", "2014-06-30": "36.64500", "2014-03-31": "41.49300", "2013-12-31": "96.31900", "2013-09-30": "95.02600", "2013-06-30": "101.31700", "2013-03-31": "110.27200", "2012-12-31": "105.12200", "2012-09-30": "90.43400", "2012-06-30": "73.12600", "2012-03-31": "76.27900", "2011-12-31": "82.93000", "2011-09-30": "88.42300", "2011-06-30": "103.74300", "2011-03-31": "124.14100", "2010-12-31": "132.98600", "2010-09-30": "152.53000", "2010-06-30": "172.66900", "2010-03-31": "193.00500", "2009-12-31": "192.68700", "2009-09-30": "212.52600", "2009-06-30": "231.84000", "2009-03-31": "251.53400", "2008-12-31": "253.09900", "2008-09-30": "273.60000", "2008-06-30": "275.15000", "2008-03-31": "198.53400", "2007-12-31": "211.14500", "2007-09-30": "224.70000", "2007-06-30": "13.28200", "2007-03-31": "13.81500", "2006-12-31": "15.90700", "2006-09-30": "18.22000", "2006-06-30": "16.43600", "2006-03-31": "15.78100", "2005-12-31": "18.08500", "2005-09-30": "12.17500", "2005-06-30": "12.45300", "2005-03-31": "13.10000"}, "Total Liabilities": {"2020-09-30": "2092.26000", "2020-06-30": "1974.64100", "2020-03-31": "929.89500", "2019-12-31": "956.44200", "2019-09-30": "934.53500", "2019-06-30": "959.21600", "2019-03-31": "467.01300", "2018-12-31": "272.83700", "2018-09-30": "197.53500", "2018-06-30": "168.58700", "2018-03-31": "168.33400", "2017-12-31": "228.29900", "2017-09-30": "299.44600", "2017-06-30": "311.31700", "2017-03-31": "303.02500", "2016-12-31": "342.58900", "2016-09-30": "297.94200", "2016-06-30": "283.68000", "2016-03-31": "127.89800", "2015-12-31": "121.79600", "2015-09-30": "114.54000", "2015-06-30": "122.16700", "2015-03-31": "132.28000", "2014-12-31": "143.32800", "2014-09-30": "81.87900", "2014-06-30": "90.39000", "2014-03-31": "125.32400", "2013-12-31": "150.18300", "2013-09-30": "149.92100", "2013-06-30": "154.38300", "2013-03-31": "160.02200", "2012-12-31": "153.46700", "2012-09-30": "145.19200", "2012-06-30": "130.19000", "2012-03-31": "142.91700", "2011-12-31": "163.92000", "2011-09-30": "182.35000", "2011-06-30": "204.27700", "2011-03-31": "223.48500", "2010-12-31": "235.03200", "2010-09-30": "251.96300", "2010-06-30": "274.70200", "2010-03-31": "291.57600", "2009-12-31": "303.42000", "2009-09-30": "313.64700", "2009-06-30": "334.17100", "2009-03-31": "355.78500", "2008-12-31": "352.55100", "2008-09-30": "375.62400", "2008-06-30": "380.87700", "2008-03-31": "283.44400", "2007-12-31": "294.62300", "2007-09-30": "312.15600", "2007-06-30": "40.38800", "2007-03-31": "37.31300", "2006-12-31": "38.83200", "2006-09-30": "39.75000", "2006-06-30": "37.03700", "2006-03-31": "35.77100", "2005-12-31": "36.56900", "2005-09-30": "20.17700", "2005-06-30": "21.47400", "2005-03-31": "19.23800"}, "Common Stock Net": {"2020-09-30": "1.16100", "2020-06-30": "1.15600", "2020-03-31": "1.13100", "2019-12-31": "1.12200", "2019-09-30": "1.11300", "2019-06-30": "1.11000", "2019-03-31": "1.06400", "2018-12-31": "1.01100", "2018-09-30": "1.00900", "2018-06-30": "1.00500", "2018-03-31": "1.00500", "2017-12-31": "0.99700", "2017-09-30": "0.92400", "2017-06-30": "0.91700", "2017-03-31": "0.86100", "2016-12-31": "0.85900", "2016-09-30": "0.85800", "2016-06-30": "0.85600", "2016-03-31": "0.85500", "2015-12-31": "0.85100", "2015-09-30": "0.84700", "2015-06-30": "0.84500", "2015-03-31": "0.84200", "2014-12-31": "0.77200", "2014-09-30": "0.76700", "2014-06-30": "0.76300", "2014-03-31": "0.75500", "2013-12-31": "0.63700", "2013-09-30": "0.63200", "2013-06-30": "0.62400", "2013-03-31": "0.62100", "2012-12-31": "0.52500", "2012-09-30": "0.52400", "2012-06-30": "0.52000", "2012-03-31": "0.51900", "2011-12-31": "0.42700", "2011-09-30": "0.42700", "2011-06-30": "0.42700", "2011-03-31": "0.42400", "2010-12-31": "0.42300", "2010-09-30": "0.42200", "2010-06-30": "0.42100", "2010-03-31": "0.41900", "2009-12-31": "0.41800", "2009-09-30": "0.41800", "2009-06-30": "0.41700", "2009-03-31": "0.41400", "2008-12-31": "0.41400", "2008-09-30": "0.41400", "2008-06-30": "0.41100", "2008-03-31": "0.40800", "2007-12-31": "0.40800", "2007-09-30": "0.40600", "2007-06-30": "0.37600", "2007-03-31": "0.37500", "2006-12-31": "0.37100", "2006-09-30": "0.32200", "2006-06-30": "0.32100", "2006-03-31": "0.32000", "2005-12-31": "0.26700", "2005-09-30": "0.21200", "2005-06-30": "0.20900", "2005-03-31": "0.20900"}, "Retained Earnings (Accumulated Deficit)": {"2020-09-30": "-4341.82900", "2020-06-30": "-4088.53800", "2020-03-31": "-3909.30900", "2019-12-31": "-3727.08800", "2019-09-30": "-3450.90300", "2019-06-30": "-3242.36800", "2019-03-31": "-3022.88700", "2018-12-31": "-2840.97200", "2018-09-30": "-2629.53100", "2018-06-30": "-2384.24900", "2018-03-31": "-2220.68900", "2017-12-31": "-2147.68500", "2017-09-30": "-2005.45800", "2017-06-30": "-1882.52100", "2017-03-31": "-1764.10100", "2016-12-31": "-1656.81100", "2016-09-30": "-1543.87700", "2016-06-30": "-1439.80600", "2016-03-31": "-1349.67700", "2015-12-31": "-1246.70300", "2015-09-30": "-1155.98200", "2015-06-30": "-1079.19000", "2015-03-31": "-1007.40700", "2014-12-31": "-956.63000", "2014-09-30": "-935.24100", "2014-06-30": "-891.25200", "2014-03-31": "-847.17800", "2013-12-31": "-596.23500", "2013-09-30": "-563.87800", "2013-06-30": "-534.19200", "2013-03-31": "-516.02300", "2012-12-31": "-507.01000", "2012-09-30": "-444.82200", "2012-06-30": "-425.32000", "2012-03-31": "-412.36400", "2011-12-31": "-400.99600", "2011-09-30": "-386.69300", "2011-06-30": "-373.45600", "2011-03-31": "-359.63200", "2010-12-31": "-343.34700", "2010-09-30": "-336.41700", "2010-06-30": "-326.78700", "2010-03-31": "-312.15500", "2009-12-31": "-299.83200", "2009-09-30": "-292.04100", "2009-06-30": "-282.83300", "2009-03-31": "-260.13100", "2008-12-31": "-252.24200", "2008-09-30": "-242.85000", "2008-06-30": "-239.99200", "2008-03-31": "-227.23200", "2007-12-31": "-225.99300", "2007-09-30": "-227.65500", "2007-06-30": "-174.86300", "2007-03-31": "-162.17100", "2006-12-31": "-140.52700", "2006-09-30": "-132.08900", "2006-06-30": "-124.68900", "2006-03-31": "-114.77900", "2005-12-31": "-105.91900", "2005-09-30": "-91.42800", "2005-06-30": "-80.75000", "2005-03-31": "-69.60400"}, "Comprehensive Income": {"2020-09-30": "-37.19300", "2020-06-30": "-33.21200", "2020-03-31": "-32.05900", "2019-12-31": "-36.51800", "2019-09-30": "-34.37100", "2019-06-30": "-35.83100", "2019-03-31": "-32.85300", "2018-12-31": "-33.21300", "2018-09-30": "-33.39200", "2018-06-30": "-33.80700", "2018-03-31": "-34.85300", "2017-12-31": "-34.43300", "2017-09-30": "-33.74100", "2017-06-30": "-33.95900", "2017-03-31": "-33.82800", "2016-12-31": "-33.44100", "2016-09-30": "-27.77800", "2016-06-30": "-28.29600", "2016-03-31": "-9.01100", "2015-12-31": "4.36900", "2015-09-30": "-7.21900", "2015-06-30": "18.76200", "2015-03-31": "52.38500", "2014-12-31": "48.76300", "2014-09-30": "15.18600", "2014-06-30": "21.98300", "2014-03-31": "25.03000", "2013-12-31": "19.71700", "2013-09-30": "27.16800", "2013-06-30": "28.13000", "2013-03-31": "20.82100", "2012-12-31": "15.66200", "2012-09-30": "0.10800", "2012-06-30": "-0.06200", "2012-03-31": "-0.03700", "2011-12-31": "-0.16500", "2011-09-30": "-0.15100", "2011-06-30": "-0.24600", "2011-03-31": "-0.01800", "2010-12-31": "0.71400", "2010-09-30": "1.28800", "2010-06-30": "1.28600", "2010-03-31": "0.82300", "2009-12-31": "0.71600", "2009-09-30": "1.88900", "2009-06-30": "1.62100", "2009-03-31": "0.62300", "2008-12-31": "1.18600", "2008-09-30": "-1.09900", "2008-06-30": "-1.66000", "2008-03-31": "0.64600", "2007-12-31": "0.30000", "2007-09-30": "0.14500", "2007-06-30": "0.55800", "2007-03-31": "0.62400", "2006-12-31": "0.64000", "2006-09-30": "0.26300", "2006-06-30": "0.11300", "2006-03-31": "-0.07100", "2005-12-31": "-0.14200", "2005-09-30": "-0.03200", "2005-06-30": "-0.03200", "2005-03-31": "0.19100"}, "Other Share Holders Equity": {"2020-09-30": "", "2020-06-30": "", "2020-03-31": "", "2019-12-31": "", "2019-09-30": "", "2019-06-30": "", "2019-03-31": "", "2018-12-31": "", "2018-09-30": "", "2018-06-30": "", "2018-03-31": "", "2017-12-31": "", "2017-09-30": "", "2017-06-30": "", "2017-03-31": "", "2016-12-31": "", "2016-09-30": "", "2016-06-30": "", "2016-03-31": "", "2015-12-31": "", "2015-09-30": "", "2015-06-30": "", "2015-03-31": "", "2014-12-31": "", "2014-09-30": "", "2014-06-30": "", "2014-03-31": "", "2013-12-31": "", "2013-09-30": "", "2013-06-30": "", "2013-03-31": "", "2012-12-31": "", "2012-09-30": "", "2012-06-30": "", "2012-03-31": "", "2011-12-31": "", "2011-09-30": "", "2011-06-30": "", "2011-03-31": "", "2010-12-31": "", "2010-09-30": "", "2010-06-30": "", "2010-03-31": "", "2009-12-31": "", "2009-09-30": "", "2009-06-30": "", "2009-03-31": "", "2008-12-31": "", "2008-09-30": "", "2008-06-30": "", "2008-03-31": "", "2007-12-31": "", "2007-09-30": "", "2007-06-30": "", "2007-03-31": "", "2006-12-31": "", "2006-09-30": "", "2006-06-30": "", "2006-03-31": "", "2005-12-31": "", "2005-09-30": "", "2005-06-30": "", "2005-03-31": ""}, "Share Holder Equity": {"2020-09-30": "1215.02300", "2020-06-30": "1399.72600", "2020-03-31": "1349.72900", "2019-12-31": "1438.69200", "2019-09-30": "1607.08700", "2019-06-30": "1757.19500", "2019-03-31": "1546.98600", "2018-12-31": "1301.96500", "2018-09-30": "1478.11900", "2018-06-30": "1620.80200", "2018-03-31": "1754.80500", "2017-12-31": "1766.43100", "2017-09-30": "1058.83500", "2017-06-30": "1122.96600", "2017-03-31": "830.90100", "2016-12-31": "920.22100", "2016-09-30": "1014.96800", "2016-06-30": "1098.48200", "2016-03-31": "1189.05100", "2015-12-31": "1264.71400", "2015-09-30": "1321.60400", "2015-06-30": "1408.60400", "2015-03-31": "1496.51000", "2014-12-31": "936.26700", "2014-09-30": "904.47800", "2014-06-30": "942.26900", "2014-03-31": "954.97300", "2013-12-31": "270.34700", "2013-09-30": "297.58200", "2013-06-30": "308.17500", "2013-03-31": "311.55600", "2012-12-31": "134.05300", "2012-09-30": "177.16000", "2012-06-30": "188.28700", "2012-03-31": "197.37800", "2011-12-31": "117.99700", "2011-09-30": "127.87300", "2011-06-30": "136.55100", "2011-03-31": "145.56700", "2010-12-31": "158.23300", "2010-09-30": "160.64300", "2010-06-30": "165.47800", "2010-03-31": "171.83000", "2009-12-31": "177.96500", "2009-09-30": "182.02100", "2009-06-30": "184.48200", "2009-03-31": "198.74400", "2008-12-31": "202.12500", "2008-09-30": "204.55700", "2008-06-30": "199.16900", "2008-03-31": "202.81200", "2007-12-31": "199.16800", "2007-09-30": "192.93500", "2007-06-30": "179.27000", "2007-03-31": "190.02700", "2006-12-31": "201.17400", "2006-09-30": "104.77700", "2006-06-30": "110.07700", "2006-03-31": "117.91600", "2005-12-31": "61.77900", "2005-09-30": "23.07100", "2005-06-30": "29.38800", "2005-03-31": "39.82900"}, "Total Liabilities And Share Holders Equity": {"2020-09-30": "3307.28300", "2020-06-30": "3374.36700", "2020-03-31": "2279.62400", "2019-12-31": "2395.13400", "2019-09-30": "2541.62200", "2019-06-30": "2716.41100", "2019-03-31": "2013.99900", "2018-12-31": "1574.80200", "2018-09-30": "1675.65400", "2018-06-30": "1789.38900", "2018-03-31": "1923.13900", "2017-12-31": "1994.73000", "2017-09-30": "1358.28100", "2017-06-30": "1434.28300", "2017-03-31": "1133.92600", "2016-12-31": "1262.81000", "2016-09-30": "1312.91000", "2016-06-30": "1382.16200", "2016-03-31": "1316.94900", "2015-12-31": "1386.51000", "2015-09-30": "1436.14400", "2015-06-30": "1530.77100", "2015-03-31": "1628.79000", "2014-12-31": "1079.59500", "2014-09-30": "986.35700", "2014-06-30": "1032.65900", "2014-03-31": "1080.29700", "2013-12-31": "420.53000", "2013-09-30": "447.50300", "2013-06-30": "462.55800", "2013-03-31": "471.57800", "2012-12-31": "287.52000", "2012-09-30": "322.35200", "2012-06-30": "318.47700", "2012-03-31": "340.29500", "2011-12-31": "281.91700", "2011-09-30": "310.22300", "2011-06-30": "340.82800", "2011-03-31": "369.05200", "2010-12-31": "393.26500", "2010-09-30": "412.60600", "2010-06-30": "440.18000", "2010-03-31": "463.40600", "2009-12-31": "481.38500", "2009-09-30": "495.66800", "2009-06-30": "518.65300", "2009-03-31": "554.52900", "2008-12-31": "554.67600", "2008-09-30": "580.18100", "2008-06-30": "580.04600", "2008-03-31": "486.25600", "2007-12-31": "493.79100", "2007-09-30": "505.09100", "2007-06-30": "219.65800", "2007-03-31": "227.34000", "2006-12-31": "240.00600", "2006-09-30": "144.52700", "2006-06-30": "147.11400", "2006-03-31": "153.68700", "2005-12-31": "98.34800", "2005-09-30": "43.24800", "2005-06-30": "50.86200", "2005-03-31": "59.06700"}}, "cash flow statement": {"Net Income/Loss": {"2019-12-31": "-886.11600", "2018-12-31": "-761.49700", "2017-12-31": "-490.87400", "2016-12-31": "-410.10800", "2015-12-31": "-290.07300", "2014-12-31": "-360.39500", "2013-12-31": "-89.22500", "2012-12-31": "-106.01400", "2011-12-31": "-57.64900", "2010-12-31": "-43.51500", "2009-12-31": "-47.59000", "2008-12-31": "-26.24900", "2007-12-31": "-85.46600", "2006-12-31": "-34.60800", "2005-12-31": "-42.91400"}, "Total Depreciation And Amortization - Cash Flow": {"2019-12-31": "54.36800", "2018-12-31": "15.24800", "2017-12-31": "11.89800", "2016-12-31": "15.13000", "2015-12-31": "19.05000", "2014-12-31": "11.92600", "2013-12-31": "10.22900", "2012-12-31": "9.03500", "2011-12-31": "5.12500", "2010-12-31": "4.94100", "2009-12-31": "5.99200", "2008-12-31": "5.72600", "2007-12-31": "4.08200", "2006-12-31": "4.07000", "2005-12-31": "2.98200"}, "Other Non-Cash Items": {"2019-12-31": "150.94000", "2018-12-31": "138.53400", "2017-12-31": "99.09200", "2016-12-31": "70.05800", "2015-12-31": "46.76700", "2014-12-31": "212.22900", "2013-12-31": "18.45700", "2012-12-31": "-9.66500", "2011-12-31": "21.38400", "2010-12-31": "33.79300", "2009-12-31": "19.86500", "2008-12-31": "22.11400", "2007-12-31": "25.75200", "2006-12-31": "8.56300", "2005-12-31": "6.69000"}, "Total Non-Cash Items": {"2019-12-31": "205.30800", "2018-12-31": "153.78200", "2017-12-31": "110.99000", "2016-12-31": "85.18800", "2015-12-31": "65.81700", "2014-12-31": "224.15500", "2013-12-31": "28.68600", "2012-12-31": "-0.63000", "2011-12-31": "26.50900", "2010-12-31": "38.73400", "2009-12-31": "25.85700", "2008-12-31": "27.84000", "2007-12-31": "29.83400", "2006-12-31": "12.63300", "2005-12-31": "9.67200"}, "Change In Accounts Receivable": {"2019-12-31": "-24.23800", "2018-12-31": "15.24200", "2017-12-31": "-10.66800", "2016-12-31": "-15.03600", "2015-12-31": "31.63900", "2014-12-31": "-35.68900", "2013-12-31": "-4.14400", "2012-12-31": "1.36400", "2011-12-31": "1.98200", "2010-12-31": "2.59400", "2009-12-31": "-1.85600", "2008-12-31": "0.84300", "2007-12-31": "-1.19400", "2006-12-31": "-3.22000", "2005-12-31": "0.24300"}, "Change In Inventories": {"2019-12-31": "-32.41100", "2018-12-31": "-22.64500", "2017-12-31": "", "2016-12-31": "", "2015-12-31": "", "2014-12-31": "", "2013-12-31": "", "2012-12-31": "", "2011-12-31": "", "2010-12-31": "", "2009-12-31": "", "2008-12-31": "", "2007-12-31": "", "2006-12-31": "", "2005-12-31": ""}, "Change In Accounts Payable": {"2019-12-31": "92.35400", "2018-12-31": "74.83500", "2017-12-31": "26.62900", "2016-12-31": "10.09800", "2015-12-31": "1.67600", "2014-12-31": "8.84000", "2013-12-31": "1.83200", "2012-12-31": "-1.73600", "2011-12-31": "-3.51200", "2010-12-31": "-3.17700", "2009-12-31": "9.90100", "2008-12-31": "-1.23800", "2007-12-31": "-0.26400", "2006-12-31": "2.08800", "2005-12-31": "1.02500"}, "Change In Assets/Liabilities": {"2019-12-31": "366.67600", "2018-12-31": "-22.33300", "2017-12-31": "-18.86300", "2016-12-31": "11.48400", "2015-12-31": "-4.54200", "2014-12-31": "-11.67400", "2013-12-31": "-7.35300", "2012-12-31": "-5.00200", "2011-12-31": "-67.52400", "2010-12-31": "-63.44300", "2009-12-31": "-57.64900", "2008-12-31": "65.50200", "2007-12-31": "243.26900", "2006-12-31": "-2.13400", "2005-12-31": "15.50100"}, "Total Change In Assets/Liabilities": {"2019-12-31": "402.38100", "2018-12-31": "45.09900", "2017-12-31": "-2.90200", "2016-12-31": "17.21900", "2015-12-31": "35.11600", "2014-12-31": "-29.40100", "2013-12-31": "-8.11800", "2012-12-31": "-8.96500", "2011-12-31": "-55.92800", "2010-12-31": "-79.56000", "2009-12-31": "-50.41200", "2008-12-31": "63.90000", "2007-12-31": "252.15100", "2006-12-31": "-2.65500", "2005-12-31": "16.75700"}, "Cash Flow From Operating Activities": {"2019-12-31": "-278.42700", "2018-12-31": "-562.61600", "2017-12-31": "-382.78600", "2016-12-31": "-307.70100", "2015-12-31": "-189.14000", "2014-12-31": "-165.64100", "2013-12-31": "-68.65700", "2012-12-31": "-115.60900", "2011-12-31": "-87.06800", "2010-12-31": "-84.34100", "2009-12-31": "-72.14500", "2008-12-31": "65.49100", "2007-12-31": "196.51900", "2006-12-31": "-24.63000", "2005-12-31": "-16.48500"}, "Net Change In Property, Plant, And Equipment": {"2019-12-31": "-140.15600", "2018-12-31": "-126.88700", "2017-12-31": "-104.20900", "2016-12-31": "-64.55700", "2015-12-31": "-12.95000", "2014-12-31": "-8.96100", "2013-12-31": "-4.00600", "2012-12-31": "-8.34800", "2011-12-31": "-1.29100", "2010-12-31": "-4.73200", "2009-12-31": "-4.94900", "2008-12-31": "-10.76400", "2007-12-31": "-5.44600", "2006-12-31": "-4.98600", "2005-12-31": "-1.94700"}, "Net Change In Intangible Assets": {"2019-12-31": "", "2018-12-31": "", "2017-12-31": "", "2016-12-31": "", "2015-12-31": "", "2014-12-31": "", "2013-12-31": "", "2012-12-31": "", "2011-12-31": "", "2010-12-31": "", "2009-12-31": "", "2008-12-31": "", "2007-12-31": "", "2006-12-31": "", "2005-12-31": ""}, "Net Acquisitions/Divestitures": {"2019-12-31": "", "2018-12-31": "", "2017-12-31": "", "2016-12-31": "", "2015-12-31": "", "2014-12-31": "-25.00000", "2013-12-31": "", "2012-12-31": "", "2011-12-31": "", "2010-12-31": "", "2009-12-31": "", "2008-12-31": "", "2007-12-31": "", "2006-12-31": "", "2005-12-31": ""}, "Net Change In Short-term Investments": {"2019-12-31": "-300.52110", "2018-12-31": "414.65700", "2017-12-31": "-306.15200", "2016-12-31": "357.14800", "2015-12-31": "-306.90000", "2014-12-31": "-514.85300", "2013-12-31": "-126.49900", "2012-12-31": "11.88400", "2011-12-31": "83.25000", "2010-12-31": "22.57000", "2009-12-31": "23.23100", "2008-12-31": "28.80000", "2007-12-31": "-261.14000", "2006-12-31": "-25.06000", "2005-12-31": "-38.47100"}, "Net Change In Long-Term Investments": {"2019-12-31": "30.00000", "2018-12-31": "-14.82500", "2017-12-31": "120.00000", "2016-12-31": "-150.00000", "2015-12-31": "", "2014-12-31": "", "2013-12-31": "", "2012-12-31": "", "2011-12-31": "", "2010-12-31": "", "2009-12-31": "-10.00000", "2008-12-31": "-0.10000", "2007-12-31": "-10.00000", "2006-12-31": "", "2005-12-31": ""}, "Net Change In Investments - Total": {"2019-12-31": "-270.52110", "2018-12-31": "399.83200", "2017-12-31": "-186.15200", "2016-12-31": "207.14800", "2015-12-31": "-306.90000", "2014-12-31": "-514.85300", "2013-12-31": "-126.49900", "2012-12-31": "11.88400", "2011-12-31": "83.25000", "2010-12-31": "22.57000", "2009-12-31": "13.23100", "2008-12-31": "28.70000", "2007-12-31": "-271.14000", "2006-12-31": "-25.06000", "2005-12-31": "-38.47100"}, "Investing Activities - Other": {"2019-12-31": "-7.00000", "2018-12-31": "", "2017-12-31": "", "2016-12-31": "", "2015-12-31": "-1.47100", "2014-12-31": "", "2013-12-31": "", "2012-12-31": "-0.16200", "2011-12-31": "", "2010-12-31": "", "2009-12-31": "6.15100", "2008-12-31": "", "2007-12-31": "-0.83900", "2006-12-31": "", "2005-12-31": ""}, "Cash Flow From Investing Activities": {"2019-12-31": "-417.67700", "2018-12-31": "272.94500", "2017-12-31": "-290.36100", "2016-12-31": "142.59100", "2015-12-31": "-321.32100", "2014-12-31": "-548.81400", "2013-12-31": "-130.50500", "2012-12-31": "3.37400", "2011-12-31": "81.95900", "2010-12-31": "17.83800", "2009-12-31": "14.43300", "2008-12-31": "17.93600", "2007-12-31": "-277.42500", "2006-12-31": "-30.04600", "2005-12-31": "-40.41800"}, "Net Long-Term Debt": {"2019-12-31": "-30.00000", "2018-12-31": "", "2017-12-31": "-120.00000", "2016-12-31": "150.00000", "2015-12-31": "", "2014-12-31": "", "2013-12-31": "", "2012-12-31": "", "2011-12-31": "", "2010-12-31": "", "2009-12-31": "", "2008-12-31": "-6.75800", "2007-12-31": "-2.37600", "2006-12-31": "1.74100", "2005-12-31": "0.19400"}, "Net Current Debt": {"2019-12-31": "", "2018-12-31": "", "2017-12-31": "", "2016-12-31": "", "2015-12-31": "", "2014-12-31": "", "2013-12-31": "", "2012-12-31": "", "2011-12-31": "", "2010-12-31": "", "2009-12-31": "", "2008-12-31": "", "2007-12-31": "", "2006-12-31": "", "2005-12-31": ""}, "Debt Issuance/Retirement Net - Total": {"2019-12-31": "-30.00000", "2018-12-31": "", "2017-12-31": "-120.00000", "2016-12-31": "150.00000", "2015-12-31": "", "2014-12-31": "", "2013-12-31": "", "2012-12-31": "", "2011-12-31": "", "2010-12-31": "", "2009-12-31": "", "2008-12-31": "-6.75800", "2007-12-31": "-2.37600", "2006-12-31": "1.74100", "2005-12-31": "0.19400"}, "Net Common Equity Issued/Repurchased": {"2019-12-31": "853.18400", "2018-12-31": "65.47000", "2017-12-31": "1244.89100", "2016-12-31": "27.83200", "2015-12-31": "616.17700", "2014-12-31": "736.46500", "2013-12-31": "200.92600", "2012-12-31": "93.41200", "2011-12-31": "0.73800", "2010-12-31": "3.66300", "2009-12-31": "3.50900", "2008-12-31": "9.91300", "2007-12-31": "61.01100", "2006-12-31": "164.89000", "2005-12-31": "52.42300"}, "Net Total Equity Issued/Repurchased": {"2019-12-31": "853.18400", "2018-12-31": "65.47000", "2017-12-31": "1244.89100", "2016-12-31": "27.83200", "2015-12-31": "616.17700", "2014-12-31": "736.46500", "2013-12-31": "200.92600", "2012-12-31": "93.41200", "2011-12-31": "0.73800", "2010-12-31": "3.66300", "2009-12-31": "3.50900", "2008-12-31": "9.91300", "2007-12-31": "61.01100", "2006-12-31": "164.89000", "2005-12-31": "52.42300"}, "Total Common And Preferred Stock Dividends Paid": {"2019-12-31": "", "2018-12-31": "", "2017-12-31": "", "2016-12-31": "", "2015-12-31": "", "2014-12-31": "", "2013-12-31": "", "2012-12-31": "", "2011-12-31": "", "2010-12-31": "", "2009-12-31": "", "2008-12-31": "", "2007-12-31": "", "2006-12-31": "", "2005-12-31": ""}, "Financial Activities - Other": {"2019-12-31": "", "2018-12-31": "", "2017-12-31": "", "2016-12-31": "", "2015-12-31": "", "2014-12-31": "", "2013-12-31": "", "2012-12-31": "", "2011-12-31": "", "2010-12-31": "", "2009-12-31": "", "2008-12-31": "", "2007-12-31": "", "2006-12-31": "", "2005-12-31": ""}, "Cash Flow From Financial Activities": {"2019-12-31": "823.18400", "2018-12-31": "65.47000", "2017-12-31": "1124.89100", "2016-12-31": "177.83200", "2015-12-31": "616.17700", "2014-12-31": "736.46500", "2013-12-31": "200.92600", "2012-12-31": "93.41200", "2011-12-31": "0.73800", "2010-12-31": "3.66300", "2009-12-31": "3.50900", "2008-12-31": "3.15500", "2007-12-31": "58.63500", "2006-12-31": "166.63100", "2005-12-31": "52.61700"}, "Net Cash Flow": {"2019-12-31": "126.99700", "2018-12-31": "-224.20100", "2017-12-31": "451.74400", "2016-12-31": "12.72200", "2015-12-31": "105.71600", "2014-12-31": "22.01000", "2013-12-31": "1.76400", "2012-12-31": "-18.82300", "2011-12-31": "-4.37100", "2010-12-31": "-62.86900", "2009-12-31": "-54.32400", "2008-12-31": "86.63500", "2007-12-31": "-22.79800", "2006-12-31": "112.19800", "2005-12-31": "-4.51500"}, "Stock-Based Compensation": {"2019-12-31": "174.84100", "2018-12-31": "157.75200", "2017-12-31": "92.81900", "2016-12-31": "75.52800", "2015-12-31": "45.78300", "2014-12-31": "33.06100", "2013-12-31": "20.70300", "2012-12-31": "12.36000", "2011-12-31": "16.67600", "2010-12-31": "19.11800", "2009-12-31": "19.72700", "2008-12-31": "18.02600", "2007-12-31": "14.67600", "2006-12-31": "8.30400", "2005-12-31": "4.59700"}, "Common Stock Dividends Paid": {"2019-12-31": "", "2018-12-31": "", "2017-12-31": "", "2016-12-31": "", "2015-12-31": "", "2014-12-31": "", "2013-12-31": "", "2012-12-31": "", "2011-12-31": "", "2010-12-31": "", "2009-12-31": "", "2008-12-31": "", "2007-12-31": "", "2006-12-31": "", "2005-12-31": ""}}, "cash flow statement, quarterly": {"Net Income/Loss": {"2020-09-30": -253.291, "2020-06-30": -179.229, "2020-03-31": "-182.22100", "2019-12-31": -276.185, "2019-09-30": -208.535, "2019-06-30": -219.481, "2019-03-31": "-181.91500", "2018-12-31": -211.441, "2018-09-30": -245.282, "2018-06-30": -163.56, "2018-03-31": "-141.21400", "2017-12-31": -142.227, "2017-09-30": -122.937, "2017-06-30": -118.42, "2017-03-31": "-107.29000", "2016-12-31": -112.934, "2016-09-30": -104.071, "2016-06-30": -90.129, "2016-03-31": "-102.97400", "2015-12-31": -90.721, "2015-09-30": -76.792, "2015-06-30": -71.783, "2015-03-31": "-50.77700", "2014-12-31": -21.389, "2014-09-30": -43.989, "2014-06-30": -44.074, "2014-03-31": "-250.94300", "2013-12-31": -32.357, "2013-09-30": -29.686, "2013-06-30": -18.169, "2013-03-31": "-9.01300", "2012-12-31": -62.188, "2012-09-30": -19.502, "2012-06-30": -12.956, "2012-03-31": "-11.36800", "2011-12-31": -14.303, "2011-09-30": -13.237, "2011-06-30": -13.824, "2011-03-31": "-16.28500", "2010-12-31": -6.93, "2010-09-30": -9.63, "2010-06-30": -14.632, "2010-03-31": "-12.32300", "2009-12-31": -7.791, "2009-09-30": -9.208, "2009-06-30": -22.702, "2009-03-31": "-7.88900", "2008-12-31": -9.392, "2008-09-30": -2.858, "2008-06-30": -12.76, "2008-03-31": "-1.23900", "2007-12-31": 1.662, "2007-09-30": -52.792, "2007-06-30": -12.691, "2007-03-31": "-21.64500", "2006-12-31": -8.438, "2006-09-30": -7.4, "2006-06-30": -9.91, "2006-03-31": "-8.86000", "2005-12-31": -14.491, "2005-09-30": -10.678, "2005-06-30": -11.145, "2005-03-31": "-6.60000"}, "Total Depreciation And Amortization - Cash Flow": {"2020-09-30": 18.771, "2020-06-30": 17.778, "2020-03-31": "17.00600", "2019-12-31": 14.762, "2019-09-30": 13.328, "2019-06-30": 12.185, "2019-03-31": "14.09300", "2018-12-31": 9.426, "2018-09-30": 0.405, "2018-06-30": 2.239, "2018-03-31": "3.17800", "2017-12-31": 2.245, "2017-09-30": 3.587, "2017-06-30": 3.066, "2017-03-31": "3.00000", "2016-12-31": 3.018, "2016-09-30": 3.5, "2016-06-30": 4.011, "2016-03-31": "4.60100", "2015-12-31": 5.069, "2015-09-30": 5.27, "2015-06-30": 5.021, "2015-03-31": "3.69000", "2014-12-31": 3.341, "2014-09-30": 3.117, "2014-06-30": 2.868, "2014-03-31": "2.60000", "2013-12-31": 2.627, "2013-09-30": 2.764, "2013-06-30": 2.711, "2013-03-31": "2.12700", "2012-12-31": 2.024, "2012-09-30": 2.285, "2012-06-30": 2.605, "2012-03-31": "2.12100", "2011-12-31": 1.237, "2011-09-30": 1.262, "2011-06-30": 1.287, "2011-03-31": "1.33900", "2010-12-31": 1.291, "2010-09-30": 1.266, "2010-06-30": 1.223, "2010-03-31": "1.16100", "2009-12-31": 1.136, "2009-09-30": 1.111, "2009-06-30": 1.943, "2009-03-31": "1.80200", "2008-12-31": 1.798, "2008-09-30": 1.631, "2008-06-30": 1.346, "2008-03-31": "0.95100", "2007-12-31": 0.902, "2007-09-30": 1.048, "2007-06-30": 0.937, "2007-03-31": "1.19500", "2006-12-31": 1.202, "2006-09-30": 1.991, "2006-06-30": -0.007, "2006-03-31": "0.88400", "2005-12-31": 0.615, "2005-09-30": 0.74, "2005-06-30": 0.952, "2005-03-31": "0.67500"}, "Other Non-Cash Items": {"2020-09-30": 66.268, "2020-06-30": 19.183, "2020-03-31": "11.12700", "2019-12-31": 53.779, "2019-09-30": 45.872, "2019-06-30": 20.332, "2019-03-31": "30.95700", "2018-12-31": 17.306, "2018-09-30": 89.121, "2018-06-30": 11.581, "2018-03-31": "20.52600", "2017-12-31": 29.153, "2017-09-30": 26.616, "2017-06-30": 24.898, "2017-03-31": "18.42500", "2016-12-31": 20.795, "2016-09-30": 15.296, "2016-06-30": 15.312, "2016-03-31": "18.65500", "2015-12-31": 15.729, "2015-09-30": 12.102, "2015-06-30": 10.884, "2015-03-31": "8.05200", "2014-12-31": -9.988, "2014-09-30": 6.033, "2014-06-30": 3.65, "2014-03-31": "212.53400", "2013-12-31": 8.525, "2013-09-30": 6.679, "2013-06-30": 0.62, "2013-03-31": "2.63300", "2012-12-31": -23.075, "2012-09-30": 5.097, "2012-06-30": 4.347, "2012-03-31": "3.96600", "2011-12-31": 5.251, "2011-09-30": 5.439, "2011-06-30": 5.362, "2011-03-31": "5.33200", "2010-12-31": 11.895, "2010-09-30": 6.095, "2010-06-30": 8.896, "2010-03-31": "6.90700", "2009-12-31": 0.26, "2009-09-30": 6.771, "2009-06-30": 6.34, "2009-03-31": "6.49400", "2008-12-31": 1.812, "2008-09-30": 8.475, "2008-06-30": 6.304, "2008-03-31": "5.52300", "2007-12-31": 3.743, "2007-09-30": 10.015, "2007-06-30": 1.86, "2007-03-31": "10.13400", "2006-12-31": 2.647, "2006-09-30": 1.76, "2006-06-30": 1.781, "2006-03-31": "2.37500", "2005-12-31": 1.092, "2005-09-30": 2.197, "2005-06-30": 2.921, "2005-03-31": "0.48000"}, "Total Non-Cash Items": {"2020-09-30": 85.039, "2020-06-30": 36.961, "2020-03-31": "28.13300", "2019-12-31": 68.541, "2019-09-30": 59.2, "2019-06-30": 32.517, "2019-03-31": "45.05000", "2018-12-31": 26.732, "2018-09-30": 89.526, "2018-06-30": 13.82, "2018-03-31": "23.70400", "2017-12-31": 31.398, "2017-09-30": 30.203, "2017-06-30": 27.964, "2017-03-31": "21.42500", "2016-12-31": 23.813, "2016-09-30": 18.796, "2016-06-30": 19.323, "2016-03-31": "23.25600", "2015-12-31": 20.798, "2015-09-30": 17.372, "2015-06-30": 15.905, "2015-03-31": "11.74200", "2014-12-31": -6.647, "2014-09-30": 9.15, "2014-06-30": 6.518, "2014-03-31": "215.13400", "2013-12-31": 11.152, "2013-09-30": 9.443, "2013-06-30": 3.331, "2013-03-31": "4.76000", "2012-12-31": -21.051, "2012-09-30": 7.382, "2012-06-30": 6.952, "2012-03-31": "6.08700", "2011-12-31": 6.488, "2011-09-30": 6.701, "2011-06-30": 6.649, "2011-03-31": "6.67100", "2010-12-31": 13.186, "2010-09-30": 7.361, "2010-06-30": 10.119, "2010-03-31": "8.06800", "2009-12-31": 1.396, "2009-09-30": 7.882, "2009-06-30": 8.283, "2009-03-31": "8.29600", "2008-12-31": 3.61, "2008-09-30": 10.106, "2008-06-30": 7.65, "2008-03-31": "6.47400", "2007-12-31": 4.645, "2007-09-30": 11.063, "2007-06-30": 2.797, "2007-03-31": "11.32900", "2006-12-31": -0.221, "2006-09-30": 3.751, "2006-06-30": 1.774, "2006-03-31": "3.25900", "2005-12-31": 1.707, "2005-09-30": 2.937, "2005-06-30": 3.873, "2005-03-31": "1.15500"}, "Change In Accounts Receivable": {"2020-09-30": -8.971, "2020-06-30": 6.783, "2020-03-31": "-32.88200", "2019-12-31": 5.479, "2019-09-30": -17.783, "2019-06-30": 3.107, "2019-03-31": "-15.04100", "2018-12-31": -15.398, "2018-09-30": -0.401, "2018-06-30": 47.807, "2018-03-31": "-16.76600", "2017-12-31": -19.358, "2017-09-30": 0.761, "2017-06-30": 4.052, "2017-03-31": "3.87700", "2016-12-31": -8.188, "2016-09-30": -5.632, "2016-06-30": -0.7, "2016-03-31": "-0.51600", "2015-12-31": -0.168, "2015-09-30": 1.273, "2015-06-30": 0.704, "2015-03-31": "29.83000", "2014-12-31": -39.553, "2014-09-30": -0.295, "2014-06-30": 0.075, "2014-03-31": "4.08400", "2013-12-31": -3.639, "2013-09-30": -0.149, "2013-06-30": 0.098, "2013-03-31": "-0.45400", "2012-12-31": 1.814, "2012-09-30": 2.467, "2012-06-30": -2.193, "2012-03-31": "-0.72400", "2011-12-31": 0.559, "2011-09-30": -0.719, "2011-06-30": -0.158, "2011-03-31": "2.30000", "2010-12-31": 1.431, "2010-09-30": 1.477, "2010-06-30": -1.853, "2010-03-31": "1.53900", "2009-12-31": -1.022, "2009-09-30": 0.835, "2009-06-30": -0.026, "2009-03-31": "-1.64300", "2008-12-31": 19.952, "2008-09-30": -19.014, "2008-06-30": 4.554, "2008-03-31": "-4.64900", "2007-12-31": 0.098, "2007-09-30": 0.493, "2007-06-30": -1.221, "2007-03-31": "-0.56400", "2006-12-31": 1.018, "2006-09-30": -1.256, "2006-06-30": -0.475, "2006-03-31": "-2.50700", "2005-12-31": -0.305, "2005-09-30": 0.367, "2005-06-30": 1.189, "2005-03-31": "-1.00800"}, "Change In Inventories": {"2020-09-30": -2.784, "2020-06-30": -12.226, "2020-03-31": "-11.95200", "2019-12-31": -4.316, "2019-09-30": -13.055, "2019-06-30": -7.906, "2019-03-31": "-7.13400", "2018-12-31": -12.291, "2018-09-30": -10.354, "2018-06-30": 0, "2018-03-31": "", "2017-12-31": 0, "2017-09-30": 0, "2017-06-30": 0, "2017-03-31": "", "2016-12-31": 0, "2016-09-30": 0, "2016-06-30": 0, "2016-03-31": "", "2015-12-31": 0, "2015-09-30": 0, "2015-06-30": 0, "2015-03-31": "", "2014-12-31": 0, "2014-09-30": 0, "2014-06-30": 0, "2014-03-31": "", "2013-12-31": 0, "2013-09-30": 0, "2013-06-30": 0, "2013-03-31": "", "2012-12-31": 0, "2012-09-30": 0, "2012-06-30": 0, "2012-03-31": "", "2011-12-31": 0, "2011-09-30": 0, "2011-06-30": 0, "2011-03-31": "", "2010-12-31": 0, "2010-09-30": 0, "2010-06-30": 0, "2010-03-31": "", "2009-12-31": 0, "2009-09-30": 0, "2009-06-30": 0, "2009-03-31": "", "2008-12-31": 0, "2008-09-30": 0, "2008-06-30": 0, "2008-03-31": "", "2007-12-31": 0, "2007-09-30": 0, "2007-06-30": 0, "2007-03-31": "", "2006-12-31": 0, "2006-09-30": 0, "2006-06-30": 0, "2006-03-31": "", "2005-12-31": 0, "2005-09-30": 0, "2005-06-30": 0, "2005-03-31": ""}, "Change In Accounts Payable": {"2020-09-30": 75.564, "2020-06-30": 14.215, "2020-03-31": "-14.21500", "2019-12-31": 34.986, "2019-09-30": 57.368, "2019-06-30": 24.332, "2019-03-31": "-24.33200", "2018-12-31": 75.485, "2018-09-30": 9.085, "2018-06-30": -0.693, "2018-03-31": "-9.04200", "2017-12-31": 43.9, "2017-09-30": -8.945, "2017-06-30": 2.741, "2017-03-31": "-11.06700", "2016-12-31": 11.56, "2016-09-30": 2.128, "2016-06-30": -3.937, "2016-03-31": "0.34700", "2015-12-31": 2.561, "2015-09-30": 0.31, "2015-06-30": -1.945, "2015-03-31": "0.75000", "2014-12-31": 9.666, "2014-09-30": -0.947, "2014-06-30": 1.5, "2014-03-31": "-1.37900", "2013-12-31": 3.168, "2013-09-30": -1.806, "2013-06-30": 1.429, "2013-03-31": "-0.95900", "2012-12-31": -1.029, "2012-09-30": -0.426, "2012-06-30": 1.18, "2012-03-31": "-1.46100", "2011-12-31": 0.314, "2011-09-30": -2.463, "2011-06-30": 2.149, "2011-03-31": "-3.51200", "2010-12-31": 2.751, "2010-09-30": -3.837, "2010-06-30": 3.41, "2010-03-31": "-5.50100", "2009-12-31": 4.063, "2009-09-30": 1.963, "2009-06-30": -2.266, "2009-03-31": "6.14100", "2008-12-31": -0.754, "2008-09-30": -2.898, "2008-06-30": -2.844, "2008-03-31": "5.25800", "2007-12-31": -3.232, "2007-09-30": 1.385, "2007-06-30": 2.662, "2007-03-31": "-1.07900", "2006-12-31": 1.619, "2006-09-30": -1.243, "2006-06-30": -0.235, "2006-03-31": "1.94700", "2005-12-31": -0.063, "2005-09-30": 0.373, "2005-06-30": -0.037, "2005-03-31": "0.75200"}, "Change In Assets/Liabilities": {"2020-09-30": -3.847, "2020-06-30": -3.87, "2020-03-31": "-33.02400", "2019-12-31": -24.485, "2019-09-30": -16.268, "2019-06-30": 412.567, "2019-03-31": "-5.13800", "2018-12-31": 11.698, "2018-09-30": -14.363, "2018-06-30": -19.089, "2018-03-31": "-0.57900", "2017-12-31": -10.767, "2017-09-30": -6.839, "2017-06-30": -4.837, "2017-03-31": "3.58000", "2016-12-31": 3.488, "2016-09-30": 8.211, "2016-06-30": -0.784, "2016-03-31": "0.56900", "2015-12-31": 3.648, "2015-09-30": 1.038, "2015-06-30": 0.14, "2015-03-31": "-9.36800", "2014-12-31": 19.457, "2014-09-30": -9.681, "2014-06-30": -9.106, "2014-03-31": "-12.34400", "2013-12-31": 1.631, "2013-09-30": -6.431, "2013-06-30": -9.038, "2013-03-31": "6.48500", "2012-12-31": 19.811, "2012-09-30": 15.2, "2012-06-30": -17.012, "2012-03-31": "-23.00100", "2011-12-31": -18.933, "2011-09-30": -20.138, "2011-06-30": -20.525, "2011-03-31": "-7.92800", "2010-12-31": -20.285, "2010-09-30": -22.533, "2010-06-30": -19.995, "2010-03-31": "-0.63000", "2009-12-31": -19.262, "2009-09-30": -19.988, "2009-06-30": -19.132, "2009-03-31": "0.73300", "2008-12-31": -19.655, "2008-09-30": -0.526, "2008-06-30": 97.733, "2008-03-31": "-12.05000", "2007-12-31": -11.598, "2007-09-30": 259.37, "2007-06-30": -2.793, "2007-03-31": "-1.71000", "2006-12-31": -2.02, "2006-09-30": 2.691, "2006-06-30": -0.47, "2006-03-31": "-2.33500", "2005-12-31": 15.822, "2005-09-30": 0.047, "2005-06-30": -0.62, "2005-03-31": "0.25200"}, "Total Change In Assets/Liabilities": {"2020-09-30": 57.926, "2020-06-30": 6.938, "2020-03-31": "-92.07300", "2019-12-31": 11.664, "2019-09-30": -33.297, "2019-06-30": 475.659, "2019-03-31": "-51.64500", "2018-12-31": 34.252, "2018-09-30": 1.948, "2018-06-30": 47.053, "2018-03-31": "-38.15400", "2017-12-31": 7.785, "2017-09-30": -5.629, "2017-06-30": 9.407, "2017-03-31": "-14.46500", "2016-12-31": 10.784, "2016-09-30": 9.739, "2016-06-30": 0.601, "2016-03-31": "-3.90500", "2015-12-31": 16.859, "2015-09-30": 5.055, "2015-06-30": 0.422, "2015-03-31": "12.78000", "2014-12-31": -8.599, "2014-09-30": -5.867, "2014-06-30": -9.069, "2014-03-31": "-5.86600", "2013-12-31": -1.164, "2013-09-30": -1.472, "2013-06-30": -8.764, "2013-03-31": "3.28200", "2012-12-31": 14.327, "2012-09-30": 17.332, "2012-06-30": -15.69, "2012-03-31": "-24.93400", "2011-12-31": -17.344, "2011-09-30": -22.489, "2011-06-30": -19.404, "2011-03-31": "3.30900", "2010-12-31": -26.644, "2010-09-30": -21.769, "2010-06-30": -19.801, "2010-03-31": "-11.34600", "2009-12-31": -10.474, "2009-09-30": -19.262, "2009-06-30": -21.5, "2009-03-31": "0.82400", "2008-12-31": 0.933, "2008-09-30": -23.258, "2008-06-30": 100.118, "2008-03-31": "-13.89300", "2007-12-31": -14.745, "2007-09-30": 266.038, "2007-06-30": 1.503, "2007-03-31": "-0.64500", "2006-12-31": -0.024, "2006-09-30": 0.717, "2006-06-30": -0.246, "2006-03-31": "-3.10200", "2005-12-31": 16.4, "2005-09-30": 1.529, "2005-06-30": 1.022, "2005-03-31": "-2.19400"}, "Cash Flow From Operating Activities": {"2020-09-30": -110.326, "2020-06-30": -135.33, "2020-03-31": "-246.16100", "2019-12-31": -195.98, "2019-09-30": -182.632, "2019-06-30": 288.695, "2019-03-31": "-188.51000", "2018-12-31": -150.457, "2018-09-30": -153.808, "2018-06-30": -102.687, "2018-03-31": "-155.66400", "2017-12-31": -103.044, "2017-09-30": -98.363, "2017-06-30": -81.049, "2017-03-31": "-100.33000", "2016-12-31": -78.337, "2016-09-30": -75.536, "2016-06-30": -70.205, "2016-03-31": "-83.62300", "2015-12-31": -53.064, "2015-09-30": -54.365, "2015-06-30": -55.456, "2015-03-31": "-26.25500", "2014-12-31": -36.635, "2014-09-30": -40.706, "2014-06-30": -46.625, "2014-03-31": "-41.67500", "2013-12-31": -22.369, "2013-09-30": -21.715, "2013-06-30": -23.602, "2013-03-31": "-0.97100", "2012-12-31": -68.912, "2012-09-30": 5.212, "2012-06-30": -21.694, "2012-03-31": "-30.21500", "2011-12-31": -25.159, "2011-09-30": -29.025, "2011-06-30": -26.579, "2011-03-31": "-6.30500", "2010-12-31": -20.388, "2010-09-30": -24.038, "2010-06-30": -24.314, "2010-03-31": "-15.60100", "2009-12-31": -16.869, "2009-09-30": -20.588, "2009-06-30": -35.919, "2009-03-31": "1.23100", "2008-12-31": -4.849, "2008-09-30": -16.01, "2008-06-30": 95.008, "2008-03-31": "-8.65800", "2007-12-31": -8.438, "2007-09-30": 224.309, "2007-06-30": -8.391, "2007-03-31": "-10.96100", "2006-12-31": 28.58, "2006-09-30": -2.932, "2006-06-30": -8.382, "2006-03-31": "-8.70300", "2005-12-31": 3.616, "2005-09-30": -6.212, "2005-06-30": -6.25, "2005-03-31": "-7.63900"}, "Net Change In Property, Plant, And Equipment": {"2020-09-30": -12.418, "2020-06-30": -16.658, "2020-03-31": "-19.61700", "2019-12-31": -38.805, "2019-09-30": -36.058, "2019-06-30": -21.244, "2019-03-31": "-44.04900", "2018-12-31": -37.513, "2018-09-30": -45.409, "2018-06-30": -22.708, "2018-03-31": "-21.25700", "2017-12-31": -20.728, "2017-09-30": -25.678, "2017-06-30": -21.651, "2017-03-31": "-36.15200", "2016-12-31": -19.879, "2016-09-30": -20.298, "2016-06-30": -21.621, "2016-03-31": "-2.75900", "2015-12-31": -3.099, "2015-09-30": -6.477, "2015-06-30": -1.264, "2015-03-31": "-2.11000", "2014-12-31": -3.526, "2014-09-30": -3.195, "2014-06-30": -1.852, "2014-03-31": "-0.38800", "2013-12-31": -0.878, "2013-09-30": -0.95, "2013-06-30": -0.379, "2013-03-31": "-1.79900", "2012-12-31": -0.686, "2012-09-30": -5.729, "2012-06-30": -1.67, "2012-03-31": "-0.26300", "2011-12-31": -0.524, "2011-09-30": -0.265, "2011-06-30": -0.474, "2011-03-31": "-0.02800", "2010-12-31": -1.138, "2010-09-30": -1.067, "2010-06-30": -1.43, "2010-03-31": "-1.09700", "2009-12-31": -1.265, "2009-09-30": -0.737, "2009-06-30": -1.062, "2009-03-31": "-1.88500", "2008-12-31": -1.284, "2008-09-30": -2.282, "2008-06-30": -4.253, "2008-03-31": "-2.94500", "2007-12-31": -4.235, "2007-09-30": 1.638, "2007-06-30": -1.495, "2007-03-31": "-1.35400", "2006-12-31": -0.291, "2006-09-30": -0.746, "2006-06-30": -2.465, "2006-03-31": "-1.48400", "2005-12-31": -0.6, "2005-09-30": -0.372, "2005-06-30": -0.368, "2005-03-31": "-0.60700"}, "Net Change In Intangible Assets": {"2020-09-30": 0, "2020-06-30": 0, "2020-03-31": "", "2019-12-31": 0, "2019-09-30": 0, "2019-06-30": 0, "2019-03-31": "", "2018-12-31": 0, "2018-09-30": 0, "2018-06-30": 0, "2018-03-31": "", "2017-12-31": 0, "2017-09-30": 0, "2017-06-30": 0, "2017-03-31": "", "2016-12-31": 0, "2016-09-30": 0, "2016-06-30": 0, "2016-03-31": "", "2015-12-31": 0, "2015-09-30": 0, "2015-06-30": 0, "2015-03-31": "", "2014-12-31": 0, "2014-09-30": 0, "2014-06-30": 0, "2014-03-31": "", "2013-12-31": 0, "2013-09-30": 0, "2013-06-30": 0, "2013-03-31": "", "2012-12-31": 0, "2012-09-30": 0, "2012-06-30": 0, "2012-03-31": "", "2011-12-31": 0, "2011-09-30": 0, "2011-06-30": 0, "2011-03-31": "", "2010-12-31": 0, "2010-09-30": 0, "2010-06-30": 0, "2010-03-31": "", "2009-12-31": 0, "2009-09-30": 0, "2009-06-30": 0, "2009-03-31": "", "2008-12-31": 0, "2008-09-30": 0, "2008-06-30": 0, "2008-03-31": "", "2007-12-31": 0, "2007-09-30": 0, "2007-06-30": 0, "2007-03-31": "", "2006-12-31": 0, "2006-09-30": 0, "2006-06-30": 0, "2006-03-31": "", "2005-12-31": 0, "2005-09-30": 0, "2005-06-30": 0, "2005-03-31": ""}, "Net Acquisitions/Divestitures": {"2020-09-30": 0, "2020-06-30": 0, "2020-03-31": "", "2019-12-31": 0, "2019-09-30": 0, "2019-06-30": 0, "2019-03-31": "", "2018-12-31": 0, "2018-09-30": 0, "2018-06-30": 0, "2018-03-31": "", "2017-12-31": 0, "2017-09-30": 0, "2017-06-30": 0, "2017-03-31": "", "2016-12-31": 0, "2016-09-30": 0, "2016-06-30": 0, "2016-03-31": "", "2015-12-31": 0, "2015-09-30": 0, "2015-06-30": 0, "2015-03-31": "", "2014-12-31": 0, "2014-09-30": 0, "2014-06-30": 0, "2014-03-31": "-25.00000", "2013-12-31": 0, "2013-09-30": 0, "2013-06-30": 0, "2013-03-31": "", "2012-12-31": 0, "2012-09-30": 0, "2012-06-30": 0, "2012-03-31": "", "2011-12-31": 0, "2011-09-30": 0, "2011-06-30": 0, "2011-03-31": "", "2010-12-31": 0, "2010-09-30": 0, "2010-06-30": 0, "2010-03-31": "", "2009-12-31": 0, "2009-09-30": 0, "2009-06-30": 0, "2009-03-31": "", "2008-12-31": 0, "2008-09-30": 0, "2008-06-30": 0, "2008-03-31": "", "2007-12-31": 0, "2007-09-30": 0, "2007-06-30": 0, "2007-03-31": "", "2006-12-31": 0, "2006-09-30": 0, "2006-06-30": 0, "2006-03-31": "", "2005-12-31": 0, "2005-09-30": 0, "2005-06-30": 0, "2005-03-31": ""}, "Net Change In Short-term Investments": {"2020-09-30": 2.3299, "2020-06-30": -424.272, "2020-03-31": "143.20500", "2019-12-31": -175.0451, "2019-09-30": -4.019, "2019-06-30": -268.158, "2019-03-31": "146.70100", "2018-12-31": 286.477, "2018-09-30": 141.583, "2018-06-30": 100.154, "2018-03-31": "-113.55700", "2017-12-31": -259.86, "2017-09-30": -111.5, "2017-06-30": -46.02, "2017-03-31": "111.22800", "2016-12-31": 120.27, "2016-09-30": -11.107, "2016-06-30": 118.229, "2016-03-31": "129.75600", "2015-12-31": 82.555, "2015-09-30": 55.147, "2015-06-30": -105.672, "2015-03-31": "-338.93000", "2014-12-31": 24.961, "2014-09-30": 41.101, "2014-06-30": -226.523, "2014-03-31": "-354.39200", "2013-12-31": 56.926, "2013-09-30": -1.554, "2013-06-30": -52.83, "2013-03-31": "-129.04100", "2012-12-31": 44.199, "2012-09-30": 23.582, "2012-06-30": 9.271, "2012-03-31": "-65.16800", "2011-12-31": 21.308, "2011-09-30": 36.516, "2011-06-30": 3.111, "2011-03-31": "22.31500", "2010-12-31": 48.717, "2010-09-30": 5.751, "2010-06-30": -25.533, "2010-03-31": "-6.36500", "2009-12-31": 56.884, "2009-09-30": -29.217, "2009-06-30": -47.447, "2009-03-31": "43.01100", "2008-12-31": 4.683, "2008-09-30": -34.069, "2008-06-30": -45.003, "2008-03-31": "103.18900", "2007-12-31": -82.614, "2007-09-30": -157.527, "2007-06-30": 27.499, "2007-03-31": "-48.49800", "2006-12-31": -4.548, "2006-09-30": 2.865, "2006-06-30": -12.151, "2006-03-31": "-11.22600", "2005-12-31": -46.614, "2005-09-30": 4.846, "2005-06-30": 3.598, "2005-03-31": "-0.30100"}, "Net Change In Long-Term Investments": {"2020-09-30": 0, "2020-06-30": 0, "2020-03-31": "-9.90000", "2019-12-31": 0, "2019-09-30": 30, "2019-06-30": 0, "2019-03-31": "", "2018-12-31": 0, "2018-09-30": 0, "2018-06-30": -14.825, "2018-03-31": "", "2017-12-31": 120, "2017-09-30": 0, "2017-06-30": 0, "2017-03-31": "", "2016-12-31": -150, "2016-09-30": 0, "2016-06-30": 0, "2016-03-31": "", "2015-12-31": 0, "2015-09-30": 0, "2015-06-30": 0, "2015-03-31": "", "2014-12-31": 0, "2014-09-30": 0, "2014-06-30": 0, "2014-03-31": "", "2013-12-31": 0, "2013-09-30": 0, "2013-06-30": 0, "2013-03-31": "", "2012-12-31": 0, "2012-09-30": 0, "2012-06-30": 0, "2012-03-31": "", "2011-12-31": 0, "2011-09-30": 0, "2011-06-30": 0, "2011-03-31": "", "2010-12-31": 0, "2010-09-30": 0, "2010-06-30": 0, "2010-03-31": "", "2009-12-31": 0, "2009-09-30": 0, "2009-06-30": 0, "2009-03-31": "-10.00000", "2008-12-31": 0, "2008-09-30": -0.1, "2008-06-30": 0, "2008-03-31": "", "2007-12-31": 0, "2007-09-30": -10, "2007-06-30": 0, "2007-03-31": "", "2006-12-31": 0, "2006-09-30": 0, "2006-06-30": 0, "2006-03-31": "", "2005-12-31": 0, "2005-09-30": 0, "2005-06-30": 0, "2005-03-31": ""}, "Net Change In Investments - Total": {"2020-09-30": 2.3299, "2020-06-30": -424.272, "2020-03-31": "133.30500", "2019-12-31": -175.0451, "2019-09-30": 25.981, "2019-06-30": -268.158, "2019-03-31": "146.70100", "2018-12-31": 286.477, "2018-09-30": 141.583, "2018-06-30": 85.329, "2018-03-31": "-113.55700", "2017-12-31": -139.86, "2017-09-30": -111.5, "2017-06-30": -46.02, "2017-03-31": "111.22800", "2016-12-31": -29.73, "2016-09-30": -11.107, "2016-06-30": 118.229, "2016-03-31": "129.75600", "2015-12-31": 82.555, "2015-09-30": 55.147, "2015-06-30": -105.672, "2015-03-31": "-338.93000", "2014-12-31": 24.961, "2014-09-30": 41.101, "2014-06-30": -226.523, "2014-03-31": "-354.39200", "2013-12-31": 56.926, "2013-09-30": -1.554, "2013-06-30": -52.83, "2013-03-31": "-129.04100", "2012-12-31": 44.199, "2012-09-30": 23.582, "2012-06-30": 9.271, "2012-03-31": "-65.16800", "2011-12-31": 21.308, "2011-09-30": 36.516, "2011-06-30": 3.111, "2011-03-31": "22.31500", "2010-12-31": 48.717, "2010-09-30": 5.751, "2010-06-30": -25.533, "2010-03-31": "-6.36500", "2009-12-31": 56.884, "2009-09-30": -29.217, "2009-06-30": -47.447, "2009-03-31": "33.01100", "2008-12-31": 4.683, "2008-09-30": -34.169, "2008-06-30": -45.003, "2008-03-31": "103.18900", "2007-12-31": -82.614, "2007-09-30": -167.527, "2007-06-30": 27.499, "2007-03-31": "-48.49800", "2006-12-31": -4.548, "2006-09-30": 2.865, "2006-06-30": -12.151, "2006-03-31": "-11.22600", "2005-12-31": -46.614, "2005-09-30": 4.846, "2005-06-30": 3.598, "2005-03-31": "-0.30100"}, "Investing Activities - Other": {"2020-09-30": 0, "2020-06-30": -0.3, "2020-03-31": "", "2019-12-31": -7, "2019-09-30": 0, "2019-06-30": 0, "2019-03-31": "", "2018-12-31": 0, "2018-09-30": 0, "2018-06-30": 0, "2018-03-31": "", "2017-12-31": 0, "2017-09-30": 0, "2017-06-30": 0, "2017-03-31": "", "2016-12-31": 150, "2016-09-30": 0, "2016-06-30": -140.943, "2016-03-31": "-9.05700", "2015-12-31": -1.183, "2015-09-30": 0, "2015-06-30": 0, "2015-03-31": "-0.28800", "2014-12-31": 0, "2014-09-30": 0, "2014-06-30": 0, "2014-03-31": "", "2013-12-31": 0, "2013-09-30": 0, "2013-06-30": 0, "2013-03-31": "", "2012-12-31": 0, "2012-09-30": 0, "2012-06-30": 0, "2012-03-31": "-0.16200", "2011-12-31": 0, "2011-09-30": 0, "2011-06-30": 0, "2011-03-31": "", "2010-12-31": 0, "2010-09-30": 0, "2010-06-30": 0, "2010-03-31": "", "2009-12-31": 0, "2009-09-30": 0, "2009-06-30": 3.152, "2009-03-31": "2.99900", "2008-12-31": 0, "2008-09-30": 0, "2008-06-30": 0, "2008-03-31": "", "2007-12-31": -0.839, "2007-09-30": 0, "2007-06-30": 0, "2007-03-31": "", "2006-12-31": 0, "2006-09-30": 0, "2006-06-30": 0, "2006-03-31": "", "2005-12-31": 0, "2005-09-30": 0, "2005-06-30": 0, "2005-03-31": ""}, "Cash Flow From Investing Activities": {"2020-09-30": -10.088, "2020-06-30": -441.23, "2020-03-31": "113.68800", "2019-12-31": -220.85, "2019-09-30": -10.077, "2019-06-30": -289.402, "2019-03-31": "102.65200", "2018-12-31": 248.964, "2018-09-30": 96.174, "2018-06-30": 62.621, "2018-03-31": "-134.81400", "2017-12-31": -160.588, "2017-09-30": -137.178, "2017-06-30": -67.671, "2017-03-31": "75.07600", "2016-12-31": 100.391, "2016-09-30": -31.405, "2016-06-30": -44.335, "2016-03-31": "117.94000", "2015-12-31": 78.273, "2015-09-30": 48.67, "2015-06-30": -106.936, "2015-03-31": "-341.32800", "2014-12-31": 21.435, "2014-09-30": 37.906, "2014-06-30": -228.375, "2014-03-31": "-379.78000", "2013-12-31": 56.048, "2013-09-30": -2.504, "2013-06-30": -53.209, "2013-03-31": "-130.84000", "2012-12-31": 43.513, "2012-09-30": 17.853, "2012-06-30": 7.601, "2012-03-31": "-65.59300", "2011-12-31": 20.784, "2011-09-30": 36.251, "2011-06-30": 2.637, "2011-03-31": "22.28700", "2010-12-31": 47.579, "2010-09-30": 4.684, "2010-06-30": -26.963, "2010-03-31": "-7.46200", "2009-12-31": 55.619, "2009-09-30": -29.954, "2009-06-30": -45.357, "2009-03-31": "34.12500", "2008-12-31": 3.399, "2008-09-30": -36.451, "2008-06-30": -49.256, "2008-03-31": "100.24400", "2007-12-31": -87.688, "2007-09-30": -165.889, "2007-06-30": 26.004, "2007-03-31": "-49.85200", "2006-12-31": 0.147, "2006-09-30": 2.119, "2006-06-30": -14.616, "2006-03-31": "-12.71000", "2005-12-31": -47.214, "2005-09-30": 4.474, "2005-06-30": 3.23, "2005-03-31": "-0.90800"}, "Net Long-Term Debt": {"2020-09-30": 0, "2020-06-30": 0, "2020-03-31": "", "2019-12-31": 0, "2019-09-30": -30, "2019-06-30": 0, "2019-03-31": "", "2018-12-31": 0, "2018-09-30": 0, "2018-06-30": 0, "2018-03-31": "", "2017-12-31": -120, "2017-09-30": 0, "2017-06-30": 0, "2017-03-31": "", "2016-12-31": 0, "2016-09-30": 0, "2016-06-30": 150, "2016-03-31": "", "2015-12-31": 0, "2015-09-30": 0, "2015-06-30": 0, "2015-03-31": "", "2014-12-31": 0, "2014-09-30": 0, "2014-06-30": 0, "2014-03-31": "", "2013-12-31": 0, "2013-09-30": 0, "2013-06-30": 0, "2013-03-31": "", "2012-12-31": 0, "2012-09-30": 0, "2012-06-30": 0, "2012-03-31": "", "2011-12-31": 0, "2011-09-30": 0, "2011-06-30": 0, "2011-03-31": "", "2010-12-31": 0, "2010-09-30": 0, "2010-06-30": 0, "2010-03-31": "", "2009-12-31": 0, "2009-09-30": 0, "2009-06-30": 0, "2009-03-31": "", "2008-12-31": -3.946, "2008-09-30": -0.96, "2008-06-30": -0.937, "2008-03-31": "-0.91500", "2007-12-31": -0.892, "2007-09-30": -0.872, "2007-06-30": 0.163, "2007-03-31": "-0.77500", "2006-12-31": -0.347, "2006-09-30": 0.429, "2006-06-30": 1.728, "2006-03-31": "-0.06900", "2005-12-31": -0.152, "2005-09-30": -0.416, "2005-06-30": 0.197, "2005-03-31": "0.56500"}, "Net Current Debt": {"2020-09-30": 0, "2020-06-30": 0, "2020-03-31": "", "2019-12-31": 0, "2019-09-30": 0, "2019-06-30": 0, "2019-03-31": "", "2018-12-31": 0, "2018-09-30": 0, "2018-06-30": 0, "2018-03-31": "", "2017-12-31": 0, "2017-09-30": 0, "2017-06-30": 0, "2017-03-31": "", "2016-12-31": 0, "2016-09-30": 0, "2016-06-30": 0, "2016-03-31": "", "2015-12-31": 0, "2015-09-30": 0, "2015-06-30": 0, "2015-03-31": "", "2014-12-31": 0, "2014-09-30": 0, "2014-06-30": 0, "2014-03-31": "", "2013-12-31": 0, "2013-09-30": 0, "2013-06-30": 0, "2013-03-31": "", "2012-12-31": 0, "2012-09-30": 0, "2012-06-30": 0, "2012-03-31": "", "2011-12-31": 0, "2011-09-30": 0, "2011-06-30": 0, "2011-03-31": "", "2010-12-31": 0, "2010-09-30": 0, "2010-06-30": 0, "2010-03-31": "", "2009-12-31": 0, "2009-09-30": 0, "2009-06-30": 0, "2009-03-31": "", "2008-12-31": 0, "2008-09-30": 0, "2008-06-30": 0, "2008-03-31": "", "2007-12-31": 0, "2007-09-30": 0, "2007-06-30": 0, "2007-03-31": "", "2006-12-31": 0, "2006-09-30": 0, "2006-06-30": 0, "2006-03-31": "", "2005-12-31": 0, "2005-09-30": 0, "2005-06-30": 0, "2005-03-31": ""}, "Debt Issuance/Retirement Net - Total": {"2020-09-30": 0, "2020-06-30": 0, "2020-03-31": "", "2019-12-31": 0, "2019-09-30": -30, "2019-06-30": 0, "2019-03-31": "", "2018-12-31": 0, "2018-09-30": 0, "2018-06-30": 0, "2018-03-31": "", "2017-12-31": -120, "2017-09-30": 0, "2017-06-30": 0, "2017-03-31": "", "2016-12-31": 0, "2016-09-30": 0, "2016-06-30": 150, "2016-03-31": "", "2015-12-31": 0, "2015-09-30": 0, "2015-06-30": 0, "2015-03-31": "", "2014-12-31": 0, "2014-09-30": 0, "2014-06-30": 0, "2014-03-31": "", "2013-12-31": 0, "2013-09-30": 0, "2013-06-30": 0, "2013-03-31": "", "2012-12-31": 0, "2012-09-30": 0, "2012-06-30": 0, "2012-03-31": "", "2011-12-31": 0, "2011-09-30": 0, "2011-06-30": 0, "2011-03-31": "", "2010-12-31": 0, "2010-09-30": 0, "2010-06-30": 0, "2010-03-31": "", "2009-12-31": 0, "2009-09-30": 0, "2009-06-30": 0, "2009-03-31": "", "2008-12-31": -3.946, "2008-09-30": -0.96, "2008-06-30": -0.937, "2008-03-31": "-0.91500", "2007-12-31": -0.892, "2007-09-30": -0.872, "2007-06-30": 0.163, "2007-03-31": "-0.77500", "2006-12-31": -0.347, "2006-09-30": 0.429, "2006-06-30": 1.728, "2006-03-31": "-0.06900", "2005-12-31": -0.152, "2005-09-30": -0.416, "2005-06-30": 0.197, "2005-03-31": "0.56500"}, "Net Common Equity Issued/Repurchased": {"2020-09-30": 29.947, "2020-06-30": 197.141, "2020-03-31": "53.86900", "2019-12-31": 40.342, "2019-09-30": 9.301, "2019-06-30": 412.61, "2019-03-31": "390.93100", "2018-12-31": 5.378, "2018-09-30": 12.989, "2018-06-30": 5.581, "2018-03-31": "41.52200", "2017-12-31": 826.948, "2017-09-30": 28.915, "2017-06-30": 386.312, "2017-03-31": "2.71600", "2016-12-31": 3.082, "2016-09-30": 4.346, "2016-06-30": 4.338, "2016-03-31": "16.06600", "2015-12-31": 6.468, "2015-09-30": 3.651, "2015-06-30": 7.074, "2015-03-31": "598.98400", "2014-12-31": 7.6581, "2014-09-30": 4.7939, "2014-06-30": 5.138, "2014-03-31": "718.87500", "2013-12-31": 7.65, "2013-09-30": 11.084, "2013-06-30": 3.982, "2013-03-31": "178.21000", "2012-12-31": 0.966, "2012-09-30": 4.499, "2012-06-30": 0.628, "2012-03-31": "87.31900", "2011-12-31": 0.267, "2011-09-30": 0, "2011-06-30": 0.462, "2011-03-31": "0.00900", "2010-12-31": 0.527, "2010-09-30": 0.053, "2010-06-30": 2.541, "2010-03-31": "0.54200", "2009-12-31": 0.635, "2009-09-30": 0.763, "2009-06-30": 2.111, "2009-03-31": "", "2008-12-31": 0.462, "2008-09-30": 2.567, "2008-06-30": 6.441, "2008-03-31": "0.44300", "2007-12-31": 1.647, "2007-09-30": 58.845, "2007-06-30": 0.14, "2007-03-31": "0.37900", "2006-12-31": 102.043, "2006-09-30": 0.188, "2006-06-30": 0.108, "2006-03-31": "62.55100", "2005-12-31": 52.303, "2005-09-30": 0.073, "2005-06-30": 0.01, "2005-03-31": "0.03700"}, "Net Total Equity Issued/Repurchased": {"2020-09-30": 29.947, "2020-06-30": 197.141, "2020-03-31": "53.86900", "2019-12-31": 40.342, "2019-09-30": 9.301, "2019-06-30": 412.61, "2019-03-31": "390.93100", "2018-12-31": 5.378, "2018-09-30": 12.989, "2018-06-30": 5.581, "2018-03-31": "41.52200", "2017-12-31": 826.948, "2017-09-30": 28.915, "2017-06-30": 386.312, "2017-03-31": "2.71600", "2016-12-31": 3.082, "2016-09-30": 4.346, "2016-06-30": 4.338, "2016-03-31": "16.06600", "2015-12-31": 6.468, "2015-09-30": 3.651, "2015-06-30": 7.074, "2015-03-31": "598.98400", "2014-12-31": 7.6581, "2014-09-30": 4.7939, "2014-06-30": 5.138, "2014-03-31": "718.87500", "2013-12-31": 7.65, "2013-09-30": 11.084, "2013-06-30": 3.982, "2013-03-31": "178.21000", "2012-12-31": 0.966, "2012-09-30": 4.499, "2012-06-30": 0.628, "2012-03-31": "87.31900", "2011-12-31": 0.267, "2011-09-30": 0, "2011-06-30": 0.462, "2011-03-31": "0.00900", "2010-12-31": 0.527, "2010-09-30": 0.053, "2010-06-30": 2.541, "2010-03-31": "0.54200", "2009-12-31": 0.635, "2009-09-30": 0.763, "2009-06-30": 1.901, "2009-03-31": "0.21000", "2008-12-31": 0.462, "2008-09-30": 2.567, "2008-06-30": 6.441, "2008-03-31": "0.44300", "2007-12-31": 1.647, "2007-09-30": 58.845, "2007-06-30": 0.14, "2007-03-31": "0.37900", "2006-12-31": 102.043, "2006-09-30": 0.188, "2006-06-30": 0.108, "2006-03-31": "62.55100", "2005-12-31": 52.303, "2005-09-30": 0.073, "2005-06-30": 0.01, "2005-03-31": "0.03700"}, "Total Common And Preferred Stock Dividends Paid": {"2020-09-30": 0, "2020-06-30": 0, "2020-03-31": "", "2019-12-31": 0, "2019-09-30": 0, "2019-06-30": 0, "2019-03-31": "", "2018-12-31": 0, "2018-09-30": 0, "2018-06-30": 0, "2018-03-31": "", "2017-12-31": 0, "2017-09-30": 0, "2017-06-30": 0, "2017-03-31": "", "2016-12-31": 0, "2016-09-30": 0, "2016-06-30": 0, "2016-03-31": "", "2015-12-31": 0, "2015-09-30": 0, "2015-06-30": 0, "2015-03-31": "", "2014-12-31": 0, "2014-09-30": 0, "2014-06-30": 0, "2014-03-31": "", "2013-12-31": 0, "2013-09-30": 0, "2013-06-30": 0, "2013-03-31": "", "2012-12-31": 0, "2012-09-30": 0, "2012-06-30": 0, "2012-03-31": "", "2011-12-31": 0, "2011-09-30": 0, "2011-06-30": 0, "2011-03-31": "", "2010-12-31": 0, "2010-09-30": 0, "2010-06-30": 0, "2010-03-31": "", "2009-12-31": 0, "2009-09-30": 0, "2009-06-30": 0, "2009-03-31": "", "2008-12-31": 0, "2008-09-30": 0, "2008-06-30": 0, "2008-03-31": "", "2007-12-31": 0, "2007-09-30": 0, "2007-06-30": 0, "2007-03-31": "", "2006-12-31": 0, "2006-09-30": 0, "2006-06-30": 0, "2006-03-31": "", "2005-12-31": 0, "2005-09-30": 0, "2005-06-30": 0, "2005-03-31": ""}, "Financial Activities - Other": {"2020-09-30": 4.2, "2020-06-30": 491.872, "2020-03-31": "", "2019-12-31": 0, "2019-09-30": 0, "2019-06-30": 0, "2019-03-31": "", "2018-12-31": 0, "2018-09-30": 0, "2018-06-30": 0, "2018-03-31": "", "2017-12-31": 0, "2017-09-30": 0, "2017-06-30": 0, "2017-03-31": "", "2016-12-31": 0, "2016-09-30": 0, "2016-06-30": 0, "2016-03-31": "", "2015-12-31": 0, "2015-09-30": 0, "2015-06-30": 0, "2015-03-31": "", "2014-12-31": 0, "2014-09-30": 0, "2014-06-30": 0, "2014-03-31": "", "2013-12-31": 0, "2013-09-30": 0, "2013-06-30": 0, "2013-03-31": "", "2012-12-31": 0, "2012-09-30": 0, "2012-06-30": 0, "2012-03-31": "", "2011-12-31": 0, "2011-09-30": 0, "2011-06-30": 0, "2011-03-31": "", "2010-12-31": 0, "2010-09-30": 0, "2010-06-30": 0, "2010-03-31": "", "2009-12-31": 0, "2009-09-30": 0, "2009-06-30": 0, "2009-03-31": "", "2008-12-31": 0, "2008-09-30": 0, "2008-06-30": 0, "2008-03-31": "", "2007-12-31": 0, "2007-09-30": 0, "2007-06-30": 0, "2007-03-31": "", "2006-12-31": 0, "2006-09-30": 0, "2006-06-30": 0, "2006-03-31": "", "2005-12-31": 0, "2005-09-30": 0, "2005-06-30": 0, "2005-03-31": ""}, "Cash Flow From Financial Activities": {"2020-09-30": 34.147, "2020-06-30": 689.013, "2020-03-31": "53.86900", "2019-12-31": 40.342, "2019-09-30": -20.699, "2019-06-30": 412.61, "2019-03-31": "390.93100", "2018-12-31": 5.378, "2018-09-30": 12.989, "2018-06-30": 5.581, "2018-03-31": "41.52200", "2017-12-31": 706.948, "2017-09-30": 28.915, "2017-06-30": 386.312, "2017-03-31": "2.71600", "2016-12-31": 3.082, "2016-09-30": 4.346, "2016-06-30": 154.338, "2016-03-31": "16.06600", "2015-12-31": 6.468, "2015-09-30": 3.651, "2015-06-30": 7.074, "2015-03-31": "598.98400", "2014-12-31": 7.658, "2014-09-30": 4.794, "2014-06-30": 5.138, "2014-03-31": "718.87500", "2013-12-31": 7.65, "2013-09-30": 11.084, "2013-06-30": 3.982, "2013-03-31": "178.21000", "2012-12-31": 0.966, "2012-09-30": 4.499, "2012-06-30": 0.628, "2012-03-31": "87.31900", "2011-12-31": 0.267, "2011-09-30": 0, "2011-06-30": 0.462, "2011-03-31": "0.00900", "2010-12-31": 0.527, "2010-09-30": 0.053, "2010-06-30": 2.541, "2010-03-31": "0.54200", "2009-12-31": 0.635, "2009-09-30": 0.763, "2009-06-30": 1.901, "2009-03-31": "0.21000", "2008-12-31": -3.484, "2008-09-30": 1.607, "2008-06-30": 5.504, "2008-03-31": "-0.47200", "2007-12-31": 0.755, "2007-09-30": 57.973, "2007-06-30": 0.303, "2007-03-31": "-0.39600", "2006-12-31": 101.696, "2006-09-30": 0.617, "2006-06-30": 1.836, "2006-03-31": "62.48200", "2005-12-31": 52.151, "2005-09-30": -0.343, "2005-06-30": 0.207, "2005-03-31": "0.60200"}, "Net Cash Flow": {"2020-09-30": -84.125, "2020-06-30": 112.888, "2020-03-31": "-79.23500", "2019-12-31": -376.122, "2019-09-30": -213.854, "2019-06-30": 411.9, "2019-03-31": "305.07300", "2018-12-31": 103.885, "2018-09-30": -44.645, "2018-06-30": -34.485, "2018-03-31": "-248.95600", "2017-12-31": 443.316, "2017-09-30": -206.626, "2017-06-30": 237.592, "2017-03-31": "-22.53800", "2016-12-31": 25.136, "2016-09-30": -102.595, "2016-06-30": 39.798, "2016-03-31": "50.38300", "2015-12-31": 31.677, "2015-09-30": -2.044, "2015-06-30": -155.318, "2015-03-31": "231.40100", "2014-12-31": -7.542, "2014-09-30": 1.994, "2014-06-30": -269.862, "2014-03-31": "297.42000", "2013-12-31": 41.329, "2013-09-30": -13.135, "2013-06-30": -72.829, "2013-03-31": "46.39900", "2012-12-31": -24.433, "2012-09-30": 27.564, "2012-06-30": -13.465, "2012-03-31": "-8.48900", "2011-12-31": -4.108, "2011-09-30": 7.226, "2011-06-30": -23.48, "2011-03-31": "15.99100", "2010-12-31": 27.718, "2010-09-30": -19.301, "2010-06-30": -48.765, "2010-03-31": "-22.52100", "2009-12-31": 39.381, "2009-09-30": -49.783, "2009-06-30": -79.398, "2009-03-31": "35.47600", "2008-12-31": -4.945, "2008-09-30": -50.799, "2008-06-30": 51.255, "2008-03-31": "91.12400", "2007-12-31": -95.39, "2007-09-30": 116.083, "2007-06-30": 17.802, "2007-03-31": "-61.29300", "2006-12-31": -36.256, "2006-09-30": -0.129, "2006-06-30": -21.159, "2006-03-31": "41.04700", "2005-12-31": 8.579, "2005-09-30": -1.987, "2005-06-30": -3.05, "2005-03-31": "-8.05700"}, "Stock-Based Compensation": {"2020-09-30": 37.264, "2020-06-30": 33.755, "2020-03-31": "34.57800", "2019-12-31": 66.197, "2019-09-30": 46.009, "2019-06-30": 30.603, "2019-03-31": "32.03200", "2018-12-31": 27.973, "2018-09-30": 87.954, "2018-06-30": 22.241, "2018-03-31": "19.58400", "2017-12-31": 27.117, "2017-09-30": 25.955, "2017-06-30": 24.03, "2017-03-31": "15.71700", "2016-12-31": 20.651, "2016-09-30": 15.581, "2016-06-30": 15.816, "2016-03-31": "23.48000", "2015-12-31": 15.52, "2015-09-30": 11.848, "2015-06-30": 10.179, "2015-03-31": "8.23600", "2014-12-31": 13.438, "2014-09-30": 6.352, "2014-06-30": 7.68, "2014-03-31": "5.59100", "2013-12-31": 5.406, "2013-09-30": 8.845, "2013-06-30": 3.377, "2013-03-31": "3.07500", "2012-12-31": 2.722, "2012-09-30": 3.386, "2012-06-30": 3.096, "2012-03-31": "3.15600", "2011-12-31": 4.082, "2011-09-30": 4.258, "2011-06-30": 4.214, "2011-03-31": "4.12200", "2010-12-31": 4.212, "2010-09-30": 4.511, "2010-06-30": 5.068, "2010-03-31": "5.32700", "2009-12-31": 3.94, "2009-09-30": 5.634, "2009-06-30": 5.417, "2009-03-31": "4.73600", "2008-12-31": 4.123, "2008-09-30": 5.017, "2008-06-30": 4.882, "2008-03-31": "4.00400", "2007-12-31": 2.808, "2007-09-30": 7.922, "2007-06-30": 1.786, "2007-03-31": "2.16000", "2006-12-31": 2.609, "2006-09-30": 1.714, "2006-06-30": 1.606, "2006-03-31": "2.37500", "2005-12-31": 1.002, "2005-09-30": 2.196, "2005-06-30": 0.919, "2005-03-31": "0.48000"}, "Common Stock Dividends Paid": {"2020-09-30": 0, "2020-06-30": 0, "2020-03-31": "", "2019-12-31": 0, "2019-09-30": 0, "2019-06-30": 0, "2019-03-31": "", "2018-12-31": 0, "2018-09-30": 0, "2018-06-30": 0, "2018-03-31": "", "2017-12-31": 0, "2017-09-30": 0, "2017-06-30": 0, "2017-03-31": "", "2016-12-31": 0, "2016-09-30": 0, "2016-06-30": 0, "2016-03-31": "", "2015-12-31": 0, "2015-09-30": 0, "2015-06-30": 0, "2015-03-31": "", "2014-12-31": 0, "2014-09-30": 0, "2014-06-30": 0, "2014-03-31": "", "2013-12-31": 0, "2013-09-30": 0, "2013-06-30": 0, "2013-03-31": "", "2012-12-31": 0, "2012-09-30": 0, "2012-06-30": 0, "2012-03-31": "", "2011-12-31": 0, "2011-09-30": 0, "2011-06-30": 0, "2011-03-31": "", "2010-12-31": 0, "2010-09-30": 0, "2010-06-30": 0, "2010-03-31": "", "2009-12-31": 0, "2009-09-30": 0, "2009-06-30": 0, "2009-03-31": "", "2008-12-31": 0, "2008-09-30": 0, "2008-06-30": 0, "2008-03-31": "", "2007-12-31": 0, "2007-09-30": 0, "2007-06-30": 0, "2007-03-31": "", "2006-12-31": 0, "2006-09-30": 0, "2006-06-30": 0, "2006-03-31": "", "2005-12-31": 0, "2005-09-30": 0, "2005-06-30": 0, "2005-03-31": ""}}, "financial ratios": {"Current Ratio": {"2019-12-31": "4.86640", "2018-12-31": "6.68930", "2017-12-31": "12.23380", "2016-12-31": "5.10160", "2015-12-31": "17.80040", "2014-12-31": "7.82900", "2013-12-31": "4.71610", "2012-12-31": "2.59710", "2011-12-31": "1.87710", "2010-12-31": "2.49040", "2009-12-31": "2.65080", "2008-12-31": "4.45570", "2007-12-31": "4.76660", "2006-12-31": "9.71800", "2005-12-31": "4.45870"}, "Long-term Debt / Capital": {"2019-12-31": "", "2018-12-31": "0.02250", "2017-12-31": "0.01670", "2016-12-31": "0.14020", "2015-12-31": "", "2014-12-31": "", "2013-12-31": "", "2012-12-31": "", "2011-12-31": "", "2010-12-31": "", "2009-12-31": "", "2008-12-31": "", "2007-12-31": "0.01470", "2006-12-31": "0.02860", "2005-12-31": "0.08200"}, "Debt/Equity Ratio": {"2019-12-31": "", "2018-12-31": "0.02300", "2017-12-31": "0.01700", "2016-12-31": "0.16300", "2015-12-31": "", "2014-12-31": "", "2013-12-31": "", "2012-12-31": "", "2011-12-31": "", "2010-12-31": "", "2009-12-31": "", "2008-12-31": "", "2007-12-31": "0.03390", "2006-12-31": "0.04540", "2005-12-31": "0.11970"}, "Gross Margin": {"2019-12-31": "88.59520", "2018-12-31": "97.59440", "2017-12-31": "100.00000", "2016-12-31": "100.00000", "2015-12-31": "100.00000", "2014-12-31": "100.00000", "2013-12-31": "100.00000", "2012-12-31": "100.00000", "2011-12-31": "100.00000", "2010-12-31": "100.00000", "2009-12-31": "100.00000", "2008-12-31": "100.00000", "2007-12-31": "100.00000", "2006-12-31": "100.00000", "2005-12-31": "100.00000"}, "Operating Margin": {"2019-12-31": "-427.49990", "2018-12-31": "-1087.56500", "2017-12-31": "-556.19710", "2016-12-31": "-900.33080", "2015-12-31": "-720.26670", "2014-12-31": "-800.97310", "2013-12-31": "-197.04880", "2012-12-31": "-194.01420", "2011-12-31": "-66.23970", "2010-12-31": "-44.05190", "2009-12-31": "-47.85590", "2008-12-31": "-28.94560", "2007-12-31": "-183.06970", "2006-12-31": "-146.68030", "2005-12-31": "-760.53190"}, "EBIT Margin": {"2019-12-31": "-427.49990", "2018-12-31": "-1087.56500", "2017-12-31": "-556.19710", "2016-12-31": "-900.33080", "2015-12-31": "-720.26670", "2014-12-31": "-800.97310", "2013-12-31": "-197.04880", "2012-12-31": "-194.01420", "2011-12-31": "-66.23970", "2010-12-31": "-44.05190", "2009-12-31": "-47.85590", "2008-12-31": "-28.94560", "2007-12-31": "-183.06970", "2006-12-31": "-146.68030", "2005-12-31": "-760.53190"}, "EBITDA Margin": {"2019-12-31": "-402.75910", "2018-12-31": "-1067.20900", "2017-12-31": "-542.96420", "2016-12-31": "-868.24780", "2015-12-31": "-673.91300", "2014-12-31": "-777.38570", "2013-12-31": "-175.36200", "2012-12-31": "-180.47360", "2011-12-31": "-60.04690", "2010-12-31": "-39.11300", "2009-12-31": "-41.89570", "2008-12-31": "-22.99120", "2007-12-31": "-175.04960", "2006-12-31": "-131.56700", "2005-12-31": "-708.36250"}, "Pre-Tax Profit Margin": {"2019-12-31": "-402.84550", "2018-12-31": "-1015.47800", "2017-12-31": "-545.94930", "2016-12-31": "-869.62820", "2015-12-31": "-705.82530", "2014-12-31": "-792.31820", "2013-12-31": "-194.88200", "2012-12-31": "-174.72610", "2011-12-31": "-69.66060", "2010-12-31": "-42.98340", "2009-12-31": "-46.75880", "2008-12-31": "-26.54870", "2007-12-31": "-157.61440", "2006-12-31": "-128.51100", "2005-12-31": "-750.76980"}, "Net Profit Margin": {"2019-12-31": "-403.23830", "2018-12-31": "-1016.57600", "2017-12-31": "-545.94930", "2016-12-31": "-869.62820", "2015-12-31": "-705.82530", "2014-12-31": "-712.79240", "2013-12-31": "-189.16830", "2012-12-31": "-158.88200", "2011-12-31": "-69.66060", "2010-12-31": "-43.49720", "2009-12-31": "-47.33770", "2008-12-31": "-27.29640", "2007-12-31": "-167.91950", "2006-12-31": "-128.51100", "2005-12-31": "-750.76980"}, "Asset Turnover": {"2019-12-31": "0.09170", "2018-12-31": "0.04760", "2017-12-31": "0.04510", "2016-12-31": "0.03730", "2015-12-31": "0.02960", "2014-12-31": "0.04680", "2013-12-31": "0.11220", "2012-12-31": "0.23210", "2011-12-31": "0.29360", "2010-12-31": "0.25440", "2009-12-31": "0.20880", "2008-12-31": "0.17340", "2007-12-31": "0.10310", "2006-12-31": "0.11220", "2005-12-31": "0.05810"}, "Inventory Turnover Ratio": {"2019-12-31": "0.44480", "2018-12-31": "0.07490", "2017-12-31": "", "2016-12-31": "", "2015-12-31": "", "2014-12-31": "", "2013-12-31": "", "2012-12-31": "", "2011-12-31": "", "2010-12-31": "", "2009-12-31": "", "2008-12-31": "", "2007-12-31": "", "2006-12-31": "", "2005-12-31": ""}, "Receiveable Turnover": {"2019-12-31": "5.10920", "2018-12-31": "3.99300", "2017-12-31": "2.64430", "2016-12-31": "2.02100", "2015-12-31": "4.95260", "2014-12-31": "1.26600", "2013-12-31": "11.10330", "2012-12-31": "641.58650", "2011-12-31": "56.37400", "2010-12-31": "7.08560", "2009-12-31": "16.63350", "2008-12-31": "22.96160", "2007-12-31": "10.11670", "2006-12-31": "7.03320", "2005-12-31": "7.57090"}, "Days Sales In Receivables": {"2019-12-31": "71.44040", "2018-12-31": "91.41080", "2017-12-31": "138.03200", "2016-12-31": "180.59990", "2015-12-31": "73.69810", "2014-12-31": "288.30530", "2013-12-31": "32.87300", "2012-12-31": "0.56890", "2011-12-31": "6.47460", "2010-12-31": "51.51320", "2009-12-31": "21.94360", "2008-12-31": "15.89610", "2007-12-31": "36.07900", "2006-12-31": "51.89700", "2005-12-31": "48.21120"}, "ROE - Return On Equity": {"2019-12-31": "-61.59180", "2018-12-31": "-58.48830", "2017-12-31": "-27.78900", "2016-12-31": "-44.56630", "2015-12-31": "-22.93590", "2014-12-31": "-38.49280", "2013-12-31": "-33.00390", "2012-12-31": "-79.08370", "2011-12-31": "-48.85630", "2010-12-31": "-27.50060", "2009-12-31": "-26.74120", "2008-12-31": "-12.98650", "2007-12-31": "-42.91150", "2006-12-31": "-17.20300", "2005-12-31": "-69.46370"}, "Return On Tangible Equity": {"2019-12-31": "-61.59180", "2018-12-31": "-58.48830", "2017-12-31": "-27.78900", "2016-12-31": "-44.56630", "2015-12-31": "-22.93590", "2014-12-31": "-38.49280", "2013-12-31": "-33.00390", "2012-12-31": "-79.08370", "2011-12-31": "-48.85630", "2010-12-31": "-27.57870", "2009-12-31": "-26.83500", "2008-12-31": "-13.03780", "2007-12-31": "-43.12110", "2006-12-31": "-17.36990", "2005-12-31": "-72.38230"}, "ROA - Return On Assets": {"2019-12-31": "-36.99650", "2018-12-31": "-48.35510", "2017-12-31": "-24.60850", "2016-12-31": "-32.47580", "2015-12-31": "-20.92110", "2014-12-31": "-33.38240", "2013-12-31": "-21.21730", "2012-12-31": "-36.87190", "2011-12-31": "-20.44890", "2010-12-31": "-11.06510", "2009-12-31": "-9.88610", "2008-12-31": "-4.73230", "2007-12-31": "-17.30810", "2006-12-31": "-14.41960", "2005-12-31": "-43.63490"}, "ROI - Return On Investment": {"2019-12-31": "-61.59180", "2018-12-31": "-57.17100", "2017-12-31": "-27.32500", "2016-12-31": "-38.31990", "2015-12-31": "-22.93590", "2014-12-31": "-38.49280", "2013-12-31": "-33.00390", "2012-12-31": "-79.08370", "2011-12-31": "-48.85630", "2010-12-31": "-27.50060", "2009-12-31": "-26.74120", "2008-12-31": "-12.98650", "2007-12-31": "-42.28250", "2006-12-31": "-16.71130", "2005-12-31": "-63.76710"}, "Book Value Per Share": {"2019-12-31": "12.82390", "2018-12-31": "12.86820", "2017-12-31": "17.72330", "2016-12-31": "10.70760", "2015-12-31": "14.86310", "2014-12-31": "12.12730", "2013-12-31": "4.24130", "2012-12-31": "2.55390", "2011-12-31": "2.76200", "2010-12-31": "3.73690", "2009-12-31": "4.25380", "2008-12-31": "4.88060", "2007-12-31": "4.88480", "2006-12-31": "5.42970", "2005-12-31": "2.31920"}, "Operating Cash Flow Per Share": {"2019-12-31": 3.045, "2018-12-31": -1.366, "2017-12-31": -0.6324, "2016-12-31": -1.3429, "2015-12-31": -0.0219, "2014-12-31": -1.1146, "2013-12-31": 1.1836, "2012-12-31": -0.246, "2011-12-31": -0.0468, "2010-12-31": -0.2733, "2009-12-31": -3.3272, "2008-12-31": -3.4894, "2007-12-31": 5.856, "2006-12-31": -0.0212, "2005-12-31": -0.7511}, "Free Cash Flow Per Share": {"2019-12-31": 3.0237, "2018-12-31": -1.4766, "2017-12-31": -1.029, "2016-12-31": -1.9429, "2015-12-31": -0.0554, "2014-12-31": -1.1702, "2013-12-31": 1.2845, "2012-12-31": -0.3816, "2011-12-31": 0.0354, "2010-12-31": -0.267, "2009-12-31": -3.1841, "2008-12-31": -3.6105, "2007-12-31": 5.8715, "2006-12-31": -0.0889, "2005-12-31": -0.8398}}, "financial ratios, quarterly": {"Current Ratio": {"2020-09-30": "5.31960", "2020-06-30": "5.62170", "2020-03-31": "4.67770", "2019-12-31": "4.86640", "2019-09-30": "5.37680", "2019-06-30": "6.28040", "2019-03-31": "9.33220", "2018-12-31": "6.68930", "2018-09-30": "11.04600", "2018-06-30": "13.21990", "2018-03-31": "14.60610", "2017-12-31": "12.23380", "2017-09-30": "9.83090", "2017-06-30": "8.83610", "2017-03-31": "6.23460", "2016-12-31": "5.10160", "2016-09-30": "9.14330", "2016-06-30": "12.58330", "2016-03-31": "15.82180", "2015-12-31": "17.80040", "2015-09-30": "18.24120", "2015-06-30": "15.45320", "2015-03-31": "13.51030", "2014-12-31": "7.82900", "2014-09-30": "11.31100", "2014-06-30": "12.37550", "2014-03-31": "8.04070", "2013-12-31": "4.71610", "2013-09-30": "3.62810", "2013-06-30": "4.03950", "2013-03-31": "4.82640", "2012-12-31": "2.59710", "2012-09-30": "4.30860", "2012-06-30": "4.21180", "2012-03-31": "3.12940", "2011-12-31": "1.87710", "2011-09-30": "1.91590", "2011-06-30": "2.23140", "2011-03-31": "2.52360", "2010-12-31": "2.49040", "2010-09-30": "2.46020", "2010-06-30": "2.68060", "2010-03-31": "2.77270", "2009-12-31": "2.65080", "2009-09-30": "2.25640", "2009-06-30": "2.72080", "2009-03-31": "4.02240", "2008-12-31": "4.45570", "2008-09-30": "4.42820", "2008-06-30": "5.20800", "2008-03-31": "5.36420", "2007-12-31": "4.76660", "2007-09-30": "5.46140", "2007-06-30": "7.45070", "2007-03-31": "8.93340", "2006-12-31": "9.71800", "2006-09-30": "5.89070", "2006-06-30": "6.26460", "2006-03-31": "6.85940", "2005-12-31": "4.45870", "2005-09-30": "3.33630", "2005-06-30": "3.75120", "2005-03-31": "6.75170"}, "Long-term Debt / Capital": {"2020-09-30": "", "2020-06-30": "", "2020-03-31": "", "2019-12-31": "", "2019-09-30": "", "2019-06-30": "0.01680", "2019-03-31": "0.01900", "2018-12-31": "0.02250", "2018-09-30": "0.01990", "2018-06-30": "0.01820", "2018-03-31": "0.01680", "2017-12-31": "0.01670", "2017-09-30": "0.12410", "2017-06-30": "0.11780", "2017-03-31": "0.15290", "2016-12-31": "0.14020", "2016-09-30": "0.12880", "2016-06-30": "0.12010", "2016-03-31": "", "2015-12-31": "", "2015-09-30": "", "2015-06-30": "", "2015-03-31": "", "2014-12-31": "", "2014-09-30": "", "2014-06-30": "", "2014-03-31": "", "2013-12-31": "", "2013-09-30": "", "2013-06-30": "", "2013-03-31": "", "2012-12-31": "", "2012-09-30": "", "2012-06-30": "", "2012-03-31": "", "2011-12-31": "", "2011-09-30": "", "2011-06-30": "", "2011-03-31": "", "2010-12-31": "", "2010-09-30": "", "2010-06-30": "", "2010-03-31": "", "2009-12-31": "", "2009-09-30": "", "2009-06-30": "", "2009-03-31": "", "2008-12-31": "", "2008-09-30": "0.00350", "2008-06-30": "0.00470", "2008-03-31": "0.00950", "2007-12-31": "0.01470", "2007-09-30": "0.02000", "2007-06-30": "0.02660", "2007-03-31": "0.02600", "2006-12-31": "0.02860", "2006-09-30": "0.05790", "2006-06-30": "0.05440", "2006-03-31": "0.04320", "2005-12-31": "0.08200", "2005-09-30": "0.20040", "2005-06-30": "0.17390", "2005-03-31": "0.13990"}, "Debt/Equity Ratio": {"2020-09-30": "", "2020-06-30": "", "2020-03-31": "", "2019-12-31": "", "2019-09-30": "", "2019-06-30": "0.01710", "2019-03-31": "0.01940", "2018-12-31": "0.02300", "2018-09-30": "0.02030", "2018-06-30": "0.01850", "2018-03-31": "0.01710", "2017-12-31": "0.01700", "2017-09-30": "0.14170", "2017-06-30": "0.13360", "2017-03-31": "0.18050", "2016-12-31": "0.16300", "2016-09-30": "0.14780", "2016-06-30": "0.13660", "2016-03-31": "", "2015-12-31": "", "2015-09-30": "", "2015-06-30": "", "2015-03-31": "", "2014-12-31": "", "2014-09-30": "", "2014-06-30": "", "2014-03-31": "", "2013-12-31": "", "2013-09-30": "", "2013-06-30": "", "2013-03-31": "", "2012-12-31": "", "2012-09-30": "", "2012-06-30": "", "2012-03-31": "", "2011-12-31": "", "2011-09-30": "", "2011-06-30": "", "2011-03-31": "", "2010-12-31": "", "2010-09-30": "", "2010-06-30": "", "2010-03-31": "", "2009-12-31": "", "2009-09-30": "", "2009-06-30": "", "2009-03-31": "", "2008-12-31": "", "2008-09-30": "0.01930", "2008-06-30": "0.02460", "2008-03-31": "0.02880", "2007-12-31": "0.03390", "2007-09-30": "0.03970", "2007-06-30": "0.04750", "2007-03-31": "0.04400", "2006-12-31": "0.04540", "2006-09-30": "0.09050", "2006-06-30": "0.08230", "2006-03-31": "0.06210", "2005-12-31": "0.11970", "2005-09-30": "0.32710", "2005-06-30": "0.27100", "2005-03-31": "0.19500"}, "Gross Margin": {"2020-09-30": "82.68060", "2020-06-30": "80.83050", "2020-03-31": "86.62790", "2019-12-31": "83.01360", "2019-09-30": "92.55930", "2019-06-30": "90.32520", "2019-03-31": "89.94710", "2018-12-31": "92.08390", "2018-09-30": "93.37840", "2018-06-30": "100.00000", "2018-03-31": "100.00000", "2017-12-31": "100.00000", "2017-09-30": "100.00000", "2017-06-30": "100.00000", "2017-03-31": "100.00000", "2016-12-31": "100.00000", "2016-09-30": "100.00000", "2016-06-30": "100.00000", "2016-03-31": "100.00000", "2015-12-31": "100.00000", "2015-09-30": "100.00000", "2015-06-30": "100.00000", "2015-03-31": "100.00000", "2014-12-31": "100.00000", "2014-09-30": "100.00000", "2014-06-30": "100.00000", "2014-03-31": "100.00000", "2013-12-31": "100.00000", "2013-09-30": "100.00000", "2013-06-30": "100.00000", "2013-03-31": "100.00000", "2012-12-31": "100.00000", "2012-09-30": "100.00000", "2012-06-30": "100.00000", "2012-03-31": "100.00000", "2011-12-31": "100.00000", "2011-09-30": "100.00000", "2011-06-30": "100.00000", "2011-03-31": "100.00000", "2010-12-31": "100.00000", "2010-09-30": "100.00000", "2010-06-30": "100.00000", "2010-03-31": "100.00000", "2009-12-31": "100.00000", "2009-09-30": "100.00000", "2009-06-30": "100.00000", "2009-03-31": "100.00000", "2008-12-31": "100.00000", "2008-09-30": "100.00000", "2008-06-30": "100.00000", "2008-03-31": "100.00000", "2007-12-31": "100.00000", "2007-09-30": "100.00000", "2007-06-30": "100.00000", "2007-03-31": "100.00000", "2006-12-31": "100.00000", "2006-09-30": "100.00000", "2006-06-30": "100.00000", "2006-03-31": "100.00000", "2005-12-31": "100.00000", "2005-09-30": "100.00000", "2005-06-30": "100.00000", "2005-03-31": "100.00000"}, "Operating Margin": {"2020-09-30": "-178.93810", "2020-06-30": "-191.28050", "2020-03-31": "-211.26500", "2019-12-31": "-415.83280", "2019-09-30": "-308.72950", "2019-06-30": "-528.40490", "2019-03-31": "-567.03310", "2018-12-31": "-1047.66800", "2018-09-30": "-12303.43000", "2018-06-30": "-643.17380", "2018-03-31": "-673.11290", "2017-12-31": "-388.41620", "2017-09-30": "-735.84450", "2017-06-30": "-756.17630", "2017-03-31": "-561.76690", "2016-12-31": "-661.35560", "2016-09-30": "-781.45190", "2016-06-30": "-1061.54600", "2016-03-31": "-1497.99900", "2015-12-31": "-1225.16300", "2015-09-30": "-1238.61500", "2015-06-30": "-839.88490", "2015-03-31": "-281.71760", "2014-12-31": "-190.31610", "2014-09-30": "-411.94860", "2014-06-30": "-616.92950", "2014-03-31": "-3251.52900", "2013-12-31": "-272.81280", "2013-09-30": "-358.51410", "2013-06-30": "-245.33210", "2013-03-31": "-52.59090", "2012-12-31": "-1040.01200", "2012-09-30": "-108.28210", "2012-06-30": "-57.78110", "2012-03-31": "-52.91200", "2011-12-31": "-66.41890", "2011-09-30": "-59.82400", "2011-06-30": "-63.63640", "2011-03-31": "-75.01560", "2010-12-31": "-58.55990", "2010-09-30": "-31.54550", "2010-06-30": "-43.67890", "2010-03-31": "-46.02670", "2009-12-31": "-30.30500", "2009-09-30": "-39.79550", "2009-06-30": "-91.10200", "2009-03-31": "-31.84740", "2008-12-31": "-32.01520", "2008-09-30": "-12.56700", "2008-06-30": "-53.83710", "2008-03-31": "-17.83080", "2007-12-31": "-15.86230", "2007-09-30": "-314.66740", "2007-06-30": "-163.72490", "2007-03-31": "-332.46500", "2006-12-31": "-143.11700", "2006-09-30": "-104.78620", "2006-06-30": "-184.50430", "2006-03-31": "-171.36610", "2005-12-31": "-961.14700", "2005-09-30": "-755.13100", "2005-06-30": "-1011.19100", "2005-03-31": "-406.63420"}, "EBIT Margin": {"2020-09-30": "-178.93810", "2020-06-30": "-191.28050", "2020-03-31": "-211.26500", "2019-12-31": "-415.83280", "2019-09-30": "-308.72950", "2019-06-30": "-528.40490", "2019-03-31": "-567.03310", "2018-12-31": "-1047.66800", "2018-09-30": "-12303.43000", "2018-06-30": "-643.17380", "2018-03-31": "-673.11290", "2017-12-31": "-388.41640", "2017-09-30": "-735.84450", "2017-06-30": "-756.17630", "2017-03-31": "-561.76690", "2016-12-31": "-661.35570", "2016-09-30": "-781.45190", "2016-06-30": "-1061.54600", "2016-03-31": "-1497.99900", "2015-12-31": "-1225.16300", "2015-09-30": "-1238.61500", "2015-06-30": "-839.88490", "2015-03-31": "-281.71760", "2014-12-31": "-190.31600", "2014-09-30": "-411.94860", "2014-06-30": "-616.92950", "2014-03-31": "-3251.52900", "2013-12-31": "-272.81290", "2013-09-30": "-358.51410", "2013-06-30": "-245.33210", "2013-03-31": "-52.59090", "2012-12-31": "-1040.01200", "2012-09-30": "-108.28210", "2012-06-30": "-57.78110", "2012-03-31": "-52.91200", "2011-12-31": "-66.41890", "2011-09-30": "-59.82400", "2011-06-30": "-63.63640", "2011-03-31": "-75.01560", "2010-12-31": "-58.55980", "2010-09-30": "-31.54550", "2010-06-30": "-43.67890", "2010-03-31": "-46.02670", "2009-12-31": "-30.30500", "2009-09-30": "-39.79550", "2009-06-30": "-91.10200", "2009-03-31": "-31.84740", "2008-12-31": "-32.01520", "2008-09-30": "-12.56700", "2008-06-30": "-53.83710", "2008-03-31": "-17.83080", "2007-12-31": "-15.86230", "2007-09-30": "-314.66740", "2007-06-30": "-163.72490", "2007-03-31": "-332.46500", "2006-12-31": "100.00000", "2006-09-30": "-104.78620", "2006-06-30": "-184.50430", "2006-03-31": "-171.36610", "2005-12-31": "-961.14720", "2005-09-30": "-755.13100", "2005-06-30": "-1011.19100", "2005-03-31": "-406.63420"}, "EBITDA Margin": {"2020-09-30": "", "2020-06-30": "", "2020-03-31": "", "2019-12-31": "", "2019-09-30": "", "2019-06-30": "", "2019-03-31": "", "2018-12-31": "", "2018-09-30": "", "2018-06-30": "", "2018-03-31": "", "2017-12-31": "", "2017-09-30": "", "2017-06-30": "", "2017-03-31": "", "2016-12-31": "", "2016-09-30": "", "2016-06-30": "", "2016-03-31": "", "2015-12-31": "", "2015-09-30": "", "2015-06-30": "", "2015-03-31": "", "2014-12-31": "", "2014-09-30": "", "2014-06-30": "", "2014-03-31": "", "2013-12-31": "", "2013-09-30": "", "2013-06-30": "", "2013-03-31": "", "2012-12-31": "", "2012-09-30": "", "2012-06-30": "", "2012-03-31": "", "2011-12-31": "", "2011-09-30": "", "2011-06-30": "", "2011-03-31": "", "2010-12-31": "", "2010-09-30": "", "2010-06-30": "", "2010-03-31": "", "2009-12-31": "", "2009-09-30": "", "2009-06-30": "", "2009-03-31": "", "2008-12-31": "", "2008-09-30": "", "2008-06-30": "", "2008-03-31": "", "2007-12-31": "", "2007-09-30": "", "2007-06-30": "", "2007-03-31": "", "2006-12-31": "", "2006-09-30": "", "2006-06-30": "", "2006-03-31": "", "2005-12-31": "", "2005-09-30": "", "2005-06-30": "", "2005-03-31": ""}, "Pre-Tax Profit Margin": {"2020-09-30": "-200.59280", "2020-06-30": "-171.12310", "2020-03-31": "-182.60280", "2019-12-31": "-385.85260", "2019-09-30": "-298.21010", "2019-06-30": "-488.70820", "2019-03-31": "-544.30230", "2018-12-31": "-1003.56600", "2018-09-30": "-11833.59000", "2018-06-30": "-546.63120", "2018-03-31": "-645.12540", "2017-12-31": "-375.03170", "2017-09-30": "-719.09800", "2017-06-30": "-743.28390", "2017-03-31": "-565.87550", "2016-12-31": "-647.03780", "2016-09-30": "-762.36910", "2016-06-30": "-1034.89500", "2016-03-31": "-1401.96100", "2015-12-31": "-1201.44400", "2015-09-30": "-1214.29500", "2015-06-30": "-821.55440", "2015-03-31": "-276.24750", "2014-12-31": "-181.02340", "2014-09-30": "-400.30990", "2014-06-30": "-608.48530", "2014-03-31": "-3248.49600", "2013-12-31": "-270.45270", "2013-09-30": "-355.42210", "2013-06-30": "-242.35060", "2013-03-31": "-51.36250", "2012-12-31": "-856.50430", "2012-09-30": "-116.36730", "2012-06-30": "-62.03790", "2012-03-31": "-55.21930", "2011-12-31": "-69.92420", "2011-09-30": "-63.66700", "2011-06-30": "-67.06120", "2011-03-31": "-77.92990", "2010-12-31": "-30.68610", "2010-09-30": "-33.72850", "2010-06-30": "-55.83270", "2010-03-31": "-50.09360", "2009-12-31": "-30.90960", "2009-09-30": "-40.24910", "2009-06-30": "-88.58990", "2009-03-31": "-28.83030", "2008-12-31": "-38.25600", "2008-09-30": "-14.18750", "2008-06-30": "-48.29020", "2008-03-31": "-4.65930", "2007-12-31": "9.44490", "2007-09-30": "-291.79900", "2007-06-30": "-138.95760", "2007-03-31": "-299.91690", "2006-12-31": "100.00000", "2006-09-30": "-90.12300", "2006-06-30": "-164.59060", "2006-03-31": "-154.97640", "2005-12-31": "-933.69850", "2005-09-30": "-755.69710", "2005-06-30": "-1005.86600", "2005-03-31": "-401.70420"}, "Net Profit Margin": {"2020-09-30": "-201.25940", "2020-06-30": "-172.39860", "2020-03-31": "-183.18090", "2019-12-31": "-385.29750", "2019-09-30": "-297.64780", "2019-06-30": "-490.85520", "2019-03-31": "-546.38970", "2018-12-31": "-1005.28200", "2018-09-30": "-11855.10000", "2018-06-30": "-546.89540", "2018-03-31": "-644.84220", "2017-12-31": "-375.03170", "2017-09-30": "-719.09800", "2017-06-30": "-743.28390", "2017-03-31": "-565.87550", "2016-12-31": "-647.03780", "2016-09-30": "-762.36910", "2016-06-30": "-1034.89500", "2016-03-31": "-1401.96100", "2015-12-31": "-1201.44400", "2015-09-30": "-1214.29500", "2015-06-30": "-826.51690", "2015-03-31": "-273.92240", "2014-12-31": "-89.05040", "2014-09-30": "-400.92050", "2014-06-30": "-604.16730", "2014-03-31": "-3032.54400", "2013-12-31": "-298.30370", "2013-09-30": "-330.17460", "2013-06-30": "-209.15160", "2013-03-31": "-48.34780", "2012-12-31": "-732.05460", "2012-09-30": "-116.36730", "2012-06-30": "-62.03790", "2012-03-31": "-55.21930", "2011-12-31": "-69.92420", "2011-09-30": "-63.66700", "2011-06-30": "-67.06120", "2011-03-31": "-77.92990", "2010-12-31": "-32.70100", "2010-09-30": "-34.80560", "2010-06-30": "-54.97240", "2010-03-31": "-50.16690", "2009-12-31": "-29.26090", "2009-09-30": "-37.97270", "2009-06-30": "-92.28080", "2009-03-31": "-31.48420", "2008-12-31": "-38.48550", "2008-09-30": "-11.10590", "2008-06-30": "-53.53920", "2008-03-31": "-5.58310", "2007-12-31": "9.11580", "2007-09-30": "-323.57950", "2007-06-30": "-138.95760", "2007-03-31": "-299.91690", "2006-12-31": "100.00000", "2006-09-30": "-90.12300", "2006-06-30": "-164.59060", "2006-03-31": "-154.97640", "2005-12-31": "-933.69850", "2005-09-30": "-755.69710", "2005-06-30": "-1005.86600", "2005-03-31": "-401.70420"}, "Asset Turnover": {"2020-09-30": "0.03810", "2020-06-30": "0.03080", "2020-03-31": "0.04360", "2019-12-31": "0.02990", "2019-09-30": "0.02760", "2019-06-30": "0.01650", "2019-03-31": "0.01650", "2018-12-31": "0.01340", "2018-09-30": "0.00120", "2018-06-30": "0.01670", "2018-03-31": "0.01140", "2017-12-31": "0.01900", "2017-09-30": "0.01260", "2017-06-30": "0.01110", "2017-03-31": "0.01670", "2016-12-31": "0.01380", "2016-09-30": "0.01040", "2016-06-30": "0.00630", "2016-03-31": "0.00560", "2015-12-31": "0.00540", "2015-09-30": "0.00440", "2015-06-30": "0.00570", "2015-03-31": "0.01140", "2014-12-31": "0.02220", "2014-09-30": "0.01110", "2014-06-30": "0.00710", "2014-03-31": "0.00770", "2013-12-31": "0.02580", "2013-09-30": "0.02010", "2013-06-30": "0.01880", "2013-03-31": "0.03950", "2012-12-31": "0.02950", "2012-09-30": "0.05200", "2012-06-30": "0.06560", "2012-03-31": "0.06050", "2011-12-31": "0.07260", "2011-09-30": "0.06700", "2011-06-30": "0.06050", "2011-03-31": "0.05660", "2010-12-31": "0.05390", "2010-09-30": "0.06710", "2010-06-30": "0.06050", "2010-03-31": "0.05300", "2009-12-31": "0.05530", "2009-09-30": "0.04890", "2009-06-30": "0.04740", "2009-03-31": "0.04520", "2008-12-31": "0.04400", "2008-09-30": "0.04440", "2008-06-30": "0.04110", "2008-03-31": "0.04560", "2007-12-31": "0.03690", "2007-09-30": "0.03230", "2007-06-30": "0.04160", "2007-03-31": "0.03170", "2006-12-31": "0.02910", "2006-09-30": "0.05680", "2006-06-30": "0.04090", "2006-03-31": "0.03720", "2005-12-31": "0.01580", "2005-09-30": "0.03270", "2005-06-30": "0.02180", "2005-03-31": "0.02780"}, "Inventory Turnover Ratio": {"2020-09-30": "0.32560", "2020-06-30": "0.25740", "2020-03-31": "0.19480", "2019-12-31": "0.21610", "2019-09-30": "0.09550", "2019-06-30": "0.10660", "2019-03-31": "0.10460", "2018-12-31": "0.06920", "2018-09-30": "0.01240", "2018-06-30": "", "2018-03-31": "", "2017-12-31": "", "2017-09-30": "", "2017-06-30": "", "2017-03-31": "", "2016-12-31": "", "2016-09-30": "", "2016-06-30": "", "2016-03-31": "", "2015-12-31": "", "2015-09-30": "", "2015-06-30": "", "2015-03-31": "", "2014-12-31": "", "2014-09-30": "", "2014-06-30": "", "2014-03-31": "", "2013-12-31": "", "2013-09-30": "", "2013-06-30": "", "2013-03-31": "", "2012-12-31": "", "2012-09-30": "", "2012-06-30": "", "2012-03-31": "", "2011-12-31": "", "2011-09-30": "", "2011-06-30": "", "2011-03-31": "", "2010-12-31": "", "2010-09-30": "", "2010-06-30": "", "2010-03-31": "", "2009-12-31": "", "2009-09-30": "", "2009-06-30": "", "2009-03-31": "", "2008-12-31": "", "2008-09-30": "", "2008-06-30": "", "2008-03-31": "", "2007-12-31": "", "2007-09-30": "", "2007-06-30": "", "2007-03-31": "", "2006-12-31": "", "2006-09-30": "", "2006-06-30": "", "2006-03-31": "", "2005-12-31": "", "2005-09-30": "", "2005-06-30": "", "2005-03-31": ""}, "Receiveable Turnover": {"2020-09-30": "0.21730", "2020-06-30": "1.50420", "2020-03-31": "1.31630", "2019-12-31": "1.66660", "2019-09-30": "1.45630", "2019-06-30": "1.45460", "2019-03-31": "0.98500", "2018-12-31": "1.12120", "2018-09-30": "0.61540", "2018-06-30": "10.10030", "2018-03-31": "0.43140", "2017-12-31": "1.11530", "2017-09-30": "1.16740", "2017-06-30": "1.03420", "2017-03-31": "0.97450", "2016-12-31": "0.74800", "2016-09-30": "0.90130", "2016-06-30": "0.91540", "2016-03-31": "0.83330", "2015-12-31": "0.91000", "2015-09-30": "0.77790", "2015-06-30": "0.92360", "2015-03-31": "1.83410", "2014-12-31": "0.60140", "2014-09-30": "28.57290", "2014-06-30": "81.96630", "2014-03-31": "50.45730", "2013-12-31": "2.55340", "2013-09-30": "14.76360", "2013-06-30": "18.88480", "2013-03-31": "33.40860", "2012-12-31": "81.68260", "2012-09-30": "8.73770", "2012-06-30": "4.76260", "2012-03-31": "9.39190", "2011-12-31": "13.93390", "2011-09-30": "10.25700", "2011-06-30": "15.75990", "2011-03-31": "18.17130", "2010-12-31": "1.50100", "2010-09-30": "5.66850", "2010-06-30": "4.18640", "2010-03-31": "5.45260", "2009-12-31": "4.40540", "2009-09-30": "4.82860", "2009-06-30": "4.20030", "2009-03-31": "4.29720", "2008-12-31": "5.82710", "2008-09-30": "1.06600", "2008-06-30": "4.64940", "2008-03-31": "2.29260", "2007-12-31": "3.62390", "2007-09-30": "3.18090", "2007-06-30": "1.62650", "2007-03-31": "1.64280", "2006-12-31": "1.82320", "2006-09-30": "1.69400", "2006-06-30": "1.67670", "2006-03-31": "1.83470", "2005-12-31": "2.05560", "2005-09-30": "2.40720", "2005-06-30": "1.15420", "2005-03-31": "0.75920"}, "Days Sales In Receivables": {"2020-09-30": "414.13890", "2020-06-30": "59.83290", "2020-03-31": "68.37310", "2019-12-31": "54.00300", "2019-09-30": "61.80060", "2019-06-30": "61.87120", "2019-03-31": "91.37050", "2018-12-31": "80.27390", "2018-09-30": "146.24460", "2018-06-30": "8.91060", "2018-03-31": "208.64520", "2017-12-31": "80.69240", "2017-09-30": "77.09170", "2017-06-30": "87.02300", "2017-03-31": "92.35920", "2016-12-31": "120.31970", "2016-09-30": "99.85640", "2016-06-30": "98.31900", "2016-03-31": "108.00000", "2015-12-31": "98.90350", "2015-09-30": "115.70210", "2015-06-30": "97.44040", "2015-03-31": "49.07100", "2014-12-31": "149.64530", "2014-09-30": "3.14980", "2014-06-30": "1.09800", "2014-03-31": "1.78370", "2013-12-31": "35.24660", "2013-09-30": "6.09610", "2013-06-30": "4.76570", "2013-03-31": "2.69390", "2012-12-31": "1.10180", "2012-09-30": "10.30010", "2012-06-30": "18.89720", "2012-03-31": "9.58270", "2011-12-31": "6.45910", "2011-09-30": "8.77450", "2011-06-30": "5.71070", "2011-03-31": "4.95290", "2010-12-31": "59.96180", "2010-09-30": "15.87720", "2010-06-30": "21.49830", "2010-03-31": "16.50590", "2009-12-31": "20.42970", "2009-09-30": "18.63910", "2009-06-30": "21.42720", "2009-03-31": "20.94390", "2008-12-31": "15.44500", "2008-09-30": "84.42530", "2008-06-30": "19.35720", "2008-03-31": "39.25740", "2007-12-31": "24.83490", "2007-09-30": "28.29360", "2007-06-30": "55.33230", "2007-03-31": "54.78320", "2006-12-31": "49.36400", "2006-09-30": "53.12750", "2006-06-30": "53.67710", "2006-03-31": "49.05370", "2005-12-31": "43.78220", "2005-09-30": "37.38850", "2005-06-30": "77.97830", "2005-03-31": "118.53930"}, "ROE - Return On Equity": {"2020-09-30": "-20.84660", "2020-06-30": "-12.80460", "2020-03-31": "-13.50060", "2019-12-31": "-19.19690", "2019-09-30": "-12.97600", "2019-06-30": "-12.49040", "2019-03-31": "-11.75930", "2018-12-31": "-16.24010", "2018-09-30": "-16.59420", "2018-06-30": "-10.09130", "2018-03-31": "-8.04730", "2017-12-31": "-8.05170", "2017-09-30": "-11.61060", "2017-06-30": "-10.54530", "2017-03-31": "-12.91250", "2016-12-31": "-12.27250", "2016-09-30": "-10.25360", "2016-06-30": "-8.20490", "2016-03-31": "-8.66020", "2015-12-31": "-7.17320", "2015-09-30": "-5.81050", "2015-06-30": "-5.09600", "2015-03-31": "-3.39300", "2014-12-31": "-2.28450", "2014-09-30": "-4.86350", "2014-06-30": "-4.67740", "2014-03-31": "-26.27750", "2013-12-31": "-11.96870", "2013-09-30": "-9.97570", "2013-06-30": "-5.89570", "2013-03-31": "-2.89290", "2012-12-31": "-46.39060", "2012-09-30": "-11.00810", "2012-06-30": "-6.88100", "2012-03-31": "-5.75950", "2011-12-31": "-12.12150", "2011-09-30": "-10.35170", "2011-06-30": "-10.12370", "2011-03-31": "-11.18730", "2010-12-31": "-4.37960", "2010-09-30": "-5.99470", "2010-06-30": "-8.84230", "2010-03-31": "-7.17160", "2009-12-31": "-4.37780", "2009-09-30": "-5.05880", "2009-06-30": "-12.30580", "2009-03-31": "-3.96940", "2008-12-31": "-4.64660", "2008-09-30": "-1.39720", "2008-06-30": "-6.40660", "2008-03-31": "-0.61090", "2007-12-31": "0.83450", "2007-09-30": "-27.36260", "2007-06-30": "-7.07930", "2007-03-31": "-11.39050", "2006-12-31": "3.47010", "2006-09-30": "-7.06260", "2006-06-30": "-9.00280", "2006-03-31": "-7.51380", "2005-12-31": "-23.45620", "2005-09-30": "-46.28320", "2005-06-30": "-37.92360", "2005-03-31": "-16.57080"}, "Return On Tangible Equity": {"2020-09-30": "-20.84660", "2020-06-30": "-12.80460", "2020-03-31": "-13.50060", "2019-12-31": "-19.19690", "2019-09-30": "-12.97600", "2019-06-30": "-12.49040", "2019-03-31": "-11.75930", "2018-12-31": "-16.24010", "2018-09-30": "-16.59420", "2018-06-30": "-10.09130", "2018-03-31": "-8.04730", "2017-12-31": "-8.05170", "2017-09-30": "-11.61060", "2017-06-30": "-10.54530", "2017-03-31": "-12.91250", "2016-12-31": "-12.27250", "2016-09-30": "-10.25360", "2016-06-30": "-8.20490", "2016-03-31": "-8.66020", "2015-12-31": "-7.17320", "2015-09-30": "-5.81050", "2015-06-30": "-5.09600", "2015-03-31": "-3.39300", "2014-12-31": "-2.28450", "2014-09-30": "-4.86350", "2014-06-30": "-4.67740", "2014-03-31": "-26.27750", "2013-12-31": "-11.96870", "2013-09-30": "-9.97570", "2013-06-30": "-5.89570", "2013-03-31": "-2.89290", "2012-12-31": "-46.39060", "2012-09-30": "-11.01720", "2012-06-30": "-6.88790", "2012-03-31": "-5.76630", "2011-12-31": "-12.12150", "2011-09-30": "-10.37750", "2011-06-30": "-10.15050", "2011-03-31": "-11.21850", "2010-12-31": "-4.39210", "2010-09-30": "-6.01300", "2010-06-30": "-8.87090", "2010-03-31": "-7.19580", "2009-12-31": "-4.39320", "2009-09-30": "-5.07730", "2009-06-30": "-12.35320", "2009-03-31": "-3.98450", "2008-12-31": "-4.66500", "2008-09-30": "-1.40290", "2008-06-30": "-6.43510", "2008-03-31": "-0.61370", "2007-12-31": "0.83850", "2007-09-30": "-27.59280", "2007-06-30": "-7.14850", "2007-03-31": "-11.50160", "2006-12-31": "3.50380", "2006-09-30": "-7.21270", "2006-06-30": "-9.19350", "2006-03-31": "-7.66910", "2005-12-31": "-24.44170", "2005-09-30": "-53.33400", "2005-06-30": "-42.50570", "2005-03-31": "-18.06140"}, "ROA - Return On Assets": {"2020-09-30": "-7.65860", "2020-06-30": "-5.31150", "2020-03-31": "-7.99350", "2019-12-31": "-11.53110", "2019-09-30": "-8.20480", "2019-06-30": "-8.07980", "2019-03-31": "-9.03250", "2018-12-31": "-13.42650", "2018-09-30": "-14.63800", "2018-06-30": "-9.14060", "2018-03-31": "-7.34290", "2017-12-31": "-7.13010", "2017-09-30": "-9.05090", "2017-06-30": "-8.25640", "2017-03-31": "-9.46180", "2016-12-31": "-8.94310", "2016-09-30": "-7.92670", "2016-06-30": "-6.52090", "2016-03-31": "-7.81910", "2015-12-31": "-6.54310", "2015-09-30": "-5.34710", "2015-06-30": "-4.68930", "2015-03-31": "-3.11750", "2014-12-31": "-1.98120", "2014-09-30": "-4.45970", "2014-06-30": "-4.26800", "2014-03-31": "-23.22910", "2013-12-31": "-7.69430", "2013-09-30": "-6.63370", "2013-06-30": "-3.92790", "2013-03-31": "-1.91120", "2012-12-31": "-21.62910", "2012-09-30": "-6.04990", "2012-06-30": "-4.06810", "2012-03-31": "-3.34060", "2011-12-31": "-5.07350", "2011-09-30": "-4.26690", "2011-06-30": "-4.05600", "2011-03-31": "-4.41270", "2010-12-31": "-1.76220", "2010-09-30": "-2.33390", "2010-06-30": "-3.32410", "2010-03-31": "-2.65920", "2009-12-31": "-1.61850", "2009-09-30": "-1.85770", "2009-06-30": "-4.37710", "2009-03-31": "-1.42260", "2008-12-31": "-1.69320", "2008-09-30": "-0.49260", "2008-06-30": "-2.19980", "2008-03-31": "-0.25480", "2007-12-31": "0.33660", "2007-09-30": "-10.45200", "2007-06-30": "-5.77760", "2007-03-31": "-9.52100", "2006-12-31": "2.90870", "2006-09-30": "-5.12020", "2006-06-30": "-6.73630", "2006-03-31": "-5.76500", "2005-12-31": "-14.73440", "2005-09-30": "-24.69020", "2005-06-30": "-21.91220", "2005-03-31": "-11.17380"}, "ROI - Return On Investment": {"2020-09-30": "-20.84660", "2020-06-30": "-12.80460", "2020-03-31": "-13.50060", "2019-12-31": "-19.19690", "2019-09-30": "-12.97600", "2019-06-30": "-12.28080", "2019-03-31": "-11.53560", "2018-12-31": "-15.87440", "2018-09-30": "-16.26410", "2018-06-30": "-9.90790", "2018-03-31": "-7.91200", "2017-12-31": "-7.91720", "2017-09-30": "-10.16990", "2017-06-30": "-9.30270", "2017-03-31": "-10.93790", "2016-12-31": "-10.55240", "2016-09-30": "-8.93340", "2016-06-30": "-7.21910", "2016-03-31": "-8.66020", "2015-12-31": "-7.17320", "2015-09-30": "-5.81050", "2015-06-30": "-5.09600", "2015-03-31": "-3.39300", "2014-12-31": "-2.28450", "2014-09-30": "-4.86350", "2014-06-30": "-4.67740", "2014-03-31": "-26.27750", "2013-12-31": "-11.96870", "2013-09-30": "-9.97570", "2013-06-30": "-5.89570", "2013-03-31": "-2.89290", "2012-12-31": "-46.39060", "2012-09-30": "-11.00810", "2012-06-30": "-6.88100", "2012-03-31": "-5.75950", "2011-12-31": "-12.12150", "2011-09-30": "-10.35170", "2011-06-30": "-10.12370", "2011-03-31": "-11.18730", "2010-12-31": "-4.37960", "2010-09-30": "-5.99470", "2010-06-30": "-8.84230", "2010-03-31": "-7.17160", "2009-12-31": "-4.37780", "2009-09-30": "-5.05880", "2009-06-30": "-12.30580", "2009-03-31": "-3.96940", "2008-12-31": "-4.64660", "2008-09-30": "-1.39230", "2008-06-30": "-6.37660", "2008-03-31": "-0.60510", "2007-12-31": "0.82220", "2007-09-30": "-26.81420", "2007-06-30": "-6.89070", "2007-03-31": "-11.09480", "2006-12-31": "3.37090", "2006-09-30": "-6.65380", "2006-06-30": "-8.51290", "2006-03-31": "-7.18950", "2005-12-31": "-21.53260", "2005-09-30": "-37.00830", "2005-06-30": "-31.32820", "2005-03-31": "-14.25270"}, "Book Value Per Share": {"2020-09-30": "10.46140", "2020-06-30": "12.10340", "2020-03-31": "11.92680", "2019-12-31": "12.82390", "2019-09-30": "14.43600", "2019-06-30": "15.81430", "2019-03-31": "14.53930", "2018-12-31": "12.86820", "2018-09-30": "14.63950", "2018-06-30": "16.11630", "2018-03-31": "17.46630", "2017-12-31": "17.72330", "2017-09-30": "11.46320", "2017-06-30": "12.24600", "2017-03-31": "9.65400", "2016-12-31": "10.70760", "2016-09-30": "11.83420", "2016-06-30": "12.83680", "2016-03-31": "13.91310", "2015-12-31": "14.86310", "2015-09-30": "15.60190", "2015-06-30": "16.66320", "2015-03-31": "17.77030", "2014-12-31": "12.12730", "2014-09-30": "11.79600", "2014-06-30": "12.34560", "2014-03-31": "12.65120", "2013-12-31": "4.24130", "2013-09-30": "4.70590", "2013-06-30": "4.93410", "2013-03-31": "5.01430", "2012-12-31": "2.55390", "2012-09-30": "3.38230", "2012-06-30": "3.62120", "2012-03-31": "3.80360", "2011-12-31": "2.76200", "2011-09-30": "2.99550", "2011-06-30": "3.20140", "2011-03-31": "3.43650", "2010-12-31": "3.73690", "2010-09-30": "3.81030", "2010-06-30": "3.93090", "2010-03-31": "4.10200", "2009-12-31": "4.25380", "2009-09-30": "4.35730", "2009-06-30": "4.42350", "2009-03-31": "4.79560", "2008-12-31": "4.88060", "2008-09-30": "4.94280", "2008-06-30": "4.84680", "2008-03-31": "4.96990", "2007-12-31": "4.88480", "2007-09-30": "4.75070", "2007-06-30": "4.76340", "2007-03-31": "5.06350", "2006-12-31": "5.42970", "2006-09-30": "3.25640", "2006-06-30": "3.42630", "2006-03-31": "3.68790", "2005-12-31": "2.31920", "2005-09-30": "1.08810", "2005-06-30": "1.40490", "2005-03-31": "1.90500"}, "Operating Cash Flow Per Share": {"2020-09-30": -0.9204, "2020-06-30": -1.1366, "2020-03-31": "-2.18330", "2019-12-31": -1.7897, "2019-09-30": -1.6812, "2019-06-30": 2.7112, "2019-03-31": "-1.78850", "2018-12-31": -1.5036, "2018-09-30": -1.5194, "2018-06-30": -1.0132, "2018-03-31": "-1.55700", "2017-12-31": -1.1808, "2017-09-30": -0.9876, "2017-06-30": -0.8925, "2017-03-31": "-1.16630", "2016-12-31": -0.9189, "2016-09-30": -0.8777, "2016-06-30": -0.8176, "2016-03-31": "-0.98060", "2015-12-31": -0.6441, "2015-09-30": -0.6391, "2015-06-30": -0.6488, "2015-03-31": "-0.31990", "2014-12-31": -0.5416, "2014-09-30": -0.524, "2014-06-30": -0.5496, "2014-03-31": "-0.61480", "2013-12-31": -0.3738, "2013-09-30": -0.3431, "2013-06-30": -0.3821, "2013-03-31": "-0.01640", "2012-12-31": -1.393, "2012-09-30": 0.1063, "2012-06-30": -0.3584, "2012-03-31": "-0.65390", "2011-12-31": -0.6016, "2011-09-30": -0.6754, "2011-06-30": -0.6271, "2011-03-31": "-0.14890", "2010-12-31": -0.488, "2010-09-30": -0.5676, "2010-06-30": -0.578, "2010-03-31": "-0.37260", "2009-12-31": -0.4076, "2009-09-30": -0.4898, "2009-06-30": -0.8652, "2009-03-31": "0.02970", "2008-12-31": -0.1131, "2008-09-30": -0.4034, "2008-06-30": 2.3233, "2008-03-31": "-0.21250", "2007-12-31": -0.1682, "2007-09-30": 5.7675, "2007-06-30": -0.2223, "2007-03-31": "-0.29330", "2006-12-31": 0.8917, "2006-09-30": -0.0895, "2006-06-30": -0.2439, "2006-03-31": "-0.28980", "2005-12-31": 0.21, "2005-09-30": -0.2871, "2005-06-30": -0.3002, "2005-03-31": "-0.37380"}, "Free Cash Flow Per Share": {"2020-09-30": -1.0245, "2020-06-30": -1.2783, "2020-03-31": "-2.35730", "2019-12-31": -2.14, "2019-09-30": -2.0123, "2019-06-30": 2.5278, "2019-03-31": "-2.20640", "2018-12-31": -1.8782, "2018-09-30": -1.9688, "2018-06-30": -1.238, "2018-03-31": "-1.76960", "2017-12-31": -1.4225, "2017-09-30": -1.2405, "2017-06-30": -1.1285, "2017-03-31": "-1.58650", "2016-12-31": -1.1519, "2016-09-30": -1.1139, "2016-06-30": -1.0702, "2016-03-31": "-1.01300", "2015-12-31": -0.6819, "2015-09-30": -0.7155, "2015-06-30": -0.6631, "2015-03-31": "-0.34560", "2014-12-31": -0.5912, "2014-09-30": -0.5656, "2014-06-30": -0.5734, "2014-03-31": "-0.62050", "2013-12-31": -0.3888, "2013-09-30": -0.3579, "2013-06-30": -0.387, "2013-03-31": "-0.04680", "2012-12-31": -1.4103, "2012-09-30": -0.0047, "2012-06-30": -0.3904, "2012-03-31": "-0.65960", "2011-12-31": -0.614, "2011-09-30": -0.6816, "2011-06-30": -0.6382, "2011-03-31": "-0.14960", "2010-12-31": -0.5152, "2010-09-30": -0.5929, "2010-06-30": -0.6119, "2010-03-31": "-0.39880", "2009-12-31": -0.4382, "2009-09-30": -0.5072, "2009-06-30": -0.8906, "2009-03-31": "-0.01580", "2008-12-31": -0.145, "2008-09-30": -0.4576, "2008-06-30": 2.2197, "2008-03-31": "-0.28480", "2007-12-31": -0.2781, "2007-09-30": 5.8124, "2007-06-30": -0.262, "2007-03-31": "-0.32950", "2006-12-31": 0.8815, "2006-09-30": -0.1122, "2006-06-30": -0.3178, "2006-03-31": "-0.33930", "2005-12-31": 0.1857, "2005-09-30": -0.3042, "2005-06-30": -0.3178, "2005-03-31": "-0.40350"}}, "revenue": {"Alnylam Pharmaceuticals Annual Revenue (Millions of US $)": {"2019": "$220", "2018": "$75", "2017": "$90", "2016": "$47", "2015": "$41", "2014": "$51", "2013": "$47", "2012": "$67", "2011": "$83", "2010": "$100", "2009": "$101", "2008": "$96", "2007": "$51", "2006": "$27", "2005": "$6"}, "Alnylam Pharmaceuticals Quarterly Revenue (Millions of US $)": {"2020-09-30": "$126", "2020-06-30": "$104", "2020-03-31": "$99", "2019-12-31": "$72", "2019-09-30": "$70", "2019-06-30": "$45", "2019-03-31": "$33", "2018-12-31": "$21", "2018-09-30": "$2", "2018-06-30": "$30", "2018-03-31": "$22", "2017-12-31": "$38", "2017-09-30": "$17", "2017-06-30": "$16", "2017-03-31": "$19", "2016-12-31": "$17", "2016-09-30": "$14", "2016-06-30": "$9", "2016-03-31": "$7", "2015-12-31": "$8", "2015-09-30": "$6", "2015-06-30": "$9", "2015-03-31": "$19", "2014-12-31": "$24", "2014-09-30": "$11", "2014-06-30": "$7", "2014-03-31": "$8", "2013-12-31": "$11", "2013-09-30": "$9", "2013-06-30": "$9", "2013-03-31": "$19", "2012-12-31": "$8", "2012-09-30": "$17", "2012-06-30": "$21", "2012-03-31": "$21", "2011-12-31": "$20", "2011-09-30": "$21", "2011-06-30": "$21", "2011-03-31": "$21", "2010-12-31": "$21", "2010-09-30": "$28", "2010-06-30": "$27", "2010-03-31": "$25", "2009-12-31": "$27", "2009-09-30": "$24", "2009-06-30": "$25", "2009-03-31": "$25", "2008-12-31": "$24", "2008-09-30": "$26", "2008-06-30": "$24", "2008-03-31": "$22", "2007-12-31": "$18", "2007-09-30": "$16", "2007-06-30": "$9", "2007-03-31": "$7", "2006-12-31": "$7", "2006-09-30": "$8", "2006-06-30": "$6", "2006-03-31": "$6", "2005-12-31": "$2", "2005-09-30": "$1", "2005-06-30": "$1", "2005-03-31": "$2"}}, "gross-profit": {"Alnylam Pharmaceuticals Annual Gross Profit (Millions of US $)": {"2019": "$195", "2018": "$73", "2017": "$90", "2016": "$47", "2015": "$41", "2014": "$51", "2013": "$47", "2012": "$67", "2011": "$83", "2010": "$100", "2009": "$101", "2008": "$96", "2007": "$51", "2006": "$27", "2005": "$6"}, "Alnylam Pharmaceuticals Quarterly Gross Profit (Millions of US $)": {"2020-09-30": "$104", "2020-06-30": "$84", "2020-03-31": "$86", "2019-12-31": "$60", "2019-09-30": "$65", "2019-06-30": "$40", "2019-03-31": "$30", "2018-12-31": "$19", "2018-09-30": "$2", "2018-06-30": "$30", "2018-03-31": "$22", "2017-12-31": "$38", "2017-09-30": "$17", "2017-06-30": "$16", "2017-03-31": "$19", "2016-12-31": "$17", "2016-09-30": "$14", "2016-06-30": "$9", "2016-03-31": "$7", "2015-12-31": "$8", "2015-09-30": "$6", "2015-06-30": "$9", "2015-03-31": "$19", "2014-12-31": "$24", "2014-09-30": "$11", "2014-06-30": "$7", "2014-03-31": "$8", "2013-12-31": "$11", "2013-09-30": "$9", "2013-06-30": "$9", "2013-03-31": "$19", "2012-12-31": "$8", "2012-09-30": "$17", "2012-06-30": "$21", "2012-03-31": "$21", "2011-12-31": "$20", "2011-09-30": "$21", "2011-06-30": "$21", "2011-03-31": "$21", "2010-12-31": "$21", "2010-09-30": "$28", "2010-06-30": "$27", "2010-03-31": "$25", "2009-12-31": "$27", "2009-09-30": "$24", "2009-06-30": "$25", "2009-03-31": "$25", "2008-12-31": "$24", "2008-09-30": "$26", "2008-06-30": "$24", "2008-03-31": "$22", "2007-12-31": "$18", "2007-09-30": "$16", "2007-06-30": "$9", "2007-03-31": "$7", "2006-12-31": "$7", "2006-09-30": "$8", "2006-06-30": "$6", "2006-03-31": "$6", "2005-12-31": "$2", "2005-09-30": "$1", "2005-06-30": "$1", "2005-03-31": "$2"}}, "operating-income": {"Alnylam Pharmaceuticals Annual Operating Income (Millions of US $)": {"2019": "$-939", "2018": "$-815", "2017": "$-500", "2016": "$-425", "2015": "$-296", "2014": "$-405", "2013": "$-93", "2012": "$-129", "2011": "$-55", "2010": "$-44", "2009": "$-48", "2008": "$-28", "2007": "$-93", "2006": "$-40", "2005": "$-43"}, "Alnylam Pharmaceuticals Quarterly Operating Income (Millions of US $)": {"2020-09-30": "$-225", "2020-06-30": "$-199", "2020-03-31": "$-210", "2019-12-31": "$-298", "2019-09-30": "$-216", "2019-06-30": "$-236", "2019-03-31": "$-189", "2018-12-31": "$-220", "2018-09-30": "$-255", "2018-06-30": "$-192", "2018-03-31": "$-147", "2017-12-31": "$-147", "2017-09-30": "$-126", "2017-06-30": "$-120", "2017-03-31": "$-107", "2016-12-31": "$-115", "2016-09-30": "$-107", "2016-06-30": "$-92", "2016-03-31": "$-110", "2015-12-31": "$-93", "2015-09-30": "$-78", "2015-06-30": "$-73", "2015-03-31": "$-52", "2014-12-31": "$-46", "2014-09-30": "$-45", "2014-06-30": "$-45", "2014-03-31": "$-269", "2013-12-31": "$-30", "2013-09-30": "$-32", "2013-06-30": "$-21", "2013-03-31": "$-10", "2012-12-31": "$-88", "2012-09-30": "$-18", "2012-06-30": "$-12", "2012-03-31": "$-11", "2011-12-31": "$-14", "2011-09-30": "$-12", "2011-06-30": "$-13", "2011-03-31": "$-16", "2010-12-31": "$-12", "2010-09-30": "$-9", "2010-06-30": "$-12", "2010-03-31": "$-11", "2009-12-31": "$-8", "2009-09-30": "$-10", "2009-06-30": "$-22", "2009-03-31": "$-8", "2008-12-31": "$-8", "2008-09-30": "$-3", "2008-06-30": "$-13", "2008-03-31": "$-4", "2007-12-31": "$-3", "2007-09-30": "$-51", "2007-06-30": "$-15", "2007-03-31": "$-24", "2006-12-31": "$-10", "2006-09-30": "$-9", "2006-06-30": "$-11", "2006-03-31": "$-10", "2005-12-31": "$-15", "2005-09-30": "$-11", "2005-06-30": "$-11", "2005-03-31": "$-7"}}, "ebitda": {"Alnylam Pharmaceuticals Annual EBITDA (Millions of US $)": {"2019": "$-885", "2018": "$-799", "2017": "$-488", "2016": "$-409", "2015": "$-277", "2014": "$-393", "2013": "$-83", "2012": "$-120", "2011": "$-50", "2010": "$-39", "2009": "$-42", "2008": "$-22", "2007": "$-89", "2006": "$-35", "2005": "$-40"}, "Alnylam Pharmaceuticals Quarterly EBITDA (Millions of US $)": {"2020-09-30": "$-206", "2020-06-30": "$-181", "2020-03-31": "$-193", "2019-12-31": "$-283", "2019-09-30": "$-203", "2019-06-30": "$-224", "2019-03-31": "$-175", "2018-12-31": "$-211", "2018-09-30": "$-254", "2018-06-30": "$-190", "2018-03-31": "$-144", "2017-12-31": "$-145", "2017-09-30": "$-122", "2017-06-30": "$-117", "2017-03-31": "$-104", "2016-12-31": "$-112", "2016-09-30": "$-103", "2016-06-30": "$-88", "2016-03-31": "$-105", "2015-12-31": "$-87", "2015-09-30": "$-73", "2015-06-30": "$-68", "2015-03-31": "$-49", "2014-12-31": "$-42", "2014-09-30": "$-42", "2014-06-30": "$-42", "2014-03-31": "$-266", "2013-12-31": "$-27", "2013-09-30": "$-29", "2013-06-30": "$-19", "2013-03-31": "$-8", "2012-12-31": "$-86", "2012-09-30": "$-16", "2012-06-30": "$-9", "2012-03-31": "$-9", "2011-12-31": "$-12", "2011-09-30": "$-11", "2011-06-30": "$-12", "2011-03-31": "$-14", "2010-12-31": "$-11", "2010-09-30": "$-7", "2010-06-30": "$-10", "2010-03-31": "$-10", "2009-12-31": "$-7", "2009-09-30": "$-9", "2009-06-30": "$-20", "2009-03-31": "$-6", "2008-12-31": "$-6", "2008-09-30": "$-2", "2008-06-30": "$-11", "2008-03-31": "$-3", "2007-12-31": "$-2", "2007-09-30": "$-50", "2007-06-30": "$-14", "2007-03-31": "$-23", "2006-12-31": "$-9", "2006-09-30": "$-7", "2006-06-30": "$-11", "2006-03-31": "$-9", "2005-12-31": "$-14", "2005-09-30": "$-10", "2005-06-30": "$-10", "2005-03-31": "$-6"}}, "net-income": {"Alnylam Pharmaceuticals Annual Net Income (Millions of US $)": {"2019": "$-886", "2018": "$-761", "2017": "$-491", "2016": "$-410", "2015": "$-290", "2014": "$-360", "2013": "$-89", "2012": "$-106", "2011": "$-58", "2010": "$-44", "2009": "$-48", "2008": "$-26", "2007": "$-85", "2006": "$-35", "2005": "$-43"}, "Alnylam Pharmaceuticals Quarterly Net Income (Millions of US $)": {"2020-09-30": "$-253", "2020-06-30": "$-179", "2020-03-31": "$-182", "2019-12-31": "$-276", "2019-09-30": "$-209", "2019-06-30": "$-219", "2019-03-31": "$-182", "2018-12-31": "$-211", "2018-09-30": "$-245", "2018-06-30": "$-164", "2018-03-31": "$-141", "2017-12-31": "$-142", "2017-09-30": "$-123", "2017-06-30": "$-118", "2017-03-31": "$-107", "2016-12-31": "$-113", "2016-09-30": "$-104", "2016-06-30": "$-90", "2016-03-31": "$-103", "2015-12-31": "$-91", "2015-09-30": "$-77", "2015-06-30": "$-72", "2015-03-31": "$-51", "2014-12-31": "$-21", "2014-09-30": "$-44", "2014-06-30": "$-44", "2014-03-31": "$-251", "2013-12-31": "$-32", "2013-09-30": "$-30", "2013-06-30": "$-18", "2013-03-31": "$-9", "2012-12-31": "$-62", "2012-09-30": "$-20", "2012-06-30": "$-13", "2012-03-31": "$-11", "2011-12-31": "$-14", "2011-09-30": "$-13", "2011-06-30": "$-14", "2011-03-31": "$-16", "2010-12-31": "$-7", "2010-09-30": "$-10", "2010-06-30": "$-15", "2010-03-31": "$-12", "2009-12-31": "$-8", "2009-09-30": "$-9", "2009-06-30": "$-23", "2009-03-31": "$-8", "2008-12-31": "$-9", "2008-09-30": "$-3", "2008-06-30": "$-13", "2008-03-31": "$-1", "2007-12-31": "$2", "2007-09-30": "$-53", "2007-06-30": "$-13", "2007-03-31": "$-22", "2006-12-31": "$7", "2006-09-30": "$-7", "2006-06-30": "$-10", "2006-03-31": "$-9", "2005-12-31": "$-14", "2005-09-30": "$-11", "2005-06-30": "$-11", "2005-03-31": "$-7"}}, "eps-earnings-per-share-diluted": {"Alnylam Pharmaceuticals Annual EPS": {"2019": "$-8.11", "2018": "$-7.57", "2017": "$-5.42", "2016": "$-4.79", "2015": "$-3.45", "2014": "$-4.85", "2013": "$-1.45", "2012": "$-2.11", "2011": "$-1.36", "2010": "$-1.04", "2009": "$-1.14", "2008": "$-0.64", "2007": "$-2.21", "2006": "$-1.09", "2005": "$-1.96"}, "Alnylam Pharmaceuticals Quarterly EPS": {"2020-09-30": "$-2.18", "2020-06-30": "$-1.56", "2020-03-31": "$-1.62", "2019-12-31": "$-2.44", "2019-09-30": "$-1.92", "2019-06-30": "$-2.02", "2019-03-31": "$-1.73", "2018-12-31": "$-2.10", "2018-09-30": "$-2.43", "2018-06-30": "$-1.63", "2018-03-31": "$-1.41", "2017-12-31": "$-1.49", "2017-09-30": "$-1.34", "2017-06-30": "$-1.34", "2017-03-31": "$-1.25", "2016-12-31": "$-1.32", "2016-09-30": "$-1.21", "2016-06-30": "$-1.05", "2016-03-31": "$-1.21", "2015-12-31": "$-1.07", "2015-09-30": "$-0.91", "2015-06-30": "$-0.85", "2015-03-31": "$-0.62", "2014-12-31": "$0.01", "2014-09-30": "$-0.58", "2014-06-30": "$-0.58", "2014-03-31": "$-3.70", "2013-12-31": "$-0.53", "2013-09-30": "$-0.48", "2013-06-30": "$-0.29", "2013-03-31": "$-0.15", "2012-12-31": "$-1.23", "2012-09-30": "$-0.38", "2012-06-30": "$-0.25", "2012-03-31": "$-0.25", "2011-12-31": "$-0.34", "2011-09-30": "$-0.31", "2011-06-30": "$-0.33", "2011-03-31": "$-0.38", "2010-12-31": "$-0.17", "2010-09-30": "$-0.23", "2010-06-30": "$-0.35", "2010-03-31": "$-0.29", "2009-12-31": "$-0.18", "2009-09-30": "$-0.22", "2009-06-30": "$-0.55", "2009-03-31": "$-0.19", "2008-12-31": "$-0.23", "2008-09-30": "$-0.07", "2008-06-30": "$-0.31", "2008-03-31": "$-0.03", "2007-12-31": "$0.06", "2007-09-30": "$-1.35", "2007-06-30": "$-0.34", "2007-03-31": "$-0.58", "2006-12-31": "$-0.25", "2006-09-30": "$-0.23", "2006-06-30": "$-0.31", "2006-03-31": "$-0.30", "2005-12-31": "$-0.59", "2005-09-30": "$-0.51", "2005-06-30": "$-0.54", "2005-03-31": "$-0.32"}}, "shares-outstanding": {"Alnylam Pharmaceuticals Annual Shares Outstanding (Millions of Shares)": {"2019": "109", "2018": "101", "2017": "91", "2016": "86", "2015": "84", "2014": "74", "2013": "62", "2012": "50", "2011": "42", "2010": "42", "2009": "42", "2008": "41", "2007": "39", "2006": "32", "2005": "22"}, "Alnylam Pharmaceuticals Quarterly Shares Outstanding (Millions of Shares)": {"2020-09-30": "116", "2020-06-30": "115", "2020-03-31": "113", "2019-12-31": "109", "2019-09-30": "109", "2019-06-30": "109", "2019-03-31": "105", "2018-12-31": "101", "2018-09-30": "101", "2018-06-30": "101", "2018-03-31": "100", "2017-12-31": "91", "2017-09-30": "92", "2017-06-30": "88", "2017-03-31": "86", "2016-12-31": "86", "2016-09-30": "86", "2016-06-30": "86", "2016-03-31": "85", "2015-12-31": "84", "2015-09-30": "85", "2015-06-30": "84", "2015-03-31": "82", "2014-12-31": "74", "2014-09-30": "76", "2014-06-30": "76", "2014-03-31": "68", "2013-12-31": "62", "2013-09-30": "62", "2013-06-30": "62", "2013-03-31": "59", "2012-12-31": "50", "2012-09-30": "52", "2012-06-30": "51", "2012-03-31": "46", "2011-12-31": "42", "2011-09-30": "43", "2011-06-30": "42", "2011-03-31": "42", "2010-12-31": "42", "2010-09-30": "42", "2010-06-30": "42", "2010-03-31": "42", "2009-12-31": "42", "2009-09-30": "42", "2009-06-30": "42", "2009-03-31": "41", "2008-12-31": "41", "2008-09-30": "41", "2008-06-30": "41", "2008-03-31": "41", "2007-12-31": "39", "2007-09-30": "39", "2007-06-30": "38", "2007-03-31": "37", "2006-12-31": "32", "2006-09-30": "32", "2006-06-30": "32", "2006-03-31": "30", "2005-12-31": "22", "2005-09-30": "21", "2005-06-30": "21", "2005-03-31": "20"}}, "total-assets": {"Alnylam Pharmaceuticals Annual Total Assets (Millions of US $)": {"2019": "$2,395", "2018": "$1,575", "2017": "$1,995", "2016": "$1,263", "2015": "$1,387", "2014": "$1,080", "2013": "$421", "2012": "$288", "2011": "$282", "2010": "$393", "2009": "$481", "2008": "$555", "2007": "$494", "2006": "$240", "2005": "$98"}, "Alnylam Pharmaceuticals Quarterly Total Assets (Millions of US $)": {"2020-09-30": "$3,307", "2020-06-30": "$3,374", "2020-03-31": "$2,280", "2019-12-31": "$2,395", "2019-09-30": "$2,542", "2019-06-30": "$2,716", "2019-03-31": "$2,014", "2018-12-31": "$1,575", "2018-09-30": "$1,676", "2018-06-30": "$1,789", "2018-03-31": "$1,923", "2017-12-31": "$1,995", "2017-09-30": "$1,358", "2017-06-30": "$1,434", "2017-03-31": "$1,134", "2016-12-31": "$1,263", "2016-09-30": "$1,313", "2016-06-30": "$1,382", "2016-03-31": "$1,317", "2015-12-31": "$1,387", "2015-09-30": "$1,436", "2015-06-30": "$1,531", "2015-03-31": "$1,629", "2014-12-31": "$1,080", "2014-09-30": "$986", "2014-06-30": "$1,033", "2014-03-31": "$1,080", "2013-12-31": "$421", "2013-09-30": "$448", "2013-06-30": "$463", "2013-03-31": "$472", "2012-12-31": "$288", "2012-09-30": "$322", "2012-06-30": "$318", "2012-03-31": "$340", "2011-12-31": "$282", "2011-09-30": "$310", "2011-06-30": "$341", "2011-03-31": "$369", "2010-12-31": "$393", "2010-09-30": "$413", "2010-06-30": "$440", "2010-03-31": "$463", "2009-12-31": "$481", "2009-09-30": "$496", "2009-06-30": "$519", "2009-03-31": "$555", "2008-12-31": "$555", "2008-09-30": "$580", "2008-06-30": "$580", "2008-03-31": "$486", "2007-12-31": "$494", "2007-09-30": "$505", "2007-06-30": "$220", "2007-03-31": "$227", "2006-12-31": "$240", "2006-09-30": "$145", "2006-06-30": "$147", "2006-03-31": "$154", "2005-12-31": "$98", "2005-09-30": "$43", "2005-06-30": "$51", "2005-03-31": "$59"}}, "cash-on-hand": {"Alnylam Pharmaceuticals Annual Cash on Hand (Millions of US $)": {"2019": "$1,536", "2018": "$1,084", "2017": "$1,691", "2016": "$627", "2015": "$1,081", "2014": "$697", "2013": "$246", "2012": "$123", "2011": "$146", "2010": "$233", "2009": "$281", "2008": "$433", "2007": "$390", "2006": "$217", "2005": "$80"}, "Alnylam Pharmaceuticals Quarterly Cash on Hand (Millions of US $)": {"2020-09-30": "$1,834", "2020-06-30": "$1,926", "2020-03-31": "$1,342", "2019-12-31": "$1,536", "2019-09-30": "$1,721", "2019-06-30": "$1,927", "2019-03-31": "$1,245", "2018-12-31": "$1,084", "2018-09-30": "$1,237", "2018-06-30": "$1,448", "2018-03-31": "$1,568", "2017-12-31": "$1,691", "2017-09-30": "$948", "2017-06-30": "$923", "2017-03-31": "$560", "2016-12-31": "$627", "2016-09-30": "$713", "2016-06-30": "$856", "2016-03-31": "$1,014", "2015-12-31": "$1,081", "2015-09-30": "$1,016", "2015-06-30": "$1,005", "2015-03-31": "$1,067", "2014-12-31": "$697", "2014-09-30": "$632", "2014-06-30": "$655", "2014-03-31": "$665", "2013-12-31": "$246", "2013-09-30": "$194", "2013-06-30": "$210", "2013-03-31": "$236", "2012-12-31": "$123", "2012-09-30": "$228", "2012-06-30": "$229", "2012-03-31": "$199", "2011-12-31": "$146", "2011-09-30": "$173", "2011-06-30": "$218", "2011-03-31": "$245", "2010-12-31": "$233", "2010-09-30": "$231", "2010-06-30": "$259", "2010-03-31": "$262", "2009-12-31": "$281", "2009-09-30": "$218", "2009-06-30": "$267", "2009-03-31": "$408", "2008-12-31": "$433", "2008-09-30": "$423", "2008-06-30": "$541", "2008-03-31": "$444", "2007-12-31": "$390", "2007-09-30": "$468", "2007-06-30": "$195", "2007-03-31": "$204", "2006-12-31": "$217", "2006-09-30": "$120", "2006-06-30": "$123", "2006-03-31": "$132", "2005-12-31": "$80", "2005-09-30": "$25", "2005-06-30": "$32", "2005-03-31": "$38"}}, "long-term-debt": {"Alnylam Pharmaceuticals Annual Long Term Debt (Millions of US $)": {"2019": "$", "2018": "$30", "2017": "$30", "2016": "$150", "2015": "$", "2014": "$", "2013": "$", "2012": "$", "2011": "$", "2010": "$", "2009": "$", "2008": "$", "2007": "$3", "2006": "$6", "2005": "$6"}, "Alnylam Pharmaceuticals Quarterly Long Term Debt (Millions of US $)": {"2020-09-30": "", "2020-06-30": "", "2020-03-31": "", "2019-12-31": "", "2019-09-30": "", "2019-06-30": "$30", "2019-03-31": "$30", "2018-12-31": "$30", "2018-09-30": "$30", "2018-06-30": "$30", "2018-03-31": "$30", "2017-12-31": "$30", "2017-09-30": "$150", "2017-06-30": "$150", "2017-03-31": "$150", "2016-12-31": "$150", "2016-09-30": "$150", "2016-06-30": "$150", "2016-03-31": "", "2015-12-31": "", "2015-09-30": "", "2015-06-30": "", "2015-03-31": "", "2014-12-31": "", "2014-09-30": "", "2014-06-30": "", "2014-03-31": "", "2013-12-31": "", "2013-09-30": "", "2013-06-30": "", "2013-03-31": "", "2012-12-31": "", "2012-09-30": "", "2012-06-30": "", "2012-03-31": "", "2011-12-31": "", "2011-09-30": "", "2011-06-30": "", "2011-03-31": "", "2010-12-31": "", "2010-09-30": "", "2010-06-30": "", "2010-03-31": "", "2009-12-31": "", "2009-09-30": "", "2009-06-30": "", "2009-03-31": "", "2008-12-31": "", "2008-09-30": "$1", "2008-06-30": "$1", "2008-03-31": "$2", "2007-12-31": "$3", "2007-09-30": "$4", "2007-06-30": "$5", "2007-03-31": "$5", "2006-12-31": "$6", "2006-09-30": "$6", "2006-06-30": "$6", "2006-03-31": "$5", "2005-12-31": "$6", "2005-09-30": "$6", "2005-06-30": "$6", "2005-03-31": "$6"}}, "total-liabilities": {"Alnylam Pharmaceuticals Annual Total Liabilities (Millions of US $)": {"2019": "$956", "2018": "$273", "2017": "$228", "2016": "$343", "2015": "$122", "2014": "$143", "2013": "$150", "2012": "$153", "2011": "$164", "2010": "$235", "2009": "$303", "2008": "$353", "2007": "$295", "2006": "$39", "2005": "$37"}, "Alnylam Pharmaceuticals Quarterly Total Liabilities (Millions of US $)": {"2020-09-30": "$2,092", "2020-06-30": "$1,975", "2020-03-31": "$930", "2019-12-31": "$956", "2019-09-30": "$935", "2019-06-30": "$959", "2019-03-31": "$467", "2018-12-31": "$273", "2018-09-30": "$198", "2018-06-30": "$169", "2018-03-31": "$168", "2017-12-31": "$228", "2017-09-30": "$299", "2017-06-30": "$311", "2017-03-31": "$303", "2016-12-31": "$343", "2016-09-30": "$298", "2016-06-30": "$284", "2016-03-31": "$128", "2015-12-31": "$122", "2015-09-30": "$115", "2015-06-30": "$122", "2015-03-31": "$132", "2014-12-31": "$143", "2014-09-30": "$82", "2014-06-30": "$90", "2014-03-31": "$125", "2013-12-31": "$150", "2013-09-30": "$150", "2013-06-30": "$154", "2013-03-31": "$160", "2012-12-31": "$153", "2012-09-30": "$145", "2012-06-30": "$130", "2012-03-31": "$143", "2011-12-31": "$164", "2011-09-30": "$182", "2011-06-30": "$204", "2011-03-31": "$223", "2010-12-31": "$235", "2010-09-30": "$252", "2010-06-30": "$275", "2010-03-31": "$292", "2009-12-31": "$303", "2009-09-30": "$314", "2009-06-30": "$334", "2009-03-31": "$356", "2008-12-31": "$353", "2008-09-30": "$376", "2008-06-30": "$381", "2008-03-31": "$283", "2007-12-31": "$295", "2007-09-30": "$312", "2007-06-30": "$40", "2007-03-31": "$37", "2006-12-31": "$39", "2006-09-30": "$40", "2006-06-30": "$37", "2006-03-31": "$36", "2005-12-31": "$37", "2005-09-30": "$20", "2005-06-30": "$21", "2005-03-31": "$19"}}, "total-share-holder-equity": {"Alnylam Pharmaceuticals Annual Share Holder Equity (Millions of US $)": {"2019": "$1,439", "2018": "$1,302", "2017": "$1,766", "2016": "$920", "2015": "$1,265", "2014": "$936", "2013": "$270", "2012": "$134", "2011": "$118", "2010": "$158", "2009": "$178", "2008": "$202", "2007": "$199", "2006": "$201", "2005": "$62"}, "Alnylam Pharmaceuticals Quarterly Share Holder Equity (Millions of US $)": {"2020-09-30": "$1,215", "2020-06-30": "$1,400", "2020-03-31": "$1,350", "2019-12-31": "$1,439", "2019-09-30": "$1,607", "2019-06-30": "$1,757", "2019-03-31": "$1,547", "2018-12-31": "$1,302", "2018-09-30": "$1,478", "2018-06-30": "$1,621", "2018-03-31": "$1,755", "2017-12-31": "$1,766", "2017-09-30": "$1,059", "2017-06-30": "$1,123", "2017-03-31": "$831", "2016-12-31": "$920", "2016-09-30": "$1,015", "2016-06-30": "$1,098", "2016-03-31": "$1,189", "2015-12-31": "$1,265", "2015-09-30": "$1,322", "2015-06-30": "$1,409", "2015-03-31": "$1,497", "2014-12-31": "$936", "2014-09-30": "$904", "2014-06-30": "$942", "2014-03-31": "$955", "2013-12-31": "$270", "2013-09-30": "$298", "2013-06-30": "$308", "2013-03-31": "$312", "2012-12-31": "$134", "2012-09-30": "$177", "2012-06-30": "$188", "2012-03-31": "$197", "2011-12-31": "$118", "2011-09-30": "$128", "2011-06-30": "$137", "2011-03-31": "$146", "2010-12-31": "$158", "2010-09-30": "$161", "2010-06-30": "$165", "2010-03-31": "$172", "2009-12-31": "$178", "2009-09-30": "$182", "2009-06-30": "$184", "2009-03-31": "$199", "2008-12-31": "$202", "2008-09-30": "$205", "2008-06-30": "$199", "2008-03-31": "$203", "2007-12-31": "$199", "2007-09-30": "$193", "2007-06-30": "$179", "2007-03-31": "$190", "2006-12-31": "$201", "2006-09-30": "$105", "2006-06-30": "$110", "2006-03-31": "$118", "2005-12-31": "$62", "2005-09-30": "$23", "2005-06-30": "$29", "2005-03-31": "$40"}}, "profit-margins": {"current": "-222.19%"}, "gross margin": {"2020-09-30": "83.29%", "2020-06-30": "85.51%", "2020-03-31": "87.76%", "2019-12-31": "88.64%", "2019-09-30": "91.12%", "2019-06-30": "90.10%", "2019-03-31": "94.19%", "2018-12-31": "97.33%", "2018-09-30": "100.00%", "2018-06-30": "100.00%", "2018-03-31": "100.00%", "2017-12-31": "100.00%", "2017-09-30": "100.00%", "2017-06-30": "100.00%", "2017-03-31": "100.00%", "2016-12-31": "100.00%", "2016-09-30": "100.00%", "2016-06-30": "100.00%", "2016-03-31": "100.00%", "2015-12-31": "100.00%", "2015-09-30": "100.00%", "2015-06-30": "100.00%", "2015-03-31": "100.00%", "2014-12-31": "100.00%", "2014-09-30": "100.00%", "2014-06-30": "100.00%", "2014-03-31": "100.00%", "2013-12-31": "100.00%", "2013-09-30": "100.00%", "2013-06-30": "100.00%", "2013-03-31": "100.00%", "2012-12-31": "100.00%", "2012-09-30": "100.00%", "2012-06-30": "100.00%", "2012-03-31": "100.00%", "2011-12-31": "100.00%", "2011-09-30": "100.00%", "2011-06-30": "100.00%", "2011-03-31": "100.00%", "2010-12-31": "100.00%", "2010-09-30": "100.00%", "2010-06-30": "100.00%", "2010-03-31": "100.00%", "2009-12-31": "100.00%", "2009-09-30": "100.00%", "2009-06-30": "100.00%", "2009-03-31": "100.00%", "2008-12-31": "100.00%", "2008-09-30": "100.00%", "2008-06-30": "100.00%", "2008-03-31": "100.00%", "2007-12-31": "100.00%", "2007-09-30": "100.00%", "2007-06-30": "100.00%", "2007-03-31": "100.00%", "2006-12-31": "100.00%", "2006-09-30": "100.00%", "2006-06-30": "100.00%", "2006-03-31": "100.00%", "2005-12-31": "100.00%"}, "operating margin": {"2020-09-30": "-232.42%", "2020-06-30": "-267.54%", "2020-03-31": "-335.66%", "2019-12-31": "-426.82%", "2019-09-30": "-509.47%", "2019-06-30": "-891.09%", "2019-03-31": "-995.35%", "2018-12-31": "-1085.33%", "2018-09-30": "-805.43%", "2018-06-30": "-571.96%", "2018-03-31": "-580.65%", "2017-12-31": "-555.56%", "2017-09-30": "-678.26%", "2017-06-30": "-680.30%", "2017-03-31": "-713.56%", "2016-12-31": "-902.13%", "2016-09-30": "-1057.89%", "2016-06-30": "-1243.33%", "2016-03-31": "-1180.00%", "2015-12-31": "-704.76%", "2015-09-30": "-429.31%", "2015-06-30": "-342.86%", "2015-03-31": "-308.20%", "2014-12-31": "-810.00%", "2014-09-30": "-1051.35%", "2014-06-30": "-1074.29%", "2014-03-31": "-951.35%", "2013-12-31": "-193.75%", "2013-09-30": "-335.56%", "2013-06-30": "-258.49%", "2013-03-31": "-196.92%", "2012-12-31": "-192.54%", "2012-09-30": "-69.62%", "2012-06-30": "-59.04%", "2012-03-31": "-60.24%", "2011-12-31": "-66.27%", "2011-09-30": "-63.10%", "2011-06-30": "-54.95%", "2011-03-31": "-50.52%", "2010-12-31": "-43.56%", "2010-09-30": "-37.38%", "2010-06-30": "-39.81%", "2010-03-31": "-50.50%", "2009-12-31": "-47.52%", "2009-09-30": "-48.98%", "2009-06-30": "-41.00%", "2009-03-31": "-32.32%", "2008-12-31": "-29.17%", "2008-09-30": "-25.56%", "2008-06-30": "-88.75%", "2008-03-31": "-112.31%", "2007-12-31": "-186.00%", "2007-09-30": "-256.41%", "2007-06-30": "-187.10%", "2007-03-31": "-192.86%", "2006-12-31": "-148.15%", "2006-09-30": "-204.55%", "2006-06-30": "-313.33%", "2006-03-31": "-470.00%", "2005-12-31": "-733.33%"}, "ebitda margin": {"2020-09-30": "-215.21%", "2020-06-30": "-249.28%", "2020-03-31": "-315.73%", "2019-12-31": "-402.27%", "2019-09-30": "-481.07%", "2019-06-30": "-855.45%", "2019-03-31": "-965.12%", "2018-12-31": "-1065.33%", "2018-09-30": "-796.74%", "2018-06-30": "-561.68%", "2018-03-31": "-567.74%", "2017-12-31": "-542.22%", "2017-09-30": "-659.42%", "2017-06-30": "-660.61%", "2017-03-31": "-689.83%", "2016-12-31": "-868.09%", "2016-09-30": "-1007.89%", "2016-06-30": "-1176.67%", "2016-03-31": "-1110.00%", "2015-12-31": "-659.52%", "2015-09-30": "-400.00%", "2015-06-30": "-319.05%", "2015-03-31": "-286.89%", "2014-12-31": "-784.00%", "2014-09-30": "-1018.92%", "2014-06-30": "-1040.00%", "2014-03-31": "-921.62%", "2013-12-31": "-172.92%", "2013-09-30": "-315.56%", "2013-06-30": "-243.40%", "2013-03-31": "-183.08%", "2012-12-31": "-179.10%", "2012-09-30": "-58.23%", "2012-06-30": "-49.40%", "2012-03-31": "-53.01%", "2011-12-31": "-59.04%", "2011-09-30": "-57.14%", "2011-06-30": "-48.35%", "2011-03-31": "-43.30%", "2010-12-31": "-37.62%", "2010-09-30": "-31.78%", "2010-06-30": "-34.95%", "2010-03-31": "-45.54%", "2009-12-31": "-41.58%", "2009-09-30": "-41.84%", "2009-06-30": "-34.00%", "2009-03-31": "-25.25%", "2008-12-31": "-22.92%", "2008-09-30": "-20.00%", "2008-06-30": "-82.50%", "2008-03-31": "-106.15%", "2007-12-31": "-178.00%", "2007-09-30": "-246.15%", "2007-06-30": "-170.97%", "2007-03-31": "-178.57%", "2006-12-31": "-133.33%", "2006-09-30": "-186.36%", "2006-06-30": "-293.33%", "2006-03-31": "-430.00%", "2005-12-31": "-666.67%"}, "pre tax profit margin": {"2020-09-30": "-221.70%", "2020-06-30": "-245.22%", "2020-03-31": "-310.14%", "2019-12-31": "-402.73%", "2019-09-30": "-485.21%", "2019-06-30": "-847.52%", "2019-03-31": "-930.23%", "2018-12-31": "-1013.33%", "2018-09-30": "-751.09%", "2018-06-30": "-531.78%", "2018-03-31": "-563.44%", "2017-12-31": "-544.44%", "2017-09-30": "-668.12%", "2017-06-30": "-669.70%", "2017-03-31": "-701.69%", "2016-12-31": "-872.34%", "2016-09-30": "-1021.05%", "2016-06-30": "-1203.33%", "2016-03-31": "-1140.00%", "2015-12-31": "-690.48%", "2015-09-30": "-417.24%", "2015-06-30": "-331.75%", "2015-03-31": "-298.36%", "2014-12-31": "-800.00%", "2014-09-30": "-1043.24%", "2014-06-30": "-1068.57%", "2014-03-31": "-948.65%", "2013-12-31": "-191.67%", "2013-09-30": "-302.22%", "2013-06-30": "-233.96%", "2013-03-31": "-178.46%", "2012-12-31": "-174.63%", "2012-09-30": "-73.42%", "2012-06-30": "-61.45%", "2012-03-31": "-62.65%", "2011-12-31": "-68.67%", "2011-09-30": "-59.52%", "2011-06-30": "-50.55%", "2011-03-31": "-48.45%", "2010-12-31": "-42.57%", "2010-09-30": "-41.12%", "2010-06-30": "-43.69%", "2010-03-31": "-51.49%", "2009-12-31": "-46.53%", "2009-09-30": "-48.98%", "2009-06-30": "-42.00%", "2009-03-31": "-32.32%", "2008-12-31": "-27.08%", "2008-09-30": "-16.67%", "2008-06-30": "-73.75%", "2008-03-31": "-92.31%", "2007-12-31": "-162.00%", "2007-09-30": "-194.87%", "2007-06-30": "-112.90%", "2007-03-31": "-114.29%", "2006-12-31": "-70.37%", "2006-09-30": "-181.82%", "2006-06-30": "-293.33%", "2006-03-31": "-450.00%", "2005-12-31": "-716.67%"}, "net profit margin": {"2020-09-30": "-221.95%", "2020-06-30": "-245.22%", "2020-03-31": "-309.79%", "2019-12-31": "-402.73%", "2019-09-30": "-485.80%", "2019-06-30": "-848.51%", "2019-03-31": "-932.56%", "2018-12-31": "-1014.67%", "2018-09-30": "-752.17%", "2018-06-30": "-532.71%", "2018-03-31": "-563.44%", "2017-12-31": "-544.44%", "2017-09-30": "-668.12%", "2017-06-30": "-669.70%", "2017-03-31": "-701.69%", "2016-12-31": "-872.34%", "2016-09-30": "-1021.05%", "2016-06-30": "-1203.33%", "2016-03-31": "-1143.33%", "2015-12-31": "-692.86%", "2015-09-30": "-381.03%", "2015-06-30": "-298.41%", "2015-03-31": "-262.30%", "2014-12-31": "-720.00%", "2014-09-30": "-1002.70%", "2014-06-30": "-1020.00%", "2014-03-31": "-894.59%", "2013-12-31": "-185.42%", "2013-09-30": "-264.44%", "2013-06-30": "-205.66%", "2013-03-31": "-160.00%", "2012-12-31": "-158.21%", "2012-09-30": "-73.42%", "2012-06-30": "-61.45%", "2012-03-31": "-62.65%", "2011-12-31": "-68.67%", "2011-09-30": "-59.52%", "2011-06-30": "-51.65%", "2011-03-31": "-49.48%", "2010-12-31": "-43.56%", "2010-09-30": "-42.06%", "2010-06-30": "-42.72%", "2010-03-31": "-51.49%", "2009-12-31": "-47.52%", "2009-09-30": "-50.00%", "2009-06-30": "-43.00%", "2009-03-31": "-33.33%", "2008-12-31": "-27.08%", "2008-09-30": "-16.67%", "2008-06-30": "-81.25%", "2008-03-31": "-100.00%", "2007-12-31": "-172.00%", "2007-09-30": "-207.69%", "2007-06-30": "-112.90%", "2007-03-31": "-114.29%", "2006-12-31": "-70.37%", "2006-09-30": "-181.82%", "2006-06-30": "-293.33%", "2006-03-31": "-450.00%", "2005-12-31": "-716.67%"}, "pe ratio": {"current": "0.00", "2021-02-05": "0.00", "2020-09-30": "0.00", "2020-06-30": "0.00", "2020-03-31": "0.00", "2019-12-31": "0.00", "2019-09-30": "0.00", "2019-06-30": "0.00", "2019-03-31": "0.00", "2018-12-31": "0.00", "2018-09-30": "0.00", "2018-06-30": "0.00", "2018-03-31": "0.00", "2017-12-31": "0.00", "2017-09-30": "0.00", "2017-06-30": "0.00", "2017-03-31": "0.00", "2016-12-31": "0.00", "2016-09-30": "0.00", "2016-06-30": "0.00", "2016-03-31": "0.00", "2015-12-31": "0.00", "2015-09-30": "0.00", "2015-06-30": "0.00", "2015-03-31": "0.00", "2014-12-31": "0.00", "2014-09-30": "0.00", "2014-06-30": "0.00", "2014-03-31": "0.00", "2013-12-31": "0.00", "2013-09-30": "0.00", "2013-06-30": "0.00", "2013-03-31": "0.00", "2012-12-31": "0.00", "2012-09-30": "0.00", "2012-06-30": "0.00", "2012-03-31": "0.00", "2011-12-31": "0.00", "2011-09-30": "0.00", "2011-06-30": "0.00", "2011-03-31": "0.00", "2010-12-31": "0.00", "2010-09-30": "0.00", "2010-06-30": "0.00", "2010-03-31": "0.00", "2009-12-31": "0.00", "2009-09-30": "0.00", "2009-06-30": "0.00", "2009-03-31": "0.00", "2008-12-31": "0.00", "2008-09-30": "0.00", "2008-06-30": "0.00", "2008-03-31": "0.00", "2007-12-31": "0.00", "2007-09-30": "0.00", "2007-06-30": "0.00", "2007-03-31": "0.00", "2006-12-31": "0.00"}, "price sales": {"2021-02-05": "46.80", "2020-09-30": "41.27", "2020-06-30": "47.97", "2020-03-31": "41.95", "2019-12-31": "56.78", "2019-09-30": "50.86", "2019-06-30": "75.79", "2019-03-31": "110.85", "2018-12-31": "97.71", "2018-09-30": "91.56", "2018-06-30": "87.82", "2018-03-31": "118.52", "2017-12-31": "126.27", "2017-09-30": "148.47", "2017-06-30": "104.34", "2017-03-31": "74.78", "2016-12-31": "67.94", "2016-09-30": "155.07", "2016-06-30": "157.39", "2016-03-31": "177.46", "2015-12-31": "190.78", "2015-09-30": "110.55", "2015-06-30": "150.63", "2015-03-31": "132.34", "2014-12-31": "141.56", "2014-09-30": "145.14", "2014-06-30": "117.30", "2014-03-31": "115.12", "2013-12-31": "82.84", "2013-09-30": "83.25", "2013-06-30": "32.63", "2013-03-31": "20.03", "2012-12-31": "13.55", "2012-09-30": "11.32", "2012-06-30": "6.39", "2012-03-31": "5.82", "2011-12-31": "4.18", "2011-09-30": "3.33", "2011-06-30": "4.38", "2011-03-31": "4.18", "2010-12-31": "4.14", "2010-09-30": "4.87", "2010-06-30": "6.15", "2010-03-31": "7.09", "2009-12-31": "7.28", "2009-09-30": "9.56", "2009-06-30": "9.22", "2009-03-31": "7.91", "2008-12-31": "10.54", "2008-09-30": "13.02", "2008-06-30": "13.25", "2008-03-31": "14.54", "2007-12-31": "21.93", "2007-09-30": "30.53", "2007-06-30": "16.67", "2007-03-31": "21.03", "2006-12-31": "25.09"}, "price book": {"current": "15.79", "2021-02-05": "15.78", "2020-09-30": "13.92", "2020-06-30": "12.24", "2020-03-31": "9.13", "2019-12-31": "8.98", "2019-09-30": "5.57", "2019-06-30": "4.59", "2019-03-31": "6.43", "2018-12-31": "5.67", "2018-09-30": "5.98", "2018-06-30": "6.11", "2018-03-31": "6.82", "2017-12-31": "7.17", "2017-09-30": "10.25", "2017-06-30": "6.51", "2017-03-31": "5.31", "2016-12-31": "3.50", "2016-09-30": "5.73", "2016-06-30": "4.32", "2016-03-31": "4.51", "2015-12-31": "6.33", "2015-09-30": "5.15", "2015-06-30": "7.19", "2015-03-31": "5.88", "2014-12-31": "8.00", "2014-09-30": "6.62", "2014-06-30": "5.12", "2014-03-31": "5.31", "2013-12-31": "15.16", "2013-09-30": "13.60", "2013-06-30": "6.28", "2013-03-31": "4.86", "2012-12-31": "7.15", "2012-09-30": "5.56", "2012-06-30": "3.22", "2012-03-31": "2.91", "2011-12-31": "2.95", "2011-09-30": "2.19", "2011-06-30": "2.93", "2011-03-31": "2.78", "2010-12-31": "2.64", "2010-09-30": "3.22", "2010-06-30": "3.82", "2010-03-31": "4.15", "2009-12-31": "4.14", "2009-09-30": "5.21", "2009-06-30": "5.03", "2009-03-31": "3.97", "2008-12-31": "5.07", "2008-09-30": "5.86", "2008-06-30": "5.51", "2008-03-31": "4.91", "2007-12-31": "5.95", "2007-09-30": "6.90", "2007-06-30": "3.19", "2007-03-31": "3.55", "2006-12-31": "3.94", "2006-09-30": "4.43", "2006-06-30": "4.40", "2006-03-31": "4.77"}, "price fcf": {"2021-02-05": "", "2020-09-30": "$-6.80", "2020-06-30": "$-7.79", "2020-03-31": "$-3.98", "2019-12-31": "$-3.83", "2019-09-30": "$-3.57", "2019-06-30": "$-3.53", "2019-03-31": "$-7.29", "2018-12-31": "$-6.85", "2018-09-30": "$-6.40", "2018-06-30": "$-5.67", "2018-03-31": "$-5.56", "2017-12-31": "$-5.38", "2017-09-30": "$-5.11", "2017-06-30": "$-4.98", "2017-03-31": "$-4.92", "2016-12-31": "$-4.35", "2016-09-30": "$-3.88", "2016-06-30": "$-3.48", "2016-03-31": "$-3.07", "2015-12-31": "$-2.41", "2015-09-30": "$-2.32", "2015-06-30": "$-2.17", "2015-03-31": "$-2.08", "2014-12-31": "$-2.35", "2014-09-30": "$-2.15", "2014-06-30": "$-1.94", "2014-03-31": "$-1.75", "2013-12-31": "$-1.18", "2013-09-30": "$-2.20", "2013-06-30": "$-1.85", "2013-03-31": "$-1.85", "2012-12-31": "$-2.47", "2012-09-30": "$-1.67", "2012-06-30": "$-2.35", "2012-03-31": "$-2.59", "2011-12-31": "$-2.08", "2011-09-30": "$-1.98", "2011-06-30": "$-1.90", "2011-03-31": "$-1.87", "2010-12-31": "$-2.12", "2010-09-30": "$-2.04", "2010-06-30": "$-1.96", "2010-03-31": "$-2.23", "2009-12-31": "$-1.85", "2009-09-30": "$-1.56", "2009-06-30": "$-1.51", "2009-03-31": "$1.60", "2008-12-31": "$1.33", "2008-09-30": "$1.20", "2008-06-30": "$7.47", "2008-03-31": "$4.99", "2007-12-31": "$4.94", "2007-09-30": "$6.10", "2007-06-30": "$0.18", "2007-03-31": "$0.12", "2006-12-31": "$0.11"}, "net worth": {"value": "$19.18B"}, "current ratio": {"current": "5.32", "2020-09-30": "5.32", "2020-06-30": "5.62", "2020-03-31": "4.68", "2019-12-31": "4.87", "2019-09-30": "5.38", "2019-06-30": "6.28", "2019-03-31": "9.33", "2018-12-31": "6.69", "2018-09-30": "11.05", "2018-06-30": "13.22", "2018-03-31": "14.61", "2017-12-31": "12.23", "2017-09-30": "9.83", "2017-06-30": "8.84", "2017-03-31": "6.24", "2016-12-31": "5.10", "2016-09-30": "9.14", "2016-06-30": "12.58", "2016-03-31": "15.82", "2015-12-31": "17.80", "2015-09-30": "18.24", "2015-06-30": "15.45", "2015-03-31": "13.51", "2014-12-31": "7.83", "2014-09-30": "11.31", "2014-06-30": "12.38", "2014-03-31": "8.04", "2013-12-31": "4.72", "2013-09-30": "3.63", "2013-06-30": "4.04", "2013-03-31": "4.83", "2012-12-31": "2.60", "2012-09-30": "4.31", "2012-06-30": "4.21", "2012-03-31": "3.13", "2011-12-31": "1.88", "2011-09-30": "1.92", "2011-06-30": "2.23", "2011-03-31": "2.52", "2010-12-31": "2.49", "2010-09-30": "2.46", "2010-06-30": "2.68", "2010-03-31": "2.77", "2009-12-31": "2.65", "2009-09-30": "2.26", "2009-06-30": "2.72", "2009-03-31": "4.02", "2008-12-31": "4.46", "2008-09-30": "4.43", "2008-06-30": "5.21", "2008-03-31": "5.36", "2007-12-31": "4.77", "2007-09-30": "5.46", "2007-06-30": "7.45", "2007-03-31": "8.93", "2006-12-31": "9.72", "2006-09-30": "5.89", "2006-06-30": "6.27", "2006-03-31": "6.86", "2005-12-31": "4.46", "2005-09-30": "3.34", "2005-06-30": "3.75", "2005-03-31": "6.75"}, "quick ratio": {"2020-09-30": "5.18", "2020-06-30": "5.42", "2020-03-31": "4.48", "2019-12-31": "4.71", "2019-09-30": "5.22", "2019-06-30": "6.16", "2019-03-31": "9.12", "2018-12-31": "6.56", "2018-09-30": "10.96", "2018-06-30": "0.00", "2018-03-31": "0.00", "2017-12-31": "0.00", "2017-09-30": "0.00", "2017-06-30": "0.00", "2017-03-31": "0.00", "2016-12-31": "0.00", "2016-09-30": "0.00", "2016-06-30": "0.00", "2016-03-31": "0.00", "2015-12-31": "0.00", "2015-09-30": "0.00", "2015-06-30": "0.00", "2015-03-31": "0.00", "2014-12-31": "0.00", "2014-09-30": "0.00", "2014-06-30": "0.00", "2014-03-31": "0.00", "2013-12-31": "0.00", "2013-09-30": "0.00", "2013-06-30": "0.00", "2013-03-31": "0.00", "2012-12-31": "0.00", "2012-09-30": "0.00", "2012-06-30": "0.00", "2012-03-31": "0.00", "2011-12-31": "0.00", "2011-09-30": "0.00", "2011-06-30": "0.00", "2011-03-31": "0.00", "2010-12-31": "0.00", "2010-09-30": "0.00", "2010-06-30": "0.00", "2010-03-31": "0.00", "2009-12-31": "0.00", "2009-09-30": "0.00", "2009-06-30": "0.00", "2009-03-31": "0.00", "2008-12-31": "0.00", "2008-09-30": "0.00", "2008-06-30": "0.00", "2008-03-31": "0.00", "2007-12-31": "0.00", "2007-09-30": "0.00", "2007-06-30": "0.00", "2007-03-31": "0.00", "2006-12-31": "0.00", "2006-09-30": "0.00", "2006-06-30": "0.00", "2006-03-31": "0.00", "2005-12-31": "0.00", "2005-09-30": "0.00", "2005-06-30": "0.00", "2005-03-31": "0.00"}, "debt equity ratio": {"current": "0.00", "2020-09-30": "1.72", "2020-06-30": "1.41", "2020-03-31": "0.69", "2019-12-31": "0.67", "2019-09-30": "0.58", "2019-06-30": "0.55", "2019-03-31": "0.30", "2018-12-31": "0.21", "2018-09-30": "0.13", "2018-06-30": "0.10", "2018-03-31": "0.10", "2017-12-31": "0.13", "2017-09-30": "0.28", "2017-06-30": "0.28", "2017-03-31": "0.37", "2016-12-31": "0.37", "2016-09-30": "0.29", "2016-06-30": "0.26", "2016-03-31": "0.11", "2015-12-31": "0.10", "2015-09-30": "0.09", "2015-06-30": "0.09", "2015-03-31": "0.09", "2014-12-31": "0.15", "2014-09-30": "0.09", "2014-06-30": "0.10", "2014-03-31": "0.13", "2013-12-31": "0.56", "2013-09-30": "0.50", "2013-06-30": "0.50", "2013-03-31": "0.51", "2012-12-31": "1.15", "2012-09-30": "0.82", "2012-06-30": "0.69", "2012-03-31": "0.72", "2011-12-31": "1.39", "2011-09-30": "1.43", "2011-06-30": "1.50", "2011-03-31": "1.54", "2010-12-31": "1.49", "2010-09-30": "1.57", "2010-06-30": "1.66", "2010-03-31": "1.70", "2009-12-31": "1.71", "2009-09-30": "1.72", "2009-06-30": "1.81", "2009-03-31": "1.79", "2008-12-31": "1.74", "2008-09-30": "1.84", "2008-06-30": "1.91", "2008-03-31": "1.40", "2007-12-31": "1.48", "2007-09-30": "1.62", "2007-06-30": "0.23", "2007-03-31": "0.20", "2006-12-31": "0.19", "2006-09-30": "0.38", "2006-06-30": "0.34", "2006-03-31": "0.30", "2005-12-31": "0.59", "2005-09-30": "0.88", "2005-06-30": "0.73", "2005-03-31": "0.48"}, "return on equity": {"2020-09-30": "-65.88%", "2020-06-30": "-58.39%", "2020-03-31": "-57.60%", "2019-12-31": "-55.81%", "2019-09-30": "-52.86%", "2019-06-30": "-56.34%", "2019-03-31": "-53.93%", "2018-12-31": "-49.45%", "2018-09-30": "-41.81%", "2018-06-30": "-36.77%", "2018-03-31": "-36.75%", "2017-12-31": "-41.01%", "2017-09-30": "-46.89%", "2017-06-30": "-45.46%", "2017-03-31": "-42.86%", "2016-12-31": "-38.84%", "2016-09-30": "-33.98%", "2016-06-30": "-29.63%", "2016-03-31": "-26.46%", "2015-12-31": "-21.19%", "2015-09-30": "-17.12%", "2015-06-30": "-15.84%", "2015-03-31": "-14.96%", "2014-12-31": "-38.53%", "2014-09-30": "-48.32%", "2014-06-30": "-57.93%", "2014-03-31": "-72.31%", "2013-12-31": "-29.97%", "2013-09-30": "-45.25%", "2013-06-30": "-46.83%", "2013-03-31": "-51.29%", "2012-12-31": "-60.92%", "2012-09-30": "-34.12%", "2012-06-30": "-32.33%", "2012-03-31": "-35.86%", "2011-12-31": "-43.10%", "2011-09-30": "-35.15%", "2011-06-30": "-31.23%", "2011-03-31": "-30.48%", "2010-12-31": "-26.83%", "2010-09-30": "-26.63%", "2010-06-30": "-25.25%", "2010-03-31": "-29.05%", "2009-12-31": "-25.84%", "2009-09-30": "-25.55%", "2009-06-30": "-21.77%", "2009-03-31": "-16.40%", "2008-12-31": "-12.86%", "2008-09-30": "-7.44%", "2008-06-30": "-32.75%", "2008-03-31": "-33.59%", "2007-12-31": "-45.20%", "2007-09-30": "-42.46%", "2007-06-30": "-20.74%", "2007-03-31": "-21.12%", "2006-12-31": "-14.23%", "2006-09-30": "-40.51%", "2006-06-30": "-56.23%", "2006-03-31": "-77.59%", "2005-12-31": "-111.69%"}, "return on assets": {"2020-09-30": "-31.35%", "2020-06-30": "-31.95%", "2020-03-31": "-35.68%", "2019-12-31": "-36.66%", "2019-09-30": "-37.12%", "2019-06-30": "-42.95%", "2019-03-31": "-45.48%", "2018-12-31": "-43.72%", "2018-09-30": "-37.49%", "2018-06-30": "-32.27%", "2018-03-31": "-31.24%", "2017-12-31": "-33.10%", "2017-09-30": "-35.54%", "2017-06-30": "-34.37%", "2017-03-31": "-32.52%", "2016-12-31": "-31.09%", "2016-09-30": "-28.75%", "2016-06-30": "-26.15%", "2016-03-31": "-24.19%", "2015-12-31": "-19.46%", "2015-09-30": "-15.57%", "2015-06-30": "-14.39%", "2015-03-31": "-13.54%", "2014-12-31": "-34.46%", "2014-09-30": "-42.16%", "2014-06-30": "-47.89%", "2014-03-31": "-54.89%", "2013-12-31": "-19.73%", "2013-09-30": "-28.49%", "2013-06-30": "-28.22%", "2013-03-31": "-29.71%", "2012-12-31": "-33.44%", "2012-09-30": "-18.38%", "2012-06-30": "-16.32%", "2012-03-31": "-16.34%", "2011-12-31": "-17.51%", "2011-09-30": "-14.15%", "2011-06-30": "-12.40%", "2011-03-31": "-11.89%", "2010-12-31": "-10.30%", "2010-09-30": "-10.02%", "2010-06-30": "-9.36%", "2010-03-31": "-10.62%", "2009-12-31": "-9.36%", "2009-09-30": "-9.22%", "2009-06-30": "-7.79%", "2009-03-31": "-5.81%", "2008-12-31": "-4.73%", "2008-09-30": "-2.80%", "2008-06-30": "-12.59%", "2008-03-31": "-15.25%", "2007-12-31": "-23.79%", "2007-09-30": "-27.18%", "2007-06-30": "-16.83%", "2007-03-31": "-16.86%", "2006-12-31": "-11.08%", "2006-09-30": "-29.41%", "2006-06-30": "-39.82%", "2006-03-31": "-52.02%", "2005-12-31": "-68.53%"}, "return on investments": {"2020-09-30": "inf%", "2020-06-30": "inf%", "2020-03-31": "-214.89%", "2019-12-31": "-111.65%", "2019-09-30": "-73.34%", "2019-06-30": "-58.03%", "2019-03-31": "-56.43%", "2018-12-31": "-51.88%", "2018-09-30": "-43.98%", "2018-06-30": "-38.01%", "2018-03-31": "-35.63%", "2017-12-31": "-38.03%", "2017-09-30": "-41.30%", "2017-06-30": "-40.01%", "2017-03-31": "-37.72%", "2016-12-31": "-48.69%", "2016-09-30": "-66.64%", "2016-06-30": "-119.55%", "2016-03-31": "inf%", "2015-12-31": "inf%", "2015-09-30": "inf%", "2015-06-30": "inf%", "2015-03-31": "inf%", "2014-12-31": "inf%", "2014-09-30": "inf%", "2014-06-30": "inf%", "2014-03-31": "inf%", "2013-12-31": "inf%", "2013-09-30": "inf%", "2013-06-30": "inf%", "2013-03-31": "inf%", "2012-12-31": "inf%", "2012-09-30": "inf%", "2012-06-30": "inf%", "2012-03-31": "inf%", "2011-12-31": "inf%", "2011-09-30": "inf%", "2011-06-30": "inf%", "2011-03-31": "inf%", "2010-12-31": "inf%", "2010-09-30": "inf%", "2010-06-30": "inf%", "2010-03-31": "inf%", "2009-12-31": "inf%", "2009-09-30": "inf%", "2009-06-30": "-80.00%", "2009-03-31": "-31.60%", "2008-12-31": "-18.36%", "2008-09-30": "-11.33%", "2008-06-30": "-35.32%", "2008-03-31": "-37.06%", "2007-12-31": "-47.81%", "2007-09-30": "-51.09%", "2007-06-30": "-33.29%", "2007-03-31": "-34.34%", "2006-12-31": "-28.73%", "2006-09-30": "-43.17%", "2006-06-30": "-56.12%", "2006-03-31": "-73.73%", "2005-12-31": "-98.88%"}, "return on tangible equity": {"2020-09-30": "-65.88%", "2020-06-30": "-58.39%", "2020-03-31": "-57.60%", "2019-12-31": "-55.81%", "2019-09-30": "-52.86%", "2019-06-30": "-56.34%", "2019-03-31": "-53.93%", "2018-12-31": "-49.45%", "2018-09-30": "-41.81%", "2018-06-30": "-36.77%", "2018-03-31": "-36.75%", "2017-12-31": "-41.01%", "2017-09-30": "-46.89%", "2017-06-30": "-45.46%", "2017-03-31": "-42.86%", "2016-12-31": "-38.84%", "2016-09-30": "-33.98%", "2016-06-30": "-29.63%", "2016-03-31": "-26.46%", "2015-12-31": "-21.19%", "2015-09-30": "-17.12%", "2015-06-30": "-15.84%", "2015-03-31": "-14.96%", "2014-12-31": "-38.53%", "2014-09-30": "-48.32%", "2014-06-30": "-57.93%", "2014-03-31": "-72.31%", "2013-12-31": "-29.97%", "2013-09-30": "-45.25%", "2013-06-30": "-46.83%", "2013-03-31": "-51.29%", "2012-12-31": "-60.92%", "2012-09-30": "-34.12%", "2012-06-30": "-32.33%", "2012-03-31": "-35.92%", "2011-12-31": "-43.26%", "2011-09-30": "-35.27%", "2011-06-30": "-31.39%", "2011-03-31": "-30.57%", "2010-12-31": "-26.91%", "2010-09-30": "-26.75%", "2010-06-30": "-25.36%", "2010-03-31": "-29.17%", "2009-12-31": "-25.95%", "2009-09-30": "-25.65%", "2009-06-30": "-21.86%", "2009-03-31": "-16.48%", "2008-12-31": "-12.92%", "2008-09-30": "-7.48%", "2008-06-30": "-32.95%", "2008-03-31": "-33.81%", "2007-12-31": "-45.56%", "2007-09-30": "-42.86%", "2007-06-30": "-20.96%", "2007-03-31": "-21.40%", "2006-12-31": "-14.45%", "2006-09-30": "-41.45%", "2006-06-30": "-58.09%", "2006-03-31": "-81.45%", "2005-12-31": "-121.13%"}, "dividend yield history": {"last payout": "$0.00", "last yield": "0.00%"}}