{"ticker": "GOOG", "price": {"title": "Alphabet Historical Annual Stock Price Data", "value": 2098.0, "historical": {"2020": {"Average Stock Price": "1481.4038", "Year Open": "1367.3700", "Year High": "1827.9900", "Year Low": "1056.6200", "Year Close": "1751.8800", "Annual % Change": "31.03%"}, "2019": {"Average Stock Price": "1188.3931", "Year Open": "1045.8500", "Year High": "1361.1700", "Year Low": "1016.0600", "Year Close": "1337.0200", "Annual % Change": "29.10%"}, "2018": {"Average Stock Price": "1113.2251", "Year Open": "1065.0000", "Year High": "1268.3300", "Year Low": "976.2200", "Year Close": "1035.6100", "Annual % Change": "-1.03%"}, "2017": {"Average Stock Price": "921.7814", "Year Open": "786.1400", "Year High": "1077.1400", "Year Low": "786.1400", "Year Close": "1046.4000", "Annual % Change": "35.58%"}, "2016": {"Average Stock Price": "743.4851", "Year Open": "741.8400", "Year High": "813.1100", "Year Low": "668.2600", "Year Close": "771.8200", "Annual % Change": "1.71%"}, "2015": {"Average Stock Price": "602.4613", "Year Open": "524.8100", "Year High": "776.6000", "Year Low": "492.5500", "Year Close": "758.8800", "Annual % Change": "44.16%"}, "2014": {"Average Stock Price": "554.1849", "Year Open": "558.4600", "Year High": "596.0800", "Year Low": "495.3900", "Year Close": "526.4000", "Annual % Change": "0.00%"}}}, "market cap": {"value": "$1000B"}, "income statement": {"Revenue": {"2020-12-31": "182527.00000", "2019-12-31": "161857.00000", "2018-12-31": "136819.00000", "2017-12-31": "110855.00000", "2016-12-31": "90272.00000", "2015-12-31": "74989.00000", "2014-12-31": "66001.00000", "2013-12-31": "55519.00000", "2012-12-31": "46039.00000", "2011-12-31": "37905.00000", "2010-12-31": "29321.00000", "2009-12-31": "23651.00000", "2008-12-31": "21796.00000", "2007-12-31": "16593.99000", "2006-12-31": "10604.92000", "2005-12-31": "6138.56000"}, "Cost Of Goods Sold": {"2020-12-31": "84732.00000", "2019-12-31": "71896.00000", "2018-12-31": "59549.00000", "2017-12-31": "45583.00000", "2016-12-31": "35138.00000", "2015-12-31": "28164.00000", "2014-12-31": "25691.00000", "2013-12-31": "21993.00000", "2012-12-31": "17176.00000", "2011-12-31": "13188.00000", "2010-12-31": "10417.00000", "2009-12-31": "8844.00000", "2008-12-31": "8622.00000", "2007-12-31": "6649.08500", "2006-12-31": "4225.02700", "2005-12-31": "2577.08800"}, "Gross Profit": {"2020-12-31": "97795.00000", "2019-12-31": "89961.00000", "2018-12-31": "77270.00000", "2017-12-31": "65272.00000", "2016-12-31": "55134.00000", "2015-12-31": "46825.00000", "2014-12-31": "40310.00000", "2013-12-31": "33526.00000", "2012-12-31": "28863.00000", "2011-12-31": "24717.00000", "2010-12-31": "18904.00000", "2009-12-31": "14807.00000", "2008-12-31": "13174.00000", "2007-12-31": "9944.90100", "2006-12-31": "6379.89300", "2005-12-31": "3561.47200"}, "Research And Development Expenses": {"2020-12-31": "27573.00000", "2019-12-31": "26018.00000", "2018-12-31": "21419.00000", "2017-12-31": "16625.00000", "2016-12-31": "13948.00000", "2015-12-31": "12282.00000", "2014-12-31": "9832.00000", "2013-12-31": "7137.00000", "2012-12-31": "6083.00000", "2011-12-31": "5162.00000", "2010-12-31": "3762.00000", "2009-12-31": "2843.00000", "2008-12-31": "2793.00000", "2007-12-31": "2119.98500", "2006-12-31": "1228.58900", "2005-12-31": "599.51000"}, "SG&A Expenses": {"2020-12-31": "28998.00000", "2019-12-31": "28015.00000", "2018-12-31": "23256.00000", "2017-12-31": "19733.00000", "2016-12-31": "17470.00000", "2015-12-31": "15183.00000", "2014-12-31": "13982.00000", "2013-12-31": "10986.00000", "2012-12-31": "8946.00000", "2011-12-31": "7313.00000", "2010-12-31": "4761.00000", "2009-12-31": "3652.00000", "2008-12-31": "3749.00000", "2007-12-31": "2740.51600", "2006-12-31": "1601.30500", "2005-12-31": "854.68400"}, "Other Operating Income Or Expenses": {"2020-12-31": "0.00000", "2019-12-31": "-1697.00000", "2018-12-31": "-5071.00000", "2017-12-31": "-2736.00000", "2016-12-31": "0.00000", "2015-12-31": "0.00000", "2014-12-31": "", "2013-12-31": "", "2012-12-31": "", "2011-12-31": "-500.00000", "2010-12-31": "0.00000", "2009-12-31": "0.00000", "2008-12-31": "", "2007-12-31": "", "2006-12-31": "", "2005-12-31": "-90.00000"}, "Operating Expenses": {"2020-12-31": "141303.00000", "2019-12-31": "127626.00000", "2018-12-31": "109295.00000", "2017-12-31": "84677.00000", "2016-12-31": "66556.00000", "2015-12-31": "55629.00000", "2014-12-31": "49505.00000", "2013-12-31": "40116.00000", "2012-12-31": "32205.00000", "2011-12-31": "26163.00000", "2010-12-31": "18940.00000", "2009-12-31": "15339.00000", "2008-12-31": "15164.00000", "2007-12-31": "11509.59000", "2006-12-31": "7054.92100", "2005-12-31": "4121.28200"}, "Operating Income": {"2020-12-31": "41224.00000", "2019-12-31": "34231.00000", "2018-12-31": "27524.00000", "2017-12-31": "26178.00000", "2016-12-31": "23716.00000", "2015-12-31": "19360.00000", "2014-12-31": "16496.00000", "2013-12-31": "15403.00000", "2012-12-31": "13834.00000", "2011-12-31": "11742.00000", "2010-12-31": "10381.00000", "2009-12-31": "8312.00000", "2008-12-31": "6632.00000", "2007-12-31": "5084.40000", "2006-12-31": "3549.99900", "2005-12-31": "2017.27800"}, "Total Non-Operating Income/Expense": {"2020-12-31": "6858.00000", "2019-12-31": "5394.00000", "2018-12-31": "7389.00000", "2017-12-31": "1015.00000", "2016-12-31": "434.00000", "2015-12-31": "291.00000", "2014-12-31": "763.00000", "2013-12-31": "496.00000", "2012-12-31": "635.00000", "2011-12-31": "584.00000", "2010-12-31": "415.00000", "2009-12-31": "69.00000", "2008-12-31": "-779.00000", "2007-12-31": "589.58000", "2006-12-31": "461.04400", "2005-12-31": "124.39900"}, "Pre-Tax Income": {"2020-12-31": "48082.00000", "2019-12-31": "39625.00000", "2018-12-31": "34913.00000", "2017-12-31": "27193.00000", "2016-12-31": "24150.00000", "2015-12-31": "19651.00000", "2014-12-31": "17259.00000", "2013-12-31": "15899.00000", "2012-12-31": "14469.00000", "2011-12-31": "12326.00000", "2010-12-31": "10796.00000", "2009-12-31": "8381.00000", "2008-12-31": "5853.00000", "2007-12-31": "5673.98000", "2006-12-31": "4011.04000", "2005-12-31": "2141.67700"}, "Income Taxes": {"2020-12-31": "7813.00000", "2019-12-31": "5282.00000", "2018-12-31": "4177.00000", "2017-12-31": "14531.00000", "2016-12-31": "4672.00000", "2015-12-31": "3303.00000", "2014-12-31": "3639.00000", "2013-12-31": "2739.00000", "2012-12-31": "2916.00000", "2011-12-31": "2589.00000", "2010-12-31": "2291.00000", "2009-12-31": "1861.00000", "2008-12-31": "1626.00000", "2007-12-31": "1470.26000", "2006-12-31": "933.59400", "2005-12-31": "676.28000"}, "Income After Taxes": {"2020-12-31": "40269.00000", "2019-12-31": "34343.00000", "2018-12-31": "30736.00000", "2017-12-31": "12662.00000", "2016-12-31": "19478.00000", "2015-12-31": "16348.00000", "2014-12-31": "13620.00000", "2013-12-31": "13160.00000", "2012-12-31": "11553.00000", "2011-12-31": "9737.00000", "2010-12-31": "8505.00000", "2009-12-31": "6520.00000", "2008-12-31": "4227.00000", "2007-12-31": "4203.72000", "2006-12-31": "3077.44600", "2005-12-31": "1465.39700"}, "Other Income": {"2020-12-31": "", "2019-12-31": "", "2018-12-31": "", "2017-12-31": "", "2016-12-31": "", "2015-12-31": "", "2014-12-31": "", "2013-12-31": "", "2012-12-31": "", "2011-12-31": "", "2010-12-31": "", "2009-12-31": "", "2008-12-31": "", "2007-12-31": "", "2006-12-31": "", "2005-12-31": ""}, "Income From Continuous Operations": {"2020-12-31": "40269.00000", "2019-12-31": "34343.00000", "2018-12-31": "30736.00000", "2017-12-31": "12662.00000", "2016-12-31": "19478.00000", "2015-12-31": "16348.00000", "2014-12-31": "13620.00000", "2013-12-31": "13160.00000", "2012-12-31": "11553.00000", "2011-12-31": "9737.00000", "2010-12-31": "8505.00000", "2009-12-31": "6520.00000", "2008-12-31": "4227.00000", "2007-12-31": "4203.72000", "2006-12-31": "3077.44600", "2005-12-31": "1465.39700"}, "Income From Discontinued Operations": {"2020-12-31": "", "2019-12-31": "", "2018-12-31": "", "2017-12-31": "", "2016-12-31": "", "2015-12-31": "", "2014-12-31": "516.00000", "2013-12-31": "-427.00000", "2012-12-31": "-816.00000", "2011-12-31": "0.00000", "2010-12-31": "0.00000", "2009-12-31": "", "2008-12-31": "", "2007-12-31": "", "2006-12-31": "", "2005-12-31": ""}, "Net Income": {"2020-12-31": "40269.00000", "2019-12-31": "34343.00000", "2018-12-31": "30736.00000", "2017-12-31": "12662.00000", "2016-12-31": "19478.00000", "2015-12-31": "15826.00000", "2014-12-31": "14136.00000", "2013-12-31": "12733.00000", "2012-12-31": "10737.00000", "2011-12-31": "9737.00000", "2010-12-31": "8505.00000", "2009-12-31": "6520.00000", "2008-12-31": "4227.00000", "2007-12-31": "4203.72000", "2006-12-31": "3077.44600", "2005-12-31": "1465.39700"}, "EBITDA": {"2020-12-31": "54921.00000", "2019-12-31": "46012.00000", "2018-12-31": "36559.00000", "2017-12-31": "33093.00000", "2016-12-31": "29860.00000", "2015-12-31": "24423.00000", "2014-12-31": "21475.00000", "2013-12-31": "19342.00000", "2012-12-31": "16796.00000", "2011-12-31": "13593.00000", "2010-12-31": "11777.00000", "2009-12-31": "9836.00000", "2008-12-31": "8132.00000", "2007-12-31": "6052.05900", "2006-12-31": "4121.93800", "2005-12-31": "2311.09000"}, "EBIT": {"2020-12-31": "41224.00000", "2019-12-31": "34231.00000", "2018-12-31": "27524.00000", "2017-12-31": "26178.00000", "2016-12-31": "23716.00000", "2015-12-31": "19360.00000", "2014-12-31": "16496.00000", "2013-12-31": "15403.00000", "2012-12-31": "13834.00000", "2011-12-31": "11742.00000", "2010-12-31": "10381.00000", "2009-12-31": "8312.00000", "2008-12-31": "6632.00000", "2007-12-31": "5084.40000", "2006-12-31": "3549.99900", "2005-12-31": "2017.27800"}, "Basic Shares Outstanding": {"2020-12-31": "680.81600", "2019-12-31": "692.59600", "2018-12-31": "695.14000", "2017-12-31": "692.90100", "2016-12-31": "687.77800", "2015-12-31": "684.62600", "2014-12-31": "675.93500", "2013-12-31": "665.69200", "2012-12-31": "654.42600", "2011-12-31": "645.55600", "2010-12-31": "637.40400", "2009-12-31": "632.44200", "2008-12-31": "627.91800", "2007-12-31": "621.61200", "2006-12-31": "602.80600", "2005-12-31": "551.68800"}, "Shares Outstanding": {"2020-12-31": "733.21000", "2019-12-31": "745.08300", "2018-12-31": "750.14900", "2017-12-31": "750.73000", "2016-12-31": "747.56500", "2015-12-31": "744.67500", "2014-12-31": "741.99800", "2013-12-31": "736.95000", "2012-12-31": "664.61000", "2011-12-31": "654.42800", "2010-12-31": "646.50200", "2009-12-31": "638.83200", "2008-12-31": "635.02800", "2007-12-31": "632.42000", "2006-12-31": "619.09600", "2005-12-31": "583.74800"}, "Basic EPS": {"2020-12-31": "59.15000", "2019-12-31": "49.59000", "2018-12-31": "44.22000", "2017-12-31": "18.27000", "2016-12-31": "28.32000", "2015-12-31": "23.11000", "2014-12-31": "20.91000", "2013-12-31": "19.13000", "2012-12-31": "16.41000", "2011-12-31": "15.08500", "2010-12-31": "13.34500", "2009-12-31": "10.31000", "2008-12-31": "6.73000", "2007-12-31": "6.76500", "2006-12-31": "5.10500", "2005-12-31": "2.65500"}, "EPS - Earnings Per Share": {"2020-12-31": "58.61000", "2019-12-31": "49.16000", "2018-12-31": "43.70000", "2017-12-31": "18.00000", "2016-12-31": "27.85000", "2015-12-31": "22.84000", "2014-12-31": "20.57000", "2013-12-31": "18.79000", "2012-12-31": "16.16000", "2011-12-31": "14.88000", "2010-12-31": "13.15500", "2009-12-31": "10.20500", "2008-12-31": "6.65500", "2007-12-31": "6.64500", "2006-12-31": "4.97000", "2005-12-31": "2.51000"}}, "income statement, quarterly": {"Revenue": {"2020-12-31": "56898.00000", "2020-09-30": "46173.00000", "2020-06-30": "38297.00000", "2020-03-31": "41159.00000", "2019-12-31": "46075.00000", "2019-09-30": "40499.00000", "2019-06-30": "38944.00000", "2019-03-31": "36339.00000", "2018-12-31": "39276.00000", "2018-09-30": "33740.00000", "2018-06-30": "32657.00000", "2018-03-31": "31146.00000", "2017-12-31": "32323.00000", "2017-09-30": "27772.00000", "2017-06-30": "26010.00000", "2017-03-31": "24750.00000", "2016-12-31": "26064.00000", "2016-09-30": "22451.00000", "2016-06-30": "21500.00000", "2016-03-31": "20257.00000", "2015-12-31": "21329.00000", "2015-09-30": "18675.00000", "2015-06-30": "17727.00000", "2015-03-31": "17258.00000", "2014-12-31": "18103.00000", "2014-09-30": "16523.00000", "2014-06-30": "15955.00000", "2014-03-31": "15420.00000", "2013-12-31": "15707.00000", "2013-09-30": "13754.00000", "2013-06-30": "13107.00000", "2013-03-31": "12951.00000", "2012-12-31": "10283.00000", "2012-09-30": "13304.00000", "2012-06-30": "11807.00000", "2012-03-31": "10645.00000", "2011-12-31": "10584.00000", "2011-09-30": "9720.00000", "2011-06-30": "9026.00000", "2011-03-31": "8575.00000", "2010-12-31": "8440.00000", "2010-09-30": "7286.00000", "2010-06-30": "6820.00000", "2010-03-31": "6775.00000", "2009-12-31": "6674.00000", "2009-09-30": "5945.00000", "2009-06-30": "5523.00000", "2009-03-31": "5509.00000", "2008-12-31": "5701.35400", "2008-09-30": "5541.39100", "2008-06-30": "5367.21200", "2008-03-31": "5186.04300", "2007-12-31": "4826.67900", "2007-09-30": "4231.35100", "2007-06-30": "3871.98500", "2007-03-31": "3663.97100", "2006-12-31": "3205.50100", "2006-09-30": "2689.67300", "2006-06-30": "2455.99100", "2006-03-31": "2253.75500", "2005-12-31": "1919.09300", "2005-09-30": "1578.45600", "2005-06-30": "1384.49500", "2005-03-31": "1256.51600"}, "Cost Of Goods Sold": {"2020-12-31": "26080.00000", "2020-09-30": "21117.00000", "2020-06-30": "18553.00000", "2020-03-31": "18982.00000", "2019-12-31": "21020.00000", "2019-09-30": "17568.00000", "2019-06-30": "17296.00000", "2019-03-31": "16012.00000", "2018-12-31": "17918.00000", "2018-09-30": "14281.00000", "2018-06-30": "13883.00000", "2018-03-31": "13467.00000", "2017-12-31": "14267.00000", "2017-09-30": "11148.00000", "2017-06-30": "10373.00000", "2017-03-31": "9795.00000", "2016-12-31": "10661.00000", "2016-09-30": "8699.00000", "2016-06-30": "8130.00000", "2016-03-31": "7648.00000", "2015-12-31": "8188.00000", "2015-09-30": "7037.00000", "2015-06-30": "6583.00000", "2015-03-31": "6356.00000", "2014-12-31": "6921.00000", "2014-09-30": "6695.00000", "2014-06-30": "6114.00000", "2014-03-31": "5961.00000", "2013-12-31": "6253.00000", "2013-09-30": "5409.00000", "2013-06-30": "5195.00000", "2013-03-31": "5136.00000", "2012-12-31": "2755.00000", "2012-09-30": "5955.00000", "2012-06-30": "4677.00000", "2012-03-31": "3789.00000", "2011-12-31": "3702.00000", "2011-09-30": "3378.00000", "2011-06-30": "3172.00000", "2011-03-31": "2936.00000", "2010-12-31": "2946.00000", "2010-09-30": "2552.00000", "2010-06-30": "2467.00000", "2010-03-31": "2452.00000", "2009-12-31": "2408.00000", "2009-09-30": "2226.00000", "2009-06-30": "2108.00000", "2009-03-31": "2102.00000", "2008-12-31": "2190.49900", "2008-09-30": "2173.39000", "2008-06-30": "2147.57500", "2008-03-31": "2110.53600", "2007-12-31": "1955.82500", "2007-09-30": "1662.57900", "2007-06-30": "1560.25500", "2007-03-31": "1470.42600", "2006-12-31": "1283.14800", "2006-09-30": "1048.72800", "2006-06-30": "989.03200", "2006-03-31": "904.11900", "2005-12-31": "777.03380", "2005-09-30": "655.15400", "2005-06-30": "598.11900", "2005-03-31": "546.78100"}, "Gross Profit": {"2020-12-31": "30818.00000", "2020-09-30": "25056.00000", "2020-06-30": "19744.00000", "2020-03-31": "22177.00000", "2019-12-31": "25055.00000", "2019-09-30": "22931.00000", "2019-06-30": "21648.00000", "2019-03-31": "20327.00000", "2018-12-31": "21358.00000", "2018-09-30": "19459.00000", "2018-06-30": "18774.00000", "2018-03-31": "17679.00000", "2017-12-31": "18056.00000", "2017-09-30": "16624.00000", "2017-06-30": "15637.00000", "2017-03-31": "14955.00000", "2016-12-31": "15403.00000", "2016-09-30": "13752.00000", "2016-06-30": "13370.00000", "2016-03-31": "12609.00000", "2015-12-31": "13141.00000", "2015-09-30": "11638.00000", "2015-06-30": "11144.00000", "2015-03-31": "10902.00000", "2014-12-31": "11182.00000", "2014-09-30": "9828.00000", "2014-06-30": "9841.00000", "2014-03-31": "9459.00000", "2013-12-31": "9454.00000", "2013-09-30": "8345.00000", "2013-06-30": "7912.00000", "2013-03-31": "7815.00000", "2012-12-31": "7528.00000", "2012-09-30": "7349.00000", "2012-06-30": "7130.00000", "2012-03-31": "6856.00000", "2011-12-31": "6882.00000", "2011-09-30": "6342.00000", "2011-06-30": "5854.00000", "2011-03-31": "5639.00000", "2010-12-31": "5494.00000", "2010-09-30": "4734.00000", "2010-06-30": "4353.00000", "2010-03-31": "4323.00000", "2009-12-31": "4266.00000", "2009-09-30": "3719.00000", "2009-06-30": "3415.00000", "2009-03-31": "3407.00000", "2008-12-31": "3510.85500", "2008-09-30": "3368.00100", "2008-06-30": "3219.63700", "2008-03-31": "3075.50700", "2007-12-31": "2870.85400", "2007-09-30": "2568.77200", "2007-06-30": "2311.73000", "2007-03-31": "2193.54500", "2006-12-31": "1922.35300", "2006-09-30": "1640.94500", "2006-06-30": "1466.95900", "2006-03-31": "1349.63600", "2005-12-31": "1142.05900", "2005-09-30": "923.30210", "2005-06-30": "786.37600", "2005-03-31": "709.73500"}, "Research And Development Expenses": {"2020-12-31": "7022.00000", "2020-09-30": "6856.00000", "2020-06-30": "6875.00000", "2020-03-31": "6820.00000", "2019-12-31": "7222.00000", "2019-09-30": "6554.00000", "2019-06-30": "6213.00000", "2019-03-31": "6029.00000", "2018-12-31": "6034.00000", "2018-09-30": "5232.00000", "2018-06-30": "5114.00000", "2018-03-31": "5039.00000", "2017-12-31": "4306.00000", "2017-09-30": "4205.00000", "2017-06-30": "4172.00000", "2017-03-31": "3942.00000", "2016-12-31": "3622.00000", "2016-09-30": "3596.00000", "2016-06-30": "3363.00000", "2016-03-31": "3367.00000", "2015-12-31": "3510.00000", "2015-09-30": "3230.00000", "2015-06-30": "2789.00000", "2015-03-31": "2753.00000", "2014-12-31": "2813.00000", "2014-09-30": "2655.00000", "2014-06-30": "2238.00000", "2014-03-31": "2126.00000", "2013-12-31": "1933.00000", "2013-09-30": "1821.00000", "2013-06-30": "1766.00000", "2013-03-31": "1617.00000", "2012-12-31": "1225.00000", "2012-09-30": "1879.00000", "2012-06-30": "1538.00000", "2012-03-31": "1441.00000", "2011-12-31": "1298.00000", "2011-09-30": "1404.00000", "2011-06-30": "1234.00000", "2011-03-31": "1226.00000", "2010-12-31": "1052.00000", "2010-09-30": "994.00000", "2010-06-30": "898.00000", "2010-03-31": "818.00000", "2009-12-31": "735.00000", "2009-09-30": "758.00000", "2009-06-30": "708.00000", "2009-03-31": "642.00000", "2008-12-31": "733.15000", "2008-09-30": "704.57100", "2008-06-30": "682.21000", "2008-03-31": "673.06900", "2007-12-31": "630.78320", "2007-09-30": "548.71200", "2007-06-30": "532.10600", "2007-03-31": "408.38400", "2006-12-31": "386.80600", "2006-09-30": "312.63200", "2006-06-30": "282.55200", "2006-03-31": "246.59900", "2005-12-31": "189.87200", "2005-09-30": "177.79300", "2005-06-30": "123.13400", "2005-03-31": "108.71100"}, "SG&A Expenses": {"2020-12-31": "8145.00000", "2020-09-30": "6987.00000", "2020-06-30": "6486.00000", "2020-03-31": "7380.00000", "2019-12-31": "8567.00000", "2019-09-30": "7200.00000", "2019-06-30": "6255.00000", "2019-03-31": "5993.00000", "2018-12-31": "7103.00000", "2018-09-30": "5602.00000", "2018-06-30": "5544.00000", "2018-03-31": "5007.00000", "2017-12-31": "6054.00000", "2017-09-30": "4637.00000", "2017-06-30": "4597.00000", "2017-03-31": "4445.00000", "2016-12-31": "5142.00000", "2016-09-30": "4389.00000", "2016-06-30": "4039.00000", "2016-03-31": "3900.00000", "2015-12-31": "4251.00000", "2015-09-30": "3700.00000", "2015-06-30": "3530.00000", "2015-03-31": "3702.00000", "2014-12-31": "3970.00000", "2014-09-30": "3449.00000", "2014-06-30": "3345.00000", "2014-03-31": "3218.00000", "2013-12-31": "3092.00000", "2013-09-30": "2763.00000", "2013-06-30": "2681.00000", "2013-03-31": "2450.00000", "2012-12-31": "1835.00000", "2012-09-30": "2730.00000", "2012-06-30": "2355.00000", "2012-03-31": "2026.00000", "2011-12-31": "2077.00000", "2011-09-30": "1880.00000", "2011-06-30": "1739.00000", "2011-03-31": "1617.00000", "2010-12-31": "1461.00000", "2010-09-30": "1193.00000", "2010-06-30": "1090.00000", "2010-03-31": "1017.00000", "2009-12-31": "1051.00000", "2009-09-30": "887.00000", "2009-06-30": "833.00000", "2009-03-31": "881.00000", "2008-12-31": "917.47010", "2008-09-30": "1015.86500", "2008-06-30": "959.46200", "2008-03-31": "856.20300", "2007-12-31": "799.33700", "2007-09-30": "702.21800", "2007-06-30": "675.00900", "2007-03-31": "563.95200", "2006-12-31": "474.95000", "2006-09-30": "396.98200", "2006-06-30": "369.03500", "2006-03-31": "360.33800", "2005-12-31": "292.54800", "2005-09-30": "216.33800", "2005-06-30": "187.54400", "2005-03-31": "158.25400"}, "Other Operating Income Or Expenses": {"2020-12-31": "", "2020-09-30": "0.00000", "2020-06-30": "0.00000", "2020-03-31": "0.00000", "2019-12-31": "", "2019-09-30": "0.00000", "2019-06-30": "0.00000", "2019-03-31": "-1697.00000", "2018-12-31": "", "2018-09-30": "0.00000", "2018-06-30": "-5071.00000", "2018-03-31": "0.00000", "2017-12-31": "", "2017-09-30": "0.00000", "2017-06-30": "-2736.00000", "2017-03-31": "", "2016-12-31": "", "2016-09-30": "0.00000", "2016-06-30": "0.00000", "2016-03-31": "", "2015-12-31": "", "2015-09-30": "", "2015-06-30": "", "2015-03-31": "", "2014-12-31": "", "2014-09-30": "", "2014-06-30": "", "2014-03-31": "", "2013-12-31": "", "2013-09-30": "", "2013-06-30": "", "2013-03-31": "", "2012-12-31": "", "2012-09-30": "", "2012-06-30": "", "2012-03-31": "", "2011-12-31": "", "2011-09-30": "0.00000", "2011-06-30": "0.00000", "2011-03-31": "-500.00000", "2010-12-31": "", "2010-09-30": "0.00000", "2010-06-30": "", "2010-03-31": "", "2009-12-31": "", "2009-09-30": "", "2009-06-30": "", "2009-03-31": "", "2008-12-31": "", "2008-09-30": "", "2008-06-30": "", "2008-03-31": "", "2007-12-31": "", "2007-09-30": "", "2007-06-30": "", "2007-03-31": "", "2006-12-31": "", "2006-09-30": "", "2006-06-30": "", "2006-03-31": "", "2005-12-31": "", "2005-09-30": "", "2005-06-30": "", "2005-03-31": ""}, "Operating Expenses": {"2020-12-31": "41247.00000", "2020-09-30": "34960.00000", "2020-06-30": "31914.00000", "2020-03-31": "33182.00000", "2019-12-31": "36809.00000", "2019-09-30": "31322.00000", "2019-06-30": "29764.00000", "2019-03-31": "29731.00000", "2018-12-31": "31055.00000", "2018-09-30": "25115.00000", "2018-06-30": "29612.00000", "2018-03-31": "23513.00000", "2017-12-31": "24627.00000", "2017-09-30": "19990.00000", "2017-06-30": "21878.00000", "2017-03-31": "18182.00000", "2016-12-31": "19425.00000", "2016-09-30": "16684.00000", "2016-06-30": "15532.00000", "2016-03-31": "14915.00000", "2015-12-31": "15949.00000", "2015-09-30": "13967.00000", "2015-06-30": "12902.00000", "2015-03-31": "12811.00000", "2014-12-31": "13704.00000", "2014-09-30": "12799.00000", "2014-06-30": "11697.00000", "2014-03-31": "11305.00000", "2013-12-31": "11278.00000", "2013-09-30": "9993.00000", "2013-06-30": "9642.00000", "2013-03-31": "9203.00000", "2012-12-31": "5815.00000", "2012-09-30": "10564.00000", "2012-06-30": "8570.00000", "2012-03-31": "7256.00000", "2011-12-31": "7077.00000", "2011-09-30": "6662.00000", "2011-06-30": "6145.00000", "2011-03-31": "6279.00000", "2010-12-31": "5459.00000", "2010-09-30": "4739.00000", "2010-06-30": "4455.00000", "2010-03-31": "4287.00000", "2009-12-31": "4194.00000", "2009-09-30": "3871.00000", "2009-06-30": "3649.00000", "2009-03-31": "3625.00000", "2008-12-31": "3841.11900", "2008-09-30": "3893.82600", "2008-06-30": "3789.24700", "2008-03-31": "3639.80800", "2007-12-31": "3385.94500", "2007-09-30": "2913.50900", "2007-06-30": "2767.37000", "2007-03-31": "2442.76200", "2006-12-31": "2144.90400", "2006-09-30": "1758.34200", "2006-06-30": "1640.61900", "2006-03-31": "1511.05600", "2005-12-31": "1349.45400", "2005-09-30": "1049.28500", "2005-06-30": "908.79710", "2005-03-31": "813.74600"}, "Operating Income": {"2020-12-31": "15651.00000", "2020-09-30": "11213.00000", "2020-06-30": "6383.00000", "2020-03-31": "7977.00000", "2019-12-31": "9266.00000", "2019-09-30": "9177.00000", "2019-06-30": "9180.00000", "2019-03-31": "6608.00000", "2018-12-31": "8221.00000", "2018-09-30": "8625.00000", "2018-06-30": "3045.00000", "2018-03-31": "7633.00000", "2017-12-31": "7696.00000", "2017-09-30": "7782.00000", "2017-06-30": "4132.00000", "2017-03-31": "6568.00000", "2016-12-31": "6639.00000", "2016-09-30": "5767.00000", "2016-06-30": "5968.00000", "2016-03-31": "5342.00000", "2015-12-31": "5380.00000", "2015-09-30": "4708.00000", "2015-06-30": "4825.00000", "2015-03-31": "4447.00000", "2014-12-31": "4399.00000", "2014-09-30": "3724.00000", "2014-06-30": "4258.00000", "2014-03-31": "4115.00000", "2013-12-31": "4429.00000", "2013-09-30": "3761.00000", "2013-06-30": "3465.00000", "2013-03-31": "3748.00000", "2012-12-31": "4468.00000", "2012-09-30": "2740.00000", "2012-06-30": "3237.00000", "2012-03-31": "3389.00000", "2011-12-31": "3507.00000", "2011-09-30": "3058.00000", "2011-06-30": "2881.00000", "2011-03-31": "2296.00000", "2010-12-31": "2981.00000", "2010-09-30": "2547.00000", "2010-06-30": "2365.00000", "2010-03-31": "2488.00000", "2009-12-31": "2480.00000", "2009-09-30": "2074.00000", "2009-06-30": "1874.00000", "2009-03-31": "1884.00000", "2008-12-31": "1860.23600", "2008-09-30": "1647.56500", "2008-06-30": "1577.96500", "2008-03-31": "1546.23500", "2007-12-31": "1440.73400", "2007-09-30": "1317.84200", "2007-06-30": "1104.61500", "2007-03-31": "1221.20900", "2006-12-31": "1060.59700", "2006-09-30": "931.33110", "2006-06-30": "815.37190", "2006-03-31": "742.69890", "2005-12-31": "569.63890", "2005-09-30": "529.17100", "2005-06-30": "475.69790", "2005-03-31": "442.77000"}, "Total Non-Operating Income/Expense": {"2020-12-31": "3038.00000", "2020-09-30": "2146.00000", "2020-06-30": "1894.00000", "2020-03-31": "-220.00000", "2019-12-31": "1438.00000", "2019-09-30": "-549.00000", "2019-06-30": "2967.00000", "2019-03-31": "1538.00000", "2018-12-31": "1851.00000", "2018-09-30": "1458.00000", "2018-06-30": "1170.00000", "2018-03-31": "2910.00000", "2017-12-31": "322.00000", "2017-09-30": "197.00000", "2017-06-30": "245.00000", "2017-03-31": "251.00000", "2016-12-31": "218.00000", "2016-09-30": "278.00000", "2016-06-30": "151.00000", "2016-03-31": "-213.00000", "2015-12-31": "-180.00000", "2015-09-30": "183.00000", "2015-06-30": "131.00000", "2015-03-31": "157.00000", "2014-12-31": "128.00000", "2014-09-30": "133.00000", "2014-06-30": "145.00000", "2014-03-31": "357.00000", "2013-12-31": "112.00000", "2013-09-30": "14.00000", "2013-06-30": "236.00000", "2013-03-31": "134.00000", "2012-12-31": "161.00000", "2012-09-30": "65.00000", "2012-06-30": "253.00000", "2012-03-31": "156.00000", "2011-12-31": "-18.00000", "2011-09-30": "302.00000", "2011-06-30": "204.00000", "2011-03-31": "96.00000", "2010-12-31": "161.00000", "2010-09-30": "167.00000", "2010-06-30": "69.00000", "2010-03-31": "18.00000", "2009-12-31": "88.00000", "2009-09-30": "-7.00000", "2009-06-30": "-18.00000", "2009-03-31": "6.00000", "2008-12-31": "-1025.48300", "2008-09-30": "21.21700", "2008-06-30": "57.92300", "2008-03-31": "167.34300", "2007-12-31": "167.29400", "2007-09-30": "154.42800", "2007-06-30": "137.13000", "2007-03-31": "130.72800", "2006-12-31": "124.14000", "2006-09-30": "108.18000", "2006-06-30": "160.80500", "2006-03-31": "67.91900", "2005-12-31": "70.19400", "2005-09-30": "20.79700", "2005-06-30": "19.72200", "2005-03-31": "13.68600"}, "Pre-Tax Income": {"2020-12-31": "18689.00000", "2020-09-30": "13359.00000", "2020-06-30": "8277.00000", "2020-03-31": "7757.00000", "2019-12-31": "10704.00000", "2019-09-30": "8628.00000", "2019-06-30": "12147.00000", "2019-03-31": "8146.00000", "2018-12-31": "10072.00000", "2018-09-30": "10083.00000", "2018-06-30": "4215.00000", "2018-03-31": "10543.00000", "2017-12-31": "8018.00000", "2017-09-30": "7979.00000", "2017-06-30": "4377.00000", "2017-03-31": "6819.00000", "2016-12-31": "6857.00000", "2016-09-30": "6045.00000", "2016-06-30": "6119.00000", "2016-03-31": "5129.00000", "2015-12-31": "5200.00000", "2015-09-30": "4891.00000", "2015-06-30": "4956.00000", "2015-03-31": "4604.00000", "2014-12-31": "4527.00000", "2014-09-30": "3857.00000", "2014-06-30": "4403.00000", "2014-03-31": "4472.00000", "2013-12-31": "4541.00000", "2013-09-30": "3775.00000", "2013-06-30": "3701.00000", "2013-03-31": "3882.00000", "2012-12-31": "4629.00000", "2012-09-30": "2805.00000", "2012-06-30": "3490.00000", "2012-03-31": "3545.00000", "2011-12-31": "3489.00000", "2011-09-30": "3360.00000", "2011-06-30": "3085.00000", "2011-03-31": "2392.00000", "2010-12-31": "3142.00000", "2010-09-30": "2714.00000", "2010-06-30": "2434.00000", "2010-03-31": "2506.00000", "2009-12-31": "2568.00000", "2009-09-30": "2067.00000", "2009-06-30": "1856.00000", "2009-03-31": "1890.00000", "2008-12-31": "834.75180", "2008-09-30": "1668.78200", "2008-06-30": "1635.88800", "2008-03-31": "1713.57800", "2007-12-31": "1608.02800", "2007-09-30": "1472.27000", "2007-06-30": "1241.74500", "2007-03-31": "1351.93700", "2006-12-31": "1184.73400", "2006-09-30": "1039.51100", "2006-06-30": "976.17700", "2006-03-31": "810.61800", "2005-12-31": "639.83290", "2005-09-30": "549.96800", "2005-06-30": "495.42000", "2005-03-31": "456.45600"}, "Income Taxes": {"2020-12-31": "3462.00000", "2020-09-30": "2112.00000", "2020-06-30": "1318.00000", "2020-03-31": "921.00000", "2019-12-31": "33.00000", "2019-09-30": "1560.00000", "2019-06-30": "2200.00000", "2019-03-31": "1489.00000", "2018-12-31": "1124.00000", "2018-09-30": "891.00000", "2018-06-30": "1020.00000", "2018-03-31": "1142.00000", "2017-12-31": "11038.00000", "2017-09-30": "1247.00000", "2017-06-30": "853.00000", "2017-03-31": "1393.00000", "2016-12-31": "1524.00000", "2016-09-30": "984.00000", "2016-06-30": "1242.00000", "2016-03-31": "922.00000", "2015-12-31": "277.00000", "2015-09-30": "912.00000", "2015-06-30": "1025.00000", "2015-03-31": "1089.00000", "2014-12-31": "900.00000", "2014-09-30": "933.00000", "2014-06-30": "984.00000", "2014-03-31": "822.00000", "2013-12-31": "846.00000", "2013-09-30": "612.00000", "2013-06-30": "927.00000", "2013-03-31": "354.00000", "2012-12-31": "957.00000", "2012-09-30": "647.00000", "2012-06-30": "657.00000", "2012-03-31": "655.00000", "2011-12-31": "784.00000", "2011-09-30": "631.00000", "2011-06-30": "580.00000", "2011-03-31": "594.00000", "2010-12-31": "599.00000", "2010-09-30": "547.00000", "2010-06-30": "594.00000", "2010-03-31": "551.00000", "2009-12-31": "595.00000", "2009-09-30": "428.00000", "2009-06-30": "371.00000", "2009-03-31": "467.00000", "2008-12-31": "452.16700", "2008-09-30": "378.84400", "2008-06-30": "388.49700", "2008-03-31": "406.49200", "2007-12-31": "401.57900", "2007-09-30": "402.28100", "2007-06-30": "316.62500", "2007-03-31": "349.77500", "2006-12-31": "154.01700", "2006-09-30": "306.15000", "2006-06-30": "255.10000", "2006-03-31": "218.32700", "2005-12-31": "267.62500", "2005-09-30": "168.78600", "2005-06-30": "152.60600", "2005-03-31": "87.26300"}, "Income After Taxes": {"2020-12-31": "15227.00000", "2020-09-30": "11247.00000", "2020-06-30": "6959.00000", "2020-03-31": "6836.00000", "2019-12-31": "10671.00000", "2019-09-30": "7068.00000", "2019-06-30": "9947.00000", "2019-03-31": "6657.00000", "2018-12-31": "8948.00000", "2018-09-30": "9192.00000", "2018-06-30": "3195.00000", "2018-03-31": "9401.00000", "2017-12-31": "-3020.00000", "2017-09-30": "6732.00000", "2017-06-30": "3524.00000", "2017-03-31": "5426.00000", "2016-12-31": "5333.00000", "2016-09-30": "5061.00000", "2016-06-30": "4877.00000", "2016-03-31": "4207.00000", "2015-12-31": "4923.00000", "2015-09-30": "3979.00000", "2015-06-30": "3931.00000", "2015-03-31": "3515.00000", "2014-12-31": "3627.00000", "2014-09-30": "2924.00000", "2014-06-30": "3419.00000", "2014-03-31": "3650.00000", "2013-12-31": "3695.00000", "2013-09-30": "3163.00000", "2013-06-30": "2774.00000", "2013-03-31": "3528.00000", "2012-12-31": "3672.00000", "2012-09-30": "2158.00000", "2012-06-30": "2833.00000", "2012-03-31": "2890.00000", "2011-12-31": "2705.00000", "2011-09-30": "2729.00000", "2011-06-30": "2505.00000", "2011-03-31": "1798.00000", "2010-12-31": "2543.00000", "2010-09-30": "2167.00000", "2010-06-30": "1840.00000", "2010-03-31": "1955.00000", "2009-12-31": "1973.00000", "2009-09-30": "1639.00000", "2009-06-30": "1485.00000", "2009-03-31": "1423.00000", "2008-12-31": "382.58520", "2008-09-30": "1289.93800", "2008-06-30": "1247.39100", "2008-03-31": "1307.08600", "2007-12-31": "1206.44900", "2007-09-30": "1069.98900", "2007-06-30": "925.12000", "2007-03-31": "1002.16200", "2006-12-31": "1030.71700", "2006-09-30": "733.36100", "2006-06-30": "721.07700", "2006-03-31": "592.29100", "2005-12-31": "372.20790", "2005-09-30": "381.18200", "2005-06-30": "342.81400", "2005-03-31": "369.19300"}, "Other Income": {"2020-12-31": "", "2020-09-30": "", "2020-06-30": "", "2020-03-31": "", "2019-12-31": "", "2019-09-30": "", "2019-06-30": "", "2019-03-31": "", "2018-12-31": "", "2018-09-30": "", "2018-06-30": "", "2018-03-31": "", "2017-12-31": "", "2017-09-30": "", "2017-06-30": "", "2017-03-31": "", "2016-12-31": "", "2016-09-30": "", "2016-06-30": "", "2016-03-31": "", "2015-12-31": "", "2015-09-30": "", "2015-06-30": "", "2015-03-31": "", "2014-12-31": "", "2014-09-30": "", "2014-06-30": "", "2014-03-31": "", "2013-12-31": "", "2013-09-30": "", "2013-06-30": "", "2013-03-31": "", "2012-12-31": "", "2012-09-30": "", "2012-06-30": "", "2012-03-31": "", "2011-12-31": "", "2011-09-30": "", "2011-06-30": "", "2011-03-31": "", "2010-12-31": "", "2010-09-30": "", "2010-06-30": "", "2010-03-31": "", "2009-12-31": "", "2009-09-30": "", "2009-06-30": "", "2009-03-31": "", "2008-12-31": "", "2008-09-30": "", "2008-06-30": "", "2008-03-31": "", "2007-12-31": "", "2007-09-30": "", "2007-06-30": "", "2007-03-31": "", "2006-12-31": "", "2006-09-30": "", "2006-06-30": "", "2006-03-31": "", "2005-12-31": "", "2005-09-30": "", "2005-06-30": "", "2005-03-31": ""}, "Income From Continuous Operations": {"2020-12-31": "15227.00000", "2020-09-30": "11247.00000", "2020-06-30": "6959.00000", "2020-03-31": "6836.00000", "2019-12-31": "10671.00000", "2019-09-30": "7068.00000", "2019-06-30": "9947.00000", "2019-03-31": "6657.00000", "2018-12-31": "8948.00000", "2018-09-30": "9192.00000", "2018-06-30": "3195.00000", "2018-03-31": "9401.00000", "2017-12-31": "-3020.00000", "2017-09-30": "6732.00000", "2017-06-30": "3524.00000", "2017-03-31": "5426.00000", "2016-12-31": "5333.00000", "2016-09-30": "5061.00000", "2016-06-30": "4877.00000", "2016-03-31": "4207.00000", "2015-12-31": "4923.00000", "2015-09-30": "3979.00000", "2015-06-30": "3931.00000", "2015-03-31": "3515.00000", "2014-12-31": "3627.00000", "2014-09-30": "2924.00000", "2014-06-30": "3419.00000", "2014-03-31": "3650.00000", "2013-12-31": "3695.00000", "2013-09-30": "3163.00000", "2013-06-30": "2774.00000", "2013-03-31": "3528.00000", "2012-12-31": "3672.00000", "2012-09-30": "2158.00000", "2012-06-30": "2833.00000", "2012-03-31": "2890.00000", "2011-12-31": "2705.00000", "2011-09-30": "2729.00000", "2011-06-30": "2505.00000", "2011-03-31": "1798.00000", "2010-12-31": "2543.00000", "2010-09-30": "2167.00000", "2010-06-30": "1840.00000", "2010-03-31": "1955.00000", "2009-12-31": "1973.00000", "2009-09-30": "1639.00000", "2009-06-30": "1485.00000", "2009-03-31": "1423.00000", "2008-12-31": "382.58520", "2008-09-30": "1289.93800", "2008-06-30": "1247.39100", "2008-03-31": "1307.08600", "2007-12-31": "1206.44900", "2007-09-30": "1069.98900", "2007-06-30": "925.12000", "2007-03-31": "1002.16200", "2006-12-31": "1030.71700", "2006-09-30": "733.36100", "2006-06-30": "721.07700", "2006-03-31": "592.29100", "2005-12-31": "372.20790", "2005-09-30": "381.18200", "2005-06-30": "342.81400", "2005-03-31": "369.19300"}, "Income From Discontinued Operations": {"2020-12-31": "", "2020-09-30": "", "2020-06-30": "", "2020-03-31": "", "2019-12-31": "", "2019-09-30": "", "2019-06-30": "", "2019-03-31": "", "2018-12-31": "", "2018-09-30": "", "2018-06-30": "", "2018-03-31": "", "2017-12-31": "", "2017-09-30": "", "2017-06-30": "", "2017-03-31": "", "2016-12-31": "", "2016-09-30": "", "2016-06-30": "", "2016-03-31": "", "2015-12-31": "", "2015-09-30": "", "2015-06-30": "", "2015-03-31": "", "2014-12-31": "967.00000", "2014-09-30": "-185.00000", "2014-06-30": "-68.00000", "2014-03-31": "-198.00000", "2013-12-31": "-506.00000", "2013-09-30": "-193.00000", "2013-06-30": "454.00000", "2013-03-31": "-182.00000", "2012-12-31": "-786.00000", "2012-09-30": "18.00000", "2012-06-30": "-48.00000", "2012-03-31": "0.00000", "2011-12-31": "", "2011-09-30": "", "2011-06-30": "", "2011-03-31": "", "2010-12-31": "", "2010-09-30": "", "2010-06-30": "", "2010-03-31": "", "2009-12-31": "", "2009-09-30": "", "2009-06-30": "", "2009-03-31": "", "2008-12-31": "", "2008-09-30": "", "2008-06-30": "", "2008-03-31": "", "2007-12-31": "", "2007-09-30": "", "2007-06-30": "", "2007-03-31": "", "2006-12-31": "", "2006-09-30": "", "2006-06-30": "", "2006-03-31": "", "2005-12-31": "", "2005-09-30": "", "2005-06-30": "", "2005-03-31": ""}, "Net Income": {"2020-12-31": "15227.00000", "2020-09-30": "11247.00000", "2020-06-30": "6959.00000", "2020-03-31": "6836.00000", "2019-12-31": "10671.00000", "2019-09-30": "7068.00000", "2019-06-30": "9947.00000", "2019-03-31": "6657.00000", "2018-12-31": "8948.00000", "2018-09-30": "9192.00000", "2018-06-30": "3195.00000", "2018-03-31": "9401.00000", "2017-12-31": "-3020.00000", "2017-09-30": "6732.00000", "2017-06-30": "3524.00000", "2017-03-31": "5426.00000", "2016-12-31": "5333.00000", "2016-09-30": "5061.00000", "2016-06-30": "4877.00000", "2016-03-31": "4207.00000", "2015-12-31": "4923.00000", "2015-09-30": "3979.00000", "2015-06-30": "3409.00000", "2015-03-31": "3515.00000", "2014-12-31": "4594.00000", "2014-09-30": "2739.00000", "2014-06-30": "3351.00000", "2014-03-31": "3452.00000", "2013-12-31": "3189.00000", "2013-09-30": "2970.00000", "2013-06-30": "3228.00000", "2013-03-31": "3346.00000", "2012-12-31": "2886.00000", "2012-09-30": "2176.00000", "2012-06-30": "2785.00000", "2012-03-31": "2890.00000", "2011-12-31": "2705.00000", "2011-09-30": "2729.00000", "2011-06-30": "2505.00000", "2011-03-31": "1798.00000", "2010-12-31": "2543.00000", "2010-09-30": "2167.00000", "2010-06-30": "1840.00000", "2010-03-31": "1955.00000", "2009-12-31": "1973.00000", "2009-09-30": "1639.00000", "2009-06-30": "1485.00000", "2009-03-31": "1423.00000", "2008-12-31": "382.58500", "2008-09-30": "1289.93800", "2008-06-30": "1247.39100", "2008-03-31": "1307.08600", "2007-12-31": "1206.44900", "2007-09-30": "1069.98900", "2007-06-30": "925.12000", "2007-03-31": "1002.16200", "2006-12-31": "1030.71700", "2006-09-30": "733.36100", "2006-06-30": "721.07700", "2006-03-31": "592.29100", "2005-12-31": "372.20800", "2005-09-30": "381.18200", "2005-06-30": "342.81400", "2005-03-31": "369.19300"}, "EBITDA": {"2020-12-31": "19376.00000", "2020-09-30": "14691.00000", "2020-06-30": "9769.00000", "2020-03-31": "11085.00000", "2019-12-31": "12679.00000", "2019-09-30": "12097.00000", "2019-06-30": "12015.00000", "2019-03-31": "9221.00000", "2018-12-31": "10801.00000", "2018-09-30": "10980.00000", "2018-06-30": "5159.00000", "2018-03-31": "9619.00000", "2017-12-31": "9722.00000", "2017-09-30": "9543.00000", "2017-06-30": "5757.00000", "2017-03-31": "8071.00000", "2016-12-31": "8326.00000", "2016-09-30": "7363.00000", "2016-06-30": "7458.00000", "2016-03-31": "6713.00000", "2015-12-31": "6784.00000", "2015-09-30": "5956.00000", "2015-06-30": "6059.00000", "2015-03-31": "5624.00000", "2014-12-31": "5666.00000", "2014-09-30": "5271.00000", "2014-06-30": "5337.00000", "2014-03-31": "5201.00000", "2013-12-31": "5465.00000", "2013-09-30": "4735.00000", "2013-06-30": "4495.00000", "2013-03-31": "4647.00000", "2012-12-31": "5421.00000", "2012-09-30": "3568.00000", "2012-06-30": "3907.00000", "2012-03-31": "3900.00000", "2011-12-31": "4010.00000", "2011-09-30": "3550.00000", "2011-06-30": "3336.00000", "2011-03-31": "2697.00000", "2010-12-31": "3362.00000", "2010-09-30": "2889.00000", "2010-06-30": "2707.00000", "2010-03-31": "2819.00000", "2009-12-31": "2845.00000", "2009-09-30": "2453.00000", "2009-06-30": "2251.00000", "2009-03-31": "2287.00000", "2008-12-31": "2245.85900", "2008-09-30": "2033.81100", "2008-06-30": "1969.57200", "2008-03-31": "1882.75900", "2007-12-31": "1730.67000", "2007-09-30": "1567.21700", "2007-06-30": "1327.97000", "2007-03-31": "1426.20100", "2006-12-31": "1249.84700", "2006-09-30": "1076.64100", "2006-06-30": "941.59300", "2006-03-31": "853.85690", "2005-12-31": "664.36400", "2005-09-30": "605.13600", "2005-06-30": "542.62700", "2005-03-31": "498.96300"}, "EBIT": {"2020-12-31": "15651.00000", "2020-09-30": "11213.00000", "2020-06-30": "6383.00000", "2020-03-31": "7977.00000", "2019-12-31": "9266.00000", "2019-09-30": "9177.00000", "2019-06-30": "9180.00000", "2019-03-31": "6608.00000", "2018-12-31": "8221.00000", "2018-09-30": "8625.00000", "2018-06-30": "3045.00000", "2018-03-31": "7633.00000", "2017-12-31": "7696.00000", "2017-09-30": "7782.00000", "2017-06-30": "4132.00000", "2017-03-31": "6568.00000", "2016-12-31": "6639.00000", "2016-09-30": "5767.00000", "2016-06-30": "5968.00000", "2016-03-31": "5342.00000", "2015-12-31": "5380.00000", "2015-09-30": "4708.00000", "2015-06-30": "4825.00000", "2015-03-31": "4447.00000", "2014-12-31": "4399.00000", "2014-09-30": "3724.00000", "2014-06-30": "4258.00000", "2014-03-31": "4115.00000", "2013-12-31": "4429.00000", "2013-09-30": "3761.00000", "2013-06-30": "3465.00000", "2013-03-31": "3748.00000", "2012-12-31": "4468.00000", "2012-09-30": "2740.00000", "2012-06-30": "3237.00000", "2012-03-31": "3389.00000", "2011-12-31": "3507.00000", "2011-09-30": "3058.00000", "2011-06-30": "2881.00000", "2011-03-31": "2296.00000", "2010-12-31": "2981.00000", "2010-09-30": "2547.00000", "2010-06-30": "2365.00000", "2010-03-31": "2488.00000", "2009-12-31": "2480.00000", "2009-09-30": "2074.00000", "2009-06-30": "1874.00000", "2009-03-31": "1884.00000", "2008-12-31": "1860.23500", "2008-09-30": "1647.56500", "2008-06-30": "1577.96500", "2008-03-31": "1546.23500", "2007-12-31": "1440.73500", "2007-09-30": "1317.84200", "2007-06-30": "1104.61500", "2007-03-31": "1221.20900", "2006-12-31": "1060.59700", "2006-09-30": "931.33110", "2006-06-30": "815.37190", "2006-03-31": "742.69890", "2005-12-31": "569.63890", "2005-09-30": "529.17100", "2005-06-30": "475.69790", "2005-03-31": "442.77000"}, "Basic Shares Outstanding": {"2020-12-31": "680.81600", "2020-09-30": "679.44900", "2020-06-30": "681.76800", "2020-03-31": "686.46500", "2019-12-31": "692.59600", "2019-09-30": "692.74100", "2019-06-30": "693.96900", "2019-03-31": "694.86900", "2018-12-31": "695.14000", "2018-09-30": "695.63400", "2018-06-30": "694.93500", "2018-03-31": "694.75200", "2017-12-31": "692.90100", "2017-09-30": "693.48500", "2017-06-30": "691.95900", "2017-03-31": "691.55500", "2016-12-31": "687.77800", "2016-09-30": "687.56100", "2016-06-30": "686.21900", "2016-03-31": "687.51800", "2015-12-31": "684.62600", "2015-09-30": "686.43500", "2015-06-30": "683.61700", "2015-03-31": "680.91500", "2014-12-31": "675.93500", "2014-09-30": "677.09700", "2014-06-30": "675.11500", "2014-03-31": "672.58700", "2013-12-31": "665.69200", "2013-09-30": "667.23200", "2013-06-30": "664.96000", "2013-03-31": "660.90800", "2012-12-31": "654.42600", "2012-09-30": "655.57000", "2012-06-30": "652.54400", "2012-03-31": "650.59800", "2011-12-31": "645.55600", "2011-09-30": "646.31000", "2011-06-30": "644.45600", "2011-03-31": "643.05400", "2010-12-31": "637.40400", "2010-09-30": "637.23400", "2010-06-30": "636.70000", "2010-03-31": "635.79000", "2009-12-31": "632.44200", "2009-09-30": "632.99400", "2009-06-30": "631.80200", "2009-03-31": "630.50400", "2008-12-31": "627.91800", "2008-09-30": "628.48200", "2008-06-30": "627.63400", "2008-03-31": "626.25800", "2007-12-31": "621.61200", "2007-09-30": "622.44200", "2007-06-30": "620.87200", "2007-03-31": "618.63000", "2006-12-31": "602.80600", "2006-09-30": "606.80000", "2006-06-30": "602.82000", "2006-03-31": "587.79200", "2005-12-31": "551.68800", "2005-09-30": "550.26000", "2005-06-30": "541.45800", "2005-03-31": "532.21200"}, "Shares Outstanding": {"2020-12-31": "733.21000", "2020-09-30": "731.95900", "2020-06-30": "733.37900", "2020-03-31": "738.69100", "2019-12-31": "745.08300", "2019-09-30": "744.71400", "2019-06-30": "746.47900", "2019-03-31": "747.46100", "2018-12-31": "750.14900", "2018-09-30": "750.74400", "2018-06-30": "750.16200", "2018-03-31": "752.09000", "2017-12-31": "750.73000", "2017-09-30": "750.79400", "2017-06-30": "750.63600", "2017-03-31": "749.33700", "2016-12-31": "747.56500", "2016-09-30": "746.95300", "2016-06-30": "746.07500", "2016-03-31": "749.22600", "2015-12-31": "744.67500", "2015-09-30": "745.68800", "2015-06-30": "742.99200", "2015-03-31": "742.34400", "2014-12-31": "741.99800", "2014-09-30": "742.83800", "2014-06-30": "741.66300", "2014-03-31": "685.21200", "2013-12-31": "736.95000", "2013-09-30": "678.47000", "2013-06-30": "676.67400", "2013-03-31": "673.32600", "2012-12-31": "664.61000", "2012-09-30": "666.62800", "2012-06-30": "661.58600", "2012-03-31": "660.27200", "2011-12-31": "654.42800", "2011-09-30": "654.87800", "2011-06-30": "652.07200", "2011-03-31": "652.76600", "2010-12-31": "646.50200", "2010-09-30": "644.75400", "2010-06-30": "644.97200", "2010-03-31": "645.21600", "2009-12-31": "638.83200", "2009-09-30": "639.49200", "2009-06-30": "637.07200", "2009-03-31": "634.44200", "2008-12-31": "635.02800", "2008-09-30": "635.55200", "2008-06-30": "636.04600", "2008-03-31": "634.78400", "2007-12-31": "632.42000", "2007-09-30": "633.15200", "2007-06-30": "630.93800", "2007-03-31": "629.74000", "2006-12-31": "619.09600", "2006-09-30": "621.14800", "2006-06-30": "620.07600", "2006-03-31": "608.24600", "2005-12-31": "583.74800", "2005-09-30": "579.34600", "2005-06-30": "574.47600", "2005-03-31": "573.22400"}, "Basic EPS": {"2020-12-31": "22.43000", "2020-09-30": "16.55000", "2020-06-30": "10.21000", "2020-03-31": "9.96000", "2019-12-31": "15.48000", "2019-09-30": "10.20000", "2019-06-30": "14.33000", "2019-03-31": "9.58000", "2018-12-31": "12.88000", "2018-09-30": "13.21000", "2018-06-30": "4.60000", "2018-03-31": "13.53000", "2017-12-31": "-4.38000", "2017-09-30": "9.71000", "2017-06-30": "5.09000", "2017-03-31": "7.85000", "2016-12-31": "7.73000", "2016-09-30": "7.36000", "2016-06-30": "7.11000", "2016-03-31": "6.12000", "2015-12-31": "7.16000", "2015-09-30": "5.80000", "2015-06-30": "4.99000", "2015-03-31": "5.16000", "2014-12-31": "6.77000", "2014-09-30": "4.05000", "2014-06-30": "4.96000", "2014-03-31": "5.13000", "2013-12-31": "4.77000", "2013-09-30": "4.45000", "2013-06-30": "4.85000", "2013-03-31": "5.06000", "2012-12-31": "4.38000", "2012-09-30": "3.32000", "2012-06-30": "4.27000", "2012-03-31": "4.44000", "2011-12-31": "4.18500", "2011-09-30": "4.22000", "2011-06-30": "3.88500", "2011-03-31": "2.79500", "2010-12-31": "3.98000", "2010-09-30": "3.40000", "2010-06-30": "2.89000", "2010-03-31": "3.07500", "2009-12-31": "3.11500", "2009-09-30": "2.59000", "2009-06-30": "2.35000", "2009-03-31": "2.25500", "2008-12-31": "0.61000", "2008-09-30": "2.05000", "2008-06-30": "1.98500", "2008-03-31": "2.08500", "2007-12-31": "1.93500", "2007-09-30": "1.72000", "2007-06-30": "1.49000", "2007-03-31": "1.62000", "2006-12-31": "1.69000", "2006-09-30": "1.21000", "2006-06-30": "1.19500", "2006-03-31": "1.01000", "2005-12-31": "0.63000", "2005-09-30": "0.69500", "2005-06-30": "0.63500", "2005-03-31": "0.69500"}, "EPS - Earnings Per Share": {"2020-12-31": "22.21000", "2020-09-30": "16.40000", "2020-06-30": "10.13000", "2020-03-31": "9.87000", "2019-12-31": "15.33000", "2019-09-30": "10.12000", "2019-06-30": "14.21000", "2019-03-31": "9.50000", "2018-12-31": "12.77000", "2018-09-30": "13.06000", "2018-06-30": "4.54000", "2018-03-31": "13.33000", "2017-12-31": "-4.31000", "2017-09-30": "9.57000", "2017-06-30": "5.01000", "2017-03-31": "7.73000", "2016-12-31": "7.58000", "2016-09-30": "7.25000", "2016-06-30": "7.00000", "2016-03-31": "6.02000", "2015-12-31": "7.48000", "2015-09-30": "5.33000", "2015-06-30": "4.93000", "2015-03-31": "5.10000", "2014-12-31": "6.67000", "2014-09-30": "3.98000", "2014-06-30": "4.88000", "2014-03-31": "5.04000", "2013-12-31": "4.67000", "2013-09-30": "4.38000", "2013-06-30": "4.77000", "2013-03-31": "4.97000", "2012-12-31": "4.31000", "2012-09-30": "3.26500", "2012-06-30": "4.21000", "2012-03-31": "4.37500", "2011-12-31": "4.12000", "2011-09-30": "4.16500", "2011-06-30": "3.84000", "2011-03-31": "2.75500", "2010-12-31": "3.91000", "2010-09-30": "3.36000", "2010-06-30": "2.85500", "2010-03-31": "3.03000", "2009-12-31": "3.06500", "2009-09-30": "2.56500", "2009-06-30": "2.33000", "2009-03-31": "2.24500", "2008-12-31": "0.60500", "2008-09-30": "2.03000", "2008-06-30": "1.96000", "2008-03-31": "2.06000", "2007-12-31": "1.90000", "2007-09-30": "1.69000", "2007-06-30": "1.46500", "2007-03-31": "1.59000", "2006-12-31": "1.65000", "2006-09-30": "1.18000", "2006-06-30": "1.16500", "2006-03-31": "0.97500", "2005-12-31": "0.61000", "2005-09-30": "0.66000", "2005-06-30": "0.59500", "2005-03-31": "0.64500"}}, "balance sheet": {"Cash On Hand": {"2020-12-31": "136694.00000", "2019-12-31": "119675.00000", "2018-12-31": "109140.00000", "2017-12-31": "101871.00000", "2016-12-31": "86333.00000", "2015-12-31": "73066.00000", "2014-12-31": "64395.00000", "2013-12-31": "58717.00000", "2012-12-31": "48088.00000", "2011-12-31": "44626.00000", "2010-12-31": "34975.00000", "2009-12-31": "24485.00000", "2008-12-31": "15845.77000", "2007-12-31": "14218.61000", "2006-12-31": "11243.91000", "2005-12-31": "8034.24700"}, "Receivables": {"2020-12-31": "31384.00000", "2019-12-31": "27492.00000", "2018-12-31": "21193.00000", "2017-12-31": "18705.00000", "2016-12-31": "14232.00000", "2015-12-31": "13909.00000", "2014-12-31": "10849.00000", "2013-12-31": "9390.00000", "2012-12-31": "8585.00000", "2011-12-31": "6172.00000", "2010-12-31": "5002.00000", "2009-12-31": "3201.00000", "2008-12-31": "2642.19200", "2007-12-31": "2307.77400", "2006-12-31": "1322.34000", "2005-12-31": "687.97600"}, "Inventory": {"2020-12-31": "728.00000", "2019-12-31": "999.00000", "2018-12-31": "1107.00000", "2017-12-31": "749.00000", "2016-12-31": "268.00000", "2015-12-31": "491.00000", "2014-12-31": "", "2013-12-31": "", "2012-12-31": "505.00000", "2011-12-31": "35.00000", "2010-12-31": "", "2009-12-31": "", "2008-12-31": "", "2007-12-31": "", "2006-12-31": "", "2005-12-31": ""}, "Pre-Paid Expenses": {"2020-12-31": "", "2019-12-31": "", "2018-12-31": "", "2017-12-31": "", "2016-12-31": "", "2015-12-31": "2648.00000", "2014-12-31": "3412.00000", "2013-12-31": "3253.00000", "2012-12-31": "2132.00000", "2011-12-31": "1710.00000", "2010-12-31": "1326.00000", "2009-12-31": "837.00000", "2008-12-31": "1404.11400", "2007-12-31": "694.21300", "2006-12-31": "443.88000", "2005-12-31": "229.50700"}, "Other Current Assets": {"2020-12-31": "5490.00000", "2019-12-31": "4412.00000", "2018-12-31": "4236.00000", "2017-12-31": "2983.00000", "2016-12-31": "4575.00000", "2015-12-31": "", "2014-12-31": "", "2013-12-31": "", "2012-12-31": "", "2011-12-31": "", "2010-12-31": "", "2009-12-31": "", "2008-12-31": "", "2007-12-31": "", "2006-12-31": "", "2005-12-31": ""}, "Total Current Assets": {"2020-12-31": "174296.00000", "2019-12-31": "152578.00000", "2018-12-31": "135676.00000", "2017-12-31": "124308.00000", "2016-12-31": "105408.00000", "2015-12-31": "90114.00000", "2014-12-31": "78656.00000", "2013-12-31": "72886.00000", "2012-12-31": "60454.00000", "2011-12-31": "52758.00000", "2010-12-31": "41562.00000", "2009-12-31": "29167.00000", "2008-12-31": "20178.18000", "2007-12-31": "17289.14000", "2006-12-31": "13039.85000", "2005-12-31": "9001.07100"}, "Property, Plant, And Equipment": {"2020-12-31": "84749.00000", "2019-12-31": "73646.00000", "2018-12-31": "59719.00000", "2017-12-31": "42383.00000", "2016-12-31": "34234.00000", "2015-12-31": "29016.00000", "2014-12-31": "23883.00000", "2013-12-31": "16524.00000", "2012-12-31": "11854.00000", "2011-12-31": "9603.00000", "2010-12-31": "7759.00000", "2009-12-31": "4845.00000", "2008-12-31": "5233.84300", "2007-12-31": "4039.26100", "2006-12-31": "2395.23900", "2005-12-31": "961.74900"}, "Long-Term Investments": {"2020-12-31": "20703.00000", "2019-12-31": "13078.00000", "2018-12-31": "13859.00000", "2017-12-31": "7813.00000", "2016-12-31": "5878.00000", "2015-12-31": "5183.00000", "2014-12-31": "3079.00000", "2013-12-31": "1976.00000", "2012-12-31": "1469.00000", "2011-12-31": "790.00000", "2010-12-31": "523.00000", "2009-12-31": "129.00000", "2008-12-31": "85.16000", "2007-12-31": "1059.69400", "2006-12-31": "1031.85000", "2005-12-31": "14.36900"}, "Goodwill And Intangible Assets": {"2020-12-31": "22620.00000", "2019-12-31": "22603.00000", "2018-12-31": "20108.00000", "2017-12-31": "19439.00000", "2016-12-31": "19775.00000", "2015-12-31": "19716.00000", "2014-12-31": "20206.00000", "2013-12-31": "17558.00000", "2012-12-31": "18010.00000", "2011-12-31": "8924.00000", "2010-12-31": "7300.00000", "2009-12-31": "5678.00000", "2008-12-31": "5836.54400", "2007-12-31": "2745.96400", "2006-12-31": "1891.96000", "2005-12-31": "277.68300"}, "Other Long-Term Assets": {"2020-12-31": "3953.00000", "2019-12-31": "2342.00000", "2018-12-31": "2693.00000", "2017-12-31": "2672.00000", "2016-12-31": "1819.00000", "2015-12-31": "3181.00000", "2014-12-31": "3187.00000", "2013-12-31": "1976.00000", "2012-12-31": "2011.00000", "2011-12-31": "499.00000", "2010-12-31": "442.00000", "2009-12-31": "415.00000", "2008-12-31": "433.84600", "2007-12-31": "168.53000", "2006-12-31": "114.45500", "2005-12-31": "16.94100"}, "Total Long-Term Assets": {"2020-12-31": "145320.00000", "2019-12-31": "123331.00000", "2018-12-31": "97116.00000", "2017-12-31": "72987.00000", "2016-12-31": "62089.00000", "2015-12-31": "57347.00000", "2014-12-31": "50531.00000", "2013-12-31": "38034.00000", "2012-12-31": "33344.00000", "2011-12-31": "19816.00000", "2010-12-31": "16289.00000", "2009-12-31": "11330.00000", "2008-12-31": "11589.39000", "2007-12-31": "8046.66800", "2006-12-31": "5433.50400", "2005-12-31": "1270.74200"}, "Total Assets": {"2020-12-31": "319616.00000", "2019-12-31": "275909.00000", "2018-12-31": "232792.00000", "2017-12-31": "197295.00000", "2016-12-31": "167497.00000", "2015-12-31": "147461.00000", "2014-12-31": "129187.00000", "2013-12-31": "110920.00000", "2012-12-31": "93798.00000", "2011-12-31": "72574.00000", "2010-12-31": "57851.00000", "2009-12-31": "40497.00000", "2008-12-31": "31767.57000", "2007-12-31": "25335.81000", "2006-12-31": "18473.35000", "2005-12-31": "10271.81000"}, "Total Current Liabilities": {"2020-12-31": "56834.00000", "2019-12-31": "45221.00000", "2018-12-31": "34620.00000", "2017-12-31": "24183.00000", "2016-12-31": "16756.00000", "2015-12-31": "19310.00000", "2014-12-31": "16779.00000", "2013-12-31": "15908.00000", "2012-12-31": "14337.00000", "2011-12-31": "8913.00000", "2010-12-31": "9996.00000", "2009-12-31": "2747.00000", "2008-12-31": "2302.09000", "2007-12-31": "2035.60200", "2006-12-31": "1304.58700", "2005-12-31": "745.38400"}, "Long Term Debt": {"2020-12-31": "13932.00000", "2019-12-31": "4554.00000", "2018-12-31": "4012.00000", "2017-12-31": "3969.00000", "2016-12-31": "3935.00000", "2015-12-31": "1995.00000", "2014-12-31": "3228.00000", "2013-12-31": "2236.00000", "2012-12-31": "2988.00000", "2011-12-31": "2986.00000", "2010-12-31": "", "2009-12-31": "", "2008-12-31": "", "2007-12-31": "", "2006-12-31": "", "2005-12-31": ""}, "Other Non-Current Liabilities": {"2020-12-31": "11118.00000", "2019-12-31": "12419.00000", "2018-12-31": "14872.00000", "2017-12-31": "15871.00000", "2016-12-31": "7342.00000", "2015-12-31": "5485.00000", "2014-12-31": "4458.00000", "2013-12-31": "3381.00000", "2012-12-31": "2786.00000", "2011-12-31": "2199.00000", "2010-12-31": "1579.00000", "2009-12-31": "1704.00000", "2008-12-31": "1184.29000", "2007-12-31": "580.27600", "2006-12-31": "68.49700", "2005-12-31": "61.58500"}, "Total Long Term Liabilities": {"2020-12-31": "40238.00000", "2019-12-31": "29246.00000", "2018-12-31": "20544.00000", "2017-12-31": "20610.00000", "2016-12-31": "11705.00000", "2015-12-31": "7820.00000", "2014-12-31": "8548.00000", "2013-12-31": "7703.00000", "2012-12-31": "7746.00000", "2011-12-31": "5516.00000", "2010-12-31": "1614.00000", "2009-12-31": "1746.00000", "2008-12-31": "1226.62300", "2007-12-31": "610.52500", "2006-12-31": "128.92400", "2005-12-31": "107.47200"}, "Total Liabilities": {"2020-12-31": "97072.00000", "2019-12-31": "74467.00000", "2018-12-31": "55164.00000", "2017-12-31": "44793.00000", "2016-12-31": "28461.00000", "2015-12-31": "27130.00000", "2014-12-31": "25327.00000", "2013-12-31": "23611.00000", "2012-12-31": "22083.00000", "2011-12-31": "14429.00000", "2010-12-31": "11610.00000", "2009-12-31": "4493.00000", "2008-12-31": "3528.71300", "2007-12-31": "2646.12700", "2006-12-31": "1433.51100", "2005-12-31": "852.85600"}, "Common Stock Net": {"2020-12-31": "0.67600", "2019-12-31": "0.68800", "2018-12-31": "0.69600", "2017-12-31": "0.69400", "2016-12-31": "0.69100", "2015-12-31": "0.68800", "2014-12-31": "0.68000", "2013-12-31": "0.67200", "2012-12-31": "0.33000", "2011-12-31": "0.32500", "2010-12-31": "0.32100", "2009-12-31": "0.31800", "2008-12-31": "0.31500", "2007-12-31": "0.31300", "2006-12-31": "0.30900", "2005-12-31": "0.29300"}, "Retained Earnings (Accumulated Deficit)": {"2020-12-31": "163401.00000", "2019-12-31": "152122.00000", "2018-12-31": "134885.00000", "2017-12-31": "113247.00000", "2016-12-31": "105131.00000", "2015-12-31": "89223.00000", "2014-12-31": "75066.00000", "2013-12-31": "61262.00000", "2012-12-31": "48342.00000", "2011-12-31": "37605.00000", "2010-12-31": "27868.00000", "2009-12-31": "20082.00000", "2008-12-31": "13561.63000", "2007-12-31": "9334.77200", "2006-12-31": "5133.31400", "2005-12-31": "2055.86800"}, "Comprehensive Income": {"2020-12-31": "633.00000", "2019-12-31": "-1232.00000", "2018-12-31": "-2306.00000", "2017-12-31": "-992.00000", "2016-12-31": "-2402.00000", "2015-12-31": "-1874.00000", "2014-12-31": "27.00000", "2013-12-31": "125.00000", "2012-12-31": "538.00000", "2011-12-31": "276.00000", "2010-12-31": "138.00000", "2009-12-31": "105.00000", "2008-12-31": "226.57900", "2007-12-31": "113.37300", "2006-12-31": "23.31100", "2005-12-31": "4.01900"}, "Other Share Holders Equity": {"2020-12-31": "", "2019-12-31": "", "2018-12-31": "", "2017-12-31": "", "2016-12-31": "", "2015-12-31": "", "2014-12-31": "", "2013-12-31": "", "2012-12-31": "", "2011-12-31": "", "2010-12-31": "", "2009-12-31": "", "2008-12-31": "", "2007-12-31": "", "2006-12-31": "", "2005-12-31": ""}, "Share Holder Equity": {"2020-12-31": "222544.00000", "2019-12-31": "201442.00000", "2018-12-31": "177628.00000", "2017-12-31": "152502.00000", "2016-12-31": "139036.00000", "2015-12-31": "120331.00000", "2014-12-31": "103860.00000", "2013-12-31": "87309.00000", "2012-12-31": "71715.00000", "2011-12-31": "58145.00000", "2010-12-31": "46241.00000", "2009-12-31": "36004.00000", "2008-12-31": "28238.86000", "2007-12-31": "22689.68000", "2006-12-31": "17039.84000", "2005-12-31": "9418.95700"}, "Total Liabilities And Share Holders Equity": {"2020-12-31": "319616.00000", "2019-12-31": "275909.00000", "2018-12-31": "232792.00000", "2017-12-31": "197295.00000", "2016-12-31": "167497.00000", "2015-12-31": "147461.00000", "2014-12-31": "129187.00000", "2013-12-31": "110920.00000", "2012-12-31": "93798.00000", "2011-12-31": "72574.00000", "2010-12-31": "57851.00000", "2009-12-31": "40497.00000", "2008-12-31": "31767.57000", "2007-12-31": "25335.81000", "2006-12-31": "18473.35000", "2005-12-31": "10271.81000"}}, "balance sheet, quarterly": {"Cash On Hand": {"2020-12-31": "136694.00000", "2020-09-30": "132596.00000", "2020-06-30": "121080.00000", "2020-03-31": "117229.00000", "2019-12-31": "119675.00000", "2019-09-30": "121177.00000", "2019-06-30": "121056.00000", "2019-03-31": "113488.00000", "2018-12-31": "109140.00000", "2018-09-30": "106416.00000", "2018-06-30": "102254.00000", "2018-03-31": "102885.00000", "2017-12-31": "101871.00000", "2017-09-30": "100143.00000", "2017-06-30": "94713.00000", "2017-03-31": "92439.00000", "2016-12-31": "86333.00000", "2016-09-30": "83056.00000", "2016-06-30": "78460.00000", "2016-03-31": "75264.00000", "2015-12-31": "73066.00000", "2015-09-30": "72767.00000", "2015-06-30": "69780.00000", "2015-03-31": "65436.00000", "2014-12-31": "64395.00000", "2014-09-30": "62157.00000", "2014-06-30": "61204.00000", "2014-03-31": "59379.00000", "2013-12-31": "58717.00000", "2013-09-30": "56523.00000", "2013-06-30": "54432.00000", "2013-03-31": "50098.00000", "2012-12-31": "48088.00000", "2012-09-30": "45724.00000", "2012-06-30": "43122.00000", "2012-03-31": "49316.00000", "2011-12-31": "44626.00000", "2011-09-30": "42560.00000", "2011-06-30": "39118.00000", "2011-03-31": "36675.00000", "2010-12-31": "34975.00000", "2010-09-30": "33380.00000", "2010-06-30": "30059.00000", "2010-03-31": "26514.00000", "2009-12-31": "24485.00000", "2009-09-30": "21994.39000", "2009-06-30": "19344.01000", "2009-03-31": "17784.93000", "2008-12-31": "15845.77000", "2008-09-30": "14412.61000", "2008-06-30": "12733.67000", "2008-03-31": "12134.51000", "2007-12-31": "14218.61000", "2007-09-30": "13087.34000", "2007-06-30": "12503.54000", "2007-03-31": "11935.92000", "2006-12-31": "11243.91000", "2006-09-30": "10428.71000", "2006-06-30": "9821.63200", "2006-03-31": "8429.02800", "2005-12-31": "8034.24700", "2005-09-30": "7630.14600", "2005-06-30": "2947.96700", "2005-03-31": "2507.29800"}, "Receivables": {"2020-12-31": "31384.00000", "2020-09-30": "25513.00000", "2020-06-30": "21595.00000", "2020-03-31": "23735.00000", "2019-12-31": "27492.00000", "2019-09-30": "21081.00000", "2019-06-30": "21317.00000", "2019-03-31": "19260.00000", "2018-12-31": "21193.00000", "2018-09-30": "18067.00000", "2018-06-30": "17244.00000", "2018-03-31": "16814.00000", "2017-12-31": "18705.00000", "2017-09-30": "15577.00000", "2017-06-30": "14877.00000", "2017-03-31": "12969.00000", "2016-12-31": "14232.00000", "2016-09-30": "12395.00000", "2016-06-30": "12762.00000", "2016-03-31": "12972.00000", "2015-12-31": "13909.00000", "2015-09-30": "10436.00000", "2015-06-30": "10019.00000", "2015-03-31": "10310.00000", "2014-12-31": "10849.00000", "2014-09-30": "10019.00000", "2014-06-30": "9539.00000", "2014-03-31": "8421.00000", "2013-12-31": "9390.00000", "2013-09-30": "8592.00000", "2013-06-30": "8163.00000", "2013-03-31": "8670.00000", "2012-12-31": "8585.00000", "2012-09-30": "7809.00000", "2012-06-30": "7341.00000", "2012-03-31": "5713.00000", "2011-12-31": "6172.00000", "2011-09-30": "5861.00000", "2011-06-30": "5843.00000", "2011-03-31": "4818.00000", "2010-12-31": "5002.00000", "2010-09-30": "4719.00000", "2010-06-30": "3617.00000", "2010-03-31": "3084.00000", "2009-12-31": "3201.00000", "2009-09-30": "2879.60400", "2009-06-30": "2847.75500", "2009-03-31": "2543.10500", "2008-12-31": "2642.19200", "2008-09-30": "2541.49200", "2008-06-30": "2641.90100", "2008-03-31": "2560.90900", "2007-12-31": "2307.77400", "2007-09-30": "1887.86000", "2007-06-30": "1648.68000", "2007-03-31": "1477.09000", "2006-12-31": "1322.34000", "2006-09-30": "1031.05500", "2006-06-30": "885.08800", "2006-03-31": "844.37800", "2005-12-31": "687.97600", "2005-09-30": "541.81500", "2005-06-30": "492.00400", "2005-03-31": "441.93200"}, "Inventory": {"2020-12-31": "728.00000", "2020-09-30": "835.00000", "2020-06-30": "815.00000", "2020-03-31": "889.00000", "2019-12-31": "999.00000", "2019-09-30": "1401.00000", "2019-06-30": "964.00000", "2019-03-31": "1053.00000", "2018-12-31": "1107.00000", "2018-09-30": "1212.00000", "2018-06-30": "698.00000", "2018-03-31": "636.00000", "2017-12-31": "749.00000", "2017-09-30": "765.00000", "2017-06-30": "398.00000", "2017-03-31": "280.00000", "2016-12-31": "268.00000", "2016-09-30": "559.00000", "2016-06-30": "", "2016-03-31": "", "2015-12-31": "491.00000", "2015-09-30": "", "2015-06-30": "", "2015-03-31": "", "2014-12-31": "", "2014-09-30": "279.00000", "2014-06-30": "293.00000", "2014-03-31": "337.00000", "2013-12-31": "", "2013-09-30": "235.00000", "2013-06-30": "342.00000", "2013-03-31": "648.00000", "2012-12-31": "505.00000", "2012-09-30": "618.00000", "2012-06-30": "634.00000", "2012-03-31": "", "2011-12-31": "35.00000", "2011-09-30": "", "2011-06-30": "", "2011-03-31": "", "2010-12-31": "", "2010-09-30": "", "2010-06-30": "", "2010-03-31": "", "2009-12-31": "", "2009-09-30": "", "2009-06-30": "", "2009-03-31": "", "2008-12-31": "", "2008-09-30": "", "2008-06-30": "", "2008-03-31": "", "2007-12-31": "", "2007-09-30": "", "2007-06-30": "", "2007-03-31": "", "2006-12-31": "", "2006-09-30": "", "2006-06-30": "", "2006-03-31": "", "2005-12-31": "", "2005-09-30": "", "2005-06-30": "", "2005-03-31": ""}, "Pre-Paid Expenses": {"2020-12-31": "", "2020-09-30": "", "2020-06-30": "", "2020-03-31": "", "2019-12-31": "", "2019-09-30": "", "2019-06-30": "", "2019-03-31": "", "2018-12-31": "", "2018-09-30": "", "2018-06-30": "", "2018-03-31": "", "2017-12-31": "", "2017-09-30": "", "2017-06-30": "2398.00000", "2017-03-31": "3106.00000", "2016-12-31": "", "2016-09-30": "2536.00000", "2016-06-30": "3016.00000", "2016-03-31": "2719.00000", "2015-12-31": "2648.00000", "2015-09-30": "2688.00000", "2015-06-30": "3049.00000", "2015-03-31": "3720.00000", "2014-12-31": "3412.00000", "2014-09-30": "2700.00000", "2014-06-30": "2043.00000", "2014-03-31": "2138.00000", "2013-12-31": "3253.00000", "2013-09-30": "2354.00000", "2013-06-30": "2776.00000", "2013-03-31": "2375.00000", "2012-12-31": "2132.00000", "2012-09-30": "2440.00000", "2012-06-30": "2614.00000", "2012-03-31": "1779.00000", "2011-12-31": "1710.00000", "2011-09-30": "1406.00000", "2011-06-30": "1328.00000", "2011-03-31": "1497.00000", "2010-12-31": "1326.00000", "2010-09-30": "1210.00000", "2010-06-30": "1419.00000", "2010-03-31": "1135.00000", "2009-12-31": "837.00000", "2009-09-30": "816.10300", "2009-06-30": "1067.11600", "2009-03-31": "1317.86100", "2008-12-31": "1404.11400", "2008-09-30": "897.34900", "2008-06-30": "846.86500", "2008-03-31": "697.79200", "2007-12-31": "694.21300", "2007-09-30": "670.59300", "2007-06-30": "627.24000", "2007-03-31": "616.50600", "2006-12-31": "443.88000", "2006-09-30": "346.94100", "2006-06-30": "295.87400", "2006-03-31": "256.23400", "2005-12-31": "229.50700", "2005-09-30": "192.44800", "2005-06-30": "176.83300", "2005-03-31": "184.27800"}, "Other Current Assets": {"2020-12-31": "5490.00000", "2020-09-30": "5425.00000", "2020-06-30": "5579.00000", "2020-03-31": "5165.00000", "2019-12-31": "4412.00000", "2019-09-30": "4699.00000", "2019-06-30": "4100.00000", "2019-03-31": "4406.00000", "2018-12-31": "4236.00000", "2018-09-30": "4007.00000", "2018-06-30": "3961.00000", "2018-03-31": "3426.00000", "2017-12-31": "2983.00000", "2017-09-30": "2860.00000", "2017-06-30": "", "2017-03-31": "", "2016-12-31": "4575.00000", "2016-09-30": "", "2016-06-30": "", "2016-03-31": "", "2015-12-31": "", "2015-09-30": "", "2015-06-30": "", "2015-03-31": "", "2014-12-31": "", "2014-09-30": "3588.00000", "2014-06-30": "3668.00000", "2014-03-31": "3873.00000", "2013-12-31": "", "2013-09-30": "", "2013-06-30": "", "2013-03-31": "", "2012-12-31": "", "2012-09-30": "", "2012-06-30": "", "2012-03-31": "", "2011-12-31": "", "2011-09-30": "", "2011-06-30": "", "2011-03-31": "", "2010-12-31": "", "2010-09-30": "", "2010-06-30": "", "2010-03-31": "", "2009-12-31": "", "2009-09-30": "", "2009-06-30": "", "2009-03-31": "", "2008-12-31": "", "2008-09-30": "", "2008-06-30": "", "2008-03-31": "", "2007-12-31": "", "2007-09-30": "", "2007-06-30": "", "2007-03-31": "", "2006-12-31": "", "2006-09-30": "", "2006-06-30": "", "2006-03-31": "", "2005-12-31": "", "2005-09-30": "", "2005-06-30": "", "2005-03-31": ""}, "Total Current Assets": {"2020-12-31": "174296.00000", "2020-09-30": "164369.00000", "2020-06-30": "149069.00000", "2020-03-31": "147018.00000", "2019-12-31": "152578.00000", "2019-09-30": "148358.00000", "2019-06-30": "147437.00000", "2019-03-31": "138207.00000", "2018-12-31": "135676.00000", "2018-09-30": "129702.00000", "2018-06-30": "124157.00000", "2018-03-31": "123761.00000", "2017-12-31": "124308.00000", "2017-09-30": "119345.00000", "2017-06-30": "112386.00000", "2017-03-31": "108794.00000", "2016-12-31": "105408.00000", "2016-09-30": "98546.00000", "2016-06-30": "94238.00000", "2016-03-31": "90955.00000", "2015-12-31": "90114.00000", "2015-09-30": "88103.00000", "2015-06-30": "84164.00000", "2015-03-31": "80313.00000", "2014-12-31": "78656.00000", "2014-09-30": "80115.00000", "2014-06-30": "77905.00000", "2014-03-31": "75314.00000", "2013-12-31": "72886.00000", "2013-09-30": "68858.00000", "2013-06-30": "66861.00000", "2013-03-31": "62808.00000", "2012-12-31": "60454.00000", "2012-09-30": "56821.00000", "2012-06-30": "53857.00000", "2012-03-31": "56859.00000", "2011-12-31": "52758.00000", "2011-09-30": "50042.00000", "2011-06-30": "46442.00000", "2011-03-31": "43310.00000", "2010-12-31": "41562.00000", "2010-09-30": "39447.00000", "2010-06-30": "35161.00000", "2010-03-31": "31132.00000", "2009-12-31": "29167.00000", "2009-09-30": "26353.54000", "2009-06-30": "23834.85000", "2009-03-31": "22080.80000", "2008-12-31": "20178.18000", "2008-09-30": "17962.85000", "2008-06-30": "16316.84000", "2008-03-31": "15464.93000", "2007-12-31": "17289.14000", "2007-09-30": "15733.76000", "2007-06-30": "14857.52000", "2007-03-31": "14080.77000", "2006-12-31": "13039.85000", "2006-09-30": "11858.24000", "2006-06-30": "11058.11000", "2006-03-31": "9555.95700", "2005-12-31": "9001.07100", "2005-09-30": "8382.68500", "2005-06-30": "3649.21000", "2005-03-31": "3158.47400"}, "Property, Plant, And Equipment": {"2020-12-31": "84749.00000", "2020-09-30": "81636.00000", "2020-06-30": "78748.00000", "2020-03-31": "76747.00000", "2019-12-31": "73646.00000", "2019-09-30": "69252.00000", "2019-06-30": "64891.00000", "2019-03-31": "60528.00000", "2018-12-31": "59719.00000", "2018-09-30": "55300.00000", "2018-06-30": "51672.00000", "2018-03-31": "48845.00000", "2017-12-31": "42383.00000", "2017-09-30": "40120.00000", "2017-06-30": "37676.00000", "2017-03-31": "35936.00000", "2016-12-31": "34234.00000", "2016-09-30": "32753.00000", "2016-06-30": "31413.00000", "2016-03-31": "30162.00000", "2015-12-31": "29016.00000", "2015-09-30": "28338.00000", "2015-06-30": "27008.00000", "2015-03-31": "25448.00000", "2014-12-31": "23883.00000", "2014-09-30": "20981.00000", "2014-06-30": "19486.00000", "2014-03-31": "17877.00000", "2013-12-31": "16524.00000", "2013-09-30": "14867.00000", "2013-06-30": "12912.00000", "2013-03-31": "12300.00000", "2012-12-31": "11854.00000", "2012-09-30": "11401.00000", "2012-06-30": "10909.00000", "2012-03-31": "9875.00000", "2011-12-31": "9603.00000", "2011-09-30": "9204.00000", "2011-06-30": "9003.00000", "2011-03-31": "8249.00000", "2010-12-31": "7759.00000", "2010-09-30": "5506.00000", "2010-06-30": "4920.00000", "2010-03-31": "4773.00000", "2009-12-31": "4845.00000", "2009-09-30": "4917.49100", "2009-06-30": "5005.90000", "2009-03-31": "5122.10500", "2008-12-31": "5233.84300", "2008-09-30": "5213.16700", "2008-06-30": "5137.71000", "2008-03-31": "4741.72400", "2007-12-31": "4039.26100", "2007-09-30": "3588.81400", "2007-06-30": "3219.28000", "2007-03-31": "2826.71700", "2006-12-31": "2395.23900", "2006-09-30": "2174.31400", "2006-06-30": "1799.76600", "2006-03-31": "1209.68100", "2005-12-31": "961.74900", "2005-09-30": "803.07800", "2005-06-30": "576.59700", "2005-03-31": "474.82900"}, "Long-Term Investments": {"2020-12-31": "20703.00000", "2020-09-30": "14656.00000", "2020-06-30": "12961.00000", "2020-03-31": "12367.00000", "2019-12-31": "13078.00000", "2019-09-30": "12488.00000", "2019-06-30": "12112.00000", "2019-03-31": "14474.00000", "2018-12-31": "13859.00000", "2018-09-30": "12673.00000", "2018-06-30": "11487.00000", "2018-03-31": "10976.00000", "2017-12-31": "7813.00000", "2017-09-30": "7269.00000", "2017-06-30": "6642.00000", "2017-03-31": "6131.00000", "2016-12-31": "5878.00000", "2016-09-30": "5705.00000", "2016-06-30": "5820.00000", "2016-03-31": "5577.00000", "2015-12-31": "5183.00000", "2015-09-30": "4813.00000", "2015-06-30": "4409.00000", "2015-03-31": "4090.00000", "2014-12-31": "3079.00000", "2014-09-30": "2470.00000", "2014-06-30": "2415.00000", "2014-03-31": "2123.00000", "2013-12-31": "1976.00000", "2013-09-30": "1843.00000", "2013-06-30": "1564.00000", "2013-03-31": "1470.00000", "2012-12-31": "1469.00000", "2012-09-30": "1063.00000", "2012-06-30": "1040.00000", "2012-03-31": "880.00000", "2011-12-31": "790.00000", "2011-09-30": "891.00000", "2011-06-30": "893.00000", "2011-03-31": "666.00000", "2010-12-31": "523.00000", "2010-09-30": "485.00000", "2010-06-30": "377.00000", "2010-03-31": "154.00000", "2009-12-31": "129.00000", "2009-09-30": "110.37200", "2009-06-30": "93.92500", "2009-03-31": "100.99900", "2008-12-31": "85.16000", "2008-09-30": "1100.89600", "2008-06-30": "1067.52000", "2008-03-31": "1056.96600", "2007-12-31": "1059.69400", "2007-09-30": "1048.13800", "2007-06-30": "1038.80400", "2007-03-31": "1030.95200", "2006-12-31": "1031.85000", "2006-09-30": "1028.59100", "2006-06-30": "1018.59100", "2006-03-31": "", "2005-12-31": "14.36900", "2005-09-30": "", "2005-06-30": "", "2005-03-31": ""}, "Goodwill And Intangible Assets": {"2020-12-31": "22620.00000", "2020-09-30": "22390.00000", "2020-06-30": "22521.00000", "2020-03-31": "22574.00000", "2019-12-31": "22603.00000", "2019-09-30": "19816.00000", "2019-06-30": "19902.00000", "2019-03-31": "20006.00000", "2018-12-31": "20108.00000", "2018-09-30": "20343.00000", "2018-06-30": "20557.00000", "2018-03-31": "20671.00000", "2017-12-31": "19439.00000", "2017-09-30": "19614.00000", "2017-06-30": "19537.00000", "2017-03-31": "19684.00000", "2016-12-31": "19775.00000", "2016-09-30": "19395.00000", "2016-06-30": "19293.00000", "2016-03-31": "19523.00000", "2015-12-31": "19716.00000", "2015-09-30": "19698.00000", "2015-06-30": "19823.00000", "2015-03-31": "19953.00000", "2014-12-31": "20206.00000", "2014-09-30": "20205.00000", "2014-06-30": "19820.00000", "2014-03-31": "19494.00000", "2013-12-31": "17558.00000", "2013-09-30": "17716.00000", "2013-06-30": "17954.00000", "2013-03-31": "17919.00000", "2012-12-31": "18010.00000", "2012-09-30": "18239.00000", "2012-06-30": "17982.00000", "2012-03-31": "8866.00000", "2011-12-31": "8924.00000", "2011-09-30": "8463.00000", "2011-06-30": "8058.00000", "2011-03-31": "7324.00000", "2010-12-31": "7300.00000", "2010-09-30": "7092.00000", "2010-06-30": "6692.00000", "2010-03-31": "5912.00000", "2009-12-31": "5678.00000", "2009-09-30": "5672.46500", "2009-06-30": "5693.29900", "2009-03-31": "5740.65900", "2008-12-31": "5836.54400", "2008-09-30": "5869.36300", "2008-06-30": "5992.79600", "2008-03-31": "5995.37100", "2007-12-31": "2745.96400", "2007-09-30": "2762.64900", "2007-06-30": "2062.70300", "2007-03-31": "1947.09200", "2006-12-31": "1891.96000", "2006-09-30": "514.55100", "2006-06-30": "465.19800", "2006-03-31": "479.37900", "2005-12-31": "277.68300", "2005-09-30": "228.60300", "2005-06-30": "216.60400", "2005-03-31": "186.25100"}, "Other Long-Term Assets": {"2020-12-31": "3953.00000", "2020-09-30": "3274.00000", "2020-06-30": "2731.00000", "2020-03-31": "2748.00000", "2019-12-31": "2342.00000", "2019-09-30": "2225.00000", "2019-06-30": "2461.00000", "2019-03-31": "2547.00000", "2018-12-31": "2693.00000", "2018-09-30": "2838.00000", "2018-06-30": "3052.00000", "2018-03-31": "2004.00000", "2017-12-31": "2672.00000", "2017-09-30": "2683.00000", "2017-06-30": "2004.00000", "2017-03-31": "1846.00000", "2016-12-31": "1819.00000", "2016-09-30": "3276.00000", "2016-06-30": "3275.00000", "2016-03-31": "3297.00000", "2015-12-31": "3181.00000", "2015-09-30": "3329.00000", "2015-06-30": "3403.00000", "2015-03-31": "3596.00000", "2014-12-31": "3187.00000", "2014-09-30": "2010.00000", "2014-06-30": "1982.00000", "2014-03-31": "1718.00000", "2013-12-31": "1976.00000", "2013-09-30": "1784.00000", "2013-06-30": "1891.00000", "2013-03-31": "2195.00000", "2012-12-31": "2011.00000", "2012-09-30": "2206.00000", "2012-06-30": "2263.00000", "2012-03-31": "664.00000", "2011-12-31": "499.00000", "2011-09-30": "488.00000", "2011-06-30": "465.00000", "2011-03-31": "390.00000", "2010-12-31": "442.00000", "2010-09-30": "406.00000", "2010-06-30": "452.00000", "2010-03-31": "454.00000", "2009-12-31": "415.00000", "2009-09-30": "415.13700", "2009-06-30": "406.13600", "2009-03-31": "416.16800", "2008-12-31": "433.84600", "2008-09-30": "456.37800", "2008-06-30": "444.84400", "2008-03-31": "190.40200", "2007-12-31": "168.53000", "2007-09-30": "170.06900", "2007-06-30": "147.15400", "2007-03-31": "129.90300", "2006-12-31": "114.45500", "2006-09-30": "67.89000", "2006-06-30": "19.57600", "2006-03-31": "49.85300", "2005-12-31": "16.94100", "2005-09-30": "36.63500", "2005-06-30": "55.30700", "2005-03-31": "45.28200"}, "Total Long-Term Assets": {"2020-12-31": "145320.00000", "2020-09-30": "134874.00000", "2020-06-30": "129423.00000", "2020-03-31": "126385.00000", "2019-12-31": "123331.00000", "2019-09-30": "114686.00000", "2019-06-30": "109664.00000", "2019-03-31": "107142.00000", "2018-12-31": "97116.00000", "2018-09-30": "91836.00000", "2018-06-30": "87453.00000", "2018-03-31": "83174.00000", "2017-12-31": "72987.00000", "2017-09-30": "70191.00000", "2017-06-30": "66235.00000", "2017-03-31": "63962.00000", "2016-12-31": "62089.00000", "2016-09-30": "61402.00000", "2016-06-30": "60054.00000", "2016-03-31": "58792.00000", "2015-12-31": "57347.00000", "2015-09-30": "56178.00000", "2015-06-30": "54643.00000", "2015-03-31": "53087.00000", "2014-12-31": "50531.00000", "2014-09-30": "45666.00000", "2014-06-30": "43703.00000", "2014-03-31": "41212.00000", "2013-12-31": "38034.00000", "2013-09-30": "36210.00000", "2013-06-30": "34321.00000", "2013-03-31": "33884.00000", "2012-12-31": "33344.00000", "2012-09-30": "32909.00000", "2012-06-30": "32194.00000", "2012-03-31": "20285.00000", "2011-12-31": "19816.00000", "2011-09-30": "19046.00000", "2011-06-30": "18419.00000", "2011-03-31": "16650.00000", "2010-12-31": "16289.00000", "2010-09-30": "13895.00000", "2010-06-30": "12884.00000", "2010-03-31": "11739.00000", "2009-12-31": "11330.00000", "2009-09-30": "11349.30000", "2009-06-30": "11323.91000", "2009-03-31": "11432.23000", "2008-12-31": "11589.39000", "2008-09-30": "12844.12000", "2008-06-30": "12862.95000", "2008-03-31": "12140.05000", "2007-12-31": "8046.66800", "2007-09-30": "7606.88900", "2007-06-30": "6566.36200", "2007-03-31": "5934.66400", "2006-12-31": "5433.50400", "2006-09-30": "3834.98900", "2006-06-30": "3337.89900", "2006-03-31": "1738.91300", "2005-12-31": "1270.74200", "2005-09-30": "1068.31600", "2005-06-30": "848.50800", "2005-03-31": "706.72500"}, "Total Assets": {"2020-12-31": "319616.00000", "2020-09-30": "299243.00000", "2020-06-30": "278492.00000", "2020-03-31": "273403.00000", "2019-12-31": "275909.00000", "2019-09-30": "263044.00000", "2019-06-30": "257101.00000", "2019-03-31": "245349.00000", "2018-12-31": "232792.00000", "2018-09-30": "221538.00000", "2018-06-30": "211610.00000", "2018-03-31": "206935.00000", "2017-12-31": "197295.00000", "2017-09-30": "189536.00000", "2017-06-30": "178621.00000", "2017-03-31": "172756.00000", "2016-12-31": "167497.00000", "2016-09-30": "159948.00000", "2016-06-30": "154292.00000", "2016-03-31": "149747.00000", "2015-12-31": "147461.00000", "2015-09-30": "144281.00000", "2015-06-30": "138807.00000", "2015-03-31": "133400.00000", "2014-12-31": "129187.00000", "2014-09-30": "125781.00000", "2014-06-30": "121608.00000", "2014-03-31": "116526.00000", "2013-12-31": "110920.00000", "2013-09-30": "105068.00000", "2013-06-30": "101182.00000", "2013-03-31": "96692.00000", "2012-12-31": "93798.00000", "2012-09-30": "89730.00000", "2012-06-30": "86051.00000", "2012-03-31": "77144.00000", "2011-12-31": "72574.00000", "2011-09-30": "69088.00000", "2011-06-30": "64861.00000", "2011-03-31": "59960.00000", "2010-12-31": "57851.00000", "2010-09-30": "53342.00000", "2010-06-30": "48045.00000", "2010-03-31": "42871.00000", "2009-12-31": "40497.00000", "2009-09-30": "37702.84000", "2009-06-30": "35158.76000", "2009-03-31": "33513.03000", "2008-12-31": "31767.57000", "2008-09-30": "30806.97000", "2008-06-30": "29179.79000", "2008-03-31": "27604.98000", "2007-12-31": "25335.81000", "2007-09-30": "23340.65000", "2007-06-30": "21423.88000", "2007-03-31": "20015.44000", "2006-12-31": "18473.35000", "2006-09-30": "15693.23000", "2006-06-30": "14396.01000", "2006-03-31": "11294.87000", "2005-12-31": "10271.81000", "2005-09-30": "9451.00100", "2005-06-30": "4497.71800", "2005-03-31": "3865.19900"}, "Total Current Liabilities": {"2020-12-31": "56834.00000", "2020-09-30": "48200.00000", "2020-06-30": "43658.00000", "2020-03-31": "40189.00000", "2019-12-31": "45221.00000", "2019-09-30": "39224.00000", "2019-06-30": "37000.00000", "2019-03-31": "34910.00000", "2018-12-31": "34620.00000", "2018-09-30": "31301.00000", "2018-06-30": "29903.00000", "2018-03-31": "25394.00000", "2017-12-31": "24183.00000", "2017-09-30": "20693.00000", "2017-06-30": "18685.00000", "2017-03-31": "15256.00000", "2016-12-31": "16756.00000", "2016-09-30": "14323.00000", "2016-06-30": "17341.00000", "2016-03-31": "17684.00000", "2015-12-31": "19310.00000", "2015-09-30": "18457.00000", "2015-06-30": "17362.00000", "2015-03-31": "14336.00000", "2014-12-31": "16779.00000", "2014-09-30": "17920.00000", "2014-06-30": "17097.00000", "2014-03-31": "16270.00000", "2013-12-31": "15908.00000", "2013-09-30": "14475.00000", "2013-06-30": "15329.00000", "2013-03-31": "13252.00000", "2012-12-31": "14337.00000", "2012-09-30": "14434.00000", "2012-06-30": "14028.00000", "2012-03-31": "9742.00000", "2011-12-31": "8913.00000", "2011-09-30": "8888.00000", "2011-06-30": "7798.00000", "2011-03-31": "9332.00000", "2010-12-31": "9996.00000", "2010-09-30": "8530.00000", "2010-06-30": "5747.00000", "2010-03-31": "2922.00000", "2009-12-31": "2747.00000", "2009-09-30": "2321.77400", "2009-06-30": "2000.96200", "2009-03-31": "2183.85400", "2008-12-31": "2302.09000", "2008-09-30": "2224.27700", "2008-06-30": "2345.51500", "2008-03-31": "2460.47500", "2007-12-31": "2035.60200", "2007-09-30": "1782.66700", "2007-06-30": "1319.19500", "2007-03-31": "1254.35300", "2006-12-31": "1304.58700", "2006-09-30": "1216.04700", "2006-06-30": "977.43000", "2006-03-31": "980.02400", "2005-12-31": "745.38400", "2005-09-30": "559.84800", "2005-06-30": "448.37000", "2005-03-31": "393.32800"}, "Long Term Debt": {"2020-12-31": "13932.00000", "2020-09-30": "13902.00000", "2020-06-30": "4018.00000", "2020-03-31": "5016.00000", "2019-12-31": "4554.00000", "2019-09-30": "4082.00000", "2019-06-30": "4074.00000", "2019-03-31": "4066.00000", "2018-12-31": "4012.00000", "2018-09-30": "3986.00000", "2018-06-30": "3981.00000", "2018-03-31": "3973.00000", "2017-12-31": "3969.00000", "2017-09-30": "3964.00000", "2017-06-30": "3955.00000", "2017-03-31": "3937.00000", "2016-12-31": "3935.00000", "2016-09-30": "3938.00000", "2016-06-30": "1984.00000", "2016-03-31": "1987.00000", "2015-12-31": "1995.00000", "2015-09-30": "1994.00000", "2015-06-30": "2225.00000", "2015-03-31": "3226.00000", "2014-12-31": "3228.00000", "2014-09-30": "3230.00000", "2014-06-30": "3232.00000", "2014-03-31": "3234.00000", "2013-12-31": "2236.00000", "2013-09-30": "2238.00000", "2013-06-30": "1989.00000", "2013-03-31": "2989.00000", "2012-12-31": "2988.00000", "2012-09-30": "2988.00000", "2012-06-30": "2987.00000", "2012-03-31": "2987.00000", "2011-12-31": "2986.00000", "2011-09-30": "2986.00000", "2011-06-30": "2985.00000", "2011-03-31": "", "2010-12-31": "", "2010-09-30": "", "2010-06-30": "", "2010-03-31": "", "2009-12-31": "", "2009-09-30": "", "2009-06-30": "", "2009-03-31": "", "2008-12-31": "", "2008-09-30": "", "2008-06-30": "", "2008-03-31": "", "2007-12-31": "", "2007-09-30": "", "2007-06-30": "", "2007-03-31": "", "2006-12-31": "", "2006-09-30": "", "2006-06-30": "", "2006-03-31": "", "2005-12-31": "", "2005-09-30": "", "2005-06-30": "", "2005-03-31": ""}, "Other Non-Current Liabilities": {"2020-12-31": "11118.00000", "2020-09-30": "10810.00000", "2020-06-30": "10591.00000", "2020-03-31": "11634.00000", "2019-12-31": "12419.00000", "2019-09-30": "12992.00000", "2019-06-30": "12468.00000", "2019-03-31": "13022.00000", "2018-12-31": "14872.00000", "2018-09-30": "14776.00000", "2018-06-30": "14889.00000", "2018-03-31": "16034.00000", "2017-12-31": "15871.00000", "2017-09-30": "7282.00000", "2017-06-30": "6981.00000", "2017-03-31": "7687.00000", "2016-12-31": "7342.00000", "2016-09-30": "7022.00000", "2016-06-30": "6286.00000", "2016-03-31": "5777.00000", "2015-12-31": "5485.00000", "2015-09-30": "5480.00000", "2015-06-30": "5575.00000", "2015-03-31": "5452.00000", "2014-12-31": "4458.00000", "2014-09-30": "4108.00000", "2014-06-30": "3812.00000", "2014-03-31": "3360.00000", "2013-12-31": "3381.00000", "2013-09-30": "3144.00000", "2013-06-30": "2975.00000", "2013-03-31": "2921.00000", "2012-12-31": "2786.00000", "2012-09-30": "2719.00000", "2012-06-30": "2709.00000", "2012-03-31": "2277.00000", "2011-12-31": "2199.00000", "2011-09-30": "2090.00000", "2011-06-30": "1930.00000", "2011-03-31": "1745.00000", "2010-12-31": "1579.00000", "2010-09-30": "1489.00000", "2010-06-30": "1654.00000", "2010-03-31": "1630.00000", "2009-12-31": "1704.00000", "2009-09-30": "1623.47200", "2009-06-30": "1531.26700", "2009-03-31": "1450.93400", "2008-12-31": "1184.29000", "2008-09-30": "1057.42300", "2008-06-30": "868.12600", "2008-03-31": "775.22400", "2007-12-31": "580.27600", "2007-09-30": "497.53600", "2007-06-30": "423.40900", "2007-03-31": "344.07500", "2006-12-31": "68.49700", "2006-09-30": "63.30400", "2006-06-30": "45.66400", "2006-03-31": "54.45500", "2005-12-31": "61.58500", "2005-09-30": "51.06600", "2005-06-30": "41.28100", "2005-03-31": "37.91800"}, "Total Long Term Liabilities": {"2020-12-31": "40238.00000", "2020-09-30": "38123.00000", "2020-06-30": "27512.00000", "2020-03-31": "29555.00000", "2019-12-31": "29246.00000", "2019-09-30": "28851.00000", "2019-06-30": "27909.00000", "2019-03-31": "26967.00000", "2018-12-31": "20544.00000", "2018-09-30": "20397.00000", "2018-06-30": "19707.00000", "2018-03-31": "20716.00000", "2017-12-31": "20610.00000", "2017-09-30": "11743.00000", "2017-06-30": "11650.00000", "2017-03-31": "12551.00000", "2016-12-31": "11705.00000", "2016-09-30": "11522.00000", "2016-06-30": "9072.00000", "2016-03-31": "8494.00000", "2015-12-31": "7820.00000", "2015-09-30": "9583.00000", "2015-06-30": "9662.00000", "2015-03-31": "10616.00000", "2014-12-31": "8548.00000", "2014-09-30": "9046.00000", "2014-06-30": "8762.00000", "2014-03-31": "8545.00000", "2013-12-31": "7703.00000", "2013-09-30": "7604.00000", "2013-06-30": "7001.00000", "2013-03-31": "7967.00000", "2012-12-31": "7746.00000", "2012-09-30": "7268.00000", "2012-06-30": "7302.00000", "2012-03-31": "5690.00000", "2011-12-31": "5516.00000", "2011-09-30": "5370.00000", "2011-06-30": "5072.00000", "2011-03-31": "1777.00000", "2010-12-31": "1614.00000", "2010-09-30": "1522.00000", "2010-06-30": "1685.00000", "2010-03-31": "1666.00000", "2009-12-31": "1746.00000", "2009-09-30": "1659.31800", "2009-06-30": "1562.94200", "2009-03-31": "1481.08000", "2008-12-31": "1226.62300", "2008-09-30": "1107.83500", "2008-06-30": "921.25600", "2008-03-31": "806.97200", "2007-12-31": "610.52500", "2007-09-30": "521.21200", "2007-06-30": "445.08200", "2007-03-31": "383.87500", "2006-12-31": "128.92400", "2006-09-30": "80.09800", "2006-06-30": "61.56800", "2006-03-31": "71.57800", "2005-12-31": "107.47200", "2005-09-30": "98.08500", "2005-06-30": "95.49100", "2005-03-31": "45.00900"}, "Total Liabilities": {"2020-12-31": "97072.00000", "2020-09-30": "86323.00000", "2020-06-30": "71170.00000", "2020-03-31": "69744.00000", "2019-12-31": "74467.00000", "2019-09-30": "68075.00000", "2019-06-30": "64909.00000", "2019-03-31": "61877.00000", "2018-12-31": "55164.00000", "2018-09-30": "51698.00000", "2018-06-30": "49610.00000", "2018-03-31": "46110.00000", "2017-12-31": "44793.00000", "2017-09-30": "32436.00000", "2017-06-30": "30335.00000", "2017-03-31": "27807.00000", "2016-12-31": "28461.00000", "2016-09-30": "25845.00000", "2016-06-30": "26413.00000", "2016-03-31": "26178.00000", "2015-12-31": "27130.00000", "2015-09-30": "28040.00000", "2015-06-30": "27024.00000", "2015-03-31": "24952.00000", "2014-12-31": "25327.00000", "2014-09-30": "26966.00000", "2014-06-30": "25859.00000", "2014-03-31": "24815.00000", "2013-12-31": "23611.00000", "2013-09-30": "22079.00000", "2013-06-30": "22330.00000", "2013-03-31": "21219.00000", "2012-12-31": "22083.00000", "2012-09-30": "21702.00000", "2012-06-30": "21330.00000", "2012-03-31": "15432.00000", "2011-12-31": "14429.00000", "2011-09-30": "14258.00000", "2011-06-30": "12870.00000", "2011-03-31": "11109.00000", "2010-12-31": "11610.00000", "2010-09-30": "10052.00000", "2010-06-30": "7432.00000", "2010-03-31": "4588.00000", "2009-12-31": "4493.00000", "2009-09-30": "3981.09200", "2009-06-30": "3563.90400", "2009-03-31": "3664.93400", "2008-12-31": "3528.71300", "2008-09-30": "3332.11200", "2008-06-30": "3266.77100", "2008-03-31": "3267.44700", "2007-12-31": "2646.12700", "2007-09-30": "2303.87900", "2007-06-30": "1764.27700", "2007-03-31": "1638.22800", "2006-12-31": "1433.51100", "2006-09-30": "1296.14500", "2006-06-30": "1038.99800", "2006-03-31": "1051.60200", "2005-12-31": "852.85600", "2005-09-30": "657.93300", "2005-06-30": "543.86100", "2005-03-31": "438.33700"}, "Common Stock Net": {"2020-12-31": "0.67600", "2020-09-30": "0.67800", "2020-06-30": "0.68100", "2020-03-31": "0.68400", "2019-12-31": "0.68800", "2019-09-30": "0.69100", "2019-06-30": "0.69400", "2019-03-31": "0.69500", "2018-12-31": "0.69600", "2018-09-30": "0.69600", "2018-06-30": "0.69600", "2018-03-31": "0.69500", "2017-12-31": "0.69400", "2017-09-30": "0.69400", "2017-06-30": "0.69300", "2017-03-31": "0.69200", "2016-12-31": "0.69100", "2016-09-30": "0.68900", "2016-06-30": "0.68700", "2016-03-31": "0.68700", "2015-12-31": "0.68800", "2015-09-30": "0.68800", "2015-06-30": "0.68600", "2015-03-31": "0.68200", "2014-12-31": "0.68000", "2014-09-30": "0.67800", "2014-06-30": "0.67600", "2014-03-31": "0.67400", "2013-12-31": "0.67200", "2013-09-30": "0.33400", "2013-06-30": "0.33300", "2013-03-31": "0.33100", "2012-12-31": "0.33000", "2012-09-30": "0.32900", "2012-06-30": "0.32700", "2012-03-31": "0.32600", "2011-12-31": "0.32500", "2011-09-30": "0.32400", "2011-06-30": "0.32300", "2011-03-31": "0.32200", "2010-12-31": "0.32100", "2010-09-30": "0.31900", "2010-06-30": "0.31900", "2010-03-31": "0.31800", "2009-12-31": "0.31800", "2009-09-30": "0.31700", "2009-06-30": "0.31600", "2009-03-31": "0.31600", "2008-12-31": "0.31500", "2008-09-30": "0.31500", "2008-06-30": "0.31400", "2008-03-31": "0.31400", "2007-12-31": "0.31300", "2007-09-30": "0.31200", "2007-06-30": "0.31100", "2007-03-31": "0.31000", "2006-12-31": "0.30900", "2006-09-30": "0.30400", "2006-06-30": "0.30300", "2006-03-31": "0.29500", "2005-12-31": "0.29300", "2005-09-30": "0.29000", "2005-06-30": "0.27300", "2005-03-31": "0.27100"}, "Retained Earnings (Accumulated Deficit)": {"2020-12-31": "163401.00000", "2020-09-30": "155567.00000", "2020-06-30": "151681.00000", "2020-03-31": "151068.00000", "2019-12-31": "152122.00000", "2019-09-30": "147125.00000", "2019-06-30": "145346.00000", "2019-03-31": "138720.00000", "2018-12-31": "134885.00000", "2018-09-30": "128405.00000", "2018-06-30": "121282.00000", "2018-03-31": "120008.00000", "2017-12-31": "113247.00000", "2017-09-30": "118237.00000", "2017-06-30": "111505.00000", "2017-03-31": "109420.00000", "2016-12-31": "105131.00000", "2016-09-30": "99798.00000", "2016-06-30": "94737.00000", "2016-03-31": "91168.00000", "2015-12-31": "89223.00000", "2015-09-30": "85969.00000", "2015-06-30": "81990.00000", "2015-03-31": "79292.00000", "2014-12-31": "75066.00000", "2014-09-30": "70949.00000", "2014-06-30": "68136.00000", "2014-03-31": "64714.00000", "2013-12-31": "61262.00000", "2013-09-30": "57886.00000", "2013-06-30": "54916.00000", "2013-03-31": "51688.00000", "2012-12-31": "48342.00000", "2012-09-30": "45456.00000", "2012-06-30": "43280.00000", "2012-03-31": "40495.00000", "2011-12-31": "37605.00000", "2011-09-30": "34901.00000", "2011-06-30": "32172.00000", "2011-03-31": "29666.00000", "2010-12-31": "27868.00000", "2010-09-30": "25324.00000", "2010-06-30": "23158.00000", "2010-03-31": "21949.00000", "2009-12-31": "20082.00000", "2009-09-30": "18107.98000", "2009-06-30": "16469.00000", "2009-03-31": "14984.46000", "2008-12-31": "13561.63000", "2008-09-30": "13179.19000", "2008-06-30": "11889.25000", "2008-03-31": "10641.86000", "2007-12-31": "9334.77200", "2007-09-30": "8123.47800", "2007-06-30": "7053.48900", "2007-03-31": "6128.36800", "2006-12-31": "5133.31400", "2006-09-30": "4102.59700", "2006-06-30": "3369.23600", "2006-03-31": "2648.15900", "2005-12-31": "2055.86800", "2005-09-30": "1683.66000", "2005-06-30": "1302.47800", "2005-03-31": "959.66400"}, "Comprehensive Income": {"2020-12-31": "633.00000", "2020-09-30": "46.00000", "2020-06-30": "-296.00000", "2020-03-31": "-1097.00000", "2019-12-31": "-1232.00000", "2019-09-30": "-1196.00000", "2019-06-30": "-1091.00000", "2019-03-31": "-1780.00000", "2018-12-31": "-2306.00000", "2018-09-30": "-1676.00000", "2018-06-30": "-1525.00000", "2018-03-31": "-670.00000", "2017-12-31": "-992.00000", "2017-09-30": "-746.00000", "2017-06-30": "-1728.00000", "2017-03-31": "-2169.00000", "2016-12-31": "-2402.00000", "2016-09-30": "-1032.00000", "2016-06-30": "-1151.00000", "2016-03-31": "-1294.00000", "2015-12-31": "-1874.00000", "2015-09-30": "-1592.00000", "2015-06-30": "-929.00000", "2015-03-31": "-371.00000", "2014-12-31": "27.00000", "2014-09-30": "-82.00000", "2014-06-30": "502.00000", "2014-03-31": "345.00000", "2013-12-31": "125.00000", "2013-09-30": "99.00000", "2013-06-30": "-398.00000", "2013-03-31": "356.00000", "2012-12-31": "538.00000", "2012-09-30": "368.00000", "2012-06-30": "84.00000", "2012-03-31": "422.00000", "2011-12-31": "276.00000", "2011-09-30": "232.00000", "2011-06-30": "603.00000", "2011-03-31": "381.00000", "2010-12-31": "138.00000", "2010-09-30": "531.00000", "2010-06-30": "346.00000", "2010-03-31": "163.00000", "2009-12-31": "105.00000", "2009-09-30": "232.78500", "2009-06-30": "81.43400", "2009-03-31": "168.82000", "2008-12-31": "226.57900", "2008-09-30": "101.16200", "2008-06-30": "119.18100", "2008-03-31": "133.41500", "2007-12-31": "113.37300", "2007-09-30": "81.54400", "2007-06-30": "29.24800", "2007-03-31": "36.94200", "2006-12-31": "23.31100", "2006-09-30": "4.46200", "2006-06-30": "-26.92400", "2006-03-31": "-10.36300", "2005-12-31": "4.01900", "2005-09-30": "17.39800", "2005-06-30": "-10.69600", "2005-03-31": "-5.29800"}, "Other Share Holders Equity": {"2020-12-31": "", "2020-09-30": "", "2020-06-30": "", "2020-03-31": "", "2019-12-31": "", "2019-09-30": "", "2019-06-30": "", "2019-03-31": "", "2018-12-31": "", "2018-09-30": "", "2018-06-30": "", "2018-03-31": "", "2017-12-31": "", "2017-09-30": "", "2017-06-30": "", "2017-03-31": "", "2016-12-31": "", "2016-09-30": "", "2016-06-30": "", "2016-03-31": "", "2015-12-31": "", "2015-09-30": "", "2015-06-30": "", "2015-03-31": "", "2014-12-31": "", "2014-09-30": "", "2014-06-30": "", "2014-03-31": "", "2013-12-31": "", "2013-09-30": "", "2013-06-30": "", "2013-03-31": "", "2012-12-31": "", "2012-09-30": "", "2012-06-30": "", "2012-03-31": "", "2011-12-31": "", "2011-09-30": "", "2011-06-30": "", "2011-03-31": "", "2010-12-31": "", "2010-09-30": "", "2010-06-30": "", "2010-03-31": "", "2009-12-31": "", "2009-09-30": "", "2009-06-30": "", "2009-03-31": "", "2008-12-31": "", "2008-09-30": "", "2008-06-30": "", "2008-03-31": "", "2007-12-31": "", "2007-09-30": "", "2007-06-30": "", "2007-03-31": "", "2006-12-31": "", "2006-09-30": "", "2006-06-30": "", "2006-03-31": "", "2005-12-31": "", "2005-09-30": "", "2005-06-30": "", "2005-03-31": ""}, "Share Holder Equity": {"2020-12-31": "222544.00000", "2020-09-30": "212920.00000", "2020-06-30": "207322.00000", "2020-03-31": "203659.00000", "2019-12-31": "201442.00000", "2019-09-30": "194969.00000", "2019-06-30": "192192.00000", "2019-03-31": "183472.00000", "2018-12-31": "177628.00000", "2018-09-30": "169840.00000", "2018-06-30": "162000.00000", "2018-03-31": "160825.00000", "2017-12-31": "152502.00000", "2017-09-30": "157100.00000", "2017-06-30": "148286.00000", "2017-03-31": "144949.00000", "2016-12-31": "139036.00000", "2016-09-30": "134103.00000", "2016-06-30": "127879.00000", "2016-03-31": "123569.00000", "2015-12-31": "120331.00000", "2015-09-30": "116241.00000", "2015-06-30": "111783.00000", "2015-03-31": "108448.00000", "2014-12-31": "103860.00000", "2014-09-30": "98815.00000", "2014-06-30": "95749.00000", "2014-03-31": "91711.00000", "2013-12-31": "87309.00000", "2013-09-30": "82989.00000", "2013-06-30": "78852.00000", "2013-03-31": "75473.00000", "2012-12-31": "71715.00000", "2012-09-30": "68028.00000", "2012-06-30": "64721.00000", "2012-03-31": "61712.00000", "2011-12-31": "58145.00000", "2011-09-30": "54830.00000", "2011-06-30": "51991.00000", "2011-03-31": "48851.00000", "2010-12-31": "46241.00000", "2010-09-30": "43290.00000", "2010-06-30": "40613.00000", "2010-03-31": "38283.00000", "2009-12-31": "36004.00000", "2009-09-30": "33721.75000", "2009-06-30": "31594.85000", "2009-03-31": "29848.10000", "2008-12-31": "28238.86000", "2008-09-30": "27474.86000", "2008-06-30": "25913.02000", "2008-03-31": "24337.54000", "2007-12-31": "22689.68000", "2007-09-30": "21036.77000", "2007-06-30": "19659.61000", "2007-03-31": "18377.21000", "2006-12-31": "17039.84000", "2006-09-30": "14397.09000", "2006-06-30": "13357.01000", "2006-03-31": "10243.27000", "2005-12-31": "9418.95700", "2005-09-30": "8793.06800", "2005-06-30": "3953.85700", "2005-03-31": "3426.86200"}, "Total Liabilities And Share Holders Equity": {"2020-12-31": "319616.00000", "2020-09-30": "299243.00000", "2020-06-30": "278492.00000", "2020-03-31": "273403.00000", "2019-12-31": "275909.00000", "2019-09-30": "263044.00000", "2019-06-30": "257101.00000", "2019-03-31": "245349.00000", "2018-12-31": "232792.00000", "2018-09-30": "221538.00000", "2018-06-30": "211610.00000", "2018-03-31": "206935.00000", "2017-12-31": "197295.00000", "2017-09-30": "189536.00000", "2017-06-30": "178621.00000", "2017-03-31": "172756.00000", "2016-12-31": "167497.00000", "2016-09-30": "159948.00000", "2016-06-30": "154292.00000", "2016-03-31": "149747.00000", "2015-12-31": "147461.00000", "2015-09-30": "144281.00000", "2015-06-30": "138807.00000", "2015-03-31": "133400.00000", "2014-12-31": "129187.00000", "2014-09-30": "125781.00000", "2014-06-30": "121608.00000", "2014-03-31": "116526.00000", "2013-12-31": "110920.00000", "2013-09-30": "105068.00000", "2013-06-30": "101182.00000", "2013-03-31": "96692.00000", "2012-12-31": "93798.00000", "2012-09-30": "89730.00000", "2012-06-30": "86051.00000", "2012-03-31": "77144.00000", "2011-12-31": "72574.00000", "2011-09-30": "69088.00000", "2011-06-30": "64861.00000", "2011-03-31": "59960.00000", "2010-12-31": "57851.00000", "2010-09-30": "53342.00000", "2010-06-30": "48045.00000", "2010-03-31": "42871.00000", "2009-12-31": "40497.00000", "2009-09-30": "37702.84000", "2009-06-30": "35158.76000", "2009-03-31": "33513.03000", "2008-12-31": "31767.57000", "2008-09-30": "30806.97000", "2008-06-30": "29179.79000", "2008-03-31": "27604.98000", "2007-12-31": "25335.81000", "2007-09-30": "23340.65000", "2007-06-30": "21423.88000", "2007-03-31": "20015.44000", "2006-12-31": "18473.35000", "2006-09-30": "15693.23000", "2006-06-30": "14396.01000", "2006-03-31": "11294.87000", "2005-12-31": "10271.81000", "2005-09-30": "9451.00100", "2005-06-30": "4497.71800", "2005-03-31": "3865.19900"}}, "cash flow statement": {"Net Income/Loss": {"2020-12-31": "40269.00000", "2019-12-31": "34343.00000", "2018-12-31": "30736.00000", "2017-12-31": "12662.00000", "2016-12-31": "19478.00000", "2015-12-31": "16348.00000", "2014-12-31": "14136.00000", "2013-12-31": "12733.00000", "2012-12-31": "10737.00000", "2011-12-31": "9737.00000", "2010-12-31": "8505.00000", "2009-12-31": "6520.00000", "2008-12-31": "4227.00000", "2007-12-31": "4203.72000", "2006-12-31": "3077.44600", "2005-12-31": "1465.39700"}, "Total Depreciation And Amortization - Cash Flow": {"2020-12-31": "13697.00000", "2019-12-31": "11781.00000", "2018-12-31": "9035.00000", "2017-12-31": "6915.00000", "2016-12-31": "6144.00000", "2015-12-31": "5063.00000", "2014-12-31": "4979.00000", "2013-12-31": "3939.00000", "2012-12-31": "2962.00000", "2011-12-31": "1851.00000", "2010-12-31": "1396.00000", "2009-12-31": "1524.00000", "2008-12-31": "1500.00000", "2007-12-31": "967.65800", "2006-12-31": "571.93900", "2005-12-31": "293.81200"}, "Other Non-Cash Items": {"2020-12-31": "9331.00000", "2019-12-31": "7577.00000", "2018-12-31": "3292.00000", "2017-12-31": "8268.00000", "2016-12-31": "7114.00000", "2015-12-31": "5570.00000", "2014-12-31": "3237.00000", "2013-12-31": "1831.00000", "2012-12-31": "2022.00000", "2011-12-31": "2347.00000", "2010-12-31": "1279.00000", "2009-12-31": "786.00000", "2008-12-31": "1799.00000", "2007-12-31": "285.48700", "2006-12-31": "-209.62600", "2005-12-31": "677.63600"}, "Total Non-Cash Items": {"2020-12-31": "23028.00000", "2019-12-31": "19358.00000", "2018-12-31": "12327.00000", "2017-12-31": "15183.00000", "2016-12-31": "13258.00000", "2015-12-31": "10633.00000", "2014-12-31": "8216.00000", "2013-12-31": "5770.00000", "2012-12-31": "4984.00000", "2011-12-31": "4198.00000", "2010-12-31": "2675.00000", "2009-12-31": "2310.00000", "2008-12-31": "3299.00000", "2007-12-31": "1253.14500", "2006-12-31": "362.31290", "2005-12-31": "971.44800"}, "Change In Accounts Receivable": {"2020-12-31": "-6524.00000", "2019-12-31": "-4340.00000", "2018-12-31": "-2169.00000", "2017-12-31": "-3768.00000", "2016-12-31": "-2578.00000", "2015-12-31": "-2094.00000", "2014-12-31": "-1641.00000", "2013-12-31": "-1307.00000", "2012-12-31": "-787.00000", "2011-12-31": "-1156.00000", "2010-12-31": "-1129.00000", "2009-12-31": "-504.00000", "2008-12-31": "-334.00000", "2007-12-31": "-837.24700", "2006-12-31": "-624.01200", "2005-12-31": "-372.29000"}, "Change In Inventories": {"2020-12-31": "", "2019-12-31": "", "2018-12-31": "", "2017-12-31": "", "2016-12-31": "", "2015-12-31": "", "2014-12-31": "", "2013-12-31": "", "2012-12-31": "", "2011-12-31": "-30.00000", "2010-12-31": "", "2009-12-31": "", "2008-12-31": "", "2007-12-31": "", "2006-12-31": "", "2005-12-31": ""}, "Change In Accounts Payable": {"2020-12-31": "694.00000", "2019-12-31": "428.00000", "2018-12-31": "1067.00000", "2017-12-31": "731.00000", "2016-12-31": "110.00000", "2015-12-31": "203.00000", "2014-12-31": "436.00000", "2013-12-31": "605.00000", "2012-12-31": "-499.00000", "2011-12-31": "101.00000", "2010-12-31": "272.00000", "2009-12-31": "34.00000", "2008-12-31": "-212.00000", "2007-12-31": "70.13500", "2006-12-31": "95.40200", "2005-12-31": "80.63100"}, "Change In Assets/Liabilities": {"2020-12-31": "-695.00000", "2019-12-31": "-584.00000", "2018-12-31": "-836.00000", "2017-12-31": "-1774.00000", "2016-12-31": "535.00000", "2015-12-31": "-275.00000", "2014-12-31": "284.00000", "2013-12-31": "-697.00000", "2012-12-31": "-369.00000", "2011-12-31": "-70.00000", "2010-12-31": "-303.00000", "2009-12-31": "338.00000", "2008-12-31": "-106.00000", "2007-12-31": "-228.36000", "2006-12-31": "-258.35600", "2005-12-31": "-12.11200"}, "Total Change In Assets/Liabilities": {"2020-12-31": "1827.00000", "2019-12-31": "819.00000", "2018-12-31": "4908.00000", "2017-12-31": "9246.00000", "2016-12-31": "3300.00000", "2015-12-31": "-409.00000", "2014-12-31": "672.00000", "2013-12-31": "156.00000", "2012-12-31": "898.00000", "2011-12-31": "630.00000", "2010-12-31": "-99.00000", "2009-12-31": "486.00000", "2008-12-31": "327.00000", "2007-12-31": "318.54500", "2006-12-31": "140.74890", "2005-12-31": "22.57700"}, "Cash Flow From Operating Activities": {"2020-12-31": "65124.00000", "2019-12-31": "54520.00000", "2018-12-31": "47971.00000", "2017-12-31": "37091.00000", "2016-12-31": "36036.00000", "2015-12-31": "26572.00000", "2014-12-31": "23024.00000", "2013-12-31": "18659.00000", "2012-12-31": "16619.00000", "2011-12-31": "14565.00000", "2010-12-31": "11081.00000", "2009-12-31": "9316.00000", "2008-12-31": "7853.00000", "2007-12-31": "5775.41000", "2006-12-31": "3580.50800", "2005-12-31": "2459.42200"}, "Net Change In Property, Plant, And Equipment": {"2020-12-31": "-22281.00000", "2019-12-31": "-23548.00000", "2018-12-31": "-25139.00000", "2017-12-31": "-13184.00000", "2016-12-31": "-9972.00000", "2015-12-31": "-9915.00000", "2014-12-31": "-10959.00000", "2013-12-31": "-7358.00000", "2012-12-31": "-3273.00000", "2011-12-31": "-3438.00000", "2010-12-31": "-4018.00000", "2009-12-31": "-810.00000", "2008-12-31": "-2359.00000", "2007-12-31": "-2402.84000", "2006-12-31": "-1902.79800", "2005-12-31": "-838.21700"}, "Net Change In Intangible Assets": {"2020-12-31": "", "2019-12-31": "", "2018-12-31": "", "2017-12-31": "", "2016-12-31": "", "2015-12-31": "", "2014-12-31": "", "2013-12-31": "", "2012-12-31": "", "2011-12-31": "", "2010-12-31": "", "2009-12-31": "", "2008-12-31": "", "2007-12-31": "", "2006-12-31": "", "2005-12-31": ""}, "Net Acquisitions/Divestitures": {"2020-12-31": "-738.00000", "2019-12-31": "-2515.00000", "2018-12-31": "-1491.00000", "2017-12-31": "-287.00000", "2016-12-31": "-986.00000", "2015-12-31": "-236.00000", "2014-12-31": "-4502.00000", "2013-12-31": "1077.00000", "2012-12-31": "-10568.00000", "2011-12-31": "-1900.00000", "2010-12-31": "-1067.00000", "2009-12-31": "-108.00000", "2008-12-31": "-3320.00000", "2007-12-31": "-906.65100", "2006-12-31": "-402.44600", "2005-12-31": "-101.31000"}, "Net Change In Short-term Investments": {"2020-12-31": "-3670.00000", "2019-12-31": "-2490.00000", "2018-12-31": "-1651.00000", "2017-12-31": "-18236.00000", "2016-12-31": "-17614.00000", "2015-12-31": "-11463.00000", "2014-12-31": "-4995.00000", "2013-12-31": "-7130.00000", "2012-12-31": "1770.00000", "2011-12-31": "-12926.00000", "2010-12-31": "-6886.00000", "2009-12-31": "-7036.00000", "2008-12-31": "407.00000", "2007-12-31": "-337.58660", "2006-12-31": "-3574.75900", "2005-12-31": "-2418.66600"}, "Net Change In Long-Term Investments": {"2020-12-31": "-6152.00000", "2019-12-31": "-1527.00000", "2018-12-31": "-321.00000", "2017-12-31": "-1212.00000", "2016-12-31": "-165.00000", "2015-12-31": "-1747.00000", "2014-12-31": "-2002.00000", "2013-12-31": "31.00000", "2012-12-31": "-651.00000", "2011-12-31": "-423.00000", "2010-12-31": "-1070.00000", "2009-12-31": "-65.00000", "2008-12-31": "-47.00000", "2007-12-31": "-34.51100", "2006-12-31": "-1019.14700", "2005-12-31": ""}, "Net Change In Investments - Total": {"2020-12-31": "-9822.00000", "2019-12-31": "-4017.00000", "2018-12-31": "-1972.00000", "2017-12-31": "-19448.00000", "2016-12-31": "-17779.00000", "2015-12-31": "-13210.00000", "2014-12-31": "-6997.00000", "2013-12-31": "-7099.00000", "2012-12-31": "1119.00000", "2011-12-31": "-13349.00000", "2010-12-31": "-7956.00000", "2009-12-31": "-7101.00000", "2008-12-31": "360.00000", "2007-12-31": "-372.09760", "2006-12-31": "-4593.90500", "2005-12-31": "-2418.66600"}, "Investing Activities - Other": {"2020-12-31": "68.00000", "2019-12-31": "589.00000", "2018-12-31": "98.00000", "2017-12-31": "1518.00000", "2016-12-31": "-2428.00000", "2015-12-31": "-350.00000", "2014-12-31": "1403.00000", "2013-12-31": "-299.00000", "2012-12-31": "-334.00000", "2011-12-31": "-354.00000", "2010-12-31": "2361.00000", "2009-12-31": "", "2008-12-31": "", "2007-12-31": "", "2006-12-31": "", "2005-12-31": ""}, "Cash Flow From Investing Activities": {"2020-12-31": "-32773.00000", "2019-12-31": "-29491.00000", "2018-12-31": "-28504.00000", "2017-12-31": "-31401.00000", "2016-12-31": "-31165.00000", "2015-12-31": "-23711.00000", "2014-12-31": "-21055.00000", "2013-12-31": "-13679.00000", "2012-12-31": "-13056.00000", "2011-12-31": "-19041.00000", "2010-12-31": "-10680.00000", "2009-12-31": "-8019.00000", "2008-12-31": "-5319.00000", "2007-12-31": "-3681.58900", "2006-12-31": "-6899.15000", "2005-12-31": "-3358.19300"}, "Net Long-Term Debt": {"2020-12-31": "9661.00000", "2019-12-31": "-268.00000", "2018-12-31": "-61.00000", "2017-12-31": "-86.00000", "2016-12-31": "-1335.00000", "2015-12-31": "-23.00000", "2014-12-31": "-18.00000", "2013-12-31": "-557.00000", "2012-12-31": "1328.00000", "2011-12-31": "726.00000", "2010-12-31": "3463.00000", "2009-12-31": "", "2008-12-31": "", "2007-12-31": "", "2006-12-31": "", "2005-12-31": "-1.42500"}, "Net Current Debt": {"2020-12-31": "", "2019-12-31": "", "2018-12-31": "", "2017-12-31": "", "2016-12-31": "", "2015-12-31": "", "2014-12-31": "", "2013-12-31": "", "2012-12-31": "", "2011-12-31": "", "2010-12-31": "", "2009-12-31": "", "2008-12-31": "", "2007-12-31": "", "2006-12-31": "", "2005-12-31": ""}, "Debt Issuance/Retirement Net - Total": {"2020-12-31": "9661.00000", "2019-12-31": "-268.00000", "2018-12-31": "-61.00000", "2017-12-31": "-86.00000", "2016-12-31": "-1335.00000", "2015-12-31": "-23.00000", "2014-12-31": "-18.00000", "2013-12-31": "-557.00000", "2012-12-31": "1328.00000", "2011-12-31": "726.00000", "2010-12-31": "3463.00000", "2009-12-31": "", "2008-12-31": "", "2007-12-31": "", "2006-12-31": "", "2005-12-31": "-1.42500"}, "Net Common Equity Issued/Repurchased": {"2020-12-31": "-28349.00000", "2019-12-31": "-18176.00000", "2018-12-31": "-8125.00000", "2017-12-31": "-4046.00000", "2016-12-31": "-3693.00000", "2015-12-31": "-1780.00000", "2014-12-31": "", "2013-12-31": "", "2012-12-31": "", "2011-12-31": "", "2010-12-31": "-801.00000", "2009-12-31": "", "2008-12-31": "", "2007-12-31": "", "2006-12-31": "2063.54900", "2005-12-31": "4287.22900"}, "Net Total Equity Issued/Repurchased": {"2020-12-31": "-28349.00000", "2019-12-31": "-18176.00000", "2018-12-31": "-8125.00000", "2017-12-31": "-4046.00000", "2016-12-31": "-3693.00000", "2015-12-31": "-1780.00000", "2014-12-31": "", "2013-12-31": "", "2012-12-31": "", "2011-12-31": "", "2010-12-31": "-801.00000", "2009-12-31": "", "2008-12-31": "", "2007-12-31": "", "2006-12-31": "2063.54900", "2005-12-31": "4287.22900"}, "Total Common And Preferred Stock Dividends Paid": {"2020-12-31": "", "2019-12-31": "", "2018-12-31": "", "2017-12-31": "", "2016-12-31": "", "2015-12-31": "", "2014-12-31": "", "2013-12-31": "", "2012-12-31": "", "2011-12-31": "", "2010-12-31": "", "2009-12-31": "", "2008-12-31": "", "2007-12-31": "", "2006-12-31": "", "2005-12-31": ""}, "Financial Activities - Other": {"2020-12-31": "-5720.00000", "2019-12-31": "-4765.00000", "2018-12-31": "-4993.00000", "2017-12-31": "-4166.00000", "2016-12-31": "-3304.00000", "2015-12-31": "-2422.00000", "2014-12-31": "-2069.00000", "2013-12-31": "-300.00000", "2012-12-31": "-99.00000", "2011-12-31": "81.00000", "2010-12-31": "388.00000", "2009-12-31": "233.00000", "2008-12-31": "87.00000", "2007-12-31": "403.06700", "2006-12-31": "902.84900", "2005-12-31": "85.02600"}, "Cash Flow From Financial Activities": {"2020-12-31": "-24408.00000", "2019-12-31": "-23209.00000", "2018-12-31": "-13179.00000", "2017-12-31": "-8298.00000", "2016-12-31": "-8332.00000", "2015-12-31": "-4225.00000", "2014-12-31": "-2087.00000", "2013-12-31": "-857.00000", "2012-12-31": "1229.00000", "2011-12-31": "807.00000", "2010-12-31": "3050.00000", "2009-12-31": "233.00000", "2008-12-31": "87.00000", "2007-12-31": "403.06700", "2006-12-31": "2966.39800", "2005-12-31": "4370.83000"}, "Net Cash Flow": {"2020-12-31": "7967.00000", "2019-12-31": "1797.00000", "2018-12-31": "5986.00000", "2017-12-31": "-2203.00000", "2016-12-31": "-3631.00000", "2015-12-31": "-1798.00000", "2014-12-31": "-551.00000", "2013-12-31": "4120.00000", "2012-12-31": "4795.00000", "2011-12-31": "-3647.00000", "2010-12-31": "3432.00000", "2009-12-31": "1541.00000", "2008-12-31": "2575.00000", "2007-12-31": "2536.92200", "2006-12-31": "-332.50300", "2005-12-31": "3450.30100"}, "Stock-Based Compensation": {"2020-12-31": "12991.00000", "2019-12-31": "10794.00000", "2018-12-31": "9353.00000", "2017-12-31": "7679.00000", "2016-12-31": "6703.00000", "2015-12-31": "5203.00000", "2014-12-31": "4279.00000", "2013-12-31": "3343.00000", "2012-12-31": "2692.00000", "2011-12-31": "1974.00000", "2010-12-31": "1376.00000", "2009-12-31": "1164.00000", "2008-12-31": "1120.00000", "2007-12-31": "868.64600", "2006-12-31": "458.10000", "2005-12-31": "200.70900"}, "Common Stock Dividends Paid": {"2020-12-31": "", "2019-12-31": "", "2018-12-31": "", "2017-12-31": "", "2016-12-31": "", "2015-12-31": "", "2014-12-31": "", "2013-12-31": "", "2012-12-31": "", "2011-12-31": "", "2010-12-31": "", "2009-12-31": "", "2008-12-31": "", "2007-12-31": "", "2006-12-31": "", "2005-12-31": ""}}, "cash flow statement, quarterly": {"Net Income/Loss": {"2020-12-31": 15227, "2020-09-30": 11247, "2020-06-30": 6959, "2020-03-31": "6836.00000", "2019-12-31": 10671, "2019-09-30": 7068, "2019-06-30": 9947, "2019-03-31": "6657.00000", "2018-12-31": 8948, "2018-09-30": 9192, "2018-06-30": 3195, "2018-03-31": "9401.00000", "2017-12-31": -3020, "2017-09-30": 6732, "2017-06-30": 3524, "2017-03-31": "5426.00000", "2016-12-31": 5333, "2016-09-30": 5061, "2016-06-30": 4877, "2016-03-31": "4207.00000", "2015-12-31": 4923, "2015-09-30": 3979, "2015-06-30": 3931, "2015-03-31": "3515.00000", "2014-12-31": 4675, "2014-09-30": 2739, "2014-06-30": 3270, "2014-03-31": "3452.00000", "2013-12-31": 3189, "2013-09-30": 2970, "2013-06-30": 3228, "2013-03-31": "3346.00000", "2012-12-31": 2886, "2012-09-30": 2176, "2012-06-30": 2785, "2012-03-31": "2890.00000", "2011-12-31": 2704, "2011-09-30": 2729, "2011-06-30": 2506, "2011-03-31": "1798.00000", "2010-12-31": 2543, "2010-09-30": 2167, "2010-06-30": 1840, "2010-03-31": "1955.00000", "2009-12-31": 1974, "2009-09-30": 1639, "2009-06-30": 1484, "2009-03-31": "1423.00000", "2008-12-31": 382.584, "2008-09-30": 1289.939, "2008-06-30": 1247.391, "2008-03-31": "1307.08600", "2007-12-31": 1206.449, "2007-09-30": 1069.989, "2007-06-30": 925.12, "2007-03-31": "1002.16200", "2006-12-31": 1030.717, "2006-09-30": 733.361, "2006-06-30": 721.077, "2006-03-31": "592.29100", "2005-12-31": 372.208, "2005-09-30": 381.182, "2005-06-30": 342.814, "2005-03-31": "369.19300"}, "Total Depreciation And Amortization - Cash Flow": {"2020-12-31": 3725, "2020-09-30": 3478, "2020-06-30": 3386, "2020-03-31": "3108.00000", "2019-12-31": 3413, "2019-09-30": 2920, "2019-06-30": 2835, "2019-03-31": "2613.00000", "2018-12-31": 2580, "2018-09-30": 2355, "2018-06-30": 2114, "2018-03-31": "1986.00000", "2017-12-31": 2026, "2017-09-30": 1761, "2017-06-30": 1625, "2017-03-31": "1503.00000", "2016-12-31": 1687, "2016-09-30": 1596, "2016-06-30": 1490, "2016-03-31": "1371.00000", "2015-12-31": 1404, "2015-09-30": 1248, "2015-06-30": 1234, "2015-03-31": "1177.00000", "2014-12-31": 1267, "2014-09-30": 1547, "2014-06-30": 1079, "2014-03-31": "1086.00000", "2013-12-31": 1036, "2013-09-30": 974, "2013-06-30": 1030, "2013-03-31": "899.00000", "2012-12-31": 953, "2012-09-30": 828, "2012-06-30": 670, "2012-03-31": "511.00000", "2011-12-31": 503, "2011-09-30": 492, "2011-06-30": 455, "2011-03-31": "401.00000", "2010-12-31": 381, "2010-09-30": 342, "2010-06-30": 342, "2010-03-31": "331.00000", "2009-12-31": 365, "2009-09-30": 379, "2009-06-30": 377, "2009-03-31": "403.00000", "2008-12-31": 385.623, "2008-09-30": 386.246, "2008-06-30": 391.607, "2008-03-31": "336.52400", "2007-12-31": 289.936, "2007-09-30": 249.375, "2007-06-30": 223.355, "2007-03-31": "204.99200", "2006-12-31": 189.25, "2006-09-30": 145.31, "2006-06-30": 126.221, "2006-03-31": "111.15800", "2005-12-31": 94.725, "2005-09-30": 75.965, "2005-06-30": 66.929, "2005-03-31": "56.19300"}, "Other Non-Cash Items": {"2020-12-31": 2023, "2020-09-30": 1522, "2020-06-30": 1321, "2020-03-31": "4465.00000", "2019-12-31": 1565, "2019-09-30": 3793, "2019-06-30": 582, "2019-03-31": "1637.00000", "2018-12-31": 964, "2018-09-30": 1795, "2018-06-30": 1343, "2018-03-31": "-810.00000", "2017-12-31": 1935, "2017-09-30": 1665, "2017-06-30": 1970, "2017-03-31": "2698.00000", "2016-12-31": 1817, "2016-09-30": 1551, "2016-06-30": 1494, "2016-03-31": "2252.00000", "2015-12-31": 2180, "2015-09-30": 1056, "2015-06-30": 983, "2015-03-31": "1351.00000", "2014-12-31": 1330, "2014-09-30": 809, "2014-06-30": 456, "2014-03-31": "642.00000", "2013-12-31": 228, "2013-09-30": 725, "2013-06-30": 25, "2013-03-31": "853.00000", "2012-12-31": 348, "2012-09-30": 568, "2012-06-30": 292, "2012-03-31": "814.00000", "2011-12-31": 442, "2011-09-30": 553, "2011-06-30": 619, "2011-03-31": "733.00000", "2010-12-31": 326, "2010-09-30": 386, "2010-06-30": 299, "2010-03-31": "268.00000", "2009-12-31": 276, "2009-09-30": 112, "2009-06-30": 187, "2009-03-31": "211.00000", "2008-12-31": 1219.261, "2008-09-30": 251.711, "2008-06-30": 181.467, "2008-03-31": "146.56100", "2007-12-31": 92.453, "2007-09-30": 129.935, "2007-06-30": 21.105, "2007-03-31": "41.99400", "2006-12-31": -215.031, "2006-09-30": 35.679, "2006-06-30": -71.653, "2006-03-31": "41.37900", "2005-12-31": 242.569, "2005-09-30": 142.658, "2005-06-30": 166.124, "2005-03-31": "126.28500"}, "Total Non-Cash Items": {"2020-12-31": 5748, "2020-09-30": 5000, "2020-06-30": 4707, "2020-03-31": "7573.00000", "2019-12-31": 4978, "2019-09-30": 6713, "2019-06-30": 3417, "2019-03-31": "4250.00000", "2018-12-31": 3544, "2018-09-30": 4150, "2018-06-30": 3457, "2018-03-31": "1176.00000", "2017-12-31": 3961, "2017-09-30": 3426, "2017-06-30": 3595, "2017-03-31": "4201.00000", "2016-12-31": 3504, "2016-09-30": 3147, "2016-06-30": 2984, "2016-03-31": "3623.00000", "2015-12-31": 3584, "2015-09-30": 2304, "2015-06-30": 2217, "2015-03-31": "2528.00000", "2014-12-31": 2597, "2014-09-30": 2356, "2014-06-30": 1535, "2014-03-31": "1728.00000", "2013-12-31": 1264, "2013-09-30": 1699, "2013-06-30": 1055, "2013-03-31": "1752.00000", "2012-12-31": 1301, "2012-09-30": 1396, "2012-06-30": 962, "2012-03-31": "1325.00000", "2011-12-31": 945, "2011-09-30": 1045, "2011-06-30": 1074, "2011-03-31": "1134.00000", "2010-12-31": 707, "2010-09-30": 728, "2010-06-30": 641, "2010-03-31": "599.00000", "2009-12-31": 641, "2009-09-30": 491, "2009-06-30": 564, "2009-03-31": "614.00000", "2008-12-31": 1604.884, "2008-09-30": 637.957, "2008-06-30": 573.074, "2008-03-31": "483.08500", "2007-12-31": 382.389, "2007-09-30": 379.31, "2007-06-30": 244.46, "2007-03-31": "246.98600", "2006-12-31": -25.7811, "2006-09-30": 180.989, "2006-06-30": 54.568, "2006-03-31": "152.53700", "2005-12-31": 337.2941, "2005-09-30": 218.6229, "2005-06-30": 233.053, "2005-03-31": "182.47800"}, "Change In Accounts Receivable": {"2020-12-31": -5445, "2020-09-30": -3601, "2020-06-30": -80, "2020-03-31": "2602.00000", "2019-12-31": -4365, "2019-09-30": -1, "2019-06-30": -1146, "2019-03-31": "1172.00000", "2018-12-31": -2887, "2018-09-30": -670, "2018-06-30": -312, "2018-03-31": "1700.00000", "2017-12-31": -3049, "2017-09-30": -1150, "2017-06-30": -836, "2017-03-31": "1267.00000", "2016-12-31": -2279, "2016-09-30": -282, "2016-06-30": -835, "2016-03-31": "818.00000", "2015-12-31": -1758, "2015-09-30": -267, "2015-06-30": -767, "2015-03-31": "698.00000", "2014-12-31": -1151, "2014-09-30": -36, "2014-06-30": -721, "2014-03-31": "267.00000", "2013-12-31": -853, "2013-09-30": -516, "2013-06-30": -194, "2013-03-31": "256.00000", "2012-12-31": -559, "2012-09-30": -307, "2012-06-30": -222, "2012-03-31": "301.00000", "2011-12-31": -909, "2011-09-30": -223, "2011-06-30": -205, "2011-03-31": "181.00000", "2010-12-31": -673, "2010-09-30": -259, "2010-06-30": -243, "2010-03-31": "46.00000", "2009-12-31": -377, "2009-09-30": -85, "2009-06-30": -139, "2009-03-31": "97.00000", "2008-12-31": -115.674, "2008-09-30": 78.05, "2008-06-30": -72.883, "2008-03-31": "-223.49300", "2007-12-31": -277.822, "2007-09-30": -234.391, "2007-06-30": -171.472, "2007-03-31": "-153.56200", "2006-12-31": -280.656, "2006-09-30": -150.145, "2006-06-30": -37.99, "2006-03-31": "-155.22100", "2005-12-31": -147.207, "2005-09-30": -120.496, "2005-06-30": -44.518, "2005-03-31": "-60.06900"}, "Change In Inventories": {"2020-12-31": 0, "2020-09-30": 0, "2020-06-30": 0, "2020-03-31": "", "2019-12-31": 0, "2019-09-30": 0, "2019-06-30": 0, "2019-03-31": "", "2018-12-31": 0, "2018-09-30": 0, "2018-06-30": 0, "2018-03-31": "", "2017-12-31": 0, "2017-09-30": 0, "2017-06-30": 0, "2017-03-31": "", "2016-12-31": 0, "2016-09-30": 0, "2016-06-30": 0, "2016-03-31": "", "2015-12-31": 0, "2015-09-30": 0, "2015-06-30": 0, "2015-03-31": "", "2014-12-31": 0, "2014-09-30": 0, "2014-06-30": 0, "2014-03-31": "", "2013-12-31": 46, "2013-09-30": 112, "2013-06-30": -16, "2013-03-31": "-142.00000", "2012-12-31": -188, "2012-09-30": 18, "2012-06-30": 202, "2012-03-31": "-32.00000", "2011-12-31": -12, "2011-09-30": -17, "2011-06-30": -1, "2011-03-31": "", "2010-12-31": 0, "2010-09-30": 0, "2010-06-30": 0, "2010-03-31": "", "2009-12-31": 0, "2009-09-30": 0, "2009-06-30": 0, "2009-03-31": "", "2008-12-31": 0, "2008-09-30": 0, "2008-06-30": 0, "2008-03-31": "", "2007-12-31": 0, "2007-09-30": 0, "2007-06-30": 0, "2007-03-31": "", "2006-12-31": 0, "2006-09-30": 0, "2006-06-30": 0, "2006-03-31": "", "2005-12-31": 0, "2005-09-30": 0, "2005-06-30": 0, "2005-03-31": ""}, "Change In Accounts Payable": {"2020-12-31": 963, "2020-09-30": 420, "2020-06-30": 146, "2020-03-31": "-835.00000", "2019-12-31": 814, "2019-09-30": 57, "2019-06-30": -18, "2019-03-31": "-425.00000", "2018-12-31": 774, "2018-09-30": 316, "2018-06-30": -145, "2018-03-31": "122.00000", "2017-12-31": 673, "2017-09-30": -61, "2017-06-30": 16, "2017-03-31": "103.00000", "2016-12-31": -128, "2016-09-30": 459, "2016-06-30": 48, "2016-03-31": "-269.00000", "2015-12-31": 371, "2015-09-30": 230, "2015-06-30": -374, "2015-03-31": "-24.00000", "2014-12-31": 549, "2014-09-30": -127, "2014-06-30": -163, "2014-03-31": "177.00000", "2013-12-31": 320, "2013-09-30": 357, "2013-06-30": -159, "2013-03-31": "87.00000", "2012-12-31": -225, "2012-09-30": -194, "2012-06-30": -249, "2012-03-31": "169.00000", "2011-12-31": 29, "2011-09-30": -5, "2011-06-30": 50, "2011-03-31": "27.00000", "2010-12-31": -42, "2010-09-30": 115, "2010-06-30": 79, "2010-03-31": "120.00000", "2009-12-31": 25, "2009-09-30": -33, "2009-06-30": 20, "2009-03-31": "22.00000", "2008-12-31": -59.835, "2008-09-30": -191.402, "2008-06-30": -14.547, "2008-03-31": "53.78400", "2007-12-31": 49.98, "2007-09-30": 94.817, "2007-06-30": -45.406, "2007-03-31": "-29.25600", "2006-12-31": 4.204, "2006-09-30": 27.319, "2006-06-30": 33.647, "2006-03-31": "30.23200", "2005-12-31": 25.937, "2005-09-30": -18.085, "2005-06-30": 30.085, "2005-03-31": "42.69400"}, "Change In Assets/Liabilities": {"2020-12-31": -531, "2020-09-30": 47, "2020-06-30": -133, "2020-03-31": "-78.00000", "2019-12-31": 352, "2019-09-30": -670, "2019-06-30": 80, "2019-03-31": "-346.00000", "2018-12-31": 132, "2018-09-30": -507, "2018-06-30": -350, "2018-03-31": "-111.00000", "2017-12-31": 84, "2017-09-30": -1599, "2017-06-30": -242, "2017-03-31": "-17.00000", "2016-12-31": 379, "2016-09-30": -8, "2016-06-30": -39, "2016-03-31": "203.00000", "2015-12-31": -424, "2015-09-30": 121, "2015-06-30": 44, "2015-03-31": "-16.00000", "2014-12-31": -222, "2014-09-30": -13, "2014-06-30": 804, "2014-03-31": "-285.00000", "2013-12-31": -624, "2013-09-30": 291, "2013-06-30": -119, "2013-03-31": "-245.00000", "2012-12-31": 664, "2012-09-30": 101, "2012-06-30": -898, "2012-03-31": "-236.00000", "2011-12-31": -25, "2011-09-30": 33, "2011-06-30": -33, "2011-03-31": "-45.00000", "2010-12-31": 20, "2010-09-30": -160, "2010-06-30": -17, "2010-03-31": "-146.00000", "2009-12-31": -10, "2009-09-30": 248, "2009-06-30": 13, "2009-03-31": "87.00000", "2008-12-31": 42.605, "2008-09-30": 23.95, "2008-06-30": -137.765, "2008-03-31": "-34.79000", "2007-12-31": -23.229, "2007-09-30": -16.737, "2007-06-30": -4.575, "2007-03-31": "-183.81900", "2006-12-31": -1.416, "2006-09-30": -194.039, "2006-06-30": -39.418, "2006-03-31": "-23.48300", "2005-12-31": -9.179, "2005-09-30": 6.061, "2005-06-30": 16.042, "2005-03-31": "-25.03600"}, "Total Change In Assets/Liabilities": {"2020-12-31": 1702, "2020-09-30": 756, "2020-06-30": 2327, "2020-03-31": "-2958.00000", "2019-12-31": -1222, "2019-09-30": 1685, "2019-06-30": -737, "2019-03-31": "1093.00000", "2018-12-31": 495, "2018-09-30": -132, "2018-06-30": 3480, "2018-03-31": "1065.00000", "2017-12-31": 9327, "2017-09-30": -286, "2017-06-30": 284, "2017-03-31": "-79.00000", "2016-12-31": 576, "2016-09-30": 1637, "2016-06-30": 1259, "2016-03-31": "-172.00000", "2015-12-31": -1898, "2015-09-30": -138, "2015-06-30": 948, "2015-03-31": "679.00000", "2014-12-31": -260, "2014-09-30": 899, "2014-06-30": 822, "2014-03-31": "-789.00000", "2013-12-31": 785, "2013-09-30": 414, "2013-06-30": 422, "2013-03-31": "-1465.00000", "2012-12-31": 482, "2012-09-30": 432, "2012-06-30": 505, "2012-03-31": "-521.00000", "2011-12-31": 275, "2011-09-30": 176, "2011-06-30": -61, "2011-03-31": "240.00000", "2010-12-31": 276, "2010-09-30": -9, "2010-06-30": -396, "2010-03-31": "30.00000", "2009-12-31": 116, "2009-09-30": 596, "2009-06-30": -439, "2009-03-31": "213.00000", "2008-12-31": 134.974, "2008-09-30": 257.062, "2008-06-30": -54.311, "2008-03-31": "-10.72500", "2007-12-31": 104.4099, "2007-09-30": 183.3441, "2007-06-30": 60.346, "2007-03-31": "-29.55500", "2006-12-31": -94.1421, "2006-09-30": 89.974, "2006-06-30": 64.941, "2006-03-31": "79.97600", "2005-12-31": -51.068, "2005-09-30": 46.942, "2005-06-30": 48.752, "2005-03-31": "-22.04900"}, "Cash Flow From Operating Activities": {"2020-12-31": 22677, "2020-09-30": 17003, "2020-06-30": 13993, "2020-03-31": "11451.00000", "2019-12-31": 14427, "2019-09-30": 15466, "2019-06-30": 12627, "2019-03-31": "12000.00000", "2018-12-31": 12987, "2018-09-30": 13210, "2018-06-30": 10132, "2018-03-31": "11642.00000", "2017-12-31": 10268, "2017-09-30": 9872, "2017-06-30": 7403, "2017-03-31": "9548.00000", "2016-12-31": 9413, "2016-09-30": 9845, "2016-06-30": 9120, "2016-03-31": "7658.00000", "2015-12-31": 6609, "2015-09-30": 6145, "2015-06-30": 7096, "2015-03-31": "6722.00000", "2014-12-31": 7012, "2014-09-30": 5994, "2014-06-30": 5627, "2014-03-31": "4391.00000", "2013-12-31": 5238, "2013-09-30": 5083, "2013-06-30": 4705, "2013-03-31": "3633.00000", "2012-12-31": 4669, "2012-09-30": 4004, "2012-06-30": 4252, "2012-03-31": "3694.00000", "2011-12-31": 3924, "2011-09-30": 3950, "2011-06-30": 3519, "2011-03-31": "3172.00000", "2010-12-31": 3526, "2010-09-30": 2886, "2010-06-30": 2085, "2010-03-31": "2584.00000", "2009-12-31": 2731, "2009-09-30": 2726, "2009-06-30": 1609, "2009-03-31": "2250.00000", "2008-12-31": 2122.442, "2008-09-30": 2184.958, "2008-06-30": 1766.154, "2008-03-31": "1779.44600", "2007-12-31": 1693.248, "2007-09-30": 1632.643, "2007-06-30": 1229.926, "2007-03-31": "1219.59300", "2006-12-31": 910.794, "2006-09-30": 1004.324, "2006-06-30": 840.586, "2006-03-31": "824.80400", "2005-12-31": 658.434, "2005-09-30": 646.747, "2005-06-30": 624.619, "2005-03-31": "529.62200"}, "Net Change In Property, Plant, And Equipment": {"2020-12-31": -22281, "2020-09-30": 11396, "2020-06-30": -5391, "2020-03-31": "-6005.00000", "2019-12-31": -23548, "2019-09-30": 10764, "2019-06-30": -6126, "2019-03-31": "-4638.00000", "2018-12-31": -7081, "2018-09-30": -5282, "2018-06-30": -5507, "2018-03-31": "-7269.00000", "2017-12-31": -4388, "2017-09-30": -3511, "2017-06-30": -2818, "2017-03-31": "-2467.00000", "2016-12-31": -3064, "2016-09-30": -2357, "2016-06-30": -2123, "2016-03-31": "-2428.00000", "2015-12-31": -2100, "2015-09-30": -2373, "2015-06-30": -2515, "2015-03-31": "-2927.00000", "2014-12-31": -3551, "2014-09-30": -2417, "2014-06-30": -2646, "2014-03-31": "-2345.00000", "2013-12-31": -2255, "2013-09-30": -2289, "2013-06-30": -1611, "2013-03-31": "-1203.00000", "2012-12-31": -1020, "2012-09-30": -872, "2012-06-30": -774, "2012-03-31": "-607.00000", "2011-12-31": -951, "2011-09-30": -680, "2011-06-30": -917, "2011-03-31": "-890.00000", "2010-12-31": -2545, "2010-09-30": -758, "2010-06-30": -476, "2010-03-31": "-239.00000", "2009-12-31": -221, "2009-09-30": -187, "2009-06-30": -139, "2009-03-31": "-263.00000", "2008-12-31": -368.383, "2008-09-30": -451.503, "2008-06-30": -697.517, "2008-03-31": "-841.59700", "2007-12-31": -678.209, "2007-09-30": -552.64, "2007-06-30": -575.098, "2007-03-31": "-596.89300", "2006-12-31": -366.638, "2006-09-30": -492.222, "2006-06-30": -699, "2006-03-31": "-344.93800", "2005-12-31": -245.831, "2005-09-30": -292.532, "2005-06-30": -157.463, "2005-03-31": "-142.39100"}, "Net Change In Intangible Assets": {"2020-12-31": 16802, "2020-09-30": -16802, "2020-06-30": 0, "2020-03-31": "", "2019-12-31": 17496, "2019-09-30": -17496, "2019-06-30": 0, "2019-03-31": "", "2018-12-31": 0, "2018-09-30": 0, "2018-06-30": 0, "2018-03-31": "", "2017-12-31": 0, "2017-09-30": 0, "2017-06-30": 0, "2017-03-31": "", "2016-12-31": 0, "2016-09-30": 0, "2016-06-30": 0, "2016-03-31": "", "2015-12-31": 0, "2015-09-30": 0, "2015-06-30": 0, "2015-03-31": "", "2014-12-31": 0, "2014-09-30": 0, "2014-06-30": 0, "2014-03-31": "", "2013-12-31": 0, "2013-09-30": 0, "2013-06-30": 0, "2013-03-31": "", "2012-12-31": 0, "2012-09-30": 0, "2012-06-30": 0, "2012-03-31": "", "2011-12-31": 0, "2011-09-30": 0, "2011-06-30": 0, "2011-03-31": "", "2010-12-31": 0, "2010-09-30": 0, "2010-06-30": 0, "2010-03-31": "", "2009-12-31": 0, "2009-09-30": 0, "2009-06-30": 0, "2009-03-31": "", "2008-12-31": 0, "2008-09-30": 0, "2008-06-30": 0, "2008-03-31": "", "2007-12-31": 0, "2007-09-30": 0, "2007-06-30": 0, "2007-03-31": "", "2006-12-31": 0, "2006-09-30": 0, "2006-06-30": 0, "2006-03-31": "", "2005-12-31": 0, "2005-09-30": 0, "2005-06-30": 0, "2005-03-31": ""}, "Net Acquisitions/Divestitures": {"2020-12-31": -370, "2020-09-30": -13, "2020-06-30": -165, "2020-03-31": "-190.00000", "2019-12-31": -2142, "2019-09-30": -126, "2019-06-30": -148, "2019-03-31": "-99.00000", "2018-12-31": -39, "2018-09-30": -18, "2018-06-30": -184, "2018-03-31": "-1250.00000", "2017-12-31": -14, "2017-09-30": -130, "2017-06-30": -42, "2017-03-31": "-101.00000", "2016-12-31": -662, "2016-09-30": -252, "2016-06-30": -38, "2016-03-31": "-34.00000", "2015-12-31": 8, "2015-09-30": -102, "2015-06-30": -78, "2015-03-31": "-64.00000", "2014-12-31": 130, "2014-09-30": -1142, "2014-06-30": -543, "2014-03-31": "-2947.00000", "2013-12-31": -120, "2013-09-30": 147, "2013-06-30": 1301, "2013-03-31": "-251.00000", "2012-12-31": -97, "2012-09-30": -525, "2012-06-30": -9854, "2012-03-31": "-92.00000", "2011-12-31": -550, "2011-09-30": -487, "2011-06-30": -715, "2011-03-31": "-148.00000", "2010-12-31": -208, "2010-09-30": -440, "2010-06-30": -229, "2010-03-31": "-190.00000", "2009-12-31": -68, "2009-09-30": -35, "2009-06-30": -3, "2009-03-31": "-2.00000", "2008-12-31": -32.292, "2008-09-30": 24.562, "2008-06-30": -187.157, "2008-03-31": "-3125.11300", "2007-12-31": -83.559, "2007-09-30": -615.552, "2007-06-30": -173.099, "2007-03-31": "-34.44100", "2006-12-31": -144.634, "2006-09-30": -69.306, "2006-06-30": -0.542, "2006-03-31": "-187.96400", "2005-12-31": -59.562, "2005-09-30": -22.546, "2005-06-30": -14.202, "2005-03-31": "-5.00000"}, "Net Change In Short-term Investments": {"2020-12-31": 3511, "2020-09-30": -8944, "2020-06-30": -2485, "2020-03-31": "4248.00000", "2019-12-31": 3695, "2019-09-30": -2153, "2019-06-30": -4155, "2019-03-31": "123.00000", "2018-12-31": 763, "2018-09-30": -4896, "2018-06-30": 1980, "2018-03-31": "502.00000", "2017-12-31": -2115, "2017-09-30": -10683, "2017-06-30": -4681, "2017-03-31": "-757.00000", "2016-12-31": -1034, "2016-09-30": -8781, "2016-06-30": -4494, "2016-03-31": "-3305.00000", "2015-12-31": -2106, "2015-09-30": -3817, "2015-06-30": -3371, "2015-03-31": "-2169.00000", "2014-12-31": 1547, "2014-09-30": -5290, "2014-06-30": 1424, "2014-03-31": "-2676.00000", "2013-12-31": 1375, "2013-09-30": -2729, "2013-06-30": -4261, "2013-03-31": "-1515.00000", "2012-12-31": -3784, "2012-09-30": -1561, "2012-06-30": -1398, "2012-03-31": "8513.00000", "2011-12-31": -2340, "2011-09-30": -3258, "2011-06-30": -4382, "2011-03-31": "-2946.00000", "2010-12-31": 334, "2010-09-30": -2429, "2010-06-30": -1799, "2010-03-31": "-2992.00000", "2009-12-31": -4465, "2009-09-30": -2370, "2009-06-30": -66, "2009-03-31": "-135.00000", "2008-12-31": -1413.61, "2008-09-30": -674.639, "2008-06-30": -64.467, "2008-03-31": "2559.71600", "2007-12-31": -100.4401, "2007-09-30": 89.5056, "2007-06-30": -180.8559, "2007-03-31": "-145.79620", "2006-12-31": -312.341, "2006-09-30": -1542.83, "2006-06-30": -363.873, "2006-03-31": "-1355.71500", "2005-12-31": -2052.8829, "2005-09-30": 125.9879, "2005-06-30": -166.834, "2005-03-31": "-324.93700"}, "Net Change In Long-Term Investments": {"2020-12-31": -4886, "2020-09-30": -428, "2020-06-30": -526, "2020-03-31": "-312.00000", "2019-12-31": -325, "2019-09-30": -313, "2019-06-30": -81, "2019-03-31": "-808.00000", "2018-12-31": -548, "2018-09-30": -232, "2018-06-30": 288, "2018-03-31": "171.00000", "2017-12-31": -556, "2017-09-30": -80, "2017-06-30": -300, "2017-03-31": "-276.00000", "2016-12-31": 58, "2016-09-30": 410, "2016-06-30": -412, "2016-03-31": "-221.00000", "2015-12-31": -451, "2015-09-30": -97, "2015-06-30": -175, "2015-03-31": "-1024.00000", "2014-12-31": -741, "2014-09-30": -794, "2014-06-30": -349, "2014-03-31": "-118.00000", "2013-12-31": -98, "2013-09-30": 371, "2013-06-30": -206, "2013-03-31": "-36.00000", "2012-12-31": -600, "2012-09-30": -119, "2012-06-30": -24, "2012-03-31": "92.00000", "2011-12-31": 330, "2011-09-30": -140, "2011-06-30": -482, "2011-03-31": "-131.00000", "2010-12-31": 70, "2010-09-30": -910, "2010-06-30": -227, "2010-03-31": "-3.00000", "2009-12-31": -19, "2009-09-30": -18, "2009-06-30": -9, "2009-03-31": "-19.00000", "2008-12-31": -2.131, "2008-09-30": -35.377, "2008-06-30": -9.492, "2008-03-31": "", "2007-12-31": -13.223, "2007-09-30": -11, "2007-06-30": -10.288, "2007-03-31": "", "2006-12-31": -4.925, "2006-09-30": -10, "2006-06-30": -1004.222, "2006-03-31": "", "2005-12-31": 10, "2005-09-30": 0, "2005-06-30": -10, "2005-03-31": ""}, "Net Change In Investments - Total": {"2020-12-31": -1375, "2020-09-30": -9372, "2020-06-30": -3011, "2020-03-31": "3936.00000", "2019-12-31": 3370, "2019-09-30": -2466, "2019-06-30": -4236, "2019-03-31": "-685.00000", "2018-12-31": 215, "2018-09-30": -5128, "2018-06-30": 2268, "2018-03-31": "673.00000", "2017-12-31": -2671, "2017-09-30": -10763, "2017-06-30": -4981, "2017-03-31": "-1033.00000", "2016-12-31": -976, "2016-09-30": -8371, "2016-06-30": -4906, "2016-03-31": "-3526.00000", "2015-12-31": -2557, "2015-09-30": -3914, "2015-06-30": -3546, "2015-03-31": "-3193.00000", "2014-12-31": 806, "2014-09-30": -6084, "2014-06-30": 1075, "2014-03-31": "-2794.00000", "2013-12-31": 1277, "2013-09-30": -2358, "2013-06-30": -4467, "2013-03-31": "-1551.00000", "2012-12-31": -4384, "2012-09-30": -1680, "2012-06-30": -1422, "2012-03-31": "8605.00000", "2011-12-31": -2010, "2011-09-30": -3398, "2011-06-30": -4864, "2011-03-31": "-3077.00000", "2010-12-31": 404, "2010-09-30": -3339, "2010-06-30": -2026, "2010-03-31": "-2995.00000", "2009-12-31": -4484, "2009-09-30": -2388, "2009-06-30": -75, "2009-03-31": "-154.00000", "2008-12-31": -1415.741, "2008-09-30": -710.016, "2008-06-30": -73.959, "2008-03-31": "2559.71600", "2007-12-31": -113.6632, "2007-09-30": 78.5057, "2007-06-30": -191.1439, "2007-03-31": "-145.79620", "2006-12-31": -317.265, "2006-09-30": -1552.83, "2006-06-30": -1368.095, "2006-03-31": "-1355.71500", "2005-12-31": -2042.8829, "2005-09-30": 125.9879, "2005-06-30": -176.834, "2005-03-31": "-324.93700"}, "Investing Activities - Other": {"2020-12-31": -57, "2020-09-30": -406, "2020-06-30": 119, "2020-03-31": "412.00000", "2019-12-31": 121, "2019-09-30": 379, "2019-06-30": 55, "2019-03-31": "34.00000", "2018-12-31": 29, "2018-09-30": 20, "2018-06-30": 49, "2018-03-31": "", "2017-12-31": 99, "2017-09-30": 0, "2017-06-30": 669, "2017-03-31": "750.00000", "2016-12-31": 0, "2016-09-30": -2065, "2016-06-30": -106, "2016-03-31": "-257.00000", "2015-12-31": -838, "2015-09-30": 572, "2015-06-30": 1036, "2015-03-31": "-1120.00000", "2014-12-31": -626, "2014-09-30": 316, "2014-06-30": 934, "2014-03-31": "779.00000", "2013-12-31": -519, "2013-09-30": -1318, "2013-06-30": 974, "2013-03-31": "564.00000", "2012-12-31": -13, "2012-09-30": -230, "2012-06-30": -336, "2012-03-31": "245.00000", "2011-12-31": -1048, "2011-09-30": 1118, "2011-06-30": -118, "2011-03-31": "-306.00000", "2010-12-31": -500, "2010-09-30": -9, "2010-06-30": 2870, "2010-03-31": "", "2009-12-31": 0, "2009-09-30": 0, "2009-06-30": 0, "2009-03-31": "", "2008-12-31": 0, "2008-09-30": 0, "2008-06-30": 0, "2008-03-31": "", "2007-12-31": 0, "2007-09-30": 0, "2007-06-30": 0, "2007-03-31": "", "2006-12-31": 0, "2006-09-30": 0, "2006-06-30": 0, "2006-03-31": "", "2005-12-31": 0, "2005-09-30": 0, "2005-06-30": 0, "2005-03-31": ""}, "Cash Flow From Investing Activities": {"2020-12-31": -7281, "2020-09-30": -15197, "2020-06-30": -8448, "2020-03-31": "-1847.00000", "2019-12-31": -4703, "2019-09-30": -8945, "2019-06-30": -10455, "2019-03-31": "-5388.00000", "2018-12-31": -6876, "2018-09-30": -10408, "2018-06-30": -3374, "2018-03-31": "-7846.00000", "2017-12-31": -6974, "2017-09-30": -14404, "2017-06-30": -7172, "2017-03-31": "-2851.00000", "2016-12-31": -4702, "2016-09-30": -13045, "2016-06-30": -7173, "2016-03-31": "-6245.00000", "2015-12-31": -5487, "2015-09-30": -5817, "2015-06-30": -5103, "2015-03-31": "-7304.00000", "2014-12-31": -3241, "2014-09-30": -9327, "2014-06-30": -1180, "2014-03-31": "-7307.00000", "2013-12-31": -1617, "2013-09-30": -5818, "2013-06-30": -3803, "2013-03-31": "-2441.00000", "2012-12-31": -5514, "2012-09-30": -3307, "2012-06-30": -12386, "2012-03-31": "8151.00000", "2011-12-31": -4559, "2011-09-30": -3447, "2011-06-30": -6614, "2011-03-31": "-4421.00000", "2010-12-31": -2849, "2010-09-30": -4546, "2010-06-30": 139, "2010-03-31": "-3424.00000", "2009-12-31": -4773, "2009-09-30": -2610, "2009-06-30": -217, "2009-03-31": "-419.00000", "2008-12-31": -1816.416, "2008-09-30": -1136.957, "2008-06-30": -958.633, "2008-03-31": "-1406.99400", "2007-12-31": -875.432, "2007-09-30": -1089.686, "2007-06-30": -939.341, "2007-03-31": "-777.13000", "2006-12-31": -828.539, "2006-09-30": -2114.356, "2006-06-30": -2067.638, "2006-03-31": "-1888.61700", "2005-12-31": -2348.276, "2005-09-30": -189.09, "2005-06-30": -348.499, "2005-03-31": "-472.32800"}, "Net Long-Term Debt": {"2020-12-31": -57, "2020-09-30": 9802, "2020-06-30": -35, "2020-03-31": "-49.00000", "2019-12-31": -47, "2019-09-30": -145, "2019-06-30": -46, "2019-03-31": "-30.00000", "2018-12-31": -5, "2018-09-30": -25, "2018-06-30": -1344, "2018-03-31": "1313.00000", "2017-12-31": -22, "2017-09-30": -8, "2017-06-30": -38, "2017-03-31": "-18.00000", "2016-12-31": -13, "2016-09-30": -274, "2016-06-30": -1042, "2016-03-31": "-6.00000", "2015-12-31": -14, "2015-09-30": -3, "2015-06-30": -3, "2015-03-31": "-3.00000", "2014-12-31": -4, "2014-09-30": -3, "2014-06-30": -1004, "2014-03-31": "993.00000", "2013-12-31": -3, "2013-09-30": -2, "2013-06-30": -151, "2013-03-31": "-401.00000", "2012-12-31": -669, "2012-09-30": -1, "2012-06-30": 749, "2012-03-31": "1249.00000", "2011-12-31": 0, "2011-09-30": 0, "2011-06-30": 977, "2011-03-31": "-251.00000", "2010-12-31": 1342, "2010-09-30": 2121, "2010-06-30": 0, "2010-03-31": "", "2009-12-31": 0, "2009-09-30": 0, "2009-06-30": 0, "2009-03-31": "", "2008-12-31": 0, "2008-09-30": 0, "2008-06-30": 0, "2008-03-31": "", "2007-12-31": 0, "2007-09-30": 0, "2007-06-30": 0, "2007-03-31": "", "2006-12-31": 0, "2006-09-30": 0, "2006-06-30": 0, "2006-03-31": "", "2005-12-31": -0.012, "2005-09-30": 0.198, "2005-06-30": -1.019, "2005-03-31": "-0.59200"}, "Net Current Debt": {"2020-12-31": 0, "2020-09-30": 0, "2020-06-30": 0, "2020-03-31": "", "2019-12-31": 0, "2019-09-30": 0, "2019-06-30": 0, "2019-03-31": "", "2018-12-31": 0, "2018-09-30": 0, "2018-06-30": 0, "2018-03-31": "", "2017-12-31": 0, "2017-09-30": 0, "2017-06-30": 0, "2017-03-31": "", "2016-12-31": 0, "2016-09-30": 0, "2016-06-30": 0, "2016-03-31": "", "2015-12-31": 0, "2015-09-30": 0, "2015-06-30": 0, "2015-03-31": "", "2014-12-31": 0, "2014-09-30": 0, "2014-06-30": 0, "2014-03-31": "", "2013-12-31": 0, "2013-09-30": 0, "2013-06-30": 0, "2013-03-31": "", "2012-12-31": 0, "2012-09-30": 0, "2012-06-30": 0, "2012-03-31": "", "2011-12-31": 0, "2011-09-30": 0, "2011-06-30": 0, "2011-03-31": "", "2010-12-31": 0, "2010-09-30": 0, "2010-06-30": 0, "2010-03-31": "", "2009-12-31": 0, "2009-09-30": 0, "2009-06-30": 0, "2009-03-31": "", "2008-12-31": 0, "2008-09-30": 0, "2008-06-30": 0, "2008-03-31": "", "2007-12-31": 0, "2007-09-30": 0, "2007-06-30": 0, "2007-03-31": "", "2006-12-31": 0, "2006-09-30": 0, "2006-06-30": 0, "2006-03-31": "", "2005-12-31": 0, "2005-09-30": 0, "2005-06-30": 0, "2005-03-31": ""}, "Debt Issuance/Retirement Net - Total": {"2020-12-31": -57, "2020-09-30": 9802, "2020-06-30": -35, "2020-03-31": "-49.00000", "2019-12-31": -47, "2019-09-30": -145, "2019-06-30": -46, "2019-03-31": "-30.00000", "2018-12-31": -5, "2018-09-30": -25, "2018-06-30": -1344, "2018-03-31": "1313.00000", "2017-12-31": -22, "2017-09-30": -8, "2017-06-30": -38, "2017-03-31": "-18.00000", "2016-12-31": -13, "2016-09-30": -274, "2016-06-30": -1042, "2016-03-31": "-6.00000", "2015-12-31": -14, "2015-09-30": -3, "2015-06-30": -3, "2015-03-31": "-3.00000", "2014-12-31": -4, "2014-09-30": -3, "2014-06-30": -1004, "2014-03-31": "993.00000", "2013-12-31": -3, "2013-09-30": -2, "2013-06-30": -151, "2013-03-31": "-401.00000", "2012-12-31": -669, "2012-09-30": -1, "2012-06-30": 749, "2012-03-31": "1249.00000", "2011-12-31": 0, "2011-09-30": 0, "2011-06-30": 977, "2011-03-31": "-251.00000", "2010-12-31": 1342, "2010-09-30": 2121, "2010-06-30": 0, "2010-03-31": "", "2009-12-31": 0, "2009-09-30": 0, "2009-06-30": 0, "2009-03-31": "", "2008-12-31": 0, "2008-09-30": 0, "2008-06-30": 0, "2008-03-31": "", "2007-12-31": 0, "2007-09-30": 0, "2007-06-30": 0, "2007-03-31": "", "2006-12-31": 0, "2006-09-30": 0, "2006-06-30": 0, "2006-03-31": "", "2005-12-31": -0.012, "2005-09-30": 0.198, "2005-06-30": -1.019, "2005-03-31": "-0.59200"}, "Net Common Equity Issued/Repurchased": {"2020-12-31": -7566, "2020-09-30": -7899, "2020-06-30": -5988, "2020-03-31": "-6896.00000", "2019-12-31": -6080, "2019-09-30": -5678, "2019-06-30": -3440, "2019-03-31": "-2978.00000", "2018-12-31": -1700, "2018-09-30": -2200, "2018-06-30": -2052, "2018-03-31": "-2173.00000", "2017-12-31": -2101, "2017-09-30": 320, "2017-06-30": -1618, "2017-03-31": "-647.00000", "2016-12-31": 0, "2016-09-30": 0, "2016-06-30": -1595, "2016-03-31": "-2098.00000", "2015-12-31": -1780, "2015-09-30": 0, "2015-06-30": 0, "2015-03-31": "", "2014-12-31": 0, "2014-09-30": 0, "2014-06-30": 0, "2014-03-31": "", "2013-12-31": 0, "2013-09-30": 0, "2013-06-30": 0, "2013-03-31": "", "2012-12-31": 0, "2012-09-30": 0, "2012-06-30": 0, "2012-03-31": "", "2011-12-31": 0, "2011-09-30": 0, "2011-06-30": 0, "2011-03-31": "", "2010-12-31": 0, "2010-09-30": 0, "2010-06-30": -704, "2010-03-31": "-97.00000", "2009-12-31": 0, "2009-09-30": 0, "2009-06-30": 0, "2009-03-31": "", "2008-12-31": 0, "2008-09-30": 0, "2008-06-30": 0, "2008-03-31": "", "2007-12-31": 0, "2007-09-30": 0, "2007-06-30": 0, "2007-03-31": "", "2006-12-31": -0.202, "2006-09-30": -0.026, "2006-06-30": 2063.777, "2006-03-31": "", "2005-12-31": -0.392, "2005-09-30": 4274.549, "2005-06-30": 8.975, "2005-03-31": "4.09700"}, "Net Total Equity Issued/Repurchased": {"2020-12-31": -7566, "2020-09-30": -7899, "2020-06-30": -5988, "2020-03-31": "-6896.00000", "2019-12-31": -6080, "2019-09-30": -5678, "2019-06-30": -3440, "2019-03-31": "-2978.00000", "2018-12-31": -1700, "2018-09-30": -2200, "2018-06-30": -2052, "2018-03-31": "-2173.00000", "2017-12-31": -2101, "2017-09-30": 320, "2017-06-30": -1618, "2017-03-31": "-647.00000", "2016-12-31": 0, "2016-09-30": 0, "2016-06-30": -1595, "2016-03-31": "-2098.00000", "2015-12-31": -1780, "2015-09-30": 0, "2015-06-30": 0, "2015-03-31": "", "2014-12-31": 0, "2014-09-30": 0, "2014-06-30": 0, "2014-03-31": "", "2013-12-31": 0, "2013-09-30": 0, "2013-06-30": 0, "2013-03-31": "", "2012-12-31": 0, "2012-09-30": 0, "2012-06-30": 0, "2012-03-31": "", "2011-12-31": 0, "2011-09-30": 0, "2011-06-30": 0, "2011-03-31": "", "2010-12-31": 0, "2010-09-30": 0, "2010-06-30": -704, "2010-03-31": "-97.00000", "2009-12-31": 0, "2009-09-30": 0, "2009-06-30": 0, "2009-03-31": "", "2008-12-31": 0, "2008-09-30": 0, "2008-06-30": 0, "2008-03-31": "", "2007-12-31": 0, "2007-09-30": 0, "2007-06-30": 0, "2007-03-31": "", "2006-12-31": -0.202, "2006-09-30": -0.026, "2006-06-30": 2063.777, "2006-03-31": "", "2005-12-31": -0.392, "2005-09-30": 4274.549, "2005-06-30": 8.975, "2005-03-31": "4.09700"}, "Total Common And Preferred Stock Dividends Paid": {"2020-12-31": 0, "2020-09-30": 0, "2020-06-30": 0, "2020-03-31": "", "2019-12-31": 0, "2019-09-30": 0, "2019-06-30": 0, "2019-03-31": "", "2018-12-31": 0, "2018-09-30": 0, "2018-06-30": 0, "2018-03-31": "", "2017-12-31": 0, "2017-09-30": 0, "2017-06-30": 0, "2017-03-31": "", "2016-12-31": 0, "2016-09-30": 0, "2016-06-30": 0, "2016-03-31": "", "2015-12-31": 0, "2015-09-30": 0, "2015-06-30": 0, "2015-03-31": "", "2014-12-31": 0, "2014-09-30": 0, "2014-06-30": 0, "2014-03-31": "", "2013-12-31": 0, "2013-09-30": 0, "2013-06-30": 0, "2013-03-31": "", "2012-12-31": 0, "2012-09-30": 0, "2012-06-30": 0, "2012-03-31": "", "2011-12-31": 0, "2011-09-30": 0, "2011-06-30": 0, "2011-03-31": "", "2010-12-31": 0, "2010-09-30": 0, "2010-06-30": 0, "2010-03-31": "", "2009-12-31": 0, "2009-09-30": 0, "2009-06-30": 0, "2009-03-31": "", "2008-12-31": 0, "2008-09-30": 0, "2008-06-30": 0, "2008-03-31": "", "2007-12-31": 0, "2007-09-30": 0, "2007-06-30": 0, "2007-03-31": "", "2006-12-31": 0, "2006-09-30": 0, "2006-06-30": 0, "2006-03-31": "", "2005-12-31": 0, "2005-09-30": 0, "2005-06-30": 0, "2005-03-31": ""}, "Financial Activities - Other": {"2020-12-31": -1647, "2020-09-30": -1357, "2020-06-30": -1475, "2020-03-31": "-1241.00000", "2019-12-31": -1199, "2019-09-30": -1131, "2019-06-30": -1260, "2019-03-31": "-1175.00000", "2018-12-31": -1041, "2018-09-30": -1253, "2018-06-30": -1541, "2018-03-31": "-1158.00000", "2017-12-31": -1055, "2017-09-30": -1018, "2017-06-30": -1084, "2017-03-31": "-1009.00000", "2016-12-31": -879, "2016-09-30": -815, "2016-06-30": -803, "2016-03-31": "-807.00000", "2015-12-31": -765, "2015-09-30": -606, "2015-06-30": -558, "2015-03-31": "-493.00000", "2014-12-31": -988, "2014-09-30": -452, "2014-06-30": -458, "2014-03-31": "-171.00000", "2013-12-31": 35, "2013-09-30": -265, "2013-06-30": 46, "2013-03-31": "-116.00000", "2012-12-31": -23, "2012-09-30": 53, "2012-06-30": -110, "2012-03-31": "-19.00000", "2011-12-31": 40, "2011-09-30": -80, "2011-06-30": -19, "2011-03-31": "140.00000", "2010-12-31": 410, "2010-09-30": -54, "2010-06-30": 58, "2010-03-31": "-26.00000", "2009-12-31": 158, "2009-09-30": 29, "2009-06-30": 51, "2009-03-31": "-5.00000", "2008-12-31": 10.482, "2008-09-30": 4.285, "2008-06-30": 43.577, "2008-03-31": "28.65600", "2007-12-31": 145.417, "2007-09-30": 49.011, "2007-06-30": 120.129, "2007-03-31": "88.51000", "2006-12-31": 418.23, "2006-09-30": 129.444, "2006-06-30": 235.279, "2006-03-31": "119.89600", "2005-12-31": 51.48, "2005-09-30": 33.546, "2005-06-30": 0, "2005-03-31": ""}, "Cash Flow From Financial Activities": {"2020-12-31": -9270, "2020-09-30": 546, "2020-06-30": -7498, "2020-03-31": "-8186.00000", "2019-12-31": -7326, "2019-09-30": -6954, "2019-06-30": -4746, "2019-03-31": "-4183.00000", "2018-12-31": -2746, "2018-09-30": -3478, "2018-06-30": -4937, "2018-03-31": "-2018.00000", "2017-12-31": -3178, "2017-09-30": -706, "2017-06-30": -2740, "2017-03-31": "-1674.00000", "2016-12-31": -892, "2016-09-30": -1089, "2016-06-30": -3440, "2016-03-31": "-2911.00000", "2015-12-31": -2559, "2015-09-30": -609, "2015-06-30": -561, "2015-03-31": "-496.00000", "2014-12-31": -992, "2014-09-30": -455, "2014-06-30": -1462, "2014-03-31": "822.00000", "2013-12-31": 32, "2013-09-30": -267, "2013-06-30": -105, "2013-03-31": "-517.00000", "2012-12-31": -692, "2012-09-30": 52, "2012-06-30": 639, "2012-03-31": "1230.00000", "2011-12-31": 40, "2011-09-30": -80, "2011-06-30": 958, "2011-03-31": "-111.00000", "2010-12-31": 1752, "2010-09-30": 2067, "2010-06-30": -646, "2010-03-31": "-123.00000", "2009-12-31": 158, "2009-09-30": 29, "2009-06-30": 51, "2009-03-31": "-5.00000", "2008-12-31": 10.482, "2008-09-30": 4.285, "2008-06-30": 43.577, "2008-03-31": "28.65600", "2007-12-31": 145.417, "2007-09-30": 49.011, "2007-06-30": 120.129, "2007-03-31": "88.51000", "2006-12-31": 418.028, "2006-09-30": 129.418, "2006-06-30": 2299.056, "2006-03-31": "119.89600", "2005-12-31": 51.076, "2005-09-30": 4308.293, "2005-06-30": 7.956, "2005-03-31": "3.50500"}, "Net Cash Flow": {"2020-12-31": 6336, "2020-09-30": 2387, "2020-06-30": -1902, "2020-03-31": "1146.00000", "2019-12-31": 2466, "2019-09-30": -555, "2019-06-30": -2561, "2019-03-31": "2447.00000", "2018-12-31": 3258, "2018-09-30": -705, "2018-06-30": 1490, "2018-03-31": "1943.00000", "2017-12-31": 134, "2017-09-30": -5130, "2017-06-30": -2421, "2017-03-31": "5214.00000", "2016-12-31": 3512, "2016-09-30": -4221, "2016-06-30": -1484, "2016-03-31": "-1438.00000", "2015-12-31": -1519, "2015-09-30": -385, "2015-06-30": 1477, "2015-03-31": "-1371.00000", "2014-12-31": 2742, "2014-09-30": -4015, "2014-06-30": 2981, "2014-03-31": "-2259.00000", "2013-12-31": 3656, "2013-09-30": -922, "2013-06-30": 789, "2013-03-31": "597.00000", "2012-12-31": -1482, "2012-09-30": 823, "2012-06-30": -7671, "2012-03-31": "13125.00000", "2011-12-31": -647, "2011-09-30": 310, "2011-06-30": -2095, "2011-03-31": "-1215.00000", "2010-12-31": 2373, "2010-09-30": 544, "2010-06-30": 1521, "2010-03-31": "-1006.00000", "2009-12-31": -1889, "2009-09-30": 176, "2009-06-30": 1485, "2009-03-31": "1769.00000", "2008-12-31": 286.124, "2008-09-30": 1006.933, "2008-06-30": 843.787, "2008-03-31": "438.15600", "2007-12-31": 975.189, "2007-09-30": 612.752, "2007-06-30": 412.312, "2007-03-31": "536.66900", "2006-12-31": 506.33, "2006-09-30": -977.581, "2006-06-30": 1080.743, "2006-03-31": "-941.99500", "2005-12-31": -1641.395, "2005-09-30": 4765.097, "2005-06-30": 270.9, "2005-03-31": "55.69900"}, "Stock-Based Compensation": {"2020-12-31": 3223, "2020-09-30": 3195, "2020-06-30": 3382, "2020-03-31": "3191.00000", "2019-12-31": 2645, "2019-09-30": 2624, "2019-06-30": 2756, "2019-03-31": "2769.00000", "2018-12-31": 2253, "2018-09-30": 2230, "2018-06-30": 2413, "2018-03-31": "2457.00000", "2017-12-31": 1847, "2017-09-30": 1820, "2017-06-30": 2003, "2017-03-31": "2009.00000", "2016-12-31": 1846, "2016-09-30": 1860, "2016-06-30": 1503, "2016-03-31": "1494.00000", "2015-12-31": 1436, "2015-09-30": 1432, "2015-06-30": 1132, "2015-03-31": "1203.00000", "2014-12-31": 1187, "2014-09-30": 1290, "2014-06-30": 915, "2014-03-31": "887.00000", "2013-12-31": 902, "2013-09-30": 886, "2013-06-30": 847, "2013-03-31": "708.00000", "2012-12-31": 716, "2012-09-30": 762, "2012-06-30": 658, "2012-03-31": "556.00000", "2011-12-31": 537, "2011-09-30": 571, "2011-06-30": 434, "2011-03-31": "432.00000", "2010-12-31": 396, "2010-09-30": 380, "2010-06-30": 309, "2010-03-31": "291.00000", "2009-12-31": 276, "2009-09-30": 317, "2009-06-30": 294, "2009-03-31": "277.00000", "2008-12-31": 286.406, "2008-09-30": 280.039, "2008-06-30": 272.776, "2008-03-31": "280.77900", "2007-12-31": 245.3, "2007-09-30": 197.956, "2007-06-30": 241.524, "2007-03-31": "183.86600", "2006-12-31": 134.427, "2006-09-30": 99.86, "2006-06-30": 109.149, "2006-03-31": "114.66400", "2005-12-31": 58.154, "2005-09-30": 46.309, "2005-06-30": 47.338, "2005-03-31": "48.90800"}, "Common Stock Dividends Paid": {"2020-12-31": 0, "2020-09-30": 0, "2020-06-30": 0, "2020-03-31": "", "2019-12-31": 0, "2019-09-30": 0, "2019-06-30": 0, "2019-03-31": "", "2018-12-31": 0, "2018-09-30": 0, "2018-06-30": 0, "2018-03-31": "", "2017-12-31": 0, "2017-09-30": 0, "2017-06-30": 0, "2017-03-31": "", "2016-12-31": 0, "2016-09-30": 0, "2016-06-30": 0, "2016-03-31": "", "2015-12-31": 0, "2015-09-30": 0, "2015-06-30": 0, "2015-03-31": "", "2014-12-31": 0, "2014-09-30": 0, "2014-06-30": 0, "2014-03-31": "", "2013-12-31": 0, "2013-09-30": 0, "2013-06-30": 0, "2013-03-31": "", "2012-12-31": 0, "2012-09-30": 0, "2012-06-30": 0, "2012-03-31": "", "2011-12-31": 0, "2011-09-30": 0, "2011-06-30": 0, "2011-03-31": "", "2010-12-31": 0, "2010-09-30": 0, "2010-06-30": 0, "2010-03-31": "", "2009-12-31": 0, "2009-09-30": 0, "2009-06-30": 0, "2009-03-31": "", "2008-12-31": 0, "2008-09-30": 0, "2008-06-30": 0, "2008-03-31": "", "2007-12-31": 0, "2007-09-30": 0, "2007-06-30": 0, "2007-03-31": "", "2006-12-31": 0, "2006-09-30": 0, "2006-06-30": 0, "2006-03-31": "", "2005-12-31": 0, "2005-09-30": 0, "2005-06-30": 0, "2005-03-31": ""}}, "financial ratios": {"Current Ratio": {"2020-12-31": "3.06680", "2019-12-31": "3.37410", "2018-12-31": "3.91900", "2017-12-31": "5.14030", "2016-12-31": "6.29080", "2015-12-31": "4.66670", "2014-12-31": "4.68780", "2013-12-31": "4.58170", "2012-12-31": "4.21660", "2011-12-31": "5.91920", "2010-12-31": "4.15790", "2009-12-31": "10.61780", "2008-12-31": "8.76520", "2007-12-31": "8.49340", "2006-12-31": "9.99540", "2005-12-31": "12.07580"}, "Long-term Debt / Capital": {"2020-12-31": "0.05890", "2019-12-31": "0.02210", "2018-12-31": "0.02210", "2017-12-31": "0.02540", "2016-12-31": "0.02750", "2015-12-31": "0.01630", "2014-12-31": "0.03010", "2013-12-31": "0.02500", "2012-12-31": "0.04000", "2011-12-31": "0.04880", "2010-12-31": "", "2009-12-31": "", "2008-12-31": "", "2007-12-31": "", "2006-12-31": "", "2005-12-31": ""}, "Debt/Equity Ratio": {"2020-12-31": "0.06260", "2019-12-31": "0.02260", "2018-12-31": "0.02260", "2017-12-31": "0.02600", "2016-12-31": "0.02830", "2015-12-31": "0.04340", "2014-12-31": "0.05040", "2013-12-31": "0.06010", "2012-12-31": "0.07720", "2011-12-31": "0.07230", "2010-12-31": "0.07490", "2009-12-31": "", "2008-12-31": "", "2007-12-31": "", "2006-12-31": "", "2005-12-31": ""}, "Gross Margin": {"2020-12-31": "53.57840", "2019-12-31": "55.58050", "2018-12-31": "56.47610", "2017-12-31": "58.88050", "2016-12-31": "61.07540", "2015-12-31": "62.44250", "2014-12-31": "61.07480", "2013-12-31": "60.38650", "2012-12-31": "62.69250", "2011-12-31": "65.20780", "2010-12-31": "64.47260", "2009-12-31": "62.60620", "2008-12-31": "60.44230", "2007-12-31": "59.93080", "2006-12-31": "60.15980", "2005-12-31": "58.01800"}, "Operating Margin": {"2020-12-31": "22.58520", "2019-12-31": "21.14890", "2018-12-31": "20.11710", "2017-12-31": "23.61460", "2016-12-31": "26.27170", "2015-12-31": "25.81710", "2014-12-31": "24.99360", "2013-12-31": "27.74370", "2012-12-31": "30.04840", "2011-12-31": "30.97740", "2010-12-31": "35.40470", "2009-12-31": "35.14440", "2008-12-31": "30.42760", "2007-12-31": "30.64000", "2006-12-31": "33.47500", "2005-12-31": "32.86240"}, "EBIT Margin": {"2020-12-31": "22.58520", "2019-12-31": "21.14890", "2018-12-31": "20.11710", "2017-12-31": "23.61460", "2016-12-31": "26.27170", "2015-12-31": "25.81710", "2014-12-31": "24.99360", "2013-12-31": "27.74370", "2012-12-31": "30.04840", "2011-12-31": "30.97740", "2010-12-31": "35.40470", "2009-12-31": "35.14440", "2008-12-31": "30.42760", "2007-12-31": "30.64000", "2006-12-31": "33.47500", "2005-12-31": "32.86240"}, "EBITDA Margin": {"2020-12-31": "30.08930", "2019-12-31": "28.42760", "2018-12-31": "26.72070", "2017-12-31": "29.85250", "2016-12-31": "33.07780", "2015-12-31": "32.56880", "2014-12-31": "32.53740", "2013-12-31": "34.83850", "2012-12-31": "36.48210", "2011-12-31": "35.86070", "2010-12-31": "40.16580", "2009-12-31": "41.58810", "2008-12-31": "37.30960", "2007-12-31": "36.47140", "2006-12-31": "38.86820", "2005-12-31": "37.64870"}, "Pre-Tax Profit Margin": {"2020-12-31": "26.34240", "2019-12-31": "24.48150", "2018-12-31": "25.51770", "2017-12-31": "24.53020", "2016-12-31": "26.75250", "2015-12-31": "26.20520", "2014-12-31": "26.14960", "2013-12-31": "28.63700", "2012-12-31": "31.42770", "2011-12-31": "32.51810", "2010-12-31": "36.82000", "2009-12-31": "35.43610", "2008-12-31": "26.85360", "2007-12-31": "34.19300", "2006-12-31": "37.82240", "2005-12-31": "34.88890"}, "Net Profit Margin": {"2020-12-31": "22.06190", "2019-12-31": "21.21810", "2018-12-31": "22.46470", "2017-12-31": "11.42210", "2016-12-31": "21.57700", "2015-12-31": "21.10440", "2014-12-31": "21.41790", "2013-12-31": "22.93450", "2012-12-31": "23.32150", "2011-12-31": "25.68790", "2010-12-31": "29.00650", "2009-12-31": "27.56750", "2008-12-31": "19.39350", "2007-12-31": "25.33280", "2006-12-31": "29.01900", "2005-12-31": "23.87200"}, "Asset Turnover": {"2020-12-31": "0.57110", "2019-12-31": "0.58660", "2018-12-31": "0.58770", "2017-12-31": "0.56190", "2016-12-31": "0.53890", "2015-12-31": "0.50850", "2014-12-31": "0.51090", "2013-12-31": "0.50050", "2012-12-31": "0.49080", "2011-12-31": "0.52230", "2010-12-31": "0.50680", "2009-12-31": "0.58400", "2008-12-31": "0.68610", "2007-12-31": "0.65500", "2006-12-31": "0.57410", "2005-12-31": "0.59760"}, "Inventory Turnover Ratio": {"2020-12-31": "116.39010", "2019-12-31": "71.96800", "2018-12-31": "53.79310", "2017-12-31": "60.85850", "2016-12-31": "131.11190", "2015-12-31": "57.36050", "2014-12-31": "", "2013-12-31": "", "2012-12-31": "34.01190", "2011-12-31": "376.80000", "2010-12-31": "", "2009-12-31": "", "2008-12-31": "", "2007-12-31": "", "2006-12-31": "", "2005-12-31": ""}, "Receiveable Turnover": {"2020-12-31": "5.81590", "2019-12-31": "5.88740", "2018-12-31": "6.45590", "2017-12-31": "5.92650", "2016-12-31": "6.34290", "2015-12-31": "5.39140", "2014-12-31": "6.08360", "2013-12-31": "5.91260", "2012-12-31": "5.36270", "2011-12-31": "6.14140", "2010-12-31": "5.86190", "2009-12-31": "7.38860", "2008-12-31": "8.24920", "2007-12-31": "7.19050", "2006-12-31": "8.01980", "2005-12-31": "8.92260"}, "Days Sales In Receivables": {"2020-12-31": "62.75870", "2019-12-31": "61.99660", "2018-12-31": "56.53780", "2017-12-31": "61.58790", "2016-12-31": "57.54480", "2015-12-31": "67.70040", "2014-12-31": "59.99740", "2013-12-31": "61.73290", "2012-12-31": "68.06240", "2011-12-31": "59.43230", "2010-12-31": "62.26700", "2009-12-31": "49.40020", "2008-12-31": "44.24670", "2007-12-31": "50.76160", "2006-12-31": "45.51230", "2005-12-31": "40.90720"}, "ROE - Return On Equity": {"2020-12-31": "18.09490", "2019-12-31": "17.04860", "2018-12-31": "17.30360", "2017-12-31": "8.30280", "2016-12-31": "14.00930", "2015-12-31": "13.58590", "2014-12-31": "13.11380", "2013-12-31": "15.07290", "2012-12-31": "16.10960", "2011-12-31": "16.74610", "2010-12-31": "18.39280", "2009-12-31": "18.10910", "2008-12-31": "14.96870", "2007-12-31": "18.52700", "2006-12-31": "18.06030", "2005-12-31": "15.55800"}, "Return On Tangible Equity": {"2020-12-31": "20.14220", "2019-12-31": "19.20330", "2018-12-31": "19.51240", "2017-12-31": "9.51580", "2016-12-31": "16.33230", "2015-12-31": "16.24810", "2014-12-31": "16.28140", "2013-12-31": "18.86710", "2012-12-31": "21.51200", "2011-12-31": "19.78220", "2010-12-31": "21.84070", "2009-12-31": "21.49970", "2008-12-31": "18.86860", "2007-12-31": "21.07790", "2006-12-31": "20.31600", "2005-12-31": "16.03060"}, "ROA - Return On Assets": {"2020-12-31": "12.59920", "2019-12-31": "12.44720", "2018-12-31": "13.20320", "2017-12-31": "6.41780", "2016-12-31": "11.62890", "2015-12-31": "11.08630", "2014-12-31": "10.54290", "2013-12-31": "11.86440", "2012-12-31": "12.31690", "2011-12-31": "13.41670", "2010-12-31": "14.70160", "2009-12-31": "16.10000", "2008-12-31": "13.30600", "2007-12-31": "16.59200", "2006-12-31": "16.65880", "2005-12-31": "14.26620"}, "ROI - Return On Investment": {"2020-12-31": "17.02880", "2019-12-31": "16.67170", "2018-12-31": "16.92140", "2017-12-31": "8.09220", "2016-12-31": "13.62370", "2015-12-31": "13.36430", "2014-12-31": "12.71850", "2013-12-31": "14.69650", "2012-12-31": "15.46520", "2011-12-31": "15.92810", "2010-12-31": "18.39280", "2009-12-31": "18.10910", "2008-12-31": "14.96870", "2007-12-31": "18.52700", "2006-12-31": "18.06030", "2005-12-31": "15.55800"}, "Book Value Per Share": {"2020-12-31": "329.58640", "2019-12-31": "292.65110", "2018-12-31": "255.37550", "2017-12-31": "219.49590", "2016-12-31": "201.12460", "2015-12-31": "175.06560", "2014-12-31": "152.69670", "2013-12-31": "129.98910", "2012-12-31": "108.66600", "2011-12-31": "89.48280", "2010-12-31": "71.95900", "2009-12-31": "56.65070", "2008-12-31": "44.80740", "2007-12-31": "36.25510", "2006-12-31": "27.57280", "2005-12-31": "16.07180"}, "Operating Cash Flow Per Share": {"2020-12-31": 15.6473, "2019-12-31": 9.2245, "2018-12-31": 14.542, "2017-12-31": 1.2021, "2016-12-31": 12.5218, "2015-12-31": 4.653, "2014-12-31": 5.7105, "2013-12-31": 0.3136, "2012-12-31": 2.7495, "2011-12-31": 5.1162, "2010-12-31": 2.557, "2009-12-31": 2.2165, "2008-12-31": 3.2342, "2007-12-31": 3.3488, "2006-12-31": 1.5702, "2005-12-31": 4.2132}, "Free Cash Flow Per Share": {"2020-12-31": 16.8636, "2019-12-31": 11.1319, "2018-12-31": -1.4084, "2017-12-31": -3.0202, "2016-12-31": 12.497, "2015-12-31": 6.108, "2014-12-31": 0.9254, "2013-12-31": -4.7462, "2012-12-31": 3.0784, "2011-12-31": 6.0776, "2010-12-31": -2.3899, "2009-12-31": 4.6633, "2008-12-31": 3.3188, "2007-12-31": 2.6229, "2006-12-31": -0.0673, "2005-12-31": 2.7772}}, "financial ratios, quarterly": {"Current Ratio": {"2020-12-31": "3.06680", "2020-09-30": "3.41010", "2020-06-30": "3.41450", "2020-03-31": "3.65820", "2019-12-31": "3.37410", "2019-09-30": "3.78230", "2019-06-30": "3.98480", "2019-03-31": "3.95900", "2018-12-31": "3.91900", "2018-09-30": "4.14370", "2018-06-30": "4.15200", "2018-03-31": "4.87360", "2017-12-31": "5.14030", "2017-09-30": "5.76740", "2017-06-30": "6.01480", "2017-03-31": "7.13120", "2016-12-31": "6.29080", "2016-09-30": "6.88030", "2016-06-30": "5.43440", "2016-03-31": "5.14340", "2015-12-31": "4.66670", "2015-09-30": "4.77340", "2015-06-30": "4.84760", "2015-03-31": "5.60220", "2014-12-31": "4.68780", "2014-09-30": "4.47070", "2014-06-30": "4.55660", "2014-03-31": "4.62900", "2013-12-31": "4.58170", "2013-09-30": "4.75700", "2013-06-30": "4.36170", "2013-03-31": "4.73950", "2012-12-31": "4.21660", "2012-09-30": "3.93660", "2012-06-30": "3.83930", "2012-03-31": "5.83650", "2011-12-31": "5.91920", "2011-09-30": "5.63030", "2011-06-30": "5.95560", "2011-03-31": "4.64100", "2010-12-31": "4.15790", "2010-09-30": "4.62450", "2010-06-30": "6.11810", "2010-03-31": "10.65440", "2009-12-31": "10.61780", "2009-09-30": "11.35060", "2009-06-30": "11.91170", "2009-03-31": "10.11090", "2008-12-31": "8.76520", "2008-09-30": "8.07580", "2008-06-30": "6.95660", "2008-03-31": "6.28530", "2007-12-31": "8.49340", "2007-09-30": "8.82600", "2007-06-30": "11.26260", "2007-03-31": "11.22550", "2006-12-31": "9.99540", "2006-09-30": "9.75150", "2006-06-30": "11.31350", "2006-03-31": "9.75070", "2005-12-31": "12.07580", "2005-09-30": "14.97310", "2005-06-30": "8.13880", "2005-03-31": "8.03010"}, "Long-term Debt / Capital": {"2020-12-31": "0.05890", "2020-09-30": "0.06130", "2020-06-30": "0.01900", "2020-03-31": "0.02400", "2019-12-31": "0.02210", "2019-09-30": "0.02050", "2019-06-30": "0.02080", "2019-03-31": "0.02170", "2018-12-31": "0.02210", "2018-09-30": "0.02290", "2018-06-30": "0.02400", "2018-03-31": "0.02410", "2017-12-31": "0.02540", "2017-09-30": "0.02460", "2017-06-30": "0.02600", "2017-03-31": "0.02640", "2016-12-31": "0.02750", "2016-09-30": "0.02850", "2016-06-30": "0.01530", "2016-03-31": "0.01580", "2015-12-31": "0.01630", "2015-09-30": "0.01690", "2015-06-30": "0.01950", "2015-03-31": "0.02890", "2014-12-31": "0.03010", "2014-09-30": "0.03170", "2014-06-30": "0.03270", "2014-03-31": "0.03410", "2013-12-31": "0.02500", "2013-09-30": "0.02630", "2013-06-30": "0.02460", "2013-03-31": "0.03810", "2012-12-31": "0.04000", "2012-09-30": "0.04210", "2012-06-30": "0.04410", "2012-03-31": "0.04620", "2011-12-31": "0.04880", "2011-09-30": "0.05160", "2011-06-30": "0.05430", "2011-03-31": "", "2010-12-31": "", "2010-09-30": "", "2010-06-30": "", "2010-03-31": "", "2009-12-31": "", "2009-09-30": "", "2009-06-30": "", "2009-03-31": "", "2008-12-31": "", "2008-09-30": "", "2008-06-30": "", "2008-03-31": "", "2007-12-31": "", "2007-09-30": "", "2007-06-30": "", "2007-03-31": "", "2006-12-31": "", "2006-09-30": "", "2006-06-30": "", "2006-03-31": "", "2005-12-31": "", "2005-09-30": "", "2005-06-30": "", "2005-03-31": ""}, "Debt/Equity Ratio": {"2020-12-31": "0.06260", "2020-09-30": "0.06530", "2020-06-30": "0.01940", "2020-03-31": "0.02460", "2019-12-31": "0.02260", "2019-09-30": "0.02090", "2019-06-30": "0.02120", "2019-03-31": "0.02220", "2018-12-31": "0.02260", "2018-09-30": "0.02350", "2018-06-30": "0.02460", "2018-03-31": "0.03300", "2017-12-31": "0.02600", "2017-09-30": "0.02520", "2017-06-30": "0.02670", "2017-03-31": "0.02720", "2016-12-31": "0.02830", "2016-09-30": "0.02940", "2016-06-30": "0.03290", "2016-03-31": "0.04210", "2015-12-31": "0.04340", "2015-09-30": "0.04500", "2015-06-30": "0.04680", "2015-03-31": "0.04830", "2014-12-31": "0.05040", "2014-09-30": "0.05300", "2014-06-30": "0.05470", "2014-03-31": "0.06810", "2013-12-31": "0.06010", "2013-09-30": "0.06320", "2013-06-30": "0.06330", "2013-03-31": "0.06810", "2012-12-31": "0.07720", "2012-09-30": "0.09120", "2012-06-30": "0.09590", "2012-03-31": "0.08840", "2011-12-31": "0.07230", "2011-09-30": "0.07670", "2011-06-30": "0.08080", "2011-03-31": "0.06580", "2010-12-31": "0.07490", "2010-09-30": "0.04900", "2010-06-30": "", "2010-03-31": "", "2009-12-31": "", "2009-09-30": "", "2009-06-30": "", "2009-03-31": "", "2008-12-31": "", "2008-09-30": "", "2008-06-30": "", "2008-03-31": "", "2007-12-31": "", "2007-09-30": "", "2007-06-30": "", "2007-03-31": "", "2006-12-31": "", "2006-09-30": "", "2006-06-30": "", "2006-03-31": "", "2005-12-31": "", "2005-09-30": "0.00000", "2005-06-30": "0.00010", "2005-03-31": "0.00040"}, "Gross Margin": {"2020-12-31": "54.16360", "2020-09-30": "54.26550", "2020-06-30": "51.55500", "2020-03-31": "53.88130", "2019-12-31": "54.37870", "2019-09-30": "56.62120", "2019-06-30": "55.58750", "2019-03-31": "55.93720", "2018-12-31": "54.37930", "2018-09-30": "57.67340", "2018-06-30": "57.48840", "2018-03-31": "56.76170", "2017-12-31": "55.86120", "2017-09-30": "59.85890", "2017-06-30": "60.11920", "2017-03-31": "60.42420", "2016-12-31": "59.09680", "2016-09-30": "61.25340", "2016-06-30": "62.18600", "2016-03-31": "62.24520", "2015-12-31": "61.61100", "2015-09-30": "62.31860", "2015-06-30": "62.86460", "2015-03-31": "63.17070", "2014-12-31": "61.76880", "2014-09-30": "59.48070", "2014-06-30": "61.67970", "2014-03-31": "61.34240", "2013-12-31": "60.18970", "2013-09-30": "60.67330", "2013-06-30": "60.36470", "2013-03-31": "60.34280", "2012-12-31": "73.20820", "2012-09-30": "55.23900", "2012-06-30": "60.38790", "2012-03-31": "64.40580", "2011-12-31": "65.02270", "2011-09-30": "65.24690", "2011-06-30": "64.85710", "2011-03-31": "65.76090", "2010-12-31": "65.09480", "2010-09-30": "64.97390", "2010-06-30": "63.82700", "2010-03-31": "63.80810", "2009-12-31": "63.91970", "2009-09-30": "62.55680", "2009-06-30": "61.83230", "2009-03-31": "61.84430", "2008-12-31": "61.57930", "2008-09-30": "60.77900", "2008-06-30": "59.98710", "2008-03-31": "59.30350", "2007-12-31": "59.47900", "2007-09-30": "60.70810", "2007-06-30": "59.70400", "2007-03-31": "59.86800", "2006-12-31": "59.97050", "2006-09-30": "61.00910", "2006-06-30": "59.72980", "2006-03-31": "59.88390", "2005-12-31": "59.51040", "2005-09-30": "58.49400", "2005-06-30": "56.79880", "2005-03-31": "56.48440"}, "Operating Margin": {"2020-12-31": "27.50710", "2020-09-30": "24.28480", "2020-06-30": "16.66710", "2020-03-31": "19.38090", "2019-12-31": "20.11070", "2019-09-30": "22.65980", "2019-06-30": "23.57230", "2019-03-31": "18.18430", "2018-12-31": "20.93140", "2018-09-30": "25.56310", "2018-06-30": "9.32420", "2018-03-31": "24.50720", "2017-12-31": "23.80970", "2017-09-30": "28.02100", "2017-06-30": "15.88620", "2017-03-31": "26.53740", "2016-12-31": "25.47190", "2016-09-30": "25.68710", "2016-06-30": "27.75810", "2016-03-31": "26.37110", "2015-12-31": "25.22390", "2015-09-30": "25.21020", "2015-06-30": "27.21840", "2015-03-31": "25.76780", "2014-12-31": "24.29980", "2014-09-30": "22.53830", "2014-06-30": "26.68760", "2014-03-31": "26.68610", "2013-12-31": "28.19760", "2013-09-30": "27.34480", "2013-06-30": "26.43630", "2013-03-31": "28.93990", "2012-12-31": "43.45040", "2012-09-30": "20.59530", "2012-06-30": "27.41590", "2012-03-31": "31.83650", "2011-12-31": "33.13490", "2011-09-30": "31.46090", "2011-06-30": "31.91890", "2011-03-31": "26.77550", "2010-12-31": "35.31990", "2010-09-30": "34.95750", "2010-06-30": "34.67740", "2010-03-31": "36.72330", "2009-12-31": "37.15910", "2009-09-30": "34.88650", "2009-06-30": "33.93080", "2009-03-31": "34.19860", "2008-12-31": "32.62800", "2008-09-30": "29.73200", "2008-06-30": "29.40010", "2008-03-31": "29.81530", "2007-12-31": "29.84940", "2007-09-30": "31.14470", "2007-06-30": "28.52840", "2007-03-31": "33.33020", "2006-12-31": "33.08680", "2006-09-30": "34.62620", "2006-06-30": "33.19930", "2006-03-31": "32.95380", "2005-12-31": "29.68270", "2005-09-30": "33.52460", "2005-06-30": "34.35900", "2005-03-31": "35.23790"}, "EBIT Margin": {"2020-12-31": "27.50710", "2020-09-30": "24.28480", "2020-06-30": "16.66710", "2020-03-31": "19.38090", "2019-12-31": "20.11070", "2019-09-30": "22.65980", "2019-06-30": "23.57230", "2019-03-31": "18.18430", "2018-12-31": "20.93140", "2018-09-30": "25.56310", "2018-06-30": "9.32420", "2018-03-31": "24.50720", "2017-12-31": "23.80970", "2017-09-30": "28.02100", "2017-06-30": "15.88620", "2017-03-31": "26.53740", "2016-12-31": "25.47190", "2016-09-30": "25.68710", "2016-06-30": "27.75810", "2016-03-31": "26.37110", "2015-12-31": "25.22390", "2015-09-30": "25.21020", "2015-06-30": "27.21840", "2015-03-31": "25.76780", "2014-12-31": "24.29980", "2014-09-30": "22.53830", "2014-06-30": "26.68760", "2014-03-31": "26.68610", "2013-12-31": "28.19760", "2013-09-30": "27.34480", "2013-06-30": "26.43630", "2013-03-31": "28.93990", "2012-12-31": "43.45040", "2012-09-30": "20.59530", "2012-06-30": "27.41590", "2012-03-31": "31.83650", "2011-12-31": "33.13490", "2011-09-30": "31.46090", "2011-06-30": "31.91890", "2011-03-31": "26.77550", "2010-12-31": "35.31990", "2010-09-30": "34.95750", "2010-06-30": "34.67740", "2010-03-31": "36.72330", "2009-12-31": "37.15910", "2009-09-30": "34.88650", "2009-06-30": "33.93080", "2009-03-31": "34.19860", "2008-12-31": "32.62790", "2008-09-30": "29.73200", "2008-06-30": "29.40010", "2008-03-31": "29.81530", "2007-12-31": "29.84940", "2007-09-30": "31.14470", "2007-06-30": "28.52840", "2007-03-31": "33.33020", "2006-12-31": "33.08680", "2006-09-30": "34.62620", "2006-06-30": "33.19930", "2006-03-31": "32.95380", "2005-12-31": "29.68270", "2005-09-30": "33.52460", "2005-06-30": "34.35900", "2005-03-31": "35.23790"}, "EBITDA Margin": {"2020-12-31": "", "2020-09-30": "", "2020-06-30": "", "2020-03-31": "", "2019-12-31": "", "2019-09-30": "", "2019-06-30": "", "2019-03-31": "", "2018-12-31": "", "2018-09-30": "", "2018-06-30": "", "2018-03-31": "", "2017-12-31": "", "2017-09-30": "", "2017-06-30": "", "2017-03-31": "", "2016-12-31": "", "2016-09-30": "", "2016-06-30": "", "2016-03-31": "", "2015-12-31": "", "2015-09-30": "", "2015-06-30": "", "2015-03-31": "", "2014-12-31": "", "2014-09-30": "", "2014-06-30": "", "2014-03-31": "", "2013-12-31": "", "2013-09-30": "", "2013-06-30": "", "2013-03-31": "", "2012-12-31": "", "2012-09-30": "", "2012-06-30": "", "2012-03-31": "", "2011-12-31": "", "2011-09-30": "", "2011-06-30": "", "2011-03-31": "", "2010-12-31": "", "2010-09-30": "", "2010-06-30": "", "2010-03-31": "", "2009-12-31": "", "2009-09-30": "", "2009-06-30": "", "2009-03-31": "", "2008-12-31": "", "2008-09-30": "", "2008-06-30": "", "2008-03-31": "", "2007-12-31": "", "2007-09-30": "", "2007-06-30": "", "2007-03-31": "", "2006-12-31": "", "2006-09-30": "", "2006-06-30": "", "2006-03-31": "", "2005-12-31": "", "2005-09-30": "", "2005-06-30": "", "2005-03-31": ""}, "Pre-Tax Profit Margin": {"2020-12-31": "32.84650", "2020-09-30": "28.93250", "2020-06-30": "21.61270", "2020-03-31": "18.84640", "2019-12-31": "23.23170", "2019-09-30": "21.30420", "2019-06-30": "31.19090", "2019-03-31": "22.41670", "2018-12-31": "25.64420", "2018-09-30": "29.88440", "2018-06-30": "12.90690", "2018-03-31": "33.85030", "2017-12-31": "24.80590", "2017-09-30": "28.73040", "2017-06-30": "16.82810", "2017-03-31": "27.55150", "2016-12-31": "26.30830", "2016-09-30": "26.92530", "2016-06-30": "28.46050", "2016-03-31": "25.31960", "2015-12-31": "24.38000", "2015-09-30": "26.19010", "2015-06-30": "27.95740", "2015-03-31": "26.67750", "2014-12-31": "25.00690", "2014-09-30": "23.34320", "2014-06-30": "27.59640", "2014-03-31": "29.00130", "2013-12-31": "28.91070", "2013-09-30": "27.44660", "2013-06-30": "28.23680", "2013-03-31": "29.97450", "2012-12-31": "45.01610", "2012-09-30": "21.08390", "2012-06-30": "29.55870", "2012-03-31": "33.30200", "2011-12-31": "32.96490", "2011-09-30": "34.56790", "2011-06-30": "34.17900", "2011-03-31": "27.89500", "2010-12-31": "37.22750", "2010-09-30": "37.24950", "2010-06-30": "35.68920", "2010-03-31": "36.98890", "2009-12-31": "38.47770", "2009-09-30": "34.76870", "2009-06-30": "33.60490", "2009-03-31": "34.30750", "2008-12-31": "14.64130", "2008-09-30": "30.11490", "2008-06-30": "30.47930", "2008-03-31": "33.04210", "2007-12-31": "33.31540", "2007-09-30": "34.79430", "2007-06-30": "32.07000", "2007-03-31": "36.89810", "2006-12-31": "36.95940", "2006-09-30": "38.64820", "2006-06-30": "39.74680", "2006-03-31": "35.96740", "2005-12-31": "33.34040", "2005-09-30": "34.84220", "2005-06-30": "35.78350", "2005-03-31": "36.32710"}, "Net Profit Margin": {"2020-12-31": "26.76190", "2020-09-30": "24.35840", "2020-06-30": "18.17110", "2020-03-31": "16.60880", "2019-12-31": "23.16010", "2019-09-30": "17.45230", "2019-06-30": "25.54180", "2019-03-31": "18.31920", "2018-12-31": "22.78240", "2018-09-30": "27.24360", "2018-06-30": "9.78350", "2018-03-31": "30.18370", "2017-12-31": "-9.34320", "2017-09-30": "24.24020", "2017-06-30": "13.54860", "2017-03-31": "21.92320", "2016-12-31": "20.46120", "2016-09-30": "22.54240", "2016-06-30": "22.68370", "2016-03-31": "20.76810", "2015-12-31": "23.08130", "2015-09-30": "21.30660", "2015-06-30": "19.23060", "2015-03-31": "20.36740", "2014-12-31": "25.37700", "2014-09-30": "16.57690", "2014-06-30": "21.00280", "2014-03-31": "22.38650", "2013-12-31": "20.30310", "2013-09-30": "21.59370", "2013-06-30": "24.62810", "2013-03-31": "25.83580", "2012-12-31": "28.06570", "2012-09-30": "16.35600", "2012-06-30": "23.58770", "2012-03-31": "27.14890", "2011-12-31": "25.55750", "2011-09-30": "28.07610", "2011-06-30": "27.75320", "2011-03-31": "20.96790", "2010-12-31": "30.13030", "2010-09-30": "29.74200", "2010-06-30": "26.97950", "2010-03-31": "28.85610", "2009-12-31": "29.56250", "2009-09-30": "27.56940", "2009-06-30": "26.88760", "2009-03-31": "25.83050", "2008-12-31": "6.71040", "2008-09-30": "23.27820", "2008-06-30": "23.24100", "2008-03-31": "25.20390", "2007-12-31": "24.99540", "2007-09-30": "25.28720", "2007-06-30": "23.89270", "2007-03-31": "27.35180", "2006-12-31": "32.15460", "2006-09-30": "27.26580", "2006-06-30": "29.35990", "2006-03-31": "26.28020", "2005-12-31": "19.39500", "2005-09-30": "24.14900", "2005-06-30": "24.76090", "2005-03-31": "29.38230"}, "Asset Turnover": {"2020-12-31": "0.17800", "2020-09-30": "0.15430", "2020-06-30": "0.13750", "2020-03-31": "0.15050", "2019-12-31": "0.16700", "2019-09-30": "0.15400", "2019-06-30": "0.15150", "2019-03-31": "0.14810", "2018-12-31": "0.16870", "2018-09-30": "0.15230", "2018-06-30": "0.15430", "2018-03-31": "0.15050", "2017-12-31": "0.16380", "2017-09-30": "0.14650", "2017-06-30": "0.14560", "2017-03-31": "0.14330", "2016-12-31": "0.15560", "2016-09-30": "0.14040", "2016-06-30": "0.13930", "2016-03-31": "0.13530", "2015-12-31": "0.14460", "2015-09-30": "0.12940", "2015-06-30": "0.12770", "2015-03-31": "0.12940", "2014-12-31": "0.14010", "2014-09-30": "0.13140", "2014-06-30": "0.13120", "2014-03-31": "0.13230", "2013-12-31": "0.14160", "2013-09-30": "0.13090", "2013-06-30": "0.12950", "2013-03-31": "0.13390", "2012-12-31": "0.10960", "2012-09-30": "0.14830", "2012-06-30": "0.13720", "2012-03-31": "0.13800", "2011-12-31": "0.14580", "2011-09-30": "0.14070", "2011-06-30": "0.13920", "2011-03-31": "0.14300", "2010-12-31": "0.14590", "2010-09-30": "0.13660", "2010-06-30": "0.14200", "2010-03-31": "0.15800", "2009-12-31": "0.16480", "2009-09-30": "0.15770", "2009-06-30": "0.15710", "2009-03-31": "0.16440", "2008-12-31": "0.17950", "2008-09-30": "0.17990", "2008-06-30": "0.18390", "2008-03-31": "0.18790", "2007-12-31": "0.19050", "2007-09-30": "0.18130", "2007-06-30": "0.18070", "2007-03-31": "0.18310", "2006-12-31": "0.17350", "2006-09-30": "0.17140", "2006-06-30": "0.17060", "2006-03-31": "0.19950", "2005-12-31": "0.18680", "2005-09-30": "0.16700", "2005-06-30": "0.30780", "2005-03-31": "0.32510"}, "Inventory Turnover Ratio": {"2020-12-31": "35.82420", "2020-09-30": "25.28980", "2020-06-30": "22.76440", "2020-03-31": "21.35210", "2019-12-31": "21.04100", "2019-09-30": "12.53960", "2019-06-30": "17.94190", "2019-03-31": "15.20610", "2018-12-31": "16.18610", "2018-09-30": "11.78300", "2018-06-30": "19.88970", "2018-03-31": "21.17450", "2017-12-31": "19.04810", "2017-09-30": "14.57260", "2017-06-30": "26.06280", "2017-03-31": "34.98210", "2016-12-31": "39.77990", "2016-09-30": "15.56170", "2016-06-30": "", "2016-03-31": "", "2015-12-31": "16.67620", "2015-09-30": "", "2015-06-30": "", "2015-03-31": "", "2014-12-31": "", "2014-09-30": "23.99640", "2014-06-30": "20.86690", "2014-03-31": "17.68840", "2013-12-31": "", "2013-09-30": "23.01700", "2013-06-30": "15.19010", "2013-03-31": "7.92590", "2012-12-31": "5.45540", "2012-09-30": "9.63590", "2012-06-30": "7.37700", "2012-03-31": "", "2011-12-31": "105.77140", "2011-09-30": "", "2011-06-30": "", "2011-03-31": "", "2010-12-31": "", "2010-09-30": "", "2010-06-30": "", "2010-03-31": "", "2009-12-31": "", "2009-09-30": "", "2009-06-30": "", "2009-03-31": "", "2008-12-31": "", "2008-09-30": "", "2008-06-30": "", "2008-03-31": "", "2007-12-31": "", "2007-09-30": "", "2007-06-30": "", "2007-03-31": "", "2006-12-31": "", "2006-09-30": "", "2006-06-30": "", "2006-03-31": "", "2005-12-31": "", "2005-09-30": "", "2005-06-30": "", "2005-03-31": ""}, "Receiveable Turnover": {"2020-12-31": "1.81300", "2020-09-30": "1.80980", "2020-06-30": "1.77340", "2020-03-31": "1.73410", "2019-12-31": "1.67590", "2019-09-30": "1.92110", "2019-06-30": "1.82690", "2019-03-31": "1.88680", "2018-12-31": "1.85330", "2018-09-30": "1.86750", "2018-06-30": "1.89380", "2018-03-31": "1.85240", "2017-12-31": "1.72800", "2017-09-30": "1.78290", "2017-06-30": "1.74830", "2017-03-31": "1.90840", "2016-12-31": "1.83140", "2016-09-30": "1.81130", "2016-06-30": "1.68470", "2016-03-31": "1.56160", "2015-12-31": "1.53350", "2015-09-30": "1.78950", "2015-06-30": "1.76930", "2015-03-31": "1.67390", "2014-12-31": "1.66860", "2014-09-30": "1.64920", "2014-06-30": "1.67260", "2014-03-31": "1.83110", "2013-12-31": "1.67270", "2013-09-30": "1.60080", "2013-06-30": "1.60570", "2013-03-31": "1.49380", "2012-12-31": "1.19780", "2012-09-30": "1.70370", "2012-06-30": "1.60840", "2012-03-31": "1.86330", "2011-12-31": "1.71480", "2011-09-30": "1.65840", "2011-06-30": "1.54480", "2011-03-31": "1.77980", "2010-12-31": "1.68730", "2010-09-30": "1.54400", "2010-06-30": "1.88550", "2010-03-31": "2.19680", "2009-12-31": "2.08500", "2009-09-30": "2.06450", "2009-06-30": "1.93940", "2009-03-31": "2.16630", "2008-12-31": "2.15780", "2008-09-30": "2.18040", "2008-06-30": "2.03160", "2008-03-31": "2.02510", "2007-12-31": "2.09150", "2007-09-30": "2.24130", "2007-06-30": "2.34850", "2007-03-31": "2.48050", "2006-12-31": "2.42410", "2006-09-30": "2.60870", "2006-06-30": "2.77490", "2006-03-31": "2.66910", "2005-12-31": "2.78950", "2005-09-30": "2.91330", "2005-06-30": "2.81400", "2005-03-31": "2.84320"}, "Days Sales In Receivables": {"2020-12-31": "49.64250", "2020-09-30": "49.72970", "2020-06-30": "50.74940", "2020-03-31": "51.90000", "2019-12-31": "53.70110", "2019-09-30": "46.84780", "2019-06-30": "49.26380", "2019-03-31": "47.70080", "2018-12-31": "48.56320", "2018-09-30": "48.19290", "2018-06-30": "47.52300", "2018-03-31": "48.58600", "2017-12-31": "52.08210", "2017-09-30": "50.48000", "2017-06-30": "51.47750", "2017-03-31": "47.16000", "2016-12-31": "49.14370", "2016-09-30": "49.68820", "2016-06-30": "53.42230", "2016-03-31": "57.63340", "2015-12-31": "58.69050", "2015-09-30": "50.29400", "2015-06-30": "50.86650", "2015-03-31": "53.76640", "2014-12-31": "53.93640", "2014-09-30": "54.57300", "2014-06-30": "53.80820", "2014-03-31": "49.14980", "2013-12-31": "53.80400", "2013-09-30": "56.22220", "2013-06-30": "56.05170", "2013-03-31": "60.25020", "2012-12-31": "75.13860", "2012-09-30": "52.82700", "2012-06-30": "55.95750", "2012-03-31": "48.30160", "2011-12-31": "52.48300", "2011-09-30": "54.26850", "2011-06-30": "58.26170", "2011-03-31": "50.56790", "2010-12-31": "53.33890", "2010-09-30": "58.29120", "2010-06-30": "47.73170", "2010-03-31": "40.96830", "2009-12-31": "43.16600", "2009-09-30": "43.59370", "2009-06-30": "46.40560", "2009-03-31": "41.54650", "2008-12-31": "41.70890", "2008-09-30": "41.27740", "2008-06-30": "44.30070", "2008-03-31": "44.44270", "2007-12-31": "43.03160", "2007-09-30": "40.15440", "2007-06-30": "38.32170", "2007-03-31": "36.28250", "2006-12-31": "37.12700", "2006-09-30": "34.50050", "2006-06-30": "32.43410", "2006-03-31": "33.71890", "2005-12-31": "32.26410", "2005-09-30": "30.89310", "2005-06-30": "31.98300", "2005-03-31": "31.65410"}, "ROE - Return On Equity": {"2020-12-31": "6.84220", "2020-09-30": "5.28230", "2020-06-30": "3.35660", "2020-03-31": "3.35660", "2019-12-31": "5.29730", "2019-09-30": "3.62520", "2019-06-30": "5.17560", "2019-03-31": "3.62830", "2018-12-31": "5.03750", "2018-09-30": "5.41220", "2018-06-30": "1.97220", "2018-03-31": "5.84550", "2017-12-31": "-1.98030", "2017-09-30": "4.28520", "2017-06-30": "2.37650", "2017-03-31": "3.74340", "2016-12-31": "3.83570", "2016-09-30": "3.77400", "2016-06-30": "3.81380", "2016-03-31": "3.40460", "2015-12-31": "4.09120", "2015-09-30": "3.42310", "2015-06-30": "3.51660", "2015-03-31": "3.24120", "2014-12-31": "3.49220", "2014-09-30": "2.95910", "2014-06-30": "3.57080", "2014-03-31": "3.97990", "2013-12-31": "4.23210", "2013-09-30": "3.81130", "2013-06-30": "3.51800", "2013-03-31": "4.67450", "2012-12-31": "5.12030", "2012-09-30": "3.17220", "2012-06-30": "4.37730", "2012-03-31": "4.68300", "2011-12-31": "4.65220", "2011-09-30": "4.97720", "2011-06-30": "4.81810", "2011-03-31": "3.68060", "2010-12-31": "5.49940", "2010-09-30": "5.00580", "2010-06-30": "4.53060", "2010-03-31": "5.10670", "2009-12-31": "5.47990", "2009-09-30": "4.86040", "2009-06-30": "4.70010", "2009-03-31": "4.76750", "2008-12-31": "1.35480", "2008-09-30": "4.69500", "2008-06-30": "4.81380", "2008-03-31": "5.37070", "2007-12-31": "5.31720", "2007-09-30": "5.08630", "2007-06-30": "4.70570", "2007-03-31": "5.45330", "2006-12-31": "6.04890", "2006-09-30": "5.09380", "2006-06-30": "5.39850", "2006-03-31": "5.78220", "2005-12-31": "3.95170", "2005-09-30": "4.33500", "2005-06-30": "8.67040", "2005-03-31": "10.77350"}, "Return On Tangible Equity": {"2020-12-31": "7.61640", "2020-09-30": "5.90300", "2020-06-30": "3.76570", "2020-03-31": "3.77500", "2019-12-31": "5.96680", "2019-09-30": "4.03530", "2019-06-30": "5.77340", "2019-03-31": "4.07240", "2018-12-31": "5.68050", "2018-09-30": "6.14860", "2018-06-30": "2.25890", "2018-03-31": "6.70760", "2017-12-31": "-2.26960", "2017-09-30": "4.89650", "2017-06-30": "2.73710", "2017-03-31": "4.33160", "2016-12-31": "4.47170", "2016-09-30": "4.41210", "2016-06-30": "4.49140", "2016-03-31": "4.04340", "2015-12-31": "4.89290", "2015-09-30": "4.12150", "2015-06-30": "4.27470", "2015-03-31": "3.97200", "2014-12-31": "4.33570", "2014-09-30": "3.71960", "2014-06-30": "4.50290", "2014-03-31": "5.05420", "2013-12-31": "5.29740", "2013-09-30": "4.84580", "2013-06-30": "4.55520", "2013-03-31": "6.12990", "2012-12-31": "6.83740", "2012-09-30": "4.33430", "2012-06-30": "6.06130", "2012-03-31": "5.46870", "2011-12-31": "5.49560", "2011-09-30": "5.88570", "2011-06-30": "5.70190", "2011-03-31": "4.32970", "2010-12-31": "6.53040", "2010-09-30": "5.98650", "2010-06-30": "5.42440", "2010-03-31": "6.03940", "2009-12-31": "6.50600", "2009-09-30": "5.84330", "2009-06-30": "5.73320", "2009-03-31": "5.90270", "2008-12-31": "1.70780", "2008-09-30": "5.97040", "2008-06-30": "6.26190", "2008-03-31": "7.12610", "2007-12-31": "6.04930", "2007-09-30": "5.85520", "2007-06-30": "5.25730", "2007-03-31": "6.09950", "2006-12-31": "6.80440", "2006-09-30": "5.28260", "2006-06-30": "5.59330", "2006-03-31": "6.06610", "2005-12-31": "4.07170", "2005-09-30": "4.45070", "2005-06-30": "9.17290", "2005-03-31": "11.39270"}, "ROA - Return On Assets": {"2020-12-31": "4.76420", "2020-09-30": "3.75850", "2020-06-30": "2.49880", "2020-03-31": "2.50030", "2019-12-31": "3.86760", "2019-09-30": "2.68700", "2019-06-30": "3.86890", "2019-03-31": "2.71330", "2018-12-31": "3.84380", "2018-09-30": "4.14920", "2018-06-30": "1.50990", "2018-03-31": "4.54300", "2017-12-31": "-1.53070", "2017-09-30": "3.55180", "2017-06-30": "1.97290", "2017-03-31": "3.14080", "2016-12-31": "3.18390", "2016-09-30": "3.16420", "2016-06-30": "3.16090", "2016-03-31": "2.80940", "2015-12-31": "3.33850", "2015-09-30": "2.75780", "2015-06-30": "2.83200", "2015-03-31": "2.63490", "2014-12-31": "2.80760", "2014-09-30": "2.32470", "2014-06-30": "2.81150", "2014-03-31": "3.13230", "2013-12-31": "3.33120", "2013-09-30": "3.01040", "2013-06-30": "2.74160", "2013-03-31": "3.64870", "2012-12-31": "3.91480", "2012-09-30": "2.40500", "2012-06-30": "3.29220", "2012-03-31": "3.74620", "2011-12-31": "3.72720", "2011-09-30": "3.95000", "2011-06-30": "3.86210", "2011-03-31": "2.99870", "2010-12-31": "4.39580", "2010-09-30": "4.06250", "2010-06-30": "3.82970", "2010-03-31": "4.56020", "2009-12-31": "4.87200", "2009-09-30": "4.34720", "2009-06-30": "4.22370", "2009-03-31": "4.24610", "2008-12-31": "1.20430", "2008-09-30": "4.18720", "2008-06-30": "4.27480", "2008-03-31": "4.73500", "2007-12-31": "4.76180", "2007-09-30": "4.58420", "2007-06-30": "4.31820", "2007-03-31": "5.00690", "2006-12-31": "5.57950", "2006-09-30": "4.67310", "2006-06-30": "5.00890", "2006-03-31": "5.24390", "2005-12-31": "3.62360", "2005-09-30": "4.03320", "2005-06-30": "7.62200", "2005-03-31": "9.55170"}, "ROI - Return On Investment": {"2020-12-31": "6.43910", "2020-09-30": "4.95850", "2020-06-30": "3.29280", "2020-03-31": "3.27590", "2019-12-31": "5.18020", "2019-09-30": "3.55080", "2019-06-30": "5.06810", "2019-03-31": "3.54970", "2018-12-31": "4.92620", "2018-09-30": "5.28800", "2018-06-30": "1.92490", "2018-03-31": "5.70460", "2017-12-31": "-1.93010", "2017-09-30": "4.17970", "2017-06-30": "2.31480", "2017-03-31": "3.64440", "2016-12-31": "3.73010", "2016-09-30": "3.66630", "2016-06-30": "3.75550", "2016-03-31": "3.35070", "2015-12-31": "4.02450", "2015-09-30": "3.36530", "2015-06-30": "3.44800", "2015-03-31": "3.14760", "2014-12-31": "3.38690", "2014-09-30": "2.86540", "2014-06-30": "3.45420", "2014-03-31": "3.84430", "2013-12-31": "4.12640", "2013-09-30": "3.71130", "2013-06-30": "3.43140", "2013-03-31": "4.49640", "2012-12-31": "4.91550", "2012-09-30": "3.03880", "2012-06-30": "4.18410", "2012-03-31": "4.46680", "2011-12-31": "4.42490", "2011-09-30": "4.72010", "2011-06-30": "4.55650", "2011-03-31": "3.68060", "2010-12-31": "5.49940", "2010-09-30": "5.00580", "2010-06-30": "4.53060", "2010-03-31": "5.10670", "2009-12-31": "5.47990", "2009-09-30": "4.86040", "2009-06-30": "4.70010", "2009-03-31": "4.76750", "2008-12-31": "1.35480", "2008-09-30": "4.69500", "2008-06-30": "4.81380", "2008-03-31": "5.37070", "2007-12-31": "5.31720", "2007-09-30": "5.08630", "2007-06-30": "4.70570", "2007-03-31": "5.45330", "2006-12-31": "6.04890", "2006-09-30": "5.09380", "2006-06-30": "5.39850", "2006-03-31": "5.78220", "2005-12-31": "3.95170", "2005-09-30": "4.33500", "2005-06-30": "8.67040", "2005-03-31": "10.77350"}, "Book Value Per Share": {"2020-12-31": "329.58640", "2020-09-30": "314.16920", "2020-06-30": "304.34150", "2020-03-31": "297.75920", "2019-12-31": "292.65110", "2019-09-30": "282.19320", "2019-06-30": "276.91380", "2019-03-31": "264.07130", "2018-12-31": "255.37550", "2018-09-30": "244.03810", "2018-06-30": "232.77670", "2018-03-31": "231.42120", "2017-12-31": "219.49590", "2017-09-30": "226.11150", "2017-06-30": "214.01520", "2017-03-31": "209.43120", "2016-12-31": "201.12460", "2016-09-30": "194.59580", "2016-06-30": "186.20140", "2016-03-31": "179.92200", "2015-12-31": "175.06560", "2015-09-30": "169.03040", "2015-06-30": "163.07020", "2015-03-31": "158.93780", "2014-12-31": "152.69670", "2014-09-30": "145.68530", "2014-06-30": "141.66040", "2014-03-31": "135.97650", "2013-12-31": "129.98910", "2013-09-30": "124.17670", "2013-06-30": "118.34880", "2013-03-31": "114.00480", "2012-12-31": "108.66600", "2012-09-30": "103.52700", "2012-06-30": "98.97870", "2012-03-31": "94.67760", "2011-12-31": "89.48280", "2011-09-30": "84.67770", "2011-06-30": "80.56420", "2011-03-31": "75.82570", "2010-12-31": "71.95900", "2010-09-30": "67.80290", "2010-06-30": "63.73410", "2010-03-31": "60.14160", "2009-12-31": "56.65070", "2009-09-30": "53.19980", "2009-06-30": "49.99190", "2009-03-31": "47.26380", "2008-12-31": "44.80740", "2008-09-30": "43.66810", "2008-06-30": "41.22960", "2008-03-31": "38.78810", "2007-12-31": "36.25510", "2007-09-30": "33.71750", "2007-06-30": "31.57940", "2007-03-31": "29.60290", "2006-12-31": "27.57280", "2006-09-30": "23.65920", "2006-06-30": "22.07130", "2006-03-31": "17.35780", "2005-12-31": "16.07180", "2005-09-30": "15.14920", "2005-06-30": "7.23260", "2005-03-31": "6.33260"}, "Operating Cash Flow Per Share": {"2020-12-31": 30.8294, "2020-09-30": 23.2968, "2020-06-30": 19.1924, "2020-03-31": "15.50180", "2019-12-31": 19.3363, "2019-09-30": 20.8459, "2019-06-30": 16.9365, "2019-03-31": "16.05440", "2018-12-31": 17.3495, "2018-09-30": 17.5734, "2018-06-30": 13.5462, "2018-03-31": "15.47950", "2017-12-31": 13.6804, "2017-09-30": 13.144, "2017-06-30": 9.8403, "2017-03-31": "12.74190", "2016-12-31": 12.5624, "2016-09-30": 13.1537, "2016-06-30": 12.2672, "2016-03-31": "10.22120", "2015-12-31": 8.9114, "2015-09-30": 8.1735, "2015-06-30": 9.5427, "2015-03-31": "9.05510", "2014-12-31": 9.4745, "2014-09-30": 8.0477, "2014-06-30": 7.0993, "2014-03-31": "6.40820", "2013-12-31": 5.5379, "2013-09-30": 7.4593, "2013-06-30": 6.9264, "2013-03-31": "5.39560", "2012-12-31": 7.0796, "2012-09-30": 5.9155, "2012-06-30": 6.4158, "2012-03-31": "5.59470", "2011-12-31": 6.0073, "2011-09-30": 5.9877, "2011-06-30": 5.4018, "2011-03-31": "4.85930", "2010-12-31": 5.4222, "2010-09-30": 4.4786, "2010-06-30": 3.2342, "2010-03-31": "4.00490", "2009-12-31": 4.2857, "2009-09-30": 4.2398, "2009-06-30": 2.511, "2009-03-31": "3.54640", "2008-12-31": 3.3497, "2008-09-30": 3.4423, "2008-06-30": 2.7712, "2008-03-31": "2.80320", "2007-12-31": 2.6848, "2007-09-30": 2.5651, "2007-06-30": 1.9456, "2007-03-31": "1.93670", "2006-12-31": 1.4854, "2006-09-30": 1.6122, "2006-06-30": 1.3298, "2006-03-31": "1.35600", "2005-12-31": 1.1045, "2005-09-30": 1.0995, "2005-06-30": 1.0853, "2005-03-31": "0.92390"}, "Free Cash Flow Per Share": {"2020-12-31": 0.4411, "2020-09-30": 38.8358, "2020-06-30": 11.7827, "2020-03-31": "7.37250", "2019-12-31": -12.2683, "2019-09-30": 35.2656, "2019-06-30": 8.7219, "2019-03-31": "9.84930", "2018-12-31": 7.891, "2018-09-30": 10.5509, "2018-06-30": 6.1802, "2018-03-31": "5.81450", "2017-12-31": 7.8344, "2017-09-30": 8.4691, "2017-06-30": 6.0918, "2017-03-31": "9.44970", "2016-12-31": 8.4713, "2016-09-30": 10.0055, "2016-06-30": 9.4079, "2016-03-31": "6.98050", "2015-12-31": 6.0772, "2015-09-30": 5.0177, "2015-06-30": 6.1611, "2015-03-31": "5.11220", "2014-12-31": 4.6776, "2014-09-30": 4.8046, "2014-06-30": 3.7921, "2014-03-31": "2.98590", "2013-12-31": 3.0749, "2013-09-30": 4.0964, "2013-06-30": 4.5545, "2013-03-31": "3.60900", "2012-12-31": 5.5347, "2012-09-30": 4.6232, "2012-06-30": 5.2478, "2012-03-31": "4.67530", "2011-12-31": 4.5514, "2011-09-30": 4.9612, "2011-06-30": 3.9941, "2011-03-31": "3.49590", "2010-12-31": 1.4919, "2010-09-30": 3.3026, "2010-06-30": 2.4961, "2010-03-31": "3.63440", "2009-12-31": 3.9387, "2009-09-30": 3.9498, "2009-06-30": 2.2945, "2009-03-31": "3.13190", "2008-12-31": 2.767, "2008-09-30": 2.73, "2008-06-30": 1.6772, "2008-03-31": "1.47740", "2007-12-31": 1.6093, "2007-09-30": 1.6987, "2007-06-30": 1.036, "2007-03-31": "0.98880", "2006-12-31": 0.885, "2006-09-30": 0.8227, "2006-06-30": 0.2133, "2006-03-31": "0.78890", "2005-12-31": 0.6911, "2005-09-30": 0.5989, "2005-06-30": 0.8117, "2005-03-31": "0.67550"}}, "revenue": {"Alphabet Annual Revenue (Millions of US $)": {"2020": "$182,527", "2019": "$161,857", "2018": "$136,819", "2017": "$110,855", "2016": "$90,272", "2015": "$74,989", "2014": "$66,001", "2013": "$55,519", "2012": "$46,039", "2011": "$37,905", "2010": "$29,321", "2009": "$23,651", "2008": "$21,796", "2007": "$16,594", "2006": "$10,605", "2005": "$6,139"}, "Alphabet Quarterly Revenue (Millions of US $)": {"2020-12-31": "$56,898", "2020-09-30": "$46,173", "2020-06-30": "$38,297", "2020-03-31": "$41,159", "2019-12-31": "$46,075", "2019-09-30": "$40,499", "2019-06-30": "$38,944", "2019-03-31": "$36,339", "2018-12-31": "$39,276", "2018-09-30": "$33,740", "2018-06-30": "$32,657", "2018-03-31": "$31,146", "2017-12-31": "$32,323", "2017-09-30": "$27,772", "2017-06-30": "$26,010", "2017-03-31": "$24,750", "2016-12-31": "$26,064", "2016-09-30": "$22,451", "2016-06-30": "$21,500", "2016-03-31": "$20,257", "2015-12-31": "$21,329", "2015-09-30": "$18,675", "2015-06-30": "$17,727", "2015-03-31": "$17,258", "2014-12-31": "$18,103", "2014-09-30": "$16,523", "2014-06-30": "$15,955", "2014-03-31": "$15,420", "2013-12-31": "$15,707", "2013-09-30": "$13,754", "2013-06-30": "$13,107", "2013-03-31": "$12,951", "2012-12-31": "$10,283", "2012-09-30": "$13,304", "2012-06-30": "$11,807", "2012-03-31": "$10,645", "2011-12-31": "$10,584", "2011-09-30": "$9,720", "2011-06-30": "$9,026", "2011-03-31": "$8,575", "2010-12-31": "$8,440", "2010-09-30": "$7,286", "2010-06-30": "$6,820", "2010-03-31": "$6,775", "2009-12-31": "$6,674", "2009-09-30": "$5,945", "2009-06-30": "$5,523", "2009-03-31": "$5,509", "2008-12-31": "$5,701", "2008-09-30": "$5,541", "2008-06-30": "$5,367", "2008-03-31": "$5,186", "2007-12-31": "$4,827", "2007-09-30": "$4,231", "2007-06-30": "$3,872", "2007-03-31": "$3,664", "2006-12-31": "$3,206", "2006-09-30": "$2,690", "2006-06-30": "$2,456", "2006-03-31": "$2,254", "2005-12-31": "$1,919", "2005-09-30": "$1,578", "2005-06-30": "$1,384", "2005-03-31": "$1,257"}}, "gross-profit": {"Alphabet Annual Gross Profit (Millions of US $)": {"2020": "$97,795", "2019": "$89,961", "2018": "$77,270", "2017": "$65,272", "2016": "$55,134", "2015": "$46,825", "2014": "$40,310", "2013": "$33,526", "2012": "$28,863", "2011": "$24,717", "2010": "$18,904", "2009": "$14,807", "2008": "$13,174", "2007": "$9,945", "2006": "$6,380", "2005": "$3,561"}, "Alphabet Quarterly Gross Profit (Millions of US $)": {"2020-12-31": "$30,818", "2020-09-30": "$25,056", "2020-06-30": "$19,744", "2020-03-31": "$22,177", "2019-12-31": "$25,055", "2019-09-30": "$22,931", "2019-06-30": "$21,648", "2019-03-31": "$20,327", "2018-12-31": "$21,358", "2018-09-30": "$19,459", "2018-06-30": "$18,774", "2018-03-31": "$17,679", "2017-12-31": "$18,056", "2017-09-30": "$16,624", "2017-06-30": "$15,637", "2017-03-31": "$14,955", "2016-12-31": "$15,403", "2016-09-30": "$13,752", "2016-06-30": "$13,370", "2016-03-31": "$12,609", "2015-12-31": "$13,141", "2015-09-30": "$11,638", "2015-06-30": "$11,144", "2015-03-31": "$10,902", "2014-12-31": "$11,182", "2014-09-30": "$9,828", "2014-06-30": "$9,841", "2014-03-31": "$9,459", "2013-12-31": "$9,454", "2013-09-30": "$8,345", "2013-06-30": "$7,912", "2013-03-31": "$7,815", "2012-12-31": "$7,528", "2012-09-30": "$7,349", "2012-06-30": "$7,130", "2012-03-31": "$6,856", "2011-12-31": "$6,882", "2011-09-30": "$6,342", "2011-06-30": "$5,854", "2011-03-31": "$5,639", "2010-12-31": "$5,494", "2010-09-30": "$4,734", "2010-06-30": "$4,353", "2010-03-31": "$4,323", "2009-12-31": "$4,266", "2009-09-30": "$3,719", "2009-06-30": "$3,415", "2009-03-31": "$3,407", "2008-12-31": "$3,511", "2008-09-30": "$3,368", "2008-06-30": "$3,220", "2008-03-31": "$3,076", "2007-12-31": "$2,871", "2007-09-30": "$2,569", "2007-06-30": "$2,312", "2007-03-31": "$2,194", "2006-12-31": "$1,922", "2006-09-30": "$1,641", "2006-06-30": "$1,467", "2006-03-31": "$1,350", "2005-12-31": "$1,142", "2005-09-30": "$923", "2005-06-30": "$786", "2005-03-31": "$710"}}, "operating-income": {"Alphabet Annual Operating Income (Millions of US $)": {"2020": "$41,224", "2019": "$34,231", "2018": "$27,524", "2017": "$26,178", "2016": "$23,716", "2015": "$19,360", "2014": "$16,496", "2013": "$15,403", "2012": "$13,834", "2011": "$11,742", "2010": "$10,381", "2009": "$8,312", "2008": "$6,632", "2007": "$5,084", "2006": "$3,550", "2005": "$2,017"}, "Alphabet Quarterly Operating Income (Millions of US $)": {"2020-12-31": "$15,651", "2020-09-30": "$11,213", "2020-06-30": "$6,383", "2020-03-31": "$7,977", "2019-12-31": "$9,266", "2019-09-30": "$9,177", "2019-06-30": "$9,180", "2019-03-31": "$6,608", "2018-12-31": "$8,221", "2018-09-30": "$8,625", "2018-06-30": "$3,045", "2018-03-31": "$7,633", "2017-12-31": "$7,696", "2017-09-30": "$7,782", "2017-06-30": "$4,132", "2017-03-31": "$6,568", "2016-12-31": "$6,639", "2016-09-30": "$5,767", "2016-06-30": "$5,968", "2016-03-31": "$5,342", "2015-12-31": "$5,380", "2015-09-30": "$4,708", "2015-06-30": "$4,825", "2015-03-31": "$4,447", "2014-12-31": "$4,399", "2014-09-30": "$3,724", "2014-06-30": "$4,258", "2014-03-31": "$4,115", "2013-12-31": "$4,429", "2013-09-30": "$3,761", "2013-06-30": "$3,465", "2013-03-31": "$3,748", "2012-12-31": "$4,468", "2012-09-30": "$2,740", "2012-06-30": "$3,237", "2012-03-31": "$3,389", "2011-12-31": "$3,507", "2011-09-30": "$3,058", "2011-06-30": "$2,881", "2011-03-31": "$2,296", "2010-12-31": "$2,981", "2010-09-30": "$2,547", "2010-06-30": "$2,365", "2010-03-31": "$2,488", "2009-12-31": "$2,480", "2009-09-30": "$2,074", "2009-06-30": "$1,874", "2009-03-31": "$1,884", "2008-12-31": "$1,860", "2008-09-30": "$1,648", "2008-06-30": "$1,578", "2008-03-31": "$1,546", "2007-12-31": "$1,441", "2007-09-30": "$1,318", "2007-06-30": "$1,105", "2007-03-31": "$1,221", "2006-12-31": "$1,061", "2006-09-30": "$931", "2006-06-30": "$815", "2006-03-31": "$743", "2005-12-31": "$570", "2005-09-30": "$529", "2005-06-30": "$476", "2005-03-31": "$443"}}, "ebitda": {"Alphabet Annual EBITDA (Millions of US $)": {"2020": "$54,921", "2019": "$46,012", "2018": "$36,559", "2017": "$33,093", "2016": "$29,860", "2015": "$24,423", "2014": "$21,475", "2013": "$19,342", "2012": "$16,796", "2011": "$13,593", "2010": "$11,777", "2009": "$9,836", "2008": "$8,132", "2007": "$6,052", "2006": "$4,122", "2005": "$2,311"}, "Alphabet Quarterly EBITDA (Millions of US $)": {"2020-12-31": "$19,376", "2020-09-30": "$14,691", "2020-06-30": "$9,769", "2020-03-31": "$11,085", "2019-12-31": "$12,679", "2019-09-30": "$12,097", "2019-06-30": "$12,015", "2019-03-31": "$9,221", "2018-12-31": "$10,801", "2018-09-30": "$10,980", "2018-06-30": "$5,159", "2018-03-31": "$9,619", "2017-12-31": "$9,722", "2017-09-30": "$9,543", "2017-06-30": "$5,757", "2017-03-31": "$8,071", "2016-12-31": "$8,326", "2016-09-30": "$7,363", "2016-06-30": "$7,458", "2016-03-31": "$6,713", "2015-12-31": "$6,784", "2015-09-30": "$5,956", "2015-06-30": "$6,059", "2015-03-31": "$5,624", "2014-12-31": "$5,666", "2014-09-30": "$5,271", "2014-06-30": "$5,337", "2014-03-31": "$5,201", "2013-12-31": "$5,465", "2013-09-30": "$4,735", "2013-06-30": "$4,495", "2013-03-31": "$4,647", "2012-12-31": "$5,421", "2012-09-30": "$3,568", "2012-06-30": "$3,907", "2012-03-31": "$3,900", "2011-12-31": "$4,010", "2011-09-30": "$3,550", "2011-06-30": "$3,336", "2011-03-31": "$2,697", "2010-12-31": "$3,362", "2010-09-30": "$2,889", "2010-06-30": "$2,707", "2010-03-31": "$2,819", "2009-12-31": "$2,845", "2009-09-30": "$2,453", "2009-06-30": "$2,251", "2009-03-31": "$2,287", "2008-12-31": "$2,246", "2008-09-30": "$2,034", "2008-06-30": "$1,970", "2008-03-31": "$1,883", "2007-12-31": "$1,731", "2007-09-30": "$1,567", "2007-06-30": "$1,328", "2007-03-31": "$1,426", "2006-12-31": "$1,250", "2006-09-30": "$1,077", "2006-06-30": "$942", "2006-03-31": "$854", "2005-12-31": "$664", "2005-09-30": "$605", "2005-06-30": "$543", "2005-03-31": "$499"}}, "net-income": {"Alphabet Annual Net Income (Millions of US $)": {"2020": "$40,269", "2019": "$34,343", "2018": "$30,736", "2017": "$12,662", "2016": "$19,478", "2015": "$15,826", "2014": "$14,136", "2013": "$12,733", "2012": "$10,737", "2011": "$9,737", "2010": "$8,505", "2009": "$6,520", "2008": "$4,227", "2007": "$4,204", "2006": "$3,077", "2005": "$1,465"}, "Alphabet Quarterly Net Income (Millions of US $)": {"2020-12-31": "$15,227", "2020-09-30": "$11,247", "2020-06-30": "$6,959", "2020-03-31": "$6,836", "2019-12-31": "$10,671", "2019-09-30": "$7,068", "2019-06-30": "$9,947", "2019-03-31": "$6,657", "2018-12-31": "$8,948", "2018-09-30": "$9,192", "2018-06-30": "$3,195", "2018-03-31": "$9,401", "2017-12-31": "$-3,020", "2017-09-30": "$6,732", "2017-06-30": "$3,524", "2017-03-31": "$5,426", "2016-12-31": "$5,333", "2016-09-30": "$5,061", "2016-06-30": "$4,877", "2016-03-31": "$4,207", "2015-12-31": "$4,923", "2015-09-30": "$3,979", "2015-06-30": "$3,409", "2015-03-31": "$3,515", "2014-12-31": "$4,594", "2014-09-30": "$2,739", "2014-06-30": "$3,351", "2014-03-31": "$3,452", "2013-12-31": "$3,189", "2013-09-30": "$2,970", "2013-06-30": "$3,228", "2013-03-31": "$3,346", "2012-12-31": "$2,886", "2012-09-30": "$2,176", "2012-06-30": "$2,785", "2012-03-31": "$2,890", "2011-12-31": "$2,705", "2011-09-30": "$2,729", "2011-06-30": "$2,505", "2011-03-31": "$1,798", "2010-12-31": "$2,543", "2010-09-30": "$2,167", "2010-06-30": "$1,840", "2010-03-31": "$1,955", "2009-12-31": "$1,973", "2009-09-30": "$1,639", "2009-06-30": "$1,485", "2009-03-31": "$1,423", "2008-12-31": "$383", "2008-09-30": "$1,290", "2008-06-30": "$1,247", "2008-03-31": "$1,307", "2007-12-31": "$1,206", "2007-09-30": "$1,070", "2007-06-30": "$925", "2007-03-31": "$1,002", "2006-12-31": "$1,031", "2006-09-30": "$733", "2006-06-30": "$721", "2006-03-31": "$592", "2005-12-31": "$372", "2005-09-30": "$381", "2005-06-30": "$343", "2005-03-31": "$369"}}, "eps-earnings-per-share-diluted": {"Alphabet Annual EPS": {"2020": "$58.61", "2019": "$49.16", "2018": "$43.70", "2017": "$18.00", "2016": "$27.85", "2015": "$22.84", "2014": "$20.57", "2013": "$18.79", "2012": "$16.16", "2011": "$14.88", "2010": "$13.16", "2009": "$10.21", "2008": "$6.66", "2007": "$6.65", "2006": "$4.97", "2005": "$2.51"}, "Alphabet Quarterly EPS": {"2020-12-31": "$22.21", "2020-09-30": "$16.40", "2020-06-30": "$10.13", "2020-03-31": "$9.87", "2019-12-31": "$15.33", "2019-09-30": "$10.12", "2019-06-30": "$14.21", "2019-03-31": "$9.50", "2018-12-31": "$12.77", "2018-09-30": "$13.06", "2018-06-30": "$4.54", "2018-03-31": "$13.33", "2017-12-31": "$-4.31", "2017-09-30": "$9.57", "2017-06-30": "$5.01", "2017-03-31": "$7.73", "2016-12-31": "$7.58", "2016-09-30": "$7.25", "2016-06-30": "$7.00", "2016-03-31": "$6.02", "2015-12-31": "$7.48", "2015-09-30": "$5.33", "2015-06-30": "$4.93", "2015-03-31": "$5.10", "2014-12-31": "$6.67", "2014-09-30": "$3.98", "2014-06-30": "$4.88", "2014-03-31": "$5.04", "2013-12-31": "$4.67", "2013-09-30": "$4.38", "2013-06-30": "$4.77", "2013-03-31": "$4.97", "2012-12-31": "$4.31", "2012-09-30": "$3.27", "2012-06-30": "$4.21", "2012-03-31": "$4.38", "2011-12-31": "$4.12", "2011-09-30": "$4.17", "2011-06-30": "$3.84", "2011-03-31": "$2.76", "2010-12-31": "$3.91", "2010-09-30": "$3.36", "2010-06-30": "$2.86", "2010-03-31": "$3.03", "2009-12-31": "$3.07", "2009-09-30": "$2.57", "2009-06-30": "$2.33", "2009-03-31": "$2.25", "2008-12-31": "$0.61", "2008-09-30": "$2.03", "2008-06-30": "$1.96", "2008-03-31": "$2.06", "2007-12-31": "$1.90", "2007-09-30": "$1.69", "2007-06-30": "$1.47", "2007-03-31": "$1.59", "2006-12-31": "$1.65", "2006-09-30": "$1.18", "2006-06-30": "$1.17", "2006-03-31": "$0.98", "2005-12-31": "$0.61", "2005-09-30": "$0.66", "2005-06-30": "$0.60", "2005-03-31": "$0.65"}}, "shares-outstanding": {"Alphabet Annual Shares Outstanding (Millions of Shares)": {"2020": "733", "2019": "745", "2018": "750", "2017": "751", "2016": "748", "2015": "745", "2014": "742", "2013": "737", "2012": "665", "2011": "654", "2010": "647", "2009": "639", "2008": "635", "2007": "632", "2006": "619", "2005": "584"}, "Alphabet Quarterly Shares Outstanding (Millions of Shares)": {"2020-12-31": "733", "2020-09-30": "732", "2020-06-30": "733", "2020-03-31": "739", "2019-12-31": "745", "2019-09-30": "745", "2019-06-30": "746", "2019-03-31": "747", "2018-12-31": "750", "2018-09-30": "751", "2018-06-30": "750", "2018-03-31": "752", "2017-12-31": "751", "2017-09-30": "751", "2017-06-30": "751", "2017-03-31": "749", "2016-12-31": "748", "2016-09-30": "747", "2016-06-30": "746", "2016-03-31": "749", "2015-12-31": "745", "2015-09-30": "746", "2015-06-30": "743", "2015-03-31": "742", "2014-12-31": "742", "2014-09-30": "743", "2014-06-30": "742", "2014-03-31": "685", "2013-12-31": "737", "2013-09-30": "678", "2013-06-30": "677", "2013-03-31": "673", "2012-12-31": "665", "2012-09-30": "667", "2012-06-30": "662", "2012-03-31": "660", "2011-12-31": "654", "2011-09-30": "655", "2011-06-30": "652", "2011-03-31": "653", "2010-12-31": "647", "2010-09-30": "645", "2010-06-30": "645", "2010-03-31": "645", "2009-12-31": "639", "2009-09-30": "639", "2009-06-30": "637", "2009-03-31": "634", "2008-12-31": "635", "2008-09-30": "636", "2008-06-30": "636", "2008-03-31": "635", "2007-12-31": "632", "2007-09-30": "633", "2007-06-30": "631", "2007-03-31": "630", "2006-12-31": "619", "2006-09-30": "621", "2006-06-30": "620", "2006-03-31": "608", "2005-12-31": "584", "2005-09-30": "579", "2005-06-30": "574", "2005-03-31": "573"}}, "total-assets": {"Alphabet Annual Total Assets (Millions of US $)": {"2020": "$319,616", "2019": "$275,909", "2018": "$232,792", "2017": "$197,295", "2016": "$167,497", "2015": "$147,461", "2014": "$129,187", "2013": "$110,920", "2012": "$93,798", "2011": "$72,574", "2010": "$57,851", "2009": "$40,497", "2008": "$31,768", "2007": "$25,336", "2006": "$18,473", "2005": "$10,272"}, "Alphabet Quarterly Total Assets (Millions of US $)": {"2020-12-31": "$319,616", "2020-09-30": "$299,243", "2020-06-30": "$278,492", "2020-03-31": "$273,403", "2019-12-31": "$275,909", "2019-09-30": "$263,044", "2019-06-30": "$257,101", "2019-03-31": "$245,349", "2018-12-31": "$232,792", "2018-09-30": "$221,538", "2018-06-30": "$211,610", "2018-03-31": "$206,935", "2017-12-31": "$197,295", "2017-09-30": "$189,536", "2017-06-30": "$178,621", "2017-03-31": "$172,756", "2016-12-31": "$167,497", "2016-09-30": "$159,948", "2016-06-30": "$154,292", "2016-03-31": "$149,747", "2015-12-31": "$147,461", "2015-09-30": "$144,281", "2015-06-30": "$138,807", "2015-03-31": "$133,400", "2014-12-31": "$129,187", "2014-09-30": "$125,781", "2014-06-30": "$121,608", "2014-03-31": "$116,526", "2013-12-31": "$110,920", "2013-09-30": "$105,068", "2013-06-30": "$101,182", "2013-03-31": "$96,692", "2012-12-31": "$93,798", "2012-09-30": "$89,730", "2012-06-30": "$86,051", "2012-03-31": "$77,144", "2011-12-31": "$72,574", "2011-09-30": "$69,088", "2011-06-30": "$64,861", "2011-03-31": "$59,960", "2010-12-31": "$57,851", "2010-09-30": "$53,342", "2010-06-30": "$48,045", "2010-03-31": "$42,871", "2009-12-31": "$40,497", "2009-09-30": "$37,703", "2009-06-30": "$35,159", "2009-03-31": "$33,513", "2008-12-31": "$31,768", "2008-09-30": "$30,807", "2008-06-30": "$29,180", "2008-03-31": "$27,605", "2007-12-31": "$25,336", "2007-09-30": "$23,341", "2007-06-30": "$21,424", "2007-03-31": "$20,015", "2006-12-31": "$18,473", "2006-09-30": "$15,693", "2006-06-30": "$14,396", "2006-03-31": "$11,295", "2005-12-31": "$10,272", "2005-09-30": "$9,451", "2005-06-30": "$4,498", "2005-03-31": "$3,865"}}, "cash-on-hand": {"Alphabet Annual Cash on Hand (Millions of US $)": {"2020": "$136,694", "2019": "$119,675", "2018": "$109,140", "2017": "$101,871", "2016": "$86,333", "2015": "$73,066", "2014": "$64,395", "2013": "$58,717", "2012": "$48,088", "2011": "$44,626", "2010": "$34,975", "2009": "$24,485", "2008": "$15,846", "2007": "$14,219", "2006": "$11,244", "2005": "$8,034"}, "Alphabet Quarterly Cash on Hand (Millions of US $)": {"2020-12-31": "$136,694", "2020-09-30": "$132,596", "2020-06-30": "$121,080", "2020-03-31": "$117,229", "2019-12-31": "$119,675", "2019-09-30": "$121,177", "2019-06-30": "$121,056", "2019-03-31": "$113,488", "2018-12-31": "$109,140", "2018-09-30": "$106,416", "2018-06-30": "$102,254", "2018-03-31": "$102,885", "2017-12-31": "$101,871", "2017-09-30": "$100,143", "2017-06-30": "$94,713", "2017-03-31": "$92,439", "2016-12-31": "$86,333", "2016-09-30": "$83,056", "2016-06-30": "$78,460", "2016-03-31": "$75,264", "2015-12-31": "$73,066", "2015-09-30": "$72,767", "2015-06-30": "$69,780", "2015-03-31": "$65,436", "2014-12-31": "$64,395", "2014-09-30": "$62,157", "2014-06-30": "$61,204", "2014-03-31": "$59,379", "2013-12-31": "$58,717", "2013-09-30": "$56,523", "2013-06-30": "$54,432", "2013-03-31": "$50,098", "2012-12-31": "$48,088", "2012-09-30": "$45,724", "2012-06-30": "$43,122", "2012-03-31": "$49,316", "2011-12-31": "$44,626", "2011-09-30": "$42,560", "2011-06-30": "$39,118", "2011-03-31": "$36,675", "2010-12-31": "$34,975", "2010-09-30": "$33,380", "2010-06-30": "$30,059", "2010-03-31": "$26,514", "2009-12-31": "$24,485", "2009-09-30": "$21,994", "2009-06-30": "$19,344", "2009-03-31": "$17,785", "2008-12-31": "$15,846", "2008-09-30": "$14,413", "2008-06-30": "$12,734", "2008-03-31": "$12,135", "2007-12-31": "$14,219", "2007-09-30": "$13,087", "2007-06-30": "$12,504", "2007-03-31": "$11,936", "2006-12-31": "$11,244", "2006-09-30": "$10,429", "2006-06-30": "$9,822", "2006-03-31": "$8,429", "2005-12-31": "$8,034", "2005-09-30": "$7,630", "2005-06-30": "$2,948", "2005-03-31": "$2,507"}}, "long-term-debt": {"Alphabet Annual Long Term Debt (Millions of US $)": {"2020": "$13,932", "2019": "$4,554", "2018": "$4,012", "2017": "$3,969", "2016": "$3,935", "2015": "$1,995", "2014": "$3,228", "2013": "$2,236", "2012": "$2,988", "2011": "$2,986", "2010": "$", "2009": "$", "2008": "$", "2007": "$", "2006": "$", "2005": "$"}, "Alphabet Quarterly Long Term Debt (Millions of US $)": {"2020-12-31": "$13,932", "2020-09-30": "$13,902", "2020-06-30": "$4,018", "2020-03-31": "$5,016", "2019-12-31": "$4,554", "2019-09-30": "$4,082", "2019-06-30": "$4,074", "2019-03-31": "$4,066", "2018-12-31": "$4,012", "2018-09-30": "$3,986", "2018-06-30": "$3,981", "2018-03-31": "$3,973", "2017-12-31": "$3,969", "2017-09-30": "$3,964", "2017-06-30": "$3,955", "2017-03-31": "$3,937", "2016-12-31": "$3,935", "2016-09-30": "$3,938", "2016-06-30": "$1,984", "2016-03-31": "$1,987", "2015-12-31": "$1,995", "2015-09-30": "$1,994", "2015-06-30": "$2,225", "2015-03-31": "$3,226", "2014-12-31": "$3,228", "2014-09-30": "$3,230", "2014-06-30": "$3,232", "2014-03-31": "$3,234", "2013-12-31": "$2,236", "2013-09-30": "$2,238", "2013-06-30": "$1,989", "2013-03-31": "$2,989", "2012-12-31": "$2,988", "2012-09-30": "$2,988", "2012-06-30": "$2,987", "2012-03-31": "$2,987", "2011-12-31": "$2,986", "2011-09-30": "$2,986", "2011-06-30": "$2,985", "2011-03-31": "", "2010-12-31": "", "2010-09-30": "", "2010-06-30": "", "2010-03-31": "", "2009-12-31": "", "2009-09-30": "", "2009-06-30": "", "2009-03-31": "", "2008-12-31": "", "2008-09-30": "", "2008-06-30": "", "2008-03-31": "", "2007-12-31": "", "2007-09-30": "", "2007-06-30": "", "2007-03-31": "", "2006-12-31": "", "2006-09-30": "", "2006-06-30": "", "2006-03-31": "", "2005-12-31": "", "2005-09-30": "", "2005-06-30": "", "2005-03-31": ""}}, "total-liabilities": {"Alphabet Annual Total Liabilities (Millions of US $)": {"2020": "$97,072", "2019": "$74,467", "2018": "$55,164", "2017": "$44,793", "2016": "$28,461", "2015": "$27,130", "2014": "$25,327", "2013": "$23,611", "2012": "$22,083", "2011": "$14,429", "2010": "$11,610", "2009": "$4,493", "2008": "$3,529", "2007": "$2,646", "2006": "$1,434", "2005": "$853"}, "Alphabet Quarterly Total Liabilities (Millions of US $)": {"2020-12-31": "$97,072", "2020-09-30": "$86,323", "2020-06-30": "$71,170", "2020-03-31": "$69,744", "2019-12-31": "$74,467", "2019-09-30": "$68,075", "2019-06-30": "$64,909", "2019-03-31": "$61,877", "2018-12-31": "$55,164", "2018-09-30": "$51,698", "2018-06-30": "$49,610", "2018-03-31": "$46,110", "2017-12-31": "$44,793", "2017-09-30": "$32,436", "2017-06-30": "$30,335", "2017-03-31": "$27,807", "2016-12-31": "$28,461", "2016-09-30": "$25,845", "2016-06-30": "$26,413", "2016-03-31": "$26,178", "2015-12-31": "$27,130", "2015-09-30": "$28,040", "2015-06-30": "$27,024", "2015-03-31": "$24,952", "2014-12-31": "$25,327", "2014-09-30": "$26,966", "2014-06-30": "$25,859", "2014-03-31": "$24,815", "2013-12-31": "$23,611", "2013-09-30": "$22,079", "2013-06-30": "$22,330", "2013-03-31": "$21,219", "2012-12-31": "$22,083", "2012-09-30": "$21,702", "2012-06-30": "$21,330", "2012-03-31": "$15,432", "2011-12-31": "$14,429", "2011-09-30": "$14,258", "2011-06-30": "$12,870", "2011-03-31": "$11,109", "2010-12-31": "$11,610", "2010-09-30": "$10,052", "2010-06-30": "$7,432", "2010-03-31": "$4,588", "2009-12-31": "$4,493", "2009-09-30": "$3,981", "2009-06-30": "$3,564", "2009-03-31": "$3,665", "2008-12-31": "$3,529", "2008-09-30": "$3,332", "2008-06-30": "$3,267", "2008-03-31": "$3,267", "2007-12-31": "$2,646", "2007-09-30": "$2,304", "2007-06-30": "$1,764", "2007-03-31": "$1,638", "2006-12-31": "$1,434", "2006-09-30": "$1,296", "2006-06-30": "$1,039", "2006-03-31": "$1,052", "2005-12-31": "$853", "2005-09-30": "$658", "2005-06-30": "$544", "2005-03-31": "$438"}}, "total-share-holder-equity": {"Alphabet Annual Share Holder Equity (Millions of US $)": {"2020": "$222,544", "2019": "$201,442", "2018": "$177,628", "2017": "$152,502", "2016": "$139,036", "2015": "$120,331", "2014": "$103,860", "2013": "$87,309", "2012": "$71,715", "2011": "$58,145", "2010": "$46,241", "2009": "$36,004", "2008": "$28,239", "2007": "$22,690", "2006": "$17,040", "2005": "$9,419"}, "Alphabet Quarterly Share Holder Equity (Millions of US $)": {"2020-12-31": "$222,544", "2020-09-30": "$212,920", "2020-06-30": "$207,322", "2020-03-31": "$203,659", "2019-12-31": "$201,442", "2019-09-30": "$194,969", "2019-06-30": "$192,192", "2019-03-31": "$183,472", "2018-12-31": "$177,628", "2018-09-30": "$169,840", "2018-06-30": "$162,000", "2018-03-31": "$160,825", "2017-12-31": "$152,502", "2017-09-30": "$157,100", "2017-06-30": "$148,286", "2017-03-31": "$144,949", "2016-12-31": "$139,036", "2016-09-30": "$134,103", "2016-06-30": "$127,879", "2016-03-31": "$123,569", "2015-12-31": "$120,331", "2015-09-30": "$116,241", "2015-06-30": "$111,783", "2015-03-31": "$108,448", "2014-12-31": "$103,860", "2014-09-30": "$98,815", "2014-06-30": "$95,749", "2014-03-31": "$91,711", "2013-12-31": "$87,309", "2013-09-30": "$82,989", "2013-06-30": "$78,852", "2013-03-31": "$75,473", "2012-12-31": "$71,715", "2012-09-30": "$68,028", "2012-06-30": "$64,721", "2012-03-31": "$61,712", "2011-12-31": "$58,145", "2011-09-30": "$54,830", "2011-06-30": "$51,991", "2011-03-31": "$48,851", "2010-12-31": "$46,241", "2010-09-30": "$43,290", "2010-06-30": "$40,613", "2010-03-31": "$38,283", "2009-12-31": "$36,004", "2009-09-30": "$33,722", "2009-06-30": "$31,595", "2009-03-31": "$29,848", "2008-12-31": "$28,239", "2008-09-30": "$27,475", "2008-06-30": "$25,913", "2008-03-31": "$24,338", "2007-12-31": "$22,690", "2007-09-30": "$21,037", "2007-06-30": "$19,660", "2007-03-31": "$18,377", "2006-12-31": "$17,040", "2006-09-30": "$14,397", "2006-06-30": "$13,357", "2006-03-31": "$10,243", "2005-12-31": "$9,419", "2005-09-30": "$8,793", "2005-06-30": "$3,954", "2005-03-31": "$3,427"}}, "profit-margins": {"current": "22.06%"}, "gross margin": {"2020-12-31": "53.58%", "2020-09-30": "53.60%", "2020-06-30": "54.15%", "2020-03-31": "55.08%", "2019-12-31": "55.58%", "2019-09-30": "55.63%", "2019-06-30": "55.83%", "2019-03-31": "56.28%", "2018-12-31": "56.48%", "2018-09-30": "56.96%", "2018-06-30": "57.41%", "2018-03-31": "57.99%", "2017-12-31": "58.88%", "2017-09-30": "59.87%", "2017-06-30": "60.18%", "2017-03-31": "60.66%", "2016-12-31": "61.08%", "2016-09-30": "61.81%", "2016-06-30": "62.08%", "2016-03-31": "62.23%", "2015-12-31": "62.44%", "2015-09-30": "62.52%", "2015-06-30": "61.85%", "2015-03-31": "61.55%", "2014-12-31": "61.07%", "2014-09-30": "60.66%", "2014-06-30": "60.98%", "2014-03-31": "60.65%", "2013-12-31": "60.39%", "2013-09-30": "63.08%", "2013-06-30": "61.65%", "2013-03-31": "61.69%", "2012-12-31": "62.69%", "2012-09-30": "60.89%", "2012-06-30": "63.64%", "2012-03-31": "64.88%", "2011-12-31": "65.21%", "2011-09-30": "65.24%", "2011-06-30": "65.18%", "2011-03-31": "64.97%", "2010-12-31": "64.47%", "2010-09-30": "64.15%", "2010-06-30": "63.56%", "2010-03-31": "63.10%", "2009-12-31": "62.61%", "2009-09-30": "61.96%", "2009-06-30": "61.51%", "2009-03-31": "61.06%", "2008-12-31": "60.45%", "2008-09-30": "59.92%", "2008-06-30": "59.84%", "2008-03-31": "59.77%", "2007-12-31": "59.94%", "2007-09-30": "60.09%", "2007-06-30": "60.07%", "2007-03-31": "60.12%", "2006-12-31": "60.15%", "2006-09-30": "60.09%", "2006-06-30": "59.49%", "2006-03-31": "58.88%", "2005-12-31": "58.02%"}, "operating margin": {"2020-12-31": "22.59%", "2020-09-30": "20.29%", "2020-06-30": "19.76%", "2020-03-31": "21.36%", "2019-12-31": "21.15%", "2019-09-30": "21.40%", "2019-06-30": "22.01%", "2019-03-31": "18.66%", "2018-12-31": "20.12%", "2018-09-30": "20.79%", "2018-06-30": "21.11%", "2018-03-31": "23.23%", "2017-12-31": "23.61%", "2017-09-30": "24.02%", "2017-06-30": "23.27%", "2017-03-31": "26.32%", "2016-12-31": "26.27%", "2016-09-30": "26.25%", "2016-06-30": "26.17%", "2016-03-31": "25.97%", "2015-12-31": "25.82%", "2015-09-30": "25.61%", "2015-06-30": "24.99%", "2015-03-31": "24.81%", "2014-12-31": "24.99%", "2014-09-30": "25.98%", "2014-06-30": "27.23%", "2014-03-31": "27.20%", "2013-12-31": "27.74%", "2013-09-30": "30.83%", "2013-06-30": "29.05%", "2013-03-31": "29.36%", "2012-12-31": "30.05%", "2012-09-30": "27.78%", "2012-06-30": "30.85%", "2012-03-31": "32.11%", "2011-12-31": "30.98%", "2011-09-30": "31.36%", "2011-06-30": "32.12%", "2011-03-31": "32.74%", "2010-12-31": "35.40%", "2010-09-30": "35.86%", "2010-06-30": "35.89%", "2010-03-31": "35.78%", "2009-12-31": "35.14%", "2009-09-30": "33.92%", "2009-06-30": "32.62%", "2009-03-31": "31.51%", "2008-12-31": "30.43%", "2008-09-30": "29.70%", "2008-06-30": "30.00%", "2008-03-31": "29.86%", "2007-12-31": "30.64%", "2007-09-30": "31.42%", "2007-06-30": "32.15%", "2007-03-31": "33.52%", "2006-12-31": "33.47%", "2006-09-30": "32.83%", "2006-06-30": "32.37%", "2006-03-31": "32.49%", "2005-12-31": "32.88%"}, "ebitda margin": {"2020-12-31": "30.09%", "2020-09-30": "28.09%", "2020-06-30": "27.48%", "2020-03-31": "28.72%", "2019-12-31": "28.43%", "2019-09-30": "28.46%", "2019-06-30": "29.01%", "2019-03-31": "25.46%", "2018-12-31": "26.72%", "2018-09-30": "27.32%", "2018-06-30": "27.48%", "2018-03-31": "29.54%", "2017-12-31": "29.85%", "2017-09-30": "30.30%", "2017-06-30": "29.73%", "2017-03-31": "32.94%", "2016-12-31": "33.08%", "2016-09-30": "33.11%", "2016-06-30": "32.91%", "2016-03-31": "32.71%", "2015-12-31": "32.57%", "2015-09-30": "32.47%", "2015-06-30": "32.49%", "2015-03-31": "32.28%", "2014-12-31": "32.54%", "2014-09-30": "33.45%", "2014-06-30": "34.09%", "2014-03-31": "34.31%", "2013-12-31": "34.84%", "2013-09-30": "38.52%", "2013-06-30": "36.52%", "2013-03-31": "36.29%", "2012-12-31": "36.48%", "2012-09-30": "33.20%", "2012-06-30": "35.94%", "2012-03-31": "37.01%", "2011-12-31": "35.86%", "2011-09-30": "36.20%", "2011-06-30": "36.86%", "2011-03-31": "37.45%", "2010-12-31": "40.17%", "2010-09-30": "40.86%", "2010-06-30": "41.29%", "2010-03-31": "41.61%", "2009-12-31": "41.59%", "2009-09-30": "40.73%", "2009-06-30": "39.59%", "2009-03-31": "38.60%", "2008-12-31": "37.32%", "2008-09-30": "36.41%", "2008-06-30": "36.46%", "2008-03-31": "35.93%", "2007-12-31": "36.47%", "2007-09-30": "37.21%", "2007-06-30": "37.83%", "2007-03-31": "39.07%", "2006-12-31": "38.87%", "2006-09-30": "37.95%", "2006-06-30": "37.35%", "2006-03-31": "37.37%", "2005-12-31": "37.65%"}, "pre tax profit margin": {"2020-12-31": "26.34%", "2020-09-30": "23.35%", "2020-06-30": "21.30%", "2020-03-31": "23.54%", "2019-12-31": "24.48%", "2019-09-30": "25.15%", "2019-06-30": "27.27%", "2019-03-31": "22.90%", "2018-12-31": "25.52%", "2018-09-30": "25.30%", "2018-06-30": "24.82%", "2018-03-31": "26.37%", "2017-12-31": "24.53%", "2017-09-30": "24.89%", "2017-06-30": "24.27%", "2017-03-31": "27.27%", "2016-12-31": "26.75%", "2016-09-30": "26.30%", "2016-06-30": "26.10%", "2016-03-31": "25.87%", "2015-12-31": "26.21%", "2015-09-30": "26.45%", "2015-06-30": "25.78%", "2015-03-31": "25.64%", "2014-12-31": "26.15%", "2014-09-30": "27.16%", "2014-06-30": "28.26%", "2014-03-31": "28.44%", "2013-12-31": "28.64%", "2013-09-30": "31.91%", "2013-06-30": "30.25%", "2013-03-31": "30.63%", "2012-12-31": "31.43%", "2012-09-30": "28.76%", "2012-06-30": "32.47%", "2012-03-31": "33.72%", "2011-12-31": "32.52%", "2011-09-30": "33.50%", "2011-06-30": "34.01%", "2011-03-31": "34.32%", "2010-12-31": "36.82%", "2010-09-30": "37.10%", "2010-06-30": "36.53%", "2010-03-31": "36.11%", "2009-12-31": "35.44%", "2009-09-30": "29.31%", "2009-06-30": "28.06%", "2009-03-31": "27.26%", "2008-12-31": "26.86%", "2008-09-30": "31.68%", "2008-06-30": "32.79%", "2008-03-31": "33.32%", "2007-12-31": "34.19%", "2007-09-30": "35.07%", "2007-06-30": "35.88%", "2007-03-31": "37.89%", "2006-12-31": "37.83%", "2006-09-30": "37.20%", "2006-06-30": "36.27%", "2006-03-31": "34.98%", "2005-12-31": "34.88%"}, "net profit margin": {"2020-12-31": "22.06%", "2020-09-30": "20.80%", "2020-06-30": "18.99%", "2020-03-31": "20.71%", "2019-12-31": "21.22%", "2019-09-30": "21.04%", "2019-06-30": "23.43%", "2019-03-31": "19.71%", "2018-12-31": "22.46%", "2018-09-30": "14.45%", "2018-06-30": "13.16%", "2018-03-31": "14.19%", "2017-12-31": "11.42%", "2017-09-30": "20.09%", "2017-06-30": "19.49%", "2017-03-31": "21.84%", "2016-12-31": "21.58%", "2016-09-30": "22.29%", "2016-06-30": "22.00%", "2016-03-31": "21.18%", "2015-12-31": "21.10%", "2015-09-30": "21.59%", "2015-06-30": "20.48%", "2015-03-31": "20.93%", "2014-12-31": "21.42%", "2014-09-30": "20.02%", "2014-06-30": "21.31%", "2014-03-31": "22.14%", "2013-12-31": "22.93%", "2013-09-30": "24.81%", "2013-06-30": "23.44%", "2013-03-31": "23.15%", "2012-12-31": "23.32%", "2012-09-30": "22.78%", "2012-06-30": "25.98%", "2012-03-31": "27.09%", "2011-12-31": "25.69%", "2011-09-30": "26.77%", "2011-06-30": "27.04%", "2011-03-31": "26.82%", "2010-12-31": "29.01%", "2010-09-30": "28.80%", "2010-06-30": "28.26%", "2010-03-31": "28.30%", "2009-12-31": "27.57%", "2009-09-30": "21.74%", "2009-06-30": "20.57%", "2009-03-31": "19.64%", "2008-12-31": "19.39%", "2008-09-30": "24.14%", "2008-06-30": "24.63%", "2008-03-31": "24.88%", "2007-12-31": "25.33%", "2007-09-30": "26.90%", "2007-06-30": "27.48%", "2007-03-31": "29.02%", "2006-12-31": "29.01%", "2006-09-30": "25.95%", "2006-06-30": "25.17%", "2006-03-31": "23.66%", "2005-12-31": "23.87%"}, "pe ratio": {"current": "35.74", "2021-02-05": "57.64", "2020-12-31": "48.13", "2020-09-30": "28.40", "2020-06-30": "31.09", "2020-03-31": "23.47", "2019-12-31": "27.19", "2019-09-30": "26.16", "2019-06-30": "21.82", "2019-03-31": "29.43", "2018-12-31": "23.70", "2018-09-30": "44.90", "2018-06-30": "48.32", "2018-03-31": "43.79", "2017-12-31": "58.26", "2017-09-30": "32.11", "2017-06-30": "32.98", "2017-03-31": "28.08", "2016-12-31": "27.73", "2016-09-30": "28.44", "2016-06-30": "26.82", "2016-03-31": "31.38", "2015-12-31": "33.11", "2015-09-30": "26.74", "2015-06-30": "24.67", "2015-03-31": "25.92", "2014-12-31": "25.10"}, "price sales": {"2021-02-05": "8.44", "2020-12-31": "7.05", "2020-09-30": "6.31", "2020-06-30": "6.31", "2020-03-31": "5.19", "2019-12-31": "6.16", "2019-09-30": "5.87", "2019-06-30": "5.46", "2019-03-31": "6.19", "2018-12-31": "5.68", "2018-09-30": "6.90", "2018-06-30": "6.76", "2018-03-31": "6.61", "2017-12-31": "7.08", "2017-09-30": "6.87", "2017-06-30": "6.85", "2017-03-31": "6.54", "2016-12-31": "6.39", "2016-09-30": "6.79", "2016-06-30": "6.32", "2016-03-31": "7.12", "2015-12-31": "7.53", "2015-09-30": "6.30", "2015-06-30": "5.55", "2015-03-31": "6.00", "2014-12-31": "5.81"}, "price book": {"current": "6.38", "2021-02-05": "6.37", "2020-12-31": "5.32", "2020-09-30": "4.68", "2020-06-30": "4.64", "2020-03-31": "3.91", "2019-12-31": "4.57", "2019-09-30": "4.32", "2019-06-30": "3.90", "2019-03-31": "4.44", "2018-12-31": "4.06", "2018-09-30": "4.89", "2018-06-30": "4.79", "2018-03-31": "4.46", "2017-12-31": "4.77", "2017-09-30": "4.24", "2017-06-30": "4.25", "2017-03-31": "3.96", "2016-12-31": "3.84", "2016-09-30": "3.99", "2016-06-30": "3.72", "2016-03-31": "4.14", "2015-12-31": "4.33", "2015-09-30": "3.60", "2015-06-30": "3.19", "2015-03-31": "3.45", "2014-12-31": "3.45", "2014-09-30": "3.96", "2014-06-30": "4.06", "2014-03-31": "4.10"}, "price fcf": {"2021-02-05": "", "2020-12-31": "$58.43", "2020-09-30": "$45.72", "2020-06-30": "$42.15", "2020-03-31": "$39.09", "2019-12-31": "$41.57", "2019-09-30": "$61.73", "2019-06-30": "$37.01", "2019-03-31": "$34.47", "2018-12-31": "$30.44", "2018-09-30": "$30.38", "2018-06-30": "$28.30", "2018-03-31": "$28.21", "2017-12-31": "$31.85", "2017-09-30": "$32.48", "2017-06-30": "$34.02", "2017-03-31": "$37.33", "2016-12-31": "$34.87", "2016-09-30": "$32.47", "2016-06-30": "$27.48", "2016-03-31": "$24.24", "2015-12-31": "$22.37", "2015-09-30": "$20.97", "2015-06-30": "$20.76", "2015-03-31": "$18.39", "2014-12-31": "$16.26"}, "net worth": {"value": "$1000B"}, "current ratio": {"current": "3.07", "2020-12-31": "3.07", "2020-09-30": "3.41", "2020-06-30": "3.41", "2020-03-31": "3.66", "2019-12-31": "3.37", "2019-09-30": "3.78", "2019-06-30": "3.99", "2019-03-31": "3.96", "2018-12-31": "3.92", "2018-09-30": "4.14", "2018-06-30": "4.15", "2018-03-31": "4.87", "2017-12-31": "5.14", "2017-09-30": "5.77", "2017-06-30": "6.02", "2017-03-31": "7.13", "2016-12-31": "6.29", "2016-09-30": "6.88", "2016-06-30": "5.43", "2016-03-31": "5.14", "2015-12-31": "4.67", "2015-09-30": "4.77", "2015-06-30": "4.85", "2015-03-31": "5.60", "2014-12-31": "4.69", "2014-09-30": "4.47", "2014-06-30": "4.56", "2014-03-31": "4.63", "2013-12-31": "4.58", "2013-09-30": "4.76", "2013-06-30": "4.36", "2013-03-31": "4.74", "2012-12-31": "4.22", "2012-09-30": "3.94", "2012-06-30": "3.84", "2012-03-31": "5.84", "2011-12-31": "5.92", "2011-09-30": "5.63", "2011-06-30": "5.96", "2011-03-31": "4.64", "2010-12-31": "4.16", "2010-09-30": "4.63", "2010-06-30": "6.12", "2010-03-31": "10.65", "2009-12-31": "10.62", "2009-09-30": "11.35", "2009-06-30": "11.91", "2009-03-31": "10.11", "2008-12-31": "8.77", "2008-09-30": "8.08", "2008-06-30": "6.96", "2008-03-31": "6.29", "2007-12-31": "8.49", "2007-09-30": "8.83", "2007-06-30": "11.26", "2007-03-31": "11.23", "2006-12-31": "10.00", "2006-09-30": "9.75", "2006-06-30": "11.31", "2006-03-31": "9.75", "2005-12-31": "12.08", "2005-09-30": "14.97", "2005-06-30": "8.14", "2005-03-31": "8.03"}, "quick ratio": {"2020-12-31": "3.05", "2020-09-30": "3.39", "2020-06-30": "3.40", "2020-03-31": "3.64", "2019-12-31": "3.35", "2019-09-30": "3.75", "2019-06-30": "3.96", "2019-03-31": "3.93", "2018-12-31": "3.89", "2018-09-30": "4.11", "2018-06-30": "4.13", "2018-03-31": "4.85", "2017-12-31": "5.11", "2017-09-30": "5.73", "2017-06-30": "5.99", "2017-03-31": "7.11", "2016-12-31": "6.28", "2016-09-30": "6.84", "2016-06-30": "0.00", "2016-03-31": "0.00", "2015-12-31": "4.64", "2015-09-30": "0.00", "2015-06-30": "0.00", "2015-03-31": "0.00", "2014-12-31": "0.00", "2014-09-30": "4.46", "2014-06-30": "4.54", "2014-03-31": "4.61", "2013-12-31": "0.00", "2013-09-30": "4.74", "2013-06-30": "4.34", "2013-03-31": "4.69", "2012-12-31": "4.18", "2012-09-30": "3.89", "2012-06-30": "3.79", "2012-03-31": "0.00", "2011-12-31": "5.92", "2011-09-30": "0.00", "2011-06-30": "0.00", "2011-03-31": "0.00", "2010-12-31": "0.00", "2010-09-30": "0.00", "2010-06-30": "0.00", "2010-03-31": "0.00", "2009-12-31": "0.00", "2009-09-30": "0.00", "2009-06-30": "0.00", "2009-03-31": "0.00", "2008-12-31": "0.00", "2008-09-30": "0.00", "2008-06-30": "0.00", "2008-03-31": "0.00", "2007-12-31": "0.00", "2007-09-30": "0.00", "2007-06-30": "0.00", "2007-03-31": "0.00", "2006-12-31": "0.00", "2006-09-30": "0.00", "2006-06-30": "0.00", "2006-03-31": "0.00", "2005-12-31": "0.00", "2005-09-30": "0.00", "2005-06-30": "0.00", "2005-03-31": "0.00"}, "debt equity ratio": {"current": "0.06", "2020-12-31": "0.44", "2020-09-30": "0.41", "2020-06-30": "0.34", "2020-03-31": "0.34", "2019-12-31": "0.37", "2019-09-30": "0.35", "2019-06-30": "0.34", "2019-03-31": "0.34", "2018-12-31": "0.31", "2018-09-30": "0.30", "2018-06-30": "0.31", "2018-03-31": "0.29", "2017-12-31": "0.29", "2017-09-30": "0.21", "2017-06-30": "0.21", "2017-03-31": "0.19", "2016-12-31": "0.21", "2016-09-30": "0.19", "2016-06-30": "0.21", "2016-03-31": "0.21", "2015-12-31": "0.23", "2015-09-30": "0.24", "2015-06-30": "0.24", "2015-03-31": "0.23", "2014-12-31": "0.24", "2014-09-30": "0.27", "2014-06-30": "0.27", "2014-03-31": "0.27", "2013-12-31": "0.27", "2013-09-30": "0.27", "2013-06-30": "0.28", "2013-03-31": "0.28", "2012-12-31": "0.31", "2012-09-30": "0.32", "2012-06-30": "0.33", "2012-03-31": "0.25", "2011-12-31": "0.25", "2011-09-30": "0.26", "2011-06-30": "0.25", "2011-03-31": "0.23", "2010-12-31": "0.25", "2010-09-30": "0.23", "2010-06-30": "0.18", "2010-03-31": "0.12", "2009-12-31": "0.13", "2009-09-30": "0.12", "2009-06-30": "0.11", "2009-03-31": "0.12", "2008-12-31": "0.13", "2008-09-30": "0.12", "2008-06-30": "0.13", "2008-03-31": "0.13", "2007-12-31": "0.12", "2007-09-30": "0.11", "2007-06-30": "0.09", "2007-03-31": "0.09", "2006-12-31": "0.08", "2006-09-30": "0.09", "2006-06-30": "0.08", "2006-03-31": "0.10", "2005-12-31": "0.09", "2005-09-30": "0.08", "2005-06-30": "0.14", "2005-03-31": "0.13"}, "return on equity": {"2020-12-31": "19.03%", "2020-09-30": "17.31%", "2020-06-30": "15.62%", "2020-03-31": "17.43%", "2019-12-31": "17.79%", "2019-09-30": "17.44%", "2019-06-30": "19.22%", "2019-03-31": "16.16%", "2018-12-31": "18.34%", "2018-09-30": "11.64%", "2018-06-30": "10.31%", "2018-03-31": "10.76%", "2017-12-31": "8.40%", "2017-09-30": "14.26%", "2017-06-30": "13.66%", "2017-03-31": "15.16%", "2016-12-31": "14.85%", "2016-09-30": "15.08%", "2016-06-30": "14.74%", "2016-03-31": "14.00%", "2015-12-31": "13.86%", "2015-09-30": "14.08%", "2015-06-30": "13.48%", "2015-03-31": "13.96%", "2014-12-31": "14.49%", "2014-09-30": "13.63%", "2014-06-30": "14.49%", "2014-03-31": "15.07%", "2013-12-31": "15.69%", "2013-09-30": "16.09%", "2013-06-30": "15.83%", "2013-03-31": "15.99%", "2012-12-31": "16.14%", "2012-09-30": "16.72%", "2012-06-30": "18.56%", "2012-03-31": "19.11%", "2011-12-31": "18.22%", "2011-09-30": "18.97%", "2011-06-30": "18.94%", "2011-03-31": "18.66%", "2010-12-31": "20.20%", "2010-09-30": "20.06%", "2010-06-30": "19.94%", "2010-03-31": "20.21%", "2009-12-31": "19.88%", "2009-09-30": "15.98%", "2009-06-30": "15.64%", "2009-03-31": "15.58%", "2008-12-31": "15.96%", "2008-09-30": "20.12%", "2008-06-30": "20.56%", "2008-03-31": "20.56%", "2007-12-31": "20.56%", "2007-09-30": "21.17%", "2007-06-30": "21.25%", "2007-03-31": "22.08%", "2006-12-31": "22.36%", "2006-09-30": "20.40%", "2006-06-30": "19.76%", "2006-03-31": "20.83%", "2005-12-31": "22.90%"}, "return on assets": {"2020-12-31": "13.76%", "2020-09-30": "12.67%", "2020-06-30": "11.56%", "2020-03-31": "12.91%", "2019-12-31": "13.19%", "2019-09-30": "13.07%", "2019-06-30": "14.53%", "2019-03-31": "12.29%", "2018-12-31": "14.08%", "2018-09-30": "8.97%", "2018-06-30": "8.10%", "2018-03-31": "8.62%", "2017-12-31": "6.86%", "2017-09-30": "11.87%", "2017-06-30": "11.40%", "2017-03-31": "12.65%", "2016-12-31": "12.34%", "2016-09-30": "12.47%", "2016-06-30": "12.08%", "2016-03-31": "11.39%", "2015-12-31": "11.23%", "2015-09-30": "11.36%", "2015-06-30": "10.82%", "2015-03-31": "11.14%", "2014-12-31": "11.47%", "2014-09-30": "10.72%", "2014-06-30": "11.42%", "2014-03-31": "11.84%", "2013-12-31": "12.31%", "2013-09-30": "12.53%", "2013-06-30": "12.20%", "2013-03-31": "12.22%", "2012-12-31": "12.39%", "2012-09-30": "12.97%", "2012-06-30": "14.58%", "2012-03-31": "15.27%", "2011-12-31": "14.62%", "2011-09-30": "15.21%", "2011-06-30": "15.28%", "2011-03-31": "15.23%", "2010-12-31": "16.83%", "2010-09-30": "17.18%", "2010-06-30": "17.52%", "2010-03-31": "18.06%", "2009-12-31": "17.76%", "2009-09-30": "14.28%", "2009-06-30": "13.96%", "2009-03-31": "13.87%", "2008-12-31": "14.17%", "2008-09-30": "17.89%", "2008-06-30": "18.32%", "2008-03-31": "18.46%", "2007-12-31": "18.66%", "2007-09-30": "19.35%", "2007-06-30": "19.53%", "2007-03-31": "20.34%", "2006-12-31": "20.56%", "2006-09-30": "18.72%", "2006-06-30": "18.20%", "2006-03-31": "19.01%", "2005-12-31": "20.86%"}, "return on investments": {"2020-12-31": "18.67%", "2020-09-30": "16.34%", "2020-06-30": "15.90%", "2020-03-31": "17.58%", "2019-12-31": "17.36%", "2019-09-30": "17.36%", "2019-06-30": "17.66%", "2019-03-31": "14.95%", "2018-12-31": "16.04%", "2018-09-30": "16.34%", "2018-06-30": "16.14%", "2018-03-31": "17.17%", "2017-12-31": "16.93%", "2017-09-30": "16.60%", "2017-06-30": "15.88%", "2017-03-31": "17.82%", "2016-12-31": "17.68%", "2016-09-30": "17.42%", "2016-06-30": "17.26%", "2016-03-31": "16.87%", "2015-12-31": "16.61%", "2015-09-30": "16.30%", "2015-06-30": "16.00%", "2015-03-31": "16.03%", "2014-12-31": "16.37%", "2014-09-30": "17.15%", "2014-06-30": "17.97%", "2014-03-31": "17.99%", "2013-12-31": "18.44%", "2013-09-30": "19.35%", "2013-06-30": "18.91%", "2013-03-31": "19.45%", "2012-12-31": "19.90%", "2012-09-30": "19.46%", "2012-06-30": "20.99%", "2012-03-31": "21.52%", "2011-12-31": "27.01%", "2011-09-30": "39.78%", "2011-06-30": "77.89%", "2011-03-31": "inf%", "2010-12-31": "inf%", "2010-09-30": "inf%", "2010-06-30": "inf%", "2010-03-31": "inf%", "2009-12-31": "inf%", "2009-09-30": "inf%", "2009-06-30": "inf%", "2009-03-31": "inf%", "2008-12-31": "inf%", "2008-09-30": "inf%", "2008-06-30": "inf%", "2008-03-31": "inf%", "2007-12-31": "inf%", "2007-09-30": "inf%", "2007-06-30": "inf%", "2007-03-31": "inf%", "2006-12-31": "inf%", "2006-09-30": "inf%", "2006-06-30": "inf%", "2006-03-31": "inf%", "2005-12-31": "inf%"}, "return on tangible equity": {"2020-12-31": "21.30%", "2020-09-30": "19.43%", "2020-06-30": "17.52%", "2020-03-31": "19.52%", "2019-12-31": "19.92%", "2019-09-30": "19.52%", "2019-06-30": "21.62%", "2019-03-31": "18.30%", "2018-12-31": "20.89%", "2018-09-30": "13.31%", "2018-06-30": "11.81%", "2018-03-31": "12.34%", "2017-12-31": "9.66%", "2017-09-30": "16.46%", "2017-06-30": "15.86%", "2017-03-31": "17.70%", "2016-12-31": "17.45%", "2016-09-30": "17.82%", "2016-06-30": "17.56%", "2016-03-31": "16.81%", "2015-12-31": "16.76%", "2015-09-30": "17.19%", "2015-06-30": "16.64%", "2015-03-31": "17.39%", "2014-12-31": "18.22%", "2014-09-30": "17.17%", "2014-06-30": "18.31%", "2014-03-31": "19.15%", "2013-12-31": "20.09%", "2013-09-30": "20.94%", "2013-06-30": "20.97%", "2013-03-31": "21.55%", "2012-12-31": "21.15%", "2012-09-30": "21.26%", "2012-06-30": "22.77%", "2012-03-31": "22.52%", "2011-12-31": "21.51%", "2011-09-30": "22.43%", "2011-06-30": "22.45%", "2011-03-31": "22.17%", "2010-12-31": "24.05%", "2010-09-30": "23.90%", "2010-06-30": "23.77%", "2010-03-31": "24.18%", "2009-12-31": "24.06%", "2009-09-30": "19.63%", "2009-06-30": "19.49%", "2009-03-31": "19.73%", "2008-12-31": "20.55%", "2008-09-30": "25.31%", "2008-06-30": "25.26%", "2008-03-31": "24.32%", "2007-12-31": "23.27%", "2007-09-30": "23.89%", "2007-06-30": "23.41%", "2007-03-31": "23.90%", "2006-12-31": "23.81%", "2006-09-30": "21.17%", "2006-06-30": "20.48%", "2006-03-31": "21.64%", "2005-12-31": "23.74%"}, "dividend yield history": {"last payout": "$0.00", "last yield": "0.00%"}}