{"ticker": "MO", "price": {"title": "Altria Historical Annual Stock Price Data", "value": 42.47, "historical": {"2021": {"Average Stock Price": "41.5938", "Year Open": "40.8400", "Year High": "42.6500", "Year Low": "40.7600", "Year Close": "42.4700", "Annual % Change": "3.59%"}, "2020": {"Average Stock Price": "41.2745", "Year Open": "49.2500", "Year High": "51.2500", "Year Low": "31.3800", "Year Close": "41.0000", "Annual % Change": "-17.85%"}, "2019": {"Average Stock Price": "49.1264", "Year Open": "49.3100", "Year High": "57.7300", "Year Low": "40.1200", "Year Close": "49.9100", "Annual % Change": "1.05%"}, "2018": {"Average Stock Price": "60.2441", "Year Open": "70.7400", "Year High": "71.5600", "Year Low": "47.5600", "Year Close": "49.3900", "Annual % Change": "-30.84%"}, "2017": {"Average Stock Price": "69.7893", "Year Open": "67.6300", "Year High": "77.7100", "Year Low": "61.2200", "Year Close": "71.4100", "Annual % Change": "5.60%"}, "2016": {"Average Stock Price": "63.8789", "Year Open": "57.3900", "Year High": "69.8700", "Year Low": "57.2000", "Year Close": "67.6200", "Annual % Change": "16.17%"}, "2015": {"Average Stock Price": "53.8598", "Year Open": "48.9700", "Year High": "61.5300", "Year Low": "47.5400", "Year Close": "58.2100", "Annual % Change": "18.14%"}, "2014": {"Average Stock Price": "42.1051", "Year Open": "37.9000", "Year High": "51.2700", "Year Low": "34.0000", "Year Close": "49.2700", "Annual % Change": "28.34%"}, "2013": {"Average Stock Price": "35.4924", "Year Open": "32.5400", "Year High": "38.5700", "Year Low": "31.9000", "Year Close": "38.3900", "Annual % Change": "22.11%"}, "2012": {"Average Stock Price": "32.2988", "Year Open": "28.5600", "Year High": "36.1600", "Year Low": "28.1400", "Year Close": "31.4400", "Annual % Change": "6.04%"}, "2011": {"Average Stock Price": "26.5085", "Year Open": "24.5000", "Year High": "30.3100", "Year Low": "23.5100", "Year Close": "29.6500", "Annual % Change": "20.43%"}, "2010": {"Average Stock Price": "22.0674", "Year Open": "19.7900", "Year High": "26.1500", "Year Low": "19.3700", "Year Close": "24.6200", "Annual % Change": "25.42%"}, "2009": {"Average Stock Price": "17.3712", "Year Open": "15.2000", "Year High": "20.3700", "Year Low": "14.6200", "Year Close": "19.6300", "Annual % Change": "30.35%"}, "2008": {"Average Stock Price": "32.7350", "Year Open": "74.9300", "Year High": "79.2100", "Year Low": "14.4500", "Year Close": "15.0600", "Annual % Change": "-80.07%"}, "2007": {"Average Stock Price": "74.4969", "Year Open": "86.5100", "Year High": "89.4000", "Year Low": "65.1700", "Year Close": "75.5800", "Annual % Change": "-11.93%"}, "2006": {"Average Stock Price": "76.8932", "Year Open": "74.9800", "Year High": "86.2300", "Year Low": "68.6800", "Year Close": "85.8200", "Annual % Change": "14.86%"}, "2005": {"Average Stock Price": "68.2369", "Year Open": "60.6300", "Year High": "77.3200", "Year Low": "60.5100", "Year Close": "74.7200", "Annual % Change": "22.29%"}, "2004": {"Average Stock Price": "52.2375", "Year Open": "54.6500", "Year High": "61.6000", "Year Low": "44.9500", "Year Close": "61.1000", "Annual % Change": "12.27%"}, "2003": {"Average Stock Price": "41.3494", "Year Open": "40.3500", "Year High": "54.9200", "Year Low": "28.1000", "Year Close": "54.4200", "Annual % Change": "34.27%"}, "2002": {"Average Stock Price": "47.7406", "Year Open": "46.6400", "Year High": "57.7200", "Year Low": "36.1700", "Year Close": "40.5300", "Annual % Change": "-11.60%"}, "2001": {"Average Stock Price": "47.2584", "Year Open": "46.1900", "Year High": "53.0000", "Year Low": "40.1300", "Year Close": "45.8500", "Annual % Change": "4.20%"}, "2000": {"Average Stock Price": "27.6142", "Year Open": "23.4400", "Year High": "45.2500", "Year Low": "18.9400", "Year Close": "44.0000", "Annual % Change": "91.30%"}, "1999": {"Average Stock Price": "36.3935", "Year Open": "52.5600", "Year High": "55.2500", "Year Low": "21.5000", "Year Close": "23.0000", "Annual % Change": "-57.01%"}, "1998": {"Average Stock Price": "44.3180", "Year Open": "45.3100", "Year High": "58.2500", "Year Low": "35.1900", "Year Close": "53.5000", "Annual % Change": "18.23%"}, "1997": {"Average Stock Price": "42.3900", "Year Open": "37.1667", "Year High": "47.5000", "Year Low": "37.1667", "Year Close": "45.2500", "Annual % Change": "20.13%"}, "1996": {"Average Stock Price": "32.2658", "Year Open": "30.6267", "Year High": "39.5833", "Year Low": "28.7917", "Year Close": "37.6667", "Annual % Change": "25.21%"}, "1995": {"Average Stock Price": "24.5821", "Year Open": "19.2100", "Year High": "31.0433", "Year Low": "18.7933", "Year Close": "30.0833", "Annual % Change": "56.96%"}, "1994": {"Average Stock Price": "18.7233", "Year Open": "19.2067", "Year High": "21.4600", "Year Low": "15.8333", "Year Close": "19.1667", "Annual % Change": "3.36%"}, "1993": {"Average Stock Price": "18.3206", "Year Open": "25.4567", "Year High": "25.4567", "Year Low": "15.1667", "Year Close": "18.5433", "Annual % Change": "-27.87%"}, "1992": {"Average Stock Price": "26.0987", "Year Open": "26.5433", "Year High": "28.7500", "Year Low": "23.4567", "Year Close": "25.7067", "Annual % Change": "-3.90%"}, "1991": {"Average Stock Price": "22.3956", "Year Open": "16.9567", "Year High": "26.8733", "Year Low": "16.2067", "Year Close": "26.7500", "Annual % Change": "55.07%"}, "1990": {"Average Stock Price": "14.7645", "Year Open": "14.2500", "Year High": "17.2500", "Year Low": "12.0000", "Year Close": "17.2500", "Annual % Change": "24.34%"}, "1989": {"Average Stock Price": "11.8021", "Year Open": "8.4067", "Year High": "15.0000", "Year Low": "8.3642", "Year Close": "13.8733", "Annual % Change": "63.42%"}, "1988": {"Average Stock Price": "7.5765", "Year Open": "7.3017", "Year High": "8.4892", "Year Low": "6.7292", "Year Close": "8.4892", "Annual % Change": "19.33%"}, "1987": {"Average Stock Price": "7.6957", "Year Open": "6.1250", "Year High": "10.1983", "Year Low": "6.1250", "Year Close": "7.1142", "Annual % Change": "18.78%"}, "1986": {"Average Stock Price": "5.4268", "Year Open": "3.6821", "Year High": "6.4267", "Year Low": "3.6821", "Year Close": "5.9892", "Annual % Change": "62.66%"}, "1985": {"Average Stock Price": "3.4850", "Year Open": "3.3071", "Year High": "3.9479", "Year Low": "3.0154", "Year Close": "3.6821", "Annual % Change": "9.60%"}, "1984": {"Average Stock Price": "3.0095", "Year Open": "2.9846", "Year High": "3.4633", "Year Low": "2.6196", "Year Close": "3.3596", "Annual % Change": "12.38%"}, "1983": {"Average Stock Price": "2.6382", "Year Open": "2.4846", "Year High": "3.0054", "Year Low": "2.2971", "Year Close": "2.9896", "Annual % Change": "19.58%"}, "1982": {"Average Stock Price": "2.1858", "Year Open": "2.0938", "Year High": "2.7917", "Year Low": "1.8804", "Year Close": "2.5000", "Annual % Change": "23.07%"}, "1981": {"Average Stock Price": "2.0462", "Year Open": "1.8438", "Year High": "2.2867", "Year Low": "1.7604", "Year Close": "2.0313", "Annual % Change": "12.72%"}, "1980": {"Average Stock Price": "1.6397", "Year Open": "1.4375", "Year High": "2.0208", "Year Low": "1.2292", "Year Close": "1.8021", "Annual % Change": "20.14%"}, "1979": {"Average Stock Price": "1.4280", "Year Open": "1.4740", "Year High": "1.6042", "Year Low": "1.3071", "Year Close": "1.5000", "Annual % Change": "2.12%"}, "1978": {"Average Stock Price": "1.3819", "Year Open": "1.2500", "Year High": "1.5860", "Year Low": "1.1667", "Year Close": "1.4688", "Annual % Change": "13.95%"}, "1977": {"Average Stock Price": "1.2103", "Year Open": "1.2475", "Year High": "1.3463", "Year Low": "1.0754", "Year Close": "1.2890", "Annual % Change": "0.19%"}, "1976": {"Average Stock Price": "1.1772", "Year Open": "1.1146", "Year High": "1.3100", "Year Low": "1.0496", "Year Close": "1.2865", "Annual % Change": "16.51%"}, "1975": {"Average Stock Price": "1.0373", "Year Open": "1.0208", "Year High": "1.2031", "Year Low": "0.8698", "Year Close": "1.1042", "Annual % Change": "10.42%"}, "1974": {"Average Stock Price": "1.0249", "Year Open": "1.1875", "Year High": "1.2577", "Year Low": "0.7317", "Year Close": "1.0000", "Annual % Change": "-16.34%"}, "1973": {"Average Stock Price": "1.2538", "Year Open": "1.2604", "Year High": "1.4193", "Year Low": "1.0521", "Year Close": "1.1953", "Annual % Change": "-2.96%"}, "1972": {"Average Stock Price": "1.0046", "Year Open": "0.7370", "Year High": "1.2318", "Year Low": "0.7057", "Year Close": "1.2318", "Annual % Change": "68.32%"}, "1971": {"Average Stock Price": "0.6385", "Year Open": "0.5104", "Year High": "0.7330", "Year Low": "0.4909", "Year Close": "0.7318", "Annual % Change": "41.93%"}}}, "market cap": {"value": "$78.93B"}, "income statement": {"Revenue": {"2020-12-31": "26153.00000", "2019-12-31": "25110.00000", "2018-12-31": "25364.00000", "2017-12-31": "25576.00000", "2016-12-31": "25744.00000", "2015-12-31": "25434.00000", "2014-12-31": "24522.00000", "2013-12-31": "24466.00000", "2012-12-31": "24618.00000", "2011-12-31": "23800.00000", "2010-12-31": "24363.00000", "2009-12-31": "23556.00000", "2008-12-31": "19356.00000", "2007-12-31": "18664.00000", "2006-12-31": "18790.00000", "2005-12-31": "63741.00000"}, "Cost Of Goods Sold": {"2020-12-31": "13130.00000", "2019-12-31": "12399.00000", "2018-12-31": "13110.00000", "2017-12-31": "13613.00000", "2016-12-31": "14172.00000", "2015-12-31": "14320.00000", "2014-12-31": "14362.00000", "2013-12-31": "14009.00000", "2012-12-31": "15055.00000", "2011-12-31": "14861.00000", "2010-12-31": "15175.00000", "2009-12-31": "14722.00000", "2008-12-31": "11669.00000", "2007-12-31": "11279.00000", "2006-12-31": "11004.00000", "2005-12-31": "43853.00000"}, "Gross Profit": {"2020-12-31": "13023.00000", "2019-12-31": "12711.00000", "2018-12-31": "12254.00000", "2017-12-31": "11963.00000", "2016-12-31": "11572.00000", "2015-12-31": "11114.00000", "2014-12-31": "10160.00000", "2013-12-31": "10457.00000", "2012-12-31": "9563.00000", "2011-12-31": "8939.00000", "2010-12-31": "9188.00000", "2009-12-31": "8834.00000", "2008-12-31": "7687.00000", "2007-12-31": "7385.00000", "2006-12-31": "7786.00000", "2005-12-31": "19888.00000"}, "Research And Development Expenses": {"2020-12-31": "", "2019-12-31": "", "2018-12-31": "", "2017-12-31": "", "2016-12-31": "", "2015-12-31": "", "2014-12-31": "", "2013-12-31": "", "2012-12-31": "", "2011-12-31": "", "2010-12-31": "", "2009-12-31": "", "2008-12-31": "", "2007-12-31": "", "2006-12-31": "", "2005-12-31": ""}, "SG&A Expenses": {"2020-12-31": "2082.00000", "2019-12-31": "2226.00000", "2018-12-31": "2756.00000", "2017-12-31": "2338.00000", "2016-12-31": "2662.00000", "2015-12-31": "2708.00000", "2014-12-31": "2539.00000", "2013-12-31": "2340.00000", "2012-12-31": "2301.00000", "2011-12-31": "2643.00000", "2010-12-31": "2735.00000", "2009-12-31": "2843.00000", "2008-12-31": "2753.00000", "2007-12-31": "2784.00000", "2006-12-31": "3113.00000", "2005-12-31": "7664.00000"}, "Other Operating Income Or Expenses": {"2020-12-31": "4.00000", "2019-12-31": "-159.00000", "2018-12-31": "-383.00000", "2017-12-31": "-32.00000", "2016-12-31": "-149.00000", "2015-12-31": "-45.00000", "2014-12-31": "-1.00000", "2013-12-31": "-33.00000", "2012-12-31": "-9.00000", "2011-12-31": "-208.00000", "2010-12-31": "-205.00000", "2009-12-31": "-509.00000", "2008-12-31": "-45.00000", "2007-12-31": "-228.00000", "2006-12-31": "-155.00000", "2005-12-31": "-366.00000"}, "Operating Expenses": {"2020-12-31": "15280.00000", "2019-12-31": "14784.00000", "2018-12-31": "16249.00000", "2017-12-31": "15983.00000", "2016-12-31": "16983.00000", "2015-12-31": "17073.00000", "2014-12-31": "16902.00000", "2013-12-31": "16382.00000", "2012-12-31": "17365.00000", "2011-12-31": "17732.00000", "2010-12-31": "18135.00000", "2009-12-31": "18094.00000", "2008-12-31": "14474.00000", "2007-12-31": "14291.00000", "2006-12-31": "14272.00000", "2005-12-31": "51901.00000"}, "Operating Income": {"2020-12-31": "10873.00000", "2019-12-31": "10326.00000", "2018-12-31": "9115.00000", "2017-12-31": "9593.00000", "2016-12-31": "8761.00000", "2015-12-31": "8361.00000", "2014-12-31": "7620.00000", "2013-12-31": "8084.00000", "2012-12-31": "7253.00000", "2011-12-31": "6068.00000", "2010-12-31": "6228.00000", "2009-12-31": "5462.00000", "2008-12-31": "4882.00000", "2007-12-31": "4373.00000", "2006-12-31": "4518.00000", "2005-12-31": "11840.00000"}, "Total Non-Operating Income/Expense": {"2020-12-31": "-3983.00000", "2019-12-31": "-9560.00000", "2018-12-31": "226.00000", "2017-12-31": "235.00000", "2016-12-31": "13091.00000", "2015-12-31": "-283.00000", "2014-12-31": "154.00000", "2013-12-31": "-1142.00000", "2012-12-31": "-776.00000", "2011-12-31": "-486.00000", "2010-12-31": "-505.00000", "2009-12-31": "-585.00000", "2008-12-31": "-93.00000", "2007-12-31": "305.00000", "2006-12-31": "235.00000", "2005-12-31": "-521.00000"}, "Pre-Tax Income": {"2020-12-31": "6890.00000", "2019-12-31": "766.00000", "2018-12-31": "9341.00000", "2017-12-31": "9828.00000", "2016-12-31": "21852.00000", "2015-12-31": "8078.00000", "2014-12-31": "7774.00000", "2013-12-31": "6942.00000", "2012-12-31": "6477.00000", "2011-12-31": "5582.00000", "2010-12-31": "5723.00000", "2009-12-31": "4877.00000", "2008-12-31": "4789.00000", "2007-12-31": "4678.00000", "2006-12-31": "4753.00000", "2005-12-31": "11319.00000"}, "Income Taxes": {"2020-12-31": "2436.00000", "2019-12-31": "2064.00000", "2018-12-31": "2374.00000", "2017-12-31": "-399.00000", "2016-12-31": "7608.00000", "2015-12-31": "2835.00000", "2014-12-31": "2704.00000", "2013-12-31": "2407.00000", "2012-12-31": "2294.00000", "2011-12-31": "2189.00000", "2010-12-31": "1816.00000", "2009-12-31": "1669.00000", "2008-12-31": "1699.00000", "2007-12-31": "1547.00000", "2006-12-31": "1571.00000", "2005-12-31": "3409.00000"}, "Income After Taxes": {"2020-12-31": "4454.00000", "2019-12-31": "-1298.00000", "2018-12-31": "6967.00000", "2017-12-31": "10227.00000", "2016-12-31": "14244.00000", "2015-12-31": "5243.00000", "2014-12-31": "5070.00000", "2013-12-31": "4535.00000", "2012-12-31": "4183.00000", "2011-12-31": "3393.00000", "2010-12-31": "3907.00000", "2009-12-31": "3208.00000", "2008-12-31": "3090.00000", "2007-12-31": "3131.00000", "2006-12-31": "3182.00000", "2005-12-31": "7910.00000"}, "Other Income": {"2020-12-31": "", "2019-12-31": "", "2018-12-31": "", "2017-12-31": "", "2016-12-31": "", "2015-12-31": "", "2014-12-31": "", "2013-12-31": "", "2012-12-31": "", "2011-12-31": "", "2010-12-31": "", "2009-12-31": "", "2008-12-31": "", "2007-12-31": "", "2006-12-31": "", "2005-12-31": ""}, "Income From Continuous Operations": {"2020-12-31": "4454.00000", "2019-12-31": "-1298.00000", "2018-12-31": "6967.00000", "2017-12-31": "10227.00000", "2016-12-31": "14244.00000", "2015-12-31": "5243.00000", "2014-12-31": "5070.00000", "2013-12-31": "4535.00000", "2012-12-31": "4183.00000", "2011-12-31": "3393.00000", "2010-12-31": "3907.00000", "2009-12-31": "3208.00000", "2008-12-31": "3090.00000", "2007-12-31": "3131.00000", "2006-12-31": "3182.00000", "2005-12-31": "8170.00000"}, "Income From Discontinued Operations": {"2020-12-31": "", "2019-12-31": "", "2018-12-31": "", "2017-12-31": "", "2016-12-31": "", "2015-12-31": "", "2014-12-31": "", "2013-12-31": "", "2012-12-31": "", "2011-12-31": "", "2010-12-31": "", "2009-12-31": "", "2008-12-31": "1901.00000", "2007-12-31": "7006.00000", "2006-12-31": "8840.00000", "2005-12-31": "2265.00000"}, "Net Income": {"2020-12-31": "4467.00000", "2019-12-31": "-1300.00000", "2018-12-31": "6955.00000", "2017-12-31": "10208.00000", "2016-12-31": "14215.00000", "2015-12-31": "5231.00000", "2014-12-31": "5058.00000", "2013-12-31": "4535.00000", "2012-12-31": "4167.00000", "2011-12-31": "3377.00000", "2010-12-31": "3890.00000", "2009-12-31": "3206.00000", "2008-12-31": "4930.00000", "2007-12-31": "9786.00000", "2006-12-31": "12022.00000", "2005-12-31": "10435.00000"}, "EBITDA": {"2020-12-31": "10873.00000", "2019-12-31": "10552.00000", "2018-12-31": "9342.00000", "2017-12-31": "9802.00000", "2016-12-31": "8965.00000", "2015-12-31": "8586.00000", "2014-12-31": "7828.00000", "2013-12-31": "8296.00000", "2012-12-31": "7478.00000", "2011-12-31": "6321.00000", "2010-12-31": "6504.00000", "2009-12-31": "5753.00000", "2008-12-31": "5097.00000", "2007-12-31": "4605.00000", "2006-12-31": "4773.00000", "2005-12-31": "12636.00000"}, "EBIT": {"2020-12-31": "10873.00000", "2019-12-31": "10326.00000", "2018-12-31": "9115.00000", "2017-12-31": "9593.00000", "2016-12-31": "8761.00000", "2015-12-31": "8361.00000", "2014-12-31": "7620.00000", "2013-12-31": "8084.00000", "2012-12-31": "7253.00000", "2011-12-31": "6068.00000", "2010-12-31": "6228.00000", "2009-12-31": "5462.00000", "2008-12-31": "4882.00000", "2007-12-31": "4373.00000", "2006-12-31": "4518.00000", "2005-12-31": "11840.00000"}, "Basic Shares Outstanding": {"2020-12-31": "", "2019-12-31": "1869.00000", "2018-12-31": "1887.00000", "2017-12-31": "1921.00000", "2016-12-31": "1952.00000", "2015-12-31": "1961.00000", "2014-12-31": "1978.00000", "2013-12-31": "1999.00000", "2012-12-31": "2024.00000", "2011-12-31": "2064.00000", "2010-12-31": "2077.00000", "2009-12-31": "2066.00000", "2008-12-31": "2075.00000", "2007-12-31": "2101.00000", "2006-12-31": "2087.00000", "2005-12-31": "2070.00000"}, "Shares Outstanding": {"2020-12-31": "1859.00000", "2019-12-31": "1869.00000", "2018-12-31": "1888.00000", "2017-12-31": "1921.00000", "2016-12-31": "1952.00000", "2015-12-31": "1961.00000", "2014-12-31": "1978.00000", "2013-12-31": "1999.00000", "2012-12-31": "2024.00000", "2011-12-31": "2064.00000", "2010-12-31": "2079.00000", "2009-12-31": "2071.00000", "2008-12-31": "2084.00000", "2007-12-31": "2113.00000", "2006-12-31": "2105.00000", "2005-12-31": "2090.00000"}, "Basic EPS": {"2020-12-31": "", "2019-12-31": "-0.70000", "2018-12-31": "3.69000", "2017-12-31": "5.31000", "2016-12-31": "7.28000", "2015-12-31": "2.67000", "2014-12-31": "2.56000", "2013-12-31": "2.26000", "2012-12-31": "2.06000", "2011-12-31": "1.64000", "2010-12-31": "1.87000", "2009-12-31": "1.55000", "2008-12-31": "2.37000", "2007-12-31": "4.64000", "2006-12-31": "5.76000", "2005-12-31": "5.04000"}, "EPS - Earnings Per Share": {"2020-12-31": "2.40000", "2019-12-31": "-0.70000", "2018-12-31": "3.68000", "2017-12-31": "5.31000", "2016-12-31": "7.28000", "2015-12-31": "2.67000", "2014-12-31": "2.56000", "2013-12-31": "2.26000", "2012-12-31": "2.06000", "2011-12-31": "1.64000", "2010-12-31": "1.87000", "2009-12-31": "1.54000", "2008-12-31": "2.36000", "2007-12-31": "4.62000", "2006-12-31": "5.71000", "2005-12-31": "4.99000"}}, "income statement, quarterly": {"Revenue": {"2020-12-31": "6304.00000", "2020-09-30": "7123.00000", "2020-06-30": "6367.00000", "2020-03-31": "6359.00000", "2019-12-31": "6007.00000", "2019-09-30": "6856.00000", "2019-06-30": "6619.00000", "2019-03-31": "5628.00000", "2018-12-31": "6114.00000", "2018-09-30": "6837.00000", "2018-06-30": "6305.00000", "2018-03-31": "6108.00000", "2017-12-31": "6101.00000", "2017-09-30": "6729.00000", "2017-06-30": "6663.00000", "2017-03-31": "6083.00000", "2016-12-31": "6252.00000", "2016-09-30": "6905.00000", "2016-06-30": "6521.00000", "2016-03-31": "6066.00000", "2015-12-31": "6318.00000", "2015-09-30": "6699.00000", "2015-06-30": "6613.00000", "2015-03-31": "5804.00000", "2014-12-31": "6258.00000", "2014-09-30": "6491.00000", "2014-06-30": "6256.00000", "2014-03-31": "5517.00000", "2013-12-31": "6080.00000", "2013-09-30": "6553.00000", "2013-06-30": "6305.00000", "2013-03-31": "5528.00000", "2012-12-31": "6242.00000", "2012-09-30": "6242.00000", "2012-06-30": "6487.00000", "2012-03-31": "5647.00000", "2011-12-31": "6129.00000", "2011-09-30": "6108.00000", "2011-06-30": "5920.00000", "2011-03-31": "5643.00000", "2010-12-31": "5927.00000", "2010-09-30": "6402.00000", "2010-06-30": "6274.00000", "2010-03-31": "5760.00000", "2009-12-31": "6014.00000", "2009-09-30": "6300.00000", "2009-06-30": "6719.00000", "2009-03-31": "4523.00000", "2008-12-31": "4654.00000", "2008-09-30": "5238.00000", "2008-06-30": "5054.00000", "2008-03-31": "4410.00000", "2007-12-31": "4528.00000", "2007-09-30": "4987.00000", "2007-06-30": "4861.00000", "2007-03-31": "4288.00000", "2006-12-31": "16027.00000", "2006-09-30": "17642.00000", "2006-06-30": "17150.00000", "2006-03-31": "16232.00000", "2005-12-31": "24490.00000", "2005-09-30": "24962.00000", "2005-06-30": "24784.00000", "2005-03-31": "23618.00000"}, "Cost Of Goods Sold": {"2020-12-31": "3158.00000", "2020-09-30": "3406.00000", "2020-06-30": "3080.00000", "2020-03-31": "3486.00000", "2019-12-31": "2923.00000", "2019-09-30": "3359.00000", "2019-06-30": "3300.00000", "2019-03-31": "2817.00000", "2018-12-31": "3192.00000", "2018-09-30": "3582.00000", "2018-06-30": "3164.00000", "2018-03-31": "3172.00000", "2017-12-31": "3199.00000", "2017-09-30": "3558.00000", "2017-06-30": "3549.00000", "2017-03-31": "3307.00000", "2016-12-31": "3443.00000", "2016-09-30": "3755.00000", "2016-06-30": "3564.00000", "2016-03-31": "3410.00000", "2015-12-31": "3596.00000", "2015-09-30": "3653.00000", "2015-06-30": "3742.00000", "2015-03-31": "3329.00000", "2014-12-31": "3631.00000", "2014-09-30": "3817.00000", "2014-06-30": "3653.00000", "2014-03-31": "3261.00000", "2013-12-31": "3672.00000", "2013-09-30": "3732.00000", "2013-06-30": "3751.00000", "2013-03-31": "2854.00000", "2012-12-31": "3859.00000", "2012-09-30": "3758.00000", "2012-06-30": "3993.00000", "2012-03-31": "3445.00000", "2011-12-31": "3755.00000", "2011-09-30": "3663.00000", "2011-06-30": "3948.00000", "2011-03-31": "3495.00000", "2010-12-31": "3673.00000", "2010-09-30": "3926.00000", "2010-06-30": "3900.00000", "2010-03-31": "3676.00000", "2009-12-31": "3963.00000", "2009-09-30": "4015.00000", "2009-06-30": "4263.00000", "2009-03-31": "2481.00000", "2008-12-31": "2806.00000", "2008-09-30": "3127.00000", "2008-06-30": "3043.00000", "2008-03-31": "2693.00000", "2007-12-31": "2748.00000", "2007-09-30": "3023.00000", "2007-06-30": "2920.00000", "2007-03-31": "2588.00000", "2006-12-31": "11249.00000", "2006-09-30": "12251.00000", "2006-06-30": "11853.00000", "2006-03-31": "11270.00000", "2005-12-31": "16540.00000", "2005-09-30": "16738.00000", "2005-06-30": "16593.00000", "2005-03-31": "15827.00000"}, "Gross Profit": {"2020-12-31": "3146.00000", "2020-09-30": "3717.00000", "2020-06-30": "3287.00000", "2020-03-31": "2873.00000", "2019-12-31": "3084.00000", "2019-09-30": "3497.00000", "2019-06-30": "3319.00000", "2019-03-31": "2811.00000", "2018-12-31": "2922.00000", "2018-09-30": "3255.00000", "2018-06-30": "3141.00000", "2018-03-31": "2936.00000", "2017-12-31": "2902.00000", "2017-09-30": "3171.00000", "2017-06-30": "3114.00000", "2017-03-31": "2776.00000", "2016-12-31": "2809.00000", "2016-09-30": "3150.00000", "2016-06-30": "2957.00000", "2016-03-31": "2656.00000", "2015-12-31": "2722.00000", "2015-09-30": "3046.00000", "2015-06-30": "2871.00000", "2015-03-31": "2475.00000", "2014-12-31": "2627.00000", "2014-09-30": "2674.00000", "2014-06-30": "2603.00000", "2014-03-31": "2256.00000", "2013-12-31": "2408.00000", "2013-09-30": "2821.00000", "2013-06-30": "2554.00000", "2013-03-31": "2674.00000", "2012-12-31": "2383.00000", "2012-09-30": "2484.00000", "2012-06-30": "2494.00000", "2012-03-31": "2202.00000", "2011-12-31": "2374.00000", "2011-09-30": "2445.00000", "2011-06-30": "1972.00000", "2011-03-31": "2148.00000", "2010-12-31": "2254.00000", "2010-09-30": "2476.00000", "2010-06-30": "2374.00000", "2010-03-31": "2084.00000", "2009-12-31": "2051.00000", "2009-09-30": "2285.00000", "2009-06-30": "2456.00000", "2009-03-31": "2042.00000", "2008-12-31": "1848.00000", "2008-09-30": "2111.00000", "2008-06-30": "2011.00000", "2008-03-31": "1717.00000", "2007-12-31": "1780.00000", "2007-09-30": "1964.00000", "2007-06-30": "1941.00000", "2007-03-31": "1700.00000", "2006-12-31": "4778.00000", "2006-09-30": "5391.00000", "2006-06-30": "5297.00000", "2006-03-31": "4962.00000", "2005-12-31": "7950.00000", "2005-09-30": "8224.00000", "2005-06-30": "8191.00000", "2005-03-31": "7791.00000"}, "Research And Development Expenses": {"2020-12-31": "", "2020-09-30": "", "2020-06-30": "", "2020-03-31": "", "2019-12-31": "", "2019-09-30": "", "2019-06-30": "", "2019-03-31": "", "2018-12-31": "", "2018-09-30": "", "2018-06-30": "", "2018-03-31": "", "2017-12-31": "", "2017-09-30": "", "2017-06-30": "", "2017-03-31": "", "2016-12-31": "", "2016-09-30": "", "2016-06-30": "", "2016-03-31": "", "2015-12-31": "", "2015-09-30": "", "2015-06-30": "", "2015-03-31": "", "2014-12-31": "", "2014-09-30": "", "2014-06-30": "", "2014-03-31": "", "2013-12-31": "", "2013-09-30": "", "2013-06-30": "", "2013-03-31": "", "2012-12-31": "", "2012-09-30": "", "2012-06-30": "", "2012-03-31": "", "2011-12-31": "", "2011-09-30": "", "2011-06-30": "", "2011-03-31": "", "2010-12-31": "", "2010-09-30": "", "2010-06-30": "", "2010-03-31": "", "2009-12-31": "", "2009-09-30": "", "2009-06-30": "", "2009-03-31": "", "2008-12-31": "", "2008-09-30": "", "2008-06-30": "", "2008-03-31": "", "2007-12-31": "", "2007-09-30": "", "2007-06-30": "", "2007-03-31": "", "2006-12-31": "", "2006-09-30": "", "2006-06-30": "", "2006-03-31": "", "2005-12-31": "", "2005-09-30": "", "2005-06-30": "", "2005-03-31": ""}, "SG&A Expenses": {"2020-12-31": "551.00000", "2020-09-30": "557.00000", "2020-06-30": "491.00000", "2020-03-31": "537.00000", "2019-12-31": "572.00000", "2019-09-30": "552.00000", "2019-06-30": "569.00000", "2019-03-31": "533.00000", "2018-12-31": "797.00000", "2018-09-30": "700.00000", "2018-06-30": "641.00000", "2018-03-31": "618.00000", "2017-12-31": "657.00000", "2017-09-30": "574.00000", "2017-06-30": "574.00000", "2017-03-31": "533.00000", "2016-12-31": "791.00000", "2016-09-30": "766.00000", "2016-06-30": "546.00000", "2016-03-31": "559.00000", "2015-12-31": "757.00000", "2015-09-30": "698.00000", "2015-06-30": "643.00000", "2015-03-31": "610.00000", "2014-12-31": "718.00000", "2014-09-30": "663.00000", "2014-06-30": "638.00000", "2014-03-31": "520.00000", "2013-12-31": "602.00000", "2013-09-30": "664.00000", "2013-06-30": "552.00000", "2013-03-31": "522.00000", "2012-12-31": "623.00000", "2012-09-30": "548.00000", "2012-06-30": "596.00000", "2012-03-31": "534.00000", "2011-12-31": "790.00000", "2011-09-30": "581.00000", "2011-06-30": "671.00000", "2011-03-31": "601.00000", "2010-12-31": "752.00000", "2010-09-30": "691.00000", "2010-06-30": "651.00000", "2010-03-31": "641.00000", "2009-12-31": "725.00000", "2009-09-30": "663.00000", "2009-06-30": "738.00000", "2009-03-31": "717.00000", "2008-12-31": "693.00000", "2008-09-30": "763.00000", "2008-06-30": "649.00000", "2008-03-31": "648.00000", "2007-12-31": "725.00000", "2007-09-30": "736.00000", "2007-06-30": "674.00000", "2007-03-31": "649.00000", "2006-12-31": "1961.00000", "2006-09-30": "1961.00000", "2006-06-30": "1909.00000", "2006-03-31": "1833.00000", "2005-12-31": "3982.00000", "2005-09-30": "3619.00000", "2005-06-30": "3643.00000", "2005-03-31": "3555.00000"}, "Other Operating Income Or Expenses": {"2020-12-31": "4.00000", "2020-09-30": "", "2020-06-30": "", "2020-03-31": "", "2019-12-31": "-85.00000", "2019-09-30": "-1.00000", "2019-06-30": "-33.00000", "2019-03-31": "-40.00000", "2018-12-31": "-381.00000", "2018-09-30": "2.00000", "2018-06-30": "-2.00000", "2018-03-31": "-2.00000", "2017-12-31": "-8.00000", "2017-09-30": "-8.00000", "2017-06-30": "-12.00000", "2017-03-31": "-4.00000", "2016-12-31": "-26.00000", "2016-09-30": "-2.00000", "2016-06-30": "-1.00000", "2016-03-31": "-120.00000", "2015-12-31": "", "2015-09-30": "-41.00000", "2015-06-30": "-4.00000", "2015-03-31": "", "2014-12-31": "3.00000", "2014-09-30": "-12.00000", "2014-06-30": "10.00000", "2014-03-31": "-2.00000", "2013-12-31": "-7.00000", "2013-09-30": "-25.00000", "2013-06-30": "-1.00000", "2013-03-31": "", "2012-12-31": "-10.00000", "2012-09-30": "38.00000", "2012-06-30": "-16.00000", "2012-03-31": "-21.00000", "2011-12-31": "-224.00000", "2011-09-30": "19.00000", "2011-06-30": "-1.00000", "2011-03-31": "-2.00000", "2010-12-31": "-5.00000", "2010-09-30": "-3.00000", "2010-06-30": "-190.00000", "2010-03-31": "-7.00000", "2009-12-31": "-122.00000", "2009-09-30": "-221.00000", "2009-06-30": "-38.00000", "2009-03-31": "-128.00000", "2008-12-31": "-155.00000", "2008-09-30": "-17.00000", "2008-06-30": "-19.00000", "2008-03-31": "146.00000", "2007-12-31": "-50.00000", "2007-09-30": "-6.00000", "2007-06-30": "-240.00000", "2007-03-31": "68.00000", "2006-12-31": "433.00000", "2006-09-30": "-68.00000", "2006-06-30": "-156.00000", "2006-03-31": "-63.00000", "2005-12-31": "-324.00000", "2005-09-30": "-284.00000", "2005-06-30": "-73.00000", "2005-03-31": "-56.00000"}, "Operating Expenses": {"2020-12-31": "3723.00000", "2020-09-30": "3963.00000", "2020-06-30": "3571.00000", "2020-03-31": "4023.00000", "2019-12-31": "3580.00000", "2019-09-30": "3912.00000", "2019-06-30": "3902.00000", "2019-03-31": "3390.00000", "2018-12-31": "4370.00000", "2018-09-30": "4280.00000", "2018-06-30": "3807.00000", "2018-03-31": "3792.00000", "2017-12-31": "3864.00000", "2017-09-30": "4140.00000", "2017-06-30": "4135.00000", "2017-03-31": "3844.00000", "2016-12-31": "4260.00000", "2016-09-30": "4523.00000", "2016-06-30": "4111.00000", "2016-03-31": "4089.00000", "2015-12-31": "4353.00000", "2015-09-30": "4392.00000", "2015-06-30": "4389.00000", "2015-03-31": "3939.00000", "2014-12-31": "4346.00000", "2014-09-30": "4492.00000", "2014-06-30": "4281.00000", "2014-03-31": "3783.00000", "2013-12-31": "4281.00000", "2013-09-30": "4421.00000", "2013-06-30": "4304.00000", "2013-03-31": "3376.00000", "2012-12-31": "4477.00000", "2012-09-30": "4273.00000", "2012-06-30": "4610.00000", "2012-03-31": "4005.00000", "2011-12-31": "4773.00000", "2011-09-30": "4230.00000", "2011-06-30": "4625.00000", "2011-03-31": "4104.00000", "2010-12-31": "4434.00000", "2010-09-30": "4626.00000", "2010-06-30": "4745.00000", "2010-03-31": "4330.00000", "2009-12-31": "4814.00000", "2009-09-30": "4906.00000", "2009-06-30": "5042.00000", "2009-03-31": "3332.00000", "2008-12-31": "3656.00000", "2008-09-30": "3909.00000", "2008-06-30": "3712.00000", "2008-03-31": "3197.00000", "2007-12-31": "3523.00000", "2007-09-30": "3765.00000", "2007-06-30": "3834.00000", "2007-03-31": "3169.00000", "2006-12-31": "12783.00000", "2006-09-30": "14286.00000", "2006-06-30": "13924.00000", "2006-03-31": "13171.00000", "2005-12-31": "20860.00000", "2005-09-30": "20647.00000", "2005-06-30": "20313.00000", "2005-03-31": "19442.00000"}, "Operating Income": {"2020-12-31": "2581.00000", "2020-09-30": "3160.00000", "2020-06-30": "2796.00000", "2020-03-31": "2336.00000", "2019-12-31": "2427.00000", "2019-09-30": "2944.00000", "2019-06-30": "2717.00000", "2019-03-31": "2238.00000", "2018-12-31": "1744.00000", "2018-09-30": "2557.00000", "2018-06-30": "2498.00000", "2018-03-31": "2316.00000", "2017-12-31": "2237.00000", "2017-09-30": "2589.00000", "2017-06-30": "2528.00000", "2017-03-31": "2239.00000", "2016-12-31": "1992.00000", "2016-09-30": "2382.00000", "2016-06-30": "2410.00000", "2016-03-31": "1977.00000", "2015-12-31": "1965.00000", "2015-09-30": "2307.00000", "2015-06-30": "2224.00000", "2015-03-31": "1865.00000", "2014-12-31": "1912.00000", "2014-09-30": "1999.00000", "2014-06-30": "1975.00000", "2014-03-31": "1734.00000", "2013-12-31": "1799.00000", "2013-09-30": "2132.00000", "2013-06-30": "2001.00000", "2013-03-31": "2152.00000", "2012-12-31": "1765.00000", "2012-09-30": "1969.00000", "2012-06-30": "1877.00000", "2012-03-31": "1642.00000", "2011-12-31": "1356.00000", "2011-09-30": "1878.00000", "2011-06-30": "1295.00000", "2011-03-31": "1539.00000", "2010-12-31": "1493.00000", "2010-09-30": "1776.00000", "2010-06-30": "1529.00000", "2010-03-31": "1430.00000", "2009-12-31": "1200.00000", "2009-09-30": "1394.00000", "2009-06-30": "1677.00000", "2009-03-31": "1191.00000", "2008-12-31": "998.00000", "2008-09-30": "1329.00000", "2008-06-30": "1342.00000", "2008-03-31": "1213.00000", "2007-12-31": "1005.00000", "2007-09-30": "1222.00000", "2007-06-30": "1027.00000", "2007-03-31": "1119.00000", "2006-12-31": "3244.00000", "2006-09-30": "3356.00000", "2006-06-30": "3226.00000", "2006-03-31": "3061.00000", "2005-12-31": "3630.00000", "2005-09-30": "4315.00000", "2005-06-30": "4471.00000", "2005-03-31": "4176.00000"}, "Total Non-Operating Income/Expense": {"2020-12-31": "-40.00000", "2020-09-30": "-3484.00000", "2020-06-30": "-231.00000", "2020-03-31": "-228.00000", "2019-12-31": "-3650.00000", "2019-09-30": "-5072.00000", "2019-06-30": "-116.00000", "2019-03-31": "-722.00000", "2018-12-31": "-34.00000", "2018-09-30": "51.00000", "2018-06-30": "59.00000", "2018-03-31": "150.00000", "2017-12-31": "-54.00000", "2017-09-30": "55.00000", "2017-06-30": "382.00000", "2017-03-31": "-148.00000", "2016-12-31": "13716.00000", "2016-09-30": "-655.00000", "2016-06-30": "124.00000", "2016-03-31": "-94.00000", "2015-12-31": "8.00000", "2015-09-30": "-18.00000", "2015-06-30": "30.00000", "2015-03-31": "-303.00000", "2014-12-31": "-3.00000", "2014-09-30": "115.00000", "2014-06-30": "-30.00000", "2014-03-31": "72.00000", "2013-12-31": "-1086.00000", "2013-09-30": "-14.00000", "2013-06-30": "-37.00000", "2013-03-31": "-5.00000", "2012-12-31": "-7.00000", "2012-09-30": "-926.00000", "2012-06-30": "-70.00000", "2012-03-31": "227.00000", "2011-12-31": "-173.00000", "2011-09-30": "-85.00000", "2011-06-30": "-139.00000", "2011-03-31": "-89.00000", "2010-12-31": "-86.00000", "2010-09-30": "-93.00000", "2010-06-30": "-177.00000", "2010-03-31": "-149.00000", "2009-12-31": "-125.00000", "2009-09-30": "-160.00000", "2009-06-30": "-70.00000", "2009-03-31": "-230.00000", "2008-12-31": "-17.00000", "2008-09-30": "29.00000", "2008-06-30": "129.00000", "2008-03-31": "-234.00000", "2007-12-31": "103.00000", "2007-09-30": "105.00000", "2007-06-30": "103.00000", "2007-03-31": "-6.00000", "2006-12-31": "-42.00000", "2006-09-30": "-59.00000", "2006-06-30": "-119.00000", "2006-03-31": "-147.00000", "2005-12-31": "-250.00000", "2005-09-30": "-306.00000", "2005-06-30": "-320.00000", "2005-03-31": "-281.00000"}, "Pre-Tax Income": {"2020-12-31": "2541.00000", "2020-09-30": "-324.00000", "2020-06-30": "2565.00000", "2020-03-31": "2108.00000", "2019-12-31": "-1223.00000", "2019-09-30": "-2128.00000", "2019-06-30": "2601.00000", "2019-03-31": "1516.00000", "2018-12-31": "1710.00000", "2018-09-30": "2608.00000", "2018-06-30": "2557.00000", "2018-03-31": "2466.00000", "2017-12-31": "2183.00000", "2017-09-30": "2644.00000", "2017-06-30": "2910.00000", "2017-03-31": "2091.00000", "2016-12-31": "15708.00000", "2016-09-30": "1727.00000", "2016-06-30": "2534.00000", "2016-03-31": "1883.00000", "2015-12-31": "1973.00000", "2015-09-30": "2289.00000", "2015-06-30": "2254.00000", "2015-03-31": "1562.00000", "2014-12-31": "1909.00000", "2014-09-30": "2114.00000", "2014-06-30": "1945.00000", "2014-03-31": "1806.00000", "2013-12-31": "713.00000", "2013-09-30": "2118.00000", "2013-06-30": "1964.00000", "2013-03-31": "2147.00000", "2012-12-31": "1758.00000", "2012-09-30": "1043.00000", "2012-06-30": "1807.00000", "2012-03-31": "1869.00000", "2011-12-31": "1183.00000", "2011-09-30": "1793.00000", "2011-06-30": "1156.00000", "2011-03-31": "1450.00000", "2010-12-31": "1407.00000", "2010-09-30": "1683.00000", "2010-06-30": "1352.00000", "2010-03-31": "1281.00000", "2009-12-31": "1075.00000", "2009-09-30": "1234.00000", "2009-06-30": "1607.00000", "2009-03-31": "961.00000", "2008-12-31": "981.00000", "2008-09-30": "1358.00000", "2008-06-30": "1471.00000", "2008-03-31": "979.00000", "2007-12-31": "1108.00000", "2007-09-30": "1327.00000", "2007-06-30": "1130.00000", "2007-03-31": "1113.00000", "2006-12-31": "3202.00000", "2006-09-30": "3297.00000", "2006-06-30": "3107.00000", "2006-03-31": "2914.00000", "2005-12-31": "3380.00000", "2005-09-30": "4009.00000", "2005-06-30": "4151.00000", "2005-03-31": "3895.00000"}, "Income Taxes": {"2020-12-31": "619.00000", "2020-09-30": "632.00000", "2020-06-30": "627.00000", "2020-03-31": "558.00000", "2019-12-31": "591.00000", "2019-09-30": "474.00000", "2019-06-30": "604.00000", "2019-03-31": "395.00000", "2018-12-31": "459.00000", "2018-09-30": "664.00000", "2018-06-30": "680.00000", "2018-03-31": "571.00000", "2017-12-31": "-2785.00000", "2017-09-30": "777.00000", "2017-06-30": "920.00000", "2017-03-31": "689.00000", "2016-12-31": "5430.00000", "2016-09-30": "633.00000", "2016-06-30": "880.00000", "2016-03-31": "665.00000", "2015-12-31": "725.00000", "2015-09-30": "761.00000", "2015-06-30": "805.00000", "2015-03-31": "544.00000", "2014-12-31": "673.00000", "2014-09-30": "717.00000", "2014-06-30": "683.00000", "2014-03-31": "631.00000", "2013-12-31": "225.00000", "2013-09-30": "722.00000", "2013-06-30": "698.00000", "2013-03-31": "762.00000", "2012-12-31": "653.00000", "2012-09-30": "386.00000", "2012-06-30": "581.00000", "2012-03-31": "674.00000", "2011-12-31": "346.00000", "2011-09-30": "619.00000", "2011-06-30": "712.00000", "2011-03-31": "512.00000", "2010-12-31": "487.00000", "2010-09-30": "552.00000", "2010-06-30": "309.00000", "2010-03-31": "468.00000", "2009-12-31": "349.00000", "2009-09-30": "352.00000", "2009-06-30": "596.00000", "2009-03-31": "372.00000", "2008-12-31": "302.00000", "2008-09-30": "491.00000", "2008-06-30": "541.00000", "2008-03-31": "365.00000", "2007-12-31": "288.00000", "2007-09-30": "427.00000", "2007-06-30": "415.00000", "2007-03-31": "417.00000", "2006-12-31": "860.00000", "2006-09-30": "1125.00000", "2006-06-30": "1041.00000", "2006-03-31": "374.00000", "2005-12-31": "1037.00000", "2005-09-30": "1098.00000", "2005-06-30": "1192.00000", "2005-03-31": "1291.00000"}, "Income After Taxes": {"2020-12-31": "1922.00000", "2020-09-30": "-956.00000", "2020-06-30": "1938.00000", "2020-03-31": "1550.00000", "2019-12-31": "-1814.00000", "2019-09-30": "-2602.00000", "2019-06-30": "1997.00000", "2019-03-31": "1121.00000", "2018-12-31": "1251.00000", "2018-09-30": "1944.00000", "2018-06-30": "1877.00000", "2018-03-31": "1895.00000", "2017-12-31": "4968.00000", "2017-09-30": "1867.00000", "2017-06-30": "1990.00000", "2017-03-31": "1402.00000", "2016-12-31": "10278.00000", "2016-09-30": "1094.00000", "2016-06-30": "1654.00000", "2016-03-31": "1218.00000", "2015-12-31": "1248.00000", "2015-09-30": "1528.00000", "2015-06-30": "1449.00000", "2015-03-31": "1018.00000", "2014-12-31": "1236.00000", "2014-09-30": "1397.00000", "2014-06-30": "1262.00000", "2014-03-31": "1175.00000", "2013-12-31": "488.00000", "2013-09-30": "1396.00000", "2013-06-30": "1266.00000", "2013-03-31": "1385.00000", "2012-12-31": "1105.00000", "2012-09-30": "657.00000", "2012-06-30": "1226.00000", "2012-03-31": "1195.00000", "2011-12-31": "837.00000", "2011-09-30": "1174.00000", "2011-06-30": "444.00000", "2011-03-31": "938.00000", "2010-12-31": "920.00000", "2010-09-30": "1131.00000", "2010-06-30": "1043.00000", "2010-03-31": "813.00000", "2009-12-31": "726.00000", "2009-09-30": "882.00000", "2009-06-30": "1011.00000", "2009-03-31": "589.00000", "2008-12-31": "679.00000", "2008-09-30": "867.00000", "2008-06-30": "930.00000", "2008-03-31": "614.00000", "2007-12-31": "820.00000", "2007-09-30": "900.00000", "2007-06-30": "715.00000", "2007-03-31": "696.00000", "2006-12-31": "2342.00000", "2006-09-30": "2172.00000", "2006-06-30": "2066.00000", "2006-03-31": "2540.00000", "2005-12-31": "2343.00000", "2005-09-30": "2911.00000", "2005-06-30": "2959.00000", "2005-03-31": "2604.00000"}, "Other Income": {"2020-12-31": "", "2020-09-30": "", "2020-06-30": "", "2020-03-31": "", "2019-12-31": "", "2019-09-30": "", "2019-06-30": "", "2019-03-31": "", "2018-12-31": "", "2018-09-30": "", "2018-06-30": "", "2018-03-31": "", "2017-12-31": "", "2017-09-30": "", "2017-06-30": "", "2017-03-31": "", "2016-12-31": "", "2016-09-30": "", "2016-06-30": "", "2016-03-31": "", "2015-12-31": "", "2015-09-30": "", "2015-06-30": "", "2015-03-31": "", "2014-12-31": "", "2014-09-30": "", "2014-06-30": "", "2014-03-31": "", "2013-12-31": "", "2013-09-30": "", "2013-06-30": "", "2013-03-31": "", "2012-12-31": "", "2012-09-30": "", "2012-06-30": "", "2012-03-31": "", "2011-12-31": "", "2011-09-30": "", "2011-06-30": "", "2011-03-31": "", "2010-12-31": "", "2010-09-30": "", "2010-06-30": "", "2010-03-31": "", "2009-12-31": "", "2009-09-30": "", "2009-06-30": "", "2009-03-31": "", "2008-12-31": "", "2008-09-30": "", "2008-06-30": "", "2008-03-31": "", "2007-12-31": "", "2007-09-30": "", "2007-06-30": "", "2007-03-31": "", "2006-12-31": "", "2006-09-30": "", "2006-06-30": "", "2006-03-31": "", "2005-12-31": "", "2005-09-30": "", "2005-06-30": "", "2005-03-31": ""}, "Income From Continuous Operations": {"2020-12-31": "1922.00000", "2020-09-30": "-956.00000", "2020-06-30": "1938.00000", "2020-03-31": "1550.00000", "2019-12-31": "-1814.00000", "2019-09-30": "-2602.00000", "2019-06-30": "1997.00000", "2019-03-31": "1121.00000", "2018-12-31": "1251.00000", "2018-09-30": "1944.00000", "2018-06-30": "1877.00000", "2018-03-31": "1895.00000", "2017-12-31": "4968.00000", "2017-09-30": "1867.00000", "2017-06-30": "1990.00000", "2017-03-31": "1402.00000", "2016-12-31": "10278.00000", "2016-09-30": "1094.00000", "2016-06-30": "1654.00000", "2016-03-31": "1218.00000", "2015-12-31": "1248.00000", "2015-09-30": "1528.00000", "2015-06-30": "1449.00000", "2015-03-31": "1018.00000", "2014-12-31": "1236.00000", "2014-09-30": "1397.00000", "2014-06-30": "1262.00000", "2014-03-31": "1175.00000", "2013-12-31": "488.00000", "2013-09-30": "1396.00000", "2013-06-30": "1266.00000", "2013-03-31": "1385.00000", "2012-12-31": "1105.00000", "2012-09-30": "657.00000", "2012-06-30": "1226.00000", "2012-03-31": "1195.00000", "2011-12-31": "837.00000", "2011-09-30": "1174.00000", "2011-06-30": "444.00000", "2011-03-31": "938.00000", "2010-12-31": "920.00000", "2010-09-30": "1131.00000", "2010-06-30": "1043.00000", "2010-03-31": "813.00000", "2009-12-31": "726.00000", "2009-09-30": "882.00000", "2009-06-30": "1011.00000", "2009-03-31": "589.00000", "2008-12-31": "679.00000", "2008-09-30": "867.00000", "2008-06-30": "930.00000", "2008-03-31": "614.00000", "2007-12-31": "820.00000", "2007-09-30": "900.00000", "2007-06-30": "715.00000", "2007-03-31": "696.00000", "2006-12-31": "2406.00000", "2006-09-30": "2214.00000", "2006-06-30": "2112.00000", "2006-03-31": "2597.00000", "2005-12-31": "2289.00000", "2005-09-30": "2883.00000", "2005-06-30": "2912.00000", "2005-03-31": "2584.00000"}, "Income From Discontinued Operations": {"2020-12-31": "", "2020-09-30": "", "2020-06-30": "", "2020-03-31": "", "2019-12-31": "", "2019-09-30": "", "2019-06-30": "", "2019-03-31": "", "2018-12-31": "", "2018-09-30": "", "2018-06-30": "", "2018-03-31": "", "2017-12-31": "", "2017-09-30": "", "2017-06-30": "", "2017-03-31": "", "2016-12-31": "", "2016-09-30": "", "2016-06-30": "", "2016-03-31": "", "2015-12-31": "", "2015-09-30": "", "2015-06-30": "", "2015-03-31": "", "2014-12-31": "", "2014-09-30": "", "2014-06-30": "", "2014-03-31": "", "2013-12-31": "", "2013-09-30": "", "2013-06-30": "", "2013-03-31": "", "2012-12-31": "", "2012-09-30": "", "2012-06-30": "", "2012-03-31": "", "2011-12-31": "", "2011-09-30": "", "2011-06-30": "", "2011-03-31": "", "2010-12-31": "", "2010-09-30": "", "2010-06-30": "", "2010-03-31": "", "2009-12-31": "", "2009-09-30": "", "2009-06-30": "", "2009-03-31": "", "2008-12-31": "", "2008-09-30": "", "2008-06-30": "", "2008-03-31": "1901.00000", "2007-12-31": "1719.00000", "2007-09-30": "1733.00000", "2007-06-30": "1500.00000", "2007-03-31": "2054.00000", "2006-12-31": "553.00000", "2006-09-30": "661.00000", "2006-06-30": "599.00000", "2006-03-31": "880.00000", "2005-12-31": "2498.00000", "2005-09-30": "", "2005-06-30": "-245.00000", "2005-03-31": "12.00000"}, "Net Income": {"2020-12-31": "1924.00000", "2020-09-30": "-953.00000", "2020-06-30": "1943.00000", "2020-03-31": "1550.00000", "2019-12-31": "-1813.00000", "2019-09-30": "-2601.00000", "2019-06-30": "1996.00000", "2019-03-31": "1118.00000", "2018-12-31": "1249.00000", "2018-09-30": "1941.00000", "2018-06-30": "1873.00000", "2018-03-31": "1892.00000", "2017-12-31": "4959.00000", "2017-09-30": "1864.00000", "2017-06-30": "1986.00000", "2017-03-31": "1399.00000", "2016-12-31": "10255.00000", "2016-09-30": "1092.00000", "2016-06-30": "1653.00000", "2016-03-31": "1215.00000", "2015-12-31": "1242.00000", "2015-09-30": "1528.00000", "2015-06-30": "1445.00000", "2015-03-31": "1016.00000", "2014-12-31": "1230.00000", "2014-09-30": "1397.00000", "2014-06-30": "1259.00000", "2014-03-31": "1172.00000", "2013-12-31": "495.00000", "2013-09-30": "1392.00000", "2013-06-30": "1263.00000", "2013-03-31": "1385.00000", "2012-12-31": "1096.00000", "2012-09-30": "655.00000", "2012-06-30": "1221.00000", "2012-03-31": "1195.00000", "2011-12-31": "829.00000", "2011-09-30": "1168.00000", "2011-06-30": "443.00000", "2011-03-31": "937.00000", "2010-12-31": "904.00000", "2010-09-30": "1131.00000", "2010-06-30": "1042.00000", "2010-03-31": "813.00000", "2009-12-31": "725.00000", "2009-09-30": "882.00000", "2009-06-30": "1010.00000", "2009-03-31": "589.00000", "2008-12-31": "679.00000", "2008-09-30": "867.00000", "2008-06-30": "930.00000", "2008-03-31": "2454.00000", "2007-12-31": "2188.00000", "2007-09-30": "2633.00000", "2007-06-30": "2215.00000", "2007-03-31": "2750.00000", "2006-12-31": "2959.00000", "2006-09-30": "2875.00000", "2006-06-30": "2711.00000", "2006-03-31": "3477.00000", "2005-12-31": "2289.00000", "2005-09-30": "2883.00000", "2005-06-30": "2667.00000", "2005-03-31": "2596.00000"}, "EBITDA": {"2020-12-31": "", "2020-09-30": "3222.00000", "2020-06-30": "2861.00000", "2020-03-31": "2401.00000", "2019-12-31": "2490.00000", "2019-09-30": "3001.00000", "2019-06-30": "2770.00000", "2019-03-31": "2291.00000", "2018-12-31": "1803.00000", "2018-09-30": "2621.00000", "2018-06-30": "2549.00000", "2018-03-31": "2369.00000", "2017-12-31": "2291.00000", "2017-09-30": "2640.00000", "2017-06-30": "2580.00000", "2017-03-31": "2291.00000", "2016-12-31": "2047.00000", "2016-09-30": "2433.00000", "2016-06-30": "2459.00000", "2016-03-31": "2026.00000", "2015-12-31": "2040.00000", "2015-09-30": "2357.00000", "2015-06-30": "2275.00000", "2015-03-31": "1914.00000", "2014-12-31": "1971.00000", "2014-09-30": "2048.00000", "2014-06-30": "2025.00000", "2014-03-31": "1784.00000", "2013-12-31": "1853.00000", "2013-09-30": "2184.00000", "2013-06-30": "2053.00000", "2013-03-31": "2206.00000", "2012-12-31": "1821.00000", "2012-09-30": "2025.00000", "2012-06-30": "1934.00000", "2012-03-31": "1698.00000", "2011-12-31": "1425.00000", "2011-09-30": "1941.00000", "2011-06-30": "1356.00000", "2011-03-31": "1599.00000", "2010-12-31": "1561.00000", "2010-09-30": "1847.00000", "2010-06-30": "1597.00000", "2010-03-31": "1499.00000", "2009-12-31": "1273.00000", "2009-09-30": "1465.00000", "2009-06-30": "1746.00000", "2009-03-31": "1269.00000", "2008-12-31": "1051.00000", "2008-09-30": "1381.00000", "2008-06-30": "1393.00000", "2008-03-31": "1272.00000", "2007-12-31": "1063.00000", "2007-09-30": "1272.00000", "2007-06-30": "1088.00000", "2007-03-31": "1182.00000", "2006-12-31": "2814.00000", "2006-09-30": "3591.00000", "2006-06-30": "3446.00000", "2006-03-31": "3291.00000", "2005-12-31": "3203.00000", "2005-09-30": "4721.00000", "2005-06-30": "4881.00000", "2005-03-31": "4583.00000"}, "EBIT": {"2020-12-31": "2581.00000", "2020-09-30": "3160.00000", "2020-06-30": "2796.00000", "2020-03-31": "2336.00000", "2019-12-31": "2427.00000", "2019-09-30": "2944.00000", "2019-06-30": "2717.00000", "2019-03-31": "2238.00000", "2018-12-31": "1744.00000", "2018-09-30": "2557.00000", "2018-06-30": "2498.00000", "2018-03-31": "2316.00000", "2017-12-31": "2237.00000", "2017-09-30": "2589.00000", "2017-06-30": "2528.00000", "2017-03-31": "2239.00000", "2016-12-31": "1992.00000", "2016-09-30": "2382.00000", "2016-06-30": "2410.00000", "2016-03-31": "1977.00000", "2015-12-31": "1965.00000", "2015-09-30": "2307.00000", "2015-06-30": "2224.00000", "2015-03-31": "1865.00000", "2014-12-31": "1912.00000", "2014-09-30": "1999.00000", "2014-06-30": "1975.00000", "2014-03-31": "1734.00000", "2013-12-31": "1799.00000", "2013-09-30": "2132.00000", "2013-06-30": "2001.00000", "2013-03-31": "2152.00000", "2012-12-31": "1765.00000", "2012-09-30": "1969.00000", "2012-06-30": "1877.00000", "2012-03-31": "1642.00000", "2011-12-31": "1356.00000", "2011-09-30": "1878.00000", "2011-06-30": "1295.00000", "2011-03-31": "1539.00000", "2010-12-31": "1493.00000", "2010-09-30": "1776.00000", "2010-06-30": "1529.00000", "2010-03-31": "1430.00000", "2009-12-31": "1200.00000", "2009-09-30": "1394.00000", "2009-06-30": "1677.00000", "2009-03-31": "1191.00000", "2008-12-31": "998.00000", "2008-09-30": "1329.00000", "2008-06-30": "1342.00000", "2008-03-31": "1213.00000", "2007-12-31": "1005.00000", "2007-09-30": "1222.00000", "2007-06-30": "1027.00000", "2007-03-31": "1119.00000", "2006-12-31": "3244.00000", "2006-09-30": "3356.00000", "2006-06-30": "3226.00000", "2006-03-31": "3061.00000", "2005-12-31": "3630.00000", "2005-09-30": "4315.00000", "2005-06-30": "4471.00000", "2005-03-31": "4176.00000"}, "Basic Shares Outstanding": {"2020-12-31": "", "2020-09-30": "1858.00000", "2020-06-30": "1858.00000", "2020-03-31": "1858.00000", "2019-12-31": "1869.00000", "2019-09-30": "1868.00000", "2019-06-30": "1870.00000", "2019-03-31": "1874.00000", "2018-12-31": "1887.00000", "2018-09-30": "1883.00000", "2018-06-30": "1891.00000", "2018-03-31": "1899.00000", "2017-12-31": "1921.00000", "2017-09-30": "1915.00000", "2017-06-30": "1928.00000", "2017-03-31": "1939.00000", "2016-12-31": "1952.00000", "2016-09-30": "1952.00000", "2016-06-30": "1954.00000", "2016-03-31": "1956.00000", "2015-12-31": "1961.00000", "2015-09-30": "1958.00000", "2015-06-30": "1962.00000", "2015-03-31": "1966.00000", "2014-12-31": "1978.00000", "2014-09-30": "1976.00000", "2014-06-30": "1980.00000", "2014-03-31": "1986.00000", "2013-12-31": "1999.00000", "2013-09-30": "1998.00000", "2013-06-30": "2002.00000", "2013-03-31": "2003.00000", "2012-12-31": "2024.00000", "2012-09-30": "2024.00000", "2012-06-30": "2027.00000", "2012-03-31": "2034.00000", "2011-12-31": "2064.00000", "2011-09-30": "2054.00000", "2011-06-30": "2076.00000", "2011-03-31": "2084.00000", "2010-12-31": "2077.00000", "2010-09-30": "2078.00000", "2010-06-30": "2076.00000", "2010-03-31": "2074.00000", "2009-12-31": "2066.00000", "2009-09-30": "2064.00000", "2009-06-30": "2064.00000", "2009-03-31": "2061.00000", "2008-12-31": "2075.00000", "2008-09-30": "2058.00000", "2008-06-30": "2075.00000", "2008-03-31": "2107.00000", "2007-12-31": "2101.00000", "2007-09-30": "2103.00000", "2007-06-30": "2101.00000", "2007-03-31": "2097.00000", "2006-12-31": "2092.00000", "2006-09-30": "2086.00000", "2006-06-30": "2083.00000", "2006-03-31": "2082.00000", "2005-12-31": "2078.00000", "2005-09-30": "2072.00000", "2005-06-30": "2067.00000", "2005-03-31": "2061.00000"}, "Shares Outstanding": {"2020-12-31": "1859.00000", "2020-09-30": "1859.00000", "2020-06-30": "1859.00000", "2020-03-31": "1858.00000", "2019-12-31": "1869.00000", "2019-09-30": "1868.00000", "2019-06-30": "1870.00000", "2019-03-31": "1874.00000", "2018-12-31": "1888.00000", "2018-09-30": "1883.00000", "2018-06-30": "1891.00000", "2018-03-31": "1899.00000", "2017-12-31": "1921.00000", "2017-09-30": "1915.00000", "2017-06-30": "1928.00000", "2017-03-31": "1939.00000", "2016-12-31": "1952.00000", "2016-09-30": "1952.00000", "2016-06-30": "1954.00000", "2016-03-31": "1956.00000", "2015-12-31": "1961.00000", "2015-09-30": "1958.00000", "2015-06-30": "1962.00000", "2015-03-31": "1966.00000", "2014-12-31": "1978.00000", "2014-09-30": "1976.00000", "2014-06-30": "1980.00000", "2014-03-31": "1986.00000", "2013-12-31": "1999.00000", "2013-09-30": "1998.00000", "2013-06-30": "2002.00000", "2013-03-31": "2003.00000", "2012-12-31": "2024.00000", "2012-09-30": "2024.00000", "2012-06-30": "2027.00000", "2012-03-31": "2034.00000", "2011-12-31": "2064.00000", "2011-09-30": "2054.00000", "2011-06-30": "2076.00000", "2011-03-31": "2084.00000", "2010-12-31": "2079.00000", "2010-09-30": "2080.00000", "2010-06-30": "2079.00000", "2010-03-31": "2077.00000", "2009-12-31": "2071.00000", "2009-09-30": "2070.00000", "2009-06-30": "2069.00000", "2009-03-31": "2067.00000", "2008-12-31": "2084.00000", "2008-09-30": "2067.00000", "2008-06-30": "2085.00000", "2008-03-31": "2118.00000", "2007-12-31": "2113.00000", "2007-09-30": "2117.00000", "2007-06-30": "2116.00000", "2007-03-31": "2112.00000", "2006-12-31": "2110.00000", "2006-09-30": "2104.00000", "2006-06-30": "2102.00000", "2006-03-31": "2101.00000", "2005-12-31": "2098.00000", "2005-09-30": "2092.00000", "2005-06-30": "2087.00000", "2005-03-31": "2081.00000"}, "Basic EPS": {"2020-12-31": "", "2020-09-30": "-0.51000", "2020-06-30": "1.04000", "2020-03-31": "0.83000", "2019-12-31": "-0.98000", "2019-09-30": "-1.39000", "2019-06-30": "1.07000", "2019-03-31": "0.60000", "2018-12-31": "0.67000", "2018-09-30": "1.03000", "2018-06-30": "0.99000", "2018-03-31": "1.00000", "2017-12-31": "2.59000", "2017-09-30": "0.97000", "2017-06-30": "1.03000", "2017-03-31": "0.72000", "2016-12-31": "5.26000", "2016-09-30": "0.56000", "2016-06-30": "0.84000", "2016-03-31": "0.62000", "2015-12-31": "0.63000", "2015-09-30": "0.78000", "2015-06-30": "0.74000", "2015-03-31": "0.52000", "2014-12-31": "0.62000", "2014-09-30": "0.71000", "2014-06-30": "0.64000", "2014-03-31": "0.59000", "2013-12-31": "0.24000", "2013-09-30": "0.70000", "2013-06-30": "0.63000", "2013-03-31": "0.69000", "2012-12-31": "0.55000", "2012-09-30": "0.32000", "2012-06-30": "0.60000", "2012-03-31": "0.59000", "2011-12-31": "0.41000", "2011-09-30": "0.57000", "2011-06-30": "0.21000", "2011-03-31": "0.45000", "2010-12-31": "0.44000", "2010-09-30": "0.54000", "2010-06-30": "0.50000", "2010-03-31": "0.39000", "2009-12-31": "0.35000", "2009-09-30": "0.43000", "2009-06-30": "0.49000", "2009-03-31": "0.28000", "2008-12-31": "0.34000", "2008-09-30": "0.42000", "2008-06-30": "0.45000", "2008-03-31": "1.16000", "2007-12-31": "1.03000", "2007-09-30": "1.25000", "2007-06-30": "1.05000", "2007-03-31": "1.31000", "2006-12-31": "1.41000", "2006-09-30": "1.38000", "2006-06-30": "1.30000", "2006-03-31": "1.67000", "2005-12-31": "1.10000", "2005-09-30": "1.39000", "2005-06-30": "1.29000", "2005-03-31": "1.26000"}, "EPS - Earnings Per Share": {"2020-12-31": "1.03000", "2020-09-30": "-0.51000", "2020-06-30": "1.04000", "2020-03-31": "0.83000", "2019-12-31": "-0.98000", "2019-09-30": "-1.39000", "2019-06-30": "1.07000", "2019-03-31": "0.60000", "2018-12-31": "0.66000", "2018-09-30": "1.03000", "2018-06-30": "0.99000", "2018-03-31": "1.00000", "2017-12-31": "2.59000", "2017-09-30": "0.97000", "2017-06-30": "1.03000", "2017-03-31": "0.72000", "2016-12-31": "5.26000", "2016-09-30": "0.56000", "2016-06-30": "0.84000", "2016-03-31": "0.62000", "2015-12-31": "0.63000", "2015-09-30": "0.78000", "2015-06-30": "0.74000", "2015-03-31": "0.52000", "2014-12-31": "0.62000", "2014-09-30": "0.71000", "2014-06-30": "0.64000", "2014-03-31": "0.59000", "2013-12-31": "0.24000", "2013-09-30": "0.70000", "2013-06-30": "0.63000", "2013-03-31": "0.69000", "2012-12-31": "0.55000", "2012-09-30": "0.32000", "2012-06-30": "0.60000", "2012-03-31": "0.59000", "2011-12-31": "0.41000", "2011-09-30": "0.57000", "2011-06-30": "0.21000", "2011-03-31": "0.45000", "2010-12-31": "0.44000", "2010-09-30": "0.54000", "2010-06-30": "0.50000", "2010-03-31": "0.39000", "2009-12-31": "0.35000", "2009-09-30": "0.42000", "2009-06-30": "0.49000", "2009-03-31": "0.28000", "2008-12-31": "0.33000", "2008-09-30": "0.42000", "2008-06-30": "0.45000", "2008-03-31": "1.16000", "2007-12-31": "1.03000", "2007-09-30": "1.24000", "2007-06-30": "1.05000", "2007-03-31": "1.30000", "2006-12-31": "1.40000", "2006-09-30": "1.36000", "2006-06-30": "1.29000", "2006-03-31": "1.65000", "2005-12-31": "1.09000", "2005-09-30": "1.38000", "2005-06-30": "1.28000", "2005-03-31": "1.25000"}}, "balance sheet": {"Cash On Hand": {"2020-12-31": "4945.00000", "2019-12-31": "2117.00000", "2018-12-31": "1333.00000", "2017-12-31": "1253.00000", "2016-12-31": "4569.00000", "2015-12-31": "2369.00000", "2014-12-31": "3321.00000", "2013-12-31": "3175.00000", "2012-12-31": "2900.00000", "2011-12-31": "3270.00000", "2010-12-31": "2314.00000", "2009-12-31": "1871.00000", "2008-12-31": "7916.00000", "2007-12-31": "4842.00000", "2006-12-31": "4781.00000", "2005-12-31": "6258.00000"}, "Receivables": {"2020-12-31": "", "2019-12-31": "152.00000", "2018-12-31": "142.00000", "2017-12-31": "142.00000", "2016-12-31": "151.00000", "2015-12-31": "124.00000", "2014-12-31": "124.00000", "2013-12-31": "115.00000", "2012-12-31": "193.00000", "2011-12-31": "268.00000", "2010-12-31": "85.00000", "2009-12-31": "96.00000", "2008-12-31": "44.00000", "2007-12-31": "83.00000", "2006-12-31": "2808.00000", "2005-12-31": "5361.00000"}, "Inventory": {"2020-12-31": "1966.00000", "2019-12-31": "2293.00000", "2018-12-31": "2331.00000", "2017-12-31": "2225.00000", "2016-12-31": "2051.00000", "2015-12-31": "2031.00000", "2014-12-31": "2040.00000", "2013-12-31": "1879.00000", "2012-12-31": "1746.00000", "2011-12-31": "1779.00000", "2010-12-31": "1803.00000", "2009-12-31": "1810.00000", "2008-12-31": "1069.00000", "2007-12-31": "1254.00000", "2006-12-31": "8680.00000", "2005-12-31": "10584.00000"}, "Pre-Paid Expenses": {"2020-12-31": "", "2019-12-31": "", "2018-12-31": "", "2017-12-31": "", "2016-12-31": "", "2015-12-31": "", "2014-12-31": "", "2013-12-31": "", "2012-12-31": "", "2011-12-31": "", "2010-12-31": "", "2009-12-31": "", "2008-12-31": "", "2007-12-31": "", "2006-12-31": "", "2005-12-31": ""}, "Other Current Assets": {"2020-12-31": "206.00000", "2019-12-31": "146.00000", "2018-12-31": "326.00000", "2017-12-31": "263.00000", "2016-12-31": "220.00000", "2015-12-31": "387.00000", "2014-12-31": "250.00000", "2013-12-31": "321.00000", "2012-12-31": "260.00000", "2011-12-31": "396.00000", "2010-12-31": "614.00000", "2009-12-31": "660.00000", "2008-12-31": "357.00000", "2007-12-31": "231.00000", "2006-12-31": "2236.00000", "2005-12-31": "3578.00000"}, "Total Current Assets": {"2020-12-31": "7117.00000", "2019-12-31": "4824.00000", "2018-12-31": "4299.00000", "2017-12-31": "4344.00000", "2016-12-31": "7260.00000", "2015-12-31": "4911.00000", "2014-12-31": "6878.00000", "2013-12-31": "6590.00000", "2012-12-31": "6315.00000", "2011-12-31": "6920.00000", "2010-12-31": "5981.00000", "2009-12-31": "5773.00000", "2008-12-31": "11076.00000", "2007-12-31": "22890.00000", "2006-12-31": "26152.00000", "2005-12-31": "25781.00000"}, "Property, Plant, And Equipment": {"2020-12-31": "2012.00000", "2019-12-31": "1999.00000", "2018-12-31": "1938.00000", "2017-12-31": "1914.00000", "2016-12-31": "1958.00000", "2015-12-31": "1982.00000", "2014-12-31": "1983.00000", "2013-12-31": "2028.00000", "2012-12-31": "2102.00000", "2011-12-31": "2216.00000", "2010-12-31": "2380.00000", "2009-12-31": "2684.00000", "2008-12-31": "2199.00000", "2007-12-31": "2422.00000", "2006-12-31": "7581.00000", "2005-12-31": "16678.00000"}, "Long-Term Investments": {"2020-12-31": "19529.00000", "2019-12-31": "23581.00000", "2018-12-31": "30496.00000", "2017-12-31": "17952.00000", "2016-12-31": "18880.00000", "2015-12-31": "6722.00000", "2014-12-31": "7797.00000", "2013-12-31": "8452.00000", "2012-12-31": "9218.00000", "2011-12-31": "9068.00000", "2010-12-31": "9869.00000", "2009-12-31": "4980.00000", "2008-12-31": "9712.00000", "2007-12-31": "10524.00000", "2006-12-31": "10414.00000", "2005-12-31": "7189.00000"}, "Goodwill And Intangible Assets": {"2020-12-31": "17792.00000", "2019-12-31": "17864.00000", "2018-12-31": "17475.00000", "2017-12-31": "17707.00000", "2016-12-31": "17321.00000", "2015-12-31": "17313.00000", "2014-12-31": "17334.00000", "2013-12-31": "17232.00000", "2012-12-31": "17252.00000", "2011-12-31": "17272.00000", "2010-12-31": "17292.00000", "2009-12-31": "17312.00000", "2008-12-31": "3116.00000", "2007-12-31": "3125.00000", "2006-12-31": "8105.00000", "2005-12-31": "43415.00000"}, "Other Long-Term Assets": {"2020-12-31": "964.00000", "2019-12-31": "1003.00000", "2018-12-31": "1251.00000", "2017-12-31": "1285.00000", "2016-12-31": "513.00000", "2015-12-31": "531.00000", "2014-12-31": "483.00000", "2013-12-31": "557.00000", "2012-12-31": "442.00000", "2011-12-31": "1275.00000", "2010-12-31": "1880.00000", "2009-12-31": "5928.00000", "2008-12-31": "1112.00000", "2007-12-31": "904.00000", "2006-12-31": "2452.00000", "2005-12-31": "9194.00000"}, "Total Long-Term Assets": {"2020-12-31": "40297.00000", "2019-12-31": "44447.00000", "2018-12-31": "51160.00000", "2017-12-31": "38858.00000", "2016-12-31": "38672.00000", "2015-12-31": "26548.00000", "2014-12-31": "27597.00000", "2013-12-31": "28269.00000", "2012-12-31": "29014.00000", "2011-12-31": "29831.00000", "2010-12-31": "31421.00000", "2009-12-31": "30904.00000", "2008-12-31": "16139.00000", "2007-12-31": "34856.00000", "2006-12-31": "78118.00000", "2005-12-31": "82168.00000"}, "Total Assets": {"2020-12-31": "47414.00000", "2019-12-31": "49271.00000", "2018-12-31": "55459.00000", "2017-12-31": "43202.00000", "2016-12-31": "45932.00000", "2015-12-31": "31459.00000", "2014-12-31": "34475.00000", "2013-12-31": "34859.00000", "2012-12-31": "35329.00000", "2011-12-31": "36751.00000", "2010-12-31": "37402.00000", "2009-12-31": "36677.00000", "2008-12-31": "27215.00000", "2007-12-31": "57746.00000", "2006-12-31": "104270.00000", "2005-12-31": "107949.00000"}, "Total Current Liabilities": {"2020-12-31": "9063.00000", "2019-12-31": "8174.00000", "2018-12-31": "21193.00000", "2017-12-31": "6792.00000", "2016-12-31": "7375.00000", "2015-12-31": "7070.00000", "2014-12-31": "7673.00000", "2013-12-31": "7058.00000", "2012-12-31": "8259.00000", "2011-12-31": "7432.00000", "2010-12-31": "6840.00000", "2009-12-31": "7992.00000", "2008-12-31": "7142.00000", "2007-12-31": "18782.00000", "2006-12-31": "25427.00000", "2005-12-31": "26158.00000"}, "Long Term Debt": {"2020-12-31": "27971.00000", "2019-12-31": "27042.00000", "2018-12-31": "11898.00000", "2017-12-31": "13030.00000", "2016-12-31": "13881.00000", "2015-12-31": "12843.00000", "2014-12-31": "13693.00000", "2013-12-31": "13992.00000", "2012-12-31": "12419.00000", "2011-12-31": "13089.00000", "2010-12-31": "12194.00000", "2009-12-31": "11185.00000", "2008-12-31": "7339.00000", "2007-12-31": "2385.00000", "2006-12-31": "7417.00000", "2005-12-31": "17868.00000"}, "Other Non-Current Liabilities": {"2020-12-31": "421.00000", "2019-12-31": "345.00000", "2018-12-31": "254.00000", "2017-12-31": "283.00000", "2016-12-31": "465.00000", "2015-12-31": "484.00000", "2014-12-31": "503.00000", "2013-12-31": "435.00000", "2012-12-31": "556.00000", "2011-12-31": "932.00000", "2010-12-31": "1050.00000", "2009-12-31": "1350.00000", "2008-12-31": "1310.00000", "2007-12-31": "1432.00000", "2006-12-31": "2707.00000", "2005-12-31": "4767.00000"}, "Total Long Term Liabilities": {"2020-12-31": "35426.00000", "2019-12-31": "34778.00000", "2018-12-31": "19477.00000", "2017-12-31": "21030.00000", "2016-12-31": "25784.00000", "2015-12-31": "21516.00000", "2014-12-31": "23792.00000", "2013-12-31": "23683.00000", "2012-12-31": "23900.00000", "2011-12-31": "25636.00000", "2010-12-31": "25367.00000", "2009-12-31": "24613.00000", "2008-12-31": "17245.00000", "2007-12-31": "20062.00000", "2006-12-31": "39224.00000", "2005-12-31": "46084.00000"}, "Total Liabilities": {"2020-12-31": "44489.00000", "2019-12-31": "42952.00000", "2018-12-31": "40670.00000", "2017-12-31": "27822.00000", "2016-12-31": "33159.00000", "2015-12-31": "28586.00000", "2014-12-31": "31465.00000", "2013-12-31": "30741.00000", "2012-12-31": "32159.00000", "2011-12-31": "33068.00000", "2010-12-31": "32207.00000", "2009-12-31": "32605.00000", "2008-12-31": "24387.00000", "2007-12-31": "38844.00000", "2006-12-31": "64651.00000", "2005-12-31": "72242.00000"}, "Common Stock Net": {"2020-12-31": "", "2019-12-31": "935.00000", "2018-12-31": "935.00000", "2017-12-31": "935.00000", "2016-12-31": "935.00000", "2015-12-31": "935.00000", "2014-12-31": "935.00000", "2013-12-31": "935.00000", "2012-12-31": "935.00000", "2011-12-31": "935.00000", "2010-12-31": "935.00000", "2009-12-31": "935.00000", "2008-12-31": "935.00000", "2007-12-31": "935.00000", "2006-12-31": "935.00000", "2005-12-31": "935.00000"}, "Retained Earnings (Accumulated Deficit)": {"2020-12-31": "", "2019-12-31": "36539.00000", "2018-12-31": "43962.00000", "2017-12-31": "42251.00000", "2016-12-31": "36906.00000", "2015-12-31": "27257.00000", "2014-12-31": "26277.00000", "2013-12-31": "25168.00000", "2012-12-31": "24316.00000", "2011-12-31": "23583.00000", "2010-12-31": "23459.00000", "2009-12-31": "22599.00000", "2008-12-31": "22131.00000", "2007-12-31": "34426.00000", "2006-12-31": "59879.00000", "2005-12-31": "54666.00000"}, "Comprehensive Income": {"2020-12-31": "", "2019-12-31": "-2864.00000", "2018-12-31": "-2547.00000", "2017-12-31": "-1897.00000", "2016-12-31": "-2052.00000", "2015-12-31": "-3280.00000", "2014-12-31": "-2682.00000", "2013-12-31": "-1378.00000", "2012-12-31": "-2040.00000", "2011-12-31": "-1887.00000", "2010-12-31": "-1484.00000", "2009-12-31": "-1561.00000", "2008-12-31": "-2181.00000", "2007-12-31": "111.00000", "2006-12-31": "-3808.00000", "2005-12-31": "-1853.00000"}, "Other Share Holders Equity": {"2020-12-31": "", "2019-12-31": "", "2018-12-31": "", "2017-12-31": "", "2016-12-31": "", "2015-12-31": "", "2014-12-31": "", "2013-12-31": "", "2012-12-31": "", "2011-12-31": "", "2010-12-31": "", "2009-12-31": "", "2008-12-31": "", "2007-12-31": "", "2006-12-31": "", "2005-12-31": ""}, "Share Holder Equity": {"2020-12-31": "2925.00000", "2019-12-31": "6319.00000", "2018-12-31": "14789.00000", "2017-12-31": "15380.00000", "2016-12-31": "12773.00000", "2015-12-31": "2873.00000", "2014-12-31": "3010.00000", "2013-12-31": "4118.00000", "2012-12-31": "3170.00000", "2011-12-31": "3683.00000", "2010-12-31": "5195.00000", "2009-12-31": "4072.00000", "2008-12-31": "2828.00000", "2007-12-31": "18902.00000", "2006-12-31": "39619.00000", "2005-12-31": "35707.00000"}, "Total Liabilities And Share Holders Equity": {"2020-12-31": "47414.00000", "2019-12-31": "49271.00000", "2018-12-31": "55459.00000", "2017-12-31": "43202.00000", "2016-12-31": "45932.00000", "2015-12-31": "31459.00000", "2014-12-31": "34475.00000", "2013-12-31": "34859.00000", "2012-12-31": "35329.00000", "2011-12-31": "36751.00000", "2010-12-31": "37402.00000", "2009-12-31": "36677.00000", "2008-12-31": "27215.00000", "2007-12-31": "57746.00000", "2006-12-31": "104270.00000", "2005-12-31": "107949.00000"}}, "balance sheet, quarterly": {"Cash On Hand": {"2020-12-31": "4945.00000", "2020-09-30": "4123.00000", "2020-06-30": "4826.00000", "2020-03-31": "5616.00000", "2019-12-31": "2117.00000", "2019-09-30": "1604.00000", "2019-06-30": "1796.00000", "2019-03-31": "3352.00000", "2018-12-31": "1333.00000", "2018-09-30": "2393.00000", "2018-06-30": "1430.00000", "2018-03-31": "2191.00000", "2017-12-31": "1253.00000", "2017-09-30": "2582.00000", "2017-06-30": "2255.00000", "2017-03-31": "5228.00000", "2016-12-31": "4569.00000", "2016-09-30": "2298.00000", "2016-06-30": "819.00000", "2016-03-31": "3815.00000", "2015-12-31": "2369.00000", "2015-09-30": "1907.00000", "2015-06-30": "1123.00000", "2015-03-31": "3674.00000", "2014-12-31": "3321.00000", "2014-09-30": "2241.00000", "2014-06-30": "1193.00000", "2014-03-31": "3620.00000", "2013-12-31": "3175.00000", "2013-09-30": "4211.00000", "2013-06-30": "2571.00000", "2013-03-31": "3775.00000", "2012-12-31": "2900.00000", "2012-09-30": "2186.00000", "2012-06-30": "1528.00000", "2012-03-31": "4156.00000", "2011-12-31": "3270.00000", "2011-09-30": "3043.00000", "2011-06-30": "2064.00000", "2011-03-31": "3432.00000", "2010-12-31": "2314.00000", "2010-09-30": "1700.00000", "2010-06-30": "854.00000", "2010-03-31": "3290.00000", "2009-12-31": "1871.00000", "2009-09-30": "1030.00000", "2009-06-30": "544.00000", "2009-03-31": "3858.00000", "2008-12-31": "7916.00000", "2008-09-30": "915.00000", "2008-06-30": "415.00000", "2008-03-31": "4813.00000", "2007-12-31": "4842.00000", "2007-09-30": "7309.00000", "2007-06-30": "6156.00000", "2007-03-31": "2189.00000", "2006-12-31": "4781.00000", "2006-09-30": "5695.00000", "2006-06-30": "5613.00000", "2006-03-31": "2491.00000", "2005-12-31": "6258.00000", "2005-09-30": "6195.00000", "2005-06-30": "8499.00000", "2005-03-31": "4208.00000"}, "Receivables": {"2020-12-31": "", "2020-09-30": "151.00000", "2020-06-30": "140.00000", "2020-03-31": "147.00000", "2019-12-31": "152.00000", "2019-09-30": "165.00000", "2019-06-30": "163.00000", "2019-03-31": "158.00000", "2018-12-31": "142.00000", "2018-09-30": "187.00000", "2018-06-30": "144.00000", "2018-03-31": "133.00000", "2017-12-31": "142.00000", "2017-09-30": "148.00000", "2017-06-30": "119.00000", "2017-03-31": "135.00000", "2016-12-31": "151.00000", "2016-09-30": "146.00000", "2016-06-30": "122.00000", "2016-03-31": "104.00000", "2015-12-31": "124.00000", "2015-09-30": "137.00000", "2015-06-30": "142.00000", "2015-03-31": "172.00000", "2014-12-31": "124.00000", "2014-09-30": "106.00000", "2014-06-30": "105.00000", "2014-03-31": "113.00000", "2013-12-31": "115.00000", "2013-09-30": "92.00000", "2013-06-30": "114.00000", "2013-03-31": "112.00000", "2012-12-31": "193.00000", "2012-09-30": "196.00000", "2012-06-30": "256.00000", "2012-03-31": "244.00000", "2011-12-31": "268.00000", "2011-09-30": "194.00000", "2011-06-30": "166.00000", "2011-03-31": "71.00000", "2010-12-31": "85.00000", "2010-09-30": "82.00000", "2010-06-30": "90.00000", "2010-03-31": "170.00000", "2009-12-31": "96.00000", "2009-09-30": "92.00000", "2009-06-30": "101.00000", "2009-03-31": "86.00000", "2008-12-31": "44.00000", "2008-09-30": "52.00000", "2008-06-30": "121.00000", "2008-03-31": "167.00000", "2007-12-31": "83.00000", "2007-09-30": "2523.00000", "2007-06-30": "2525.00000", "2007-03-31": "2725.00000", "2006-12-31": "2808.00000", "2006-09-30": "5826.00000", "2006-06-30": "5808.00000", "2006-03-31": "5324.00000", "2005-12-31": "5361.00000", "2005-09-30": "5503.00000", "2005-06-30": "5737.00000", "2005-03-31": "6080.00000"}, "Inventory": {"2020-12-31": "1966.00000", "2020-09-30": "1862.00000", "2020-06-30": "1914.00000", "2020-03-31": "2006.00000", "2019-12-31": "2293.00000", "2019-09-30": "2188.00000", "2019-06-30": "2235.00000", "2019-03-31": "2356.00000", "2018-12-31": "2331.00000", "2018-09-30": "2077.00000", "2018-06-30": "2123.00000", "2018-03-31": "2257.00000", "2017-12-31": "2225.00000", "2017-09-30": "1987.00000", "2017-06-30": "1999.00000", "2017-03-31": "2122.00000", "2016-12-31": "2051.00000", "2016-09-30": "1980.00000", "2016-06-30": "1970.00000", "2016-03-31": "2108.00000", "2015-12-31": "2031.00000", "2015-09-30": "1954.00000", "2015-06-30": "1914.00000", "2015-03-31": "2085.00000", "2014-12-31": "2040.00000", "2014-09-30": "1890.00000", "2014-06-30": "1850.00000", "2014-03-31": "1970.00000", "2013-12-31": "1879.00000", "2013-09-30": "1718.00000", "2013-06-30": "1701.00000", "2013-03-31": "1816.00000", "2012-12-31": "1746.00000", "2012-09-30": "1624.00000", "2012-06-30": "1684.00000", "2012-03-31": "1830.00000", "2011-12-31": "1779.00000", "2011-09-30": "1625.00000", "2011-06-30": "1673.00000", "2011-03-31": "1824.00000", "2010-12-31": "1803.00000", "2010-09-30": "1618.00000", "2010-06-30": "1650.00000", "2010-03-31": "1813.00000", "2009-12-31": "1810.00000", "2009-09-30": "1762.00000", "2009-06-30": "1881.00000", "2009-03-31": "2033.00000", "2008-12-31": "1069.00000", "2008-09-30": "1060.00000", "2008-06-30": "1139.00000", "2008-03-31": "1277.00000", "2007-12-31": "1254.00000", "2007-09-30": "8932.00000", "2007-06-30": "8263.00000", "2007-03-31": "8562.00000", "2006-12-31": "8680.00000", "2006-09-30": "11765.00000", "2006-06-30": "11139.00000", "2006-03-31": "11580.00000", "2005-12-31": "10584.00000", "2005-09-30": "10918.00000", "2005-06-30": "10867.00000", "2005-03-31": "10124.00000"}, "Pre-Paid Expenses": {"2020-12-31": "", "2020-09-30": "", "2020-06-30": "", "2020-03-31": "", "2019-12-31": "", "2019-09-30": "", "2019-06-30": "", "2019-03-31": "", "2018-12-31": "", "2018-09-30": "", "2018-06-30": "", "2018-03-31": "", "2017-12-31": "", "2017-09-30": "", "2017-06-30": "", "2017-03-31": "", "2016-12-31": "", "2016-09-30": "", "2016-06-30": "", "2016-03-31": "", "2015-12-31": "", "2015-09-30": "", "2015-06-30": "", "2015-03-31": "", "2014-12-31": "", "2014-09-30": "", "2014-06-30": "", "2014-03-31": "", "2013-12-31": "", "2013-09-30": "", "2013-06-30": "", "2013-03-31": "", "2012-12-31": "", "2012-09-30": "", "2012-06-30": "", "2012-03-31": "", "2011-12-31": "", "2011-09-30": "", "2011-06-30": "", "2011-03-31": "", "2010-12-31": "", "2010-09-30": "", "2010-06-30": "", "2010-03-31": "", "2009-12-31": "", "2009-09-30": "", "2009-06-30": "", "2009-03-31": "", "2008-12-31": "", "2008-09-30": "", "2008-06-30": "", "2008-03-31": "", "2007-12-31": "", "2007-09-30": "", "2007-06-30": "", "2007-03-31": "", "2006-12-31": "", "2006-09-30": "", "2006-06-30": "", "2006-03-31": "", "2005-12-31": "", "2005-09-30": "", "2005-06-30": "", "2005-03-31": ""}, "Other Current Assets": {"2020-12-31": "206.00000", "2020-09-30": "263.00000", "2020-06-30": "124.00000", "2020-03-31": "166.00000", "2019-12-31": "262.00000", "2019-09-30": "319.00000", "2019-06-30": "210.00000", "2019-03-31": "393.00000", "2018-12-31": "326.00000", "2018-09-30": "424.00000", "2018-06-30": "252.00000", "2018-03-31": "243.00000", "2017-12-31": "263.00000", "2017-09-30": "439.00000", "2017-06-30": "238.00000", "2017-03-31": "141.00000", "2016-12-31": "220.00000", "2016-09-30": "791.00000", "2016-06-30": "501.00000", "2016-03-31": "296.00000", "2015-12-31": "387.00000", "2015-09-30": "370.00000", "2015-06-30": "311.00000", "2015-03-31": "159.00000", "2014-12-31": "250.00000", "2014-09-30": "330.00000", "2014-06-30": "226.00000", "2014-03-31": "174.00000", "2013-12-31": "321.00000", "2013-09-30": "310.00000", "2013-06-30": "257.00000", "2013-03-31": "197.00000", "2012-12-31": "260.00000", "2012-09-30": "641.00000", "2012-06-30": "468.00000", "2012-03-31": "456.00000", "2011-12-31": "396.00000", "2011-09-30": "526.00000", "2011-06-30": "591.00000", "2011-03-31": "498.00000", "2010-12-31": "614.00000", "2010-09-30": "842.00000", "2010-06-30": "791.00000", "2010-03-31": "504.00000", "2009-12-31": "660.00000", "2009-09-30": "623.00000", "2009-06-30": "795.00000", "2009-03-31": "351.00000", "2008-12-31": "357.00000", "2008-09-30": "1818.00000", "2008-06-30": "1882.00000", "2008-03-31": "2378.00000", "2007-12-31": "231.00000", "2007-09-30": "1983.00000", "2007-06-30": "1552.00000", "2007-03-31": "1181.00000", "2006-12-31": "2236.00000", "2006-09-30": "2913.00000", "2006-06-30": "2871.00000", "2006-03-31": "2729.00000", "2005-12-31": "3578.00000", "2005-09-30": "2906.00000", "2005-06-30": "2405.00000", "2005-03-31": "2111.00000"}, "Total Current Assets": {"2020-12-31": "7117.00000", "2020-09-30": "6399.00000", "2020-06-30": "7004.00000", "2020-03-31": "7935.00000", "2019-12-31": "4824.00000", "2019-09-30": "4291.00000", "2019-06-30": "4483.00000", "2019-03-31": "6262.00000", "2018-12-31": "4299.00000", "2018-09-30": "5165.00000", "2018-06-30": "4131.00000", "2018-03-31": "4824.00000", "2017-12-31": "4344.00000", "2017-09-30": "5156.00000", "2017-06-30": "4611.00000", "2017-03-31": "7626.00000", "2016-12-31": "7260.00000", "2016-09-30": "6403.00000", "2016-06-30": "4600.00000", "2016-03-31": "7498.00000", "2015-12-31": "4911.00000", "2015-09-30": "5511.00000", "2015-06-30": "4633.00000", "2015-03-31": "7233.00000", "2014-12-31": "6878.00000", "2014-09-30": "5662.00000", "2014-06-30": "4475.00000", "2014-03-31": "6977.00000", "2013-12-31": "6590.00000", "2013-09-30": "7549.00000", "2013-06-30": "5860.00000", "2013-03-31": "7116.00000", "2012-12-31": "6315.00000", "2012-09-30": "5934.00000", "2012-06-30": "5143.00000", "2012-03-31": "7893.00000", "2011-12-31": "6920.00000", "2011-09-30": "6575.00000", "2011-06-30": "5657.00000", "2011-03-31": "6988.00000", "2010-12-31": "5981.00000", "2010-09-30": "5506.00000", "2010-06-30": "4652.00000", "2010-03-31": "7038.00000", "2009-12-31": "5773.00000", "2009-09-30": "5008.00000", "2009-06-30": "4882.00000", "2009-03-31": "8079.00000", "2008-12-31": "11076.00000", "2008-09-30": "3845.00000", "2008-06-30": "3557.00000", "2008-03-31": "8635.00000", "2007-12-31": "22890.00000", "2007-09-30": "20747.00000", "2007-06-30": "18496.00000", "2007-03-31": "14657.00000", "2006-12-31": "26152.00000", "2006-09-30": "26199.00000", "2006-06-30": "25431.00000", "2006-03-31": "22124.00000", "2005-12-31": "25781.00000", "2005-09-30": "25522.00000", "2005-06-30": "27508.00000", "2005-03-31": "23976.00000"}, "Property, Plant, And Equipment": {"2020-12-31": "2012.00000", "2020-09-30": "2009.00000", "2020-06-30": "2002.00000", "2020-03-31": "1997.00000", "2019-12-31": "1999.00000", "2019-09-30": "1962.00000", "2019-06-30": "1917.00000", "2019-03-31": "1922.00000", "2018-12-31": "1938.00000", "2018-09-30": "1891.00000", "2018-06-30": "1878.00000", "2018-03-31": "1891.00000", "2017-12-31": "1914.00000", "2017-09-30": "1907.00000", "2017-06-30": "1900.00000", "2017-03-31": "1923.00000", "2016-12-31": "1958.00000", "2016-09-30": "1969.00000", "2016-06-30": "1962.00000", "2016-03-31": "1955.00000", "2015-12-31": "1982.00000", "2015-09-30": "2016.00000", "2015-06-30": "1991.00000", "2015-03-31": "1972.00000", "2014-12-31": "1983.00000", "2014-09-30": "1998.00000", "2014-06-30": "1997.00000", "2014-03-31": "2003.00000", "2013-12-31": "2028.00000", "2013-09-30": "2041.00000", "2013-06-30": "2040.00000", "2013-03-31": "2068.00000", "2012-12-31": "2102.00000", "2012-09-30": "2111.00000", "2012-06-30": "2131.00000", "2012-03-31": "2165.00000", "2011-12-31": "2216.00000", "2011-09-30": "2284.00000", "2011-06-30": "2305.00000", "2011-03-31": "2339.00000", "2010-12-31": "2380.00000", "2010-09-30": "2422.00000", "2010-06-30": "2535.00000", "2010-03-31": "2635.00000", "2009-12-31": "2684.00000", "2009-09-30": "2774.00000", "2009-06-30": "2824.00000", "2009-03-31": "2844.00000", "2008-12-31": "2199.00000", "2008-09-30": "2162.00000", "2008-06-30": "2179.00000", "2008-03-31": "2207.00000", "2007-12-31": "2422.00000", "2007-09-30": "8074.00000", "2007-06-30": "7880.00000", "2007-03-31": "7719.00000", "2006-12-31": "7581.00000", "2006-09-30": "17043.00000", "2006-06-30": "16876.00000", "2006-03-31": "16719.00000", "2005-12-31": "16678.00000", "2005-09-30": "16318.00000", "2005-06-30": "16247.00000", "2005-03-31": "16187.00000"}, "Long-Term Investments": {"2020-12-31": "19529.00000", "2020-09-30": "19408.00000", "2020-06-30": "22319.00000", "2020-03-31": "23861.00000", "2019-12-31": "23581.00000", "2019-09-30": "27346.00000", "2019-06-30": "32094.00000", "2019-03-31": "32015.00000", "2018-12-31": "30496.00000", "2018-09-30": "18673.00000", "2018-06-30": "19034.00000", "2018-03-31": "19053.00000", "2017-12-31": "17952.00000", "2017-09-30": "19114.00000", "2017-06-30": "19207.00000", "2017-03-31": "18598.00000", "2016-12-31": "18880.00000", "2016-09-30": "6872.00000", "2016-06-30": "7032.00000", "2016-03-31": "6908.00000", "2015-12-31": "6722.00000", "2015-09-30": "6737.00000", "2015-06-30": "7456.00000", "2015-03-31": "7210.00000", "2014-12-31": "7797.00000", "2014-09-30": "8413.00000", "2014-06-30": "8816.00000", "2014-03-31": "8608.00000", "2013-12-31": "8452.00000", "2013-09-30": "8673.00000", "2013-06-30": "8847.00000", "2013-03-31": "9134.00000", "2012-12-31": "9218.00000", "2012-09-30": "6468.00000", "2012-06-30": "6486.00000", "2012-03-31": "9212.00000", "2011-12-31": "9068.00000", "2011-09-30": "5539.00000", "2011-06-30": "9796.00000", "2011-03-31": "10132.00000", "2010-12-31": "9869.00000", "2010-09-30": "10021.00000", "2010-06-30": "9810.00000", "2010-03-31": "9892.00000", "2009-12-31": "4980.00000", "2009-09-30": "9798.00000", "2009-06-30": "9811.00000", "2009-03-31": "9400.00000", "2008-12-31": "9712.00000", "2008-09-30": "9673.00000", "2008-06-30": "10104.00000", "2008-03-31": "9978.00000", "2007-12-31": "10524.00000", "2007-09-30": "10287.00000", "2007-06-30": "10348.00000", "2007-03-31": "10225.00000", "2006-12-31": "10414.00000", "2006-09-30": "6732.00000", "2006-06-30": "6837.00000", "2006-03-31": "6935.00000", "2005-12-31": "7189.00000", "2005-09-30": "7210.00000", "2005-06-30": "7500.00000", "2005-03-31": "7756.00000"}, "Goodwill And Intangible Assets": {"2020-12-31": "17792.00000", "2020-09-30": "17810.00000", "2020-06-30": "17827.00000", "2020-03-31": "17845.00000", "2019-12-31": "17864.00000", "2019-09-30": "17950.00000", "2019-06-30": "17527.00000", "2019-03-31": "17523.00000", "2018-12-31": "17475.00000", "2018-09-30": "17692.00000", "2018-06-30": "17712.00000", "2018-03-31": "17707.00000", "2017-12-31": "17707.00000", "2017-09-30": "17503.00000", "2017-06-30": "17503.00000", "2017-03-31": "17508.00000", "2016-12-31": "17321.00000", "2016-09-30": "17327.00000", "2016-06-30": "17332.00000", "2016-03-31": "17308.00000", "2015-12-31": "17313.00000", "2015-09-30": "17318.00000", "2015-06-30": "17324.00000", "2015-03-31": "17329.00000", "2014-12-31": "17334.00000", "2014-09-30": "17339.00000", "2014-06-30": "17344.00000", "2014-03-31": "17227.00000", "2013-12-31": "17232.00000", "2013-09-30": "17237.00000", "2013-06-30": "17242.00000", "2013-03-31": "17247.00000", "2012-12-31": "17252.00000", "2012-09-30": "17257.00000", "2012-06-30": "17262.00000", "2012-03-31": "17267.00000", "2011-12-31": "17272.00000", "2011-09-30": "17276.00000", "2011-06-30": "17281.00000", "2011-03-31": "17286.00000", "2010-12-31": "17292.00000", "2010-09-30": "17296.00000", "2010-06-30": "17302.00000", "2010-03-31": "17306.00000", "2009-12-31": "17312.00000", "2009-09-30": "17140.00000", "2009-06-30": "17147.00000", "2009-03-31": "17150.00000", "2008-12-31": "3116.00000", "2008-09-30": "3122.00000", "2008-06-30": "3124.00000", "2008-03-31": "3125.00000", "2007-12-31": "3125.00000", "2007-09-30": "8574.00000", "2007-06-30": "8732.00000", "2007-03-31": "8500.00000", "2006-12-31": "8105.00000", "2006-09-30": "45010.00000", "2006-06-30": "44348.00000", "2006-03-31": "43835.00000", "2005-12-31": "43415.00000", "2005-09-30": "43197.00000", "2005-06-30": "43438.00000", "2005-03-31": "39080.00000"}, "Other Long-Term Assets": {"2020-12-31": "964.00000", "2020-09-30": "1025.00000", "2020-06-30": "1048.00000", "2020-03-31": "980.00000", "2019-12-31": "1003.00000", "2019-09-30": "1364.00000", "2019-06-30": "1480.00000", "2019-03-31": "1511.00000", "2018-12-31": "1251.00000", "2018-09-30": "532.00000", "2018-06-30": "422.00000", "2018-03-31": "424.00000", "2017-12-31": "1285.00000", "2017-09-30": "480.00000", "2017-06-30": "505.00000", "2017-03-31": "520.00000", "2016-12-31": "513.00000", "2016-09-30": "363.00000", "2016-06-30": "398.00000", "2016-03-31": "394.00000", "2015-12-31": "531.00000", "2015-09-30": "417.00000", "2015-06-30": "465.00000", "2015-03-31": "468.00000", "2014-12-31": "483.00000", "2014-09-30": "670.00000", "2014-06-30": "650.00000", "2014-03-31": "591.00000", "2013-12-31": "557.00000", "2013-09-30": "450.00000", "2013-06-30": "451.00000", "2013-03-31": "441.00000", "2012-12-31": "442.00000", "2012-09-30": "3268.00000", "2012-06-30": "3525.00000", "2012-03-31": "1278.00000", "2011-12-31": "1275.00000", "2011-09-30": "5527.00000", "2011-06-30": "1793.00000", "2011-03-31": "1839.00000", "2010-12-31": "1880.00000", "2010-09-30": "1865.00000", "2010-06-30": "946.00000", "2010-03-31": "1128.00000", "2009-12-31": "5928.00000", "2009-09-30": "1160.00000", "2009-06-30": "1165.00000", "2009-03-31": "1183.00000", "2008-12-31": "1112.00000", "2008-09-30": "908.00000", "2008-06-30": "949.00000", "2008-03-31": "970.00000", "2007-12-31": "904.00000", "2007-09-30": "2759.00000", "2007-06-30": "2740.00000", "2007-03-31": "2727.00000", "2006-12-31": "2452.00000", "2006-09-30": "12795.00000", "2006-06-30": "13272.00000", "2006-03-31": "15201.00000", "2005-12-31": "9194.00000", "2005-09-30": "13843.00000", "2005-06-30": "13512.00000", "2005-03-31": "15281.00000"}, "Total Long-Term Assets": {"2020-12-31": "40297.00000", "2020-09-30": "40252.00000", "2020-06-30": "43196.00000", "2020-03-31": "44683.00000", "2019-12-31": "44447.00000", "2019-09-30": "48622.00000", "2019-06-30": "53018.00000", "2019-03-31": "52971.00000", "2018-12-31": "51160.00000", "2018-09-30": "38788.00000", "2018-06-30": "39046.00000", "2018-03-31": "39075.00000", "2017-12-31": "38858.00000", "2017-09-30": "39004.00000", "2017-06-30": "39115.00000", "2017-03-31": "38549.00000", "2016-12-31": "38672.00000", "2016-09-30": "26531.00000", "2016-06-30": "26724.00000", "2016-03-31": "26565.00000", "2015-12-31": "26548.00000", "2015-09-30": "26488.00000", "2015-06-30": "27236.00000", "2015-03-31": "26979.00000", "2014-12-31": "27597.00000", "2014-09-30": "28420.00000", "2014-06-30": "28807.00000", "2014-03-31": "28429.00000", "2013-12-31": "28269.00000", "2013-09-30": "28401.00000", "2013-06-30": "28580.00000", "2013-03-31": "28890.00000", "2012-12-31": "29014.00000", "2012-09-30": "29104.00000", "2012-06-30": "29404.00000", "2012-03-31": "29922.00000", "2011-12-31": "29831.00000", "2011-09-30": "30626.00000", "2011-06-30": "31175.00000", "2011-03-31": "31596.00000", "2010-12-31": "31421.00000", "2010-09-30": "31604.00000", "2010-06-30": "30593.00000", "2010-03-31": "30961.00000", "2009-12-31": "30904.00000", "2009-09-30": "30872.00000", "2009-06-30": "30947.00000", "2009-03-31": "30577.00000", "2008-12-31": "16139.00000", "2008-09-30": "16825.00000", "2008-06-30": "17294.00000", "2008-03-31": "17212.00000", "2007-12-31": "34856.00000", "2007-09-30": "30981.00000", "2007-06-30": "30999.00000", "2007-03-31": "29952.00000", "2006-12-31": "78118.00000", "2006-09-30": "81580.00000", "2006-06-30": "81333.00000", "2006-03-31": "82690.00000", "2005-12-31": "82168.00000", "2005-09-30": "80568.00000", "2005-06-30": "80697.00000", "2005-03-31": "78304.00000"}, "Total Assets": {"2020-12-31": "47414.00000", "2020-09-30": "46651.00000", "2020-06-30": "50200.00000", "2020-03-31": "52618.00000", "2019-12-31": "49271.00000", "2019-09-30": "52913.00000", "2019-06-30": "57501.00000", "2019-03-31": "59233.00000", "2018-12-31": "55459.00000", "2018-09-30": "43953.00000", "2018-06-30": "43177.00000", "2018-03-31": "43899.00000", "2017-12-31": "43202.00000", "2017-09-30": "44160.00000", "2017-06-30": "43726.00000", "2017-03-31": "46175.00000", "2016-12-31": "45932.00000", "2016-09-30": "32934.00000", "2016-06-30": "31324.00000", "2016-03-31": "34063.00000", "2015-12-31": "31459.00000", "2015-09-30": "31999.00000", "2015-06-30": "31869.00000", "2015-03-31": "34212.00000", "2014-12-31": "34475.00000", "2014-09-30": "34082.00000", "2014-06-30": "33282.00000", "2014-03-31": "35406.00000", "2013-12-31": "34859.00000", "2013-09-30": "35950.00000", "2013-06-30": "34440.00000", "2013-03-31": "36006.00000", "2012-12-31": "35329.00000", "2012-09-30": "35038.00000", "2012-06-30": "34547.00000", "2012-03-31": "37815.00000", "2011-12-31": "36751.00000", "2011-09-30": "37201.00000", "2011-06-30": "36832.00000", "2011-03-31": "38584.00000", "2010-12-31": "37402.00000", "2010-09-30": "37110.00000", "2010-06-30": "35245.00000", "2010-03-31": "37999.00000", "2009-12-31": "36677.00000", "2009-09-30": "35880.00000", "2009-06-30": "35829.00000", "2009-03-31": "38656.00000", "2008-12-31": "27215.00000", "2008-09-30": "20670.00000", "2008-06-30": "20851.00000", "2008-03-31": "25847.00000", "2007-12-31": "57746.00000", "2007-09-30": "51728.00000", "2007-06-30": "49495.00000", "2007-03-31": "44609.00000", "2006-12-31": "104270.00000", "2006-09-30": "107779.00000", "2006-06-30": "106764.00000", "2006-03-31": "104814.00000", "2005-12-31": "107949.00000", "2005-09-30": "106090.00000", "2005-06-30": "108205.00000", "2005-03-31": "102280.00000"}, "Total Current Liabilities": {"2020-12-31": "9063.00000", "2020-09-30": "8290.00000", "2020-06-30": "9400.00000", "2020-03-31": "11154.00000", "2019-12-31": "8174.00000", "2019-09-30": "7662.00000", "2019-06-30": "7952.00000", "2019-03-31": "10119.00000", "2018-12-31": "21193.00000", "2018-09-30": "8646.00000", "2018-06-30": "6388.00000", "2018-03-31": "7475.00000", "2017-12-31": "6792.00000", "2017-09-30": "6662.00000", "2017-06-30": "5582.00000", "2017-03-31": "8300.00000", "2016-12-31": "7375.00000", "2016-09-30": "6895.00000", "2016-06-30": "5512.00000", "2016-03-31": "8616.00000", "2015-12-31": "7070.00000", "2015-09-30": "6567.00000", "2015-06-30": "6261.00000", "2015-03-31": "8895.00000", "2014-12-31": "7673.00000", "2014-09-30": "7367.00000", "2014-06-30": "5046.00000", "2014-03-31": "7584.00000", "2013-12-31": "7058.00000", "2013-09-30": "8337.00000", "2013-06-30": "7070.00000", "2013-03-31": "9498.00000", "2012-12-31": "8259.00000", "2012-09-30": "6348.00000", "2012-06-30": "6081.00000", "2012-03-31": "8781.00000", "2011-12-31": "7432.00000", "2011-09-30": "6979.00000", "2011-06-30": "5446.00000", "2011-03-31": "7884.00000", "2010-12-31": "6840.00000", "2010-09-30": "6349.00000", "2010-06-30": "5551.00000", "2010-03-31": "9040.00000", "2009-12-31": "7992.00000", "2009-09-30": "7170.00000", "2009-06-30": "6977.00000", "2009-03-31": "9604.00000", "2008-12-31": "7142.00000", "2008-09-30": "6473.00000", "2008-06-30": "6881.00000", "2008-03-31": "11092.00000", "2007-12-31": "18782.00000", "2007-09-30": "19184.00000", "2007-06-30": "17080.00000", "2007-03-31": "10622.00000", "2006-12-31": "25427.00000", "2006-09-30": "27321.00000", "2006-06-30": "25187.00000", "2006-03-31": "23394.00000", "2005-12-31": "26158.00000", "2005-09-30": "24991.00000", "2005-06-30": "28075.00000", "2005-03-31": "22945.00000"}, "Long Term Debt": {"2020-12-31": "27971.00000", "2020-09-30": "27755.00000", "2020-06-30": "27542.00000", "2020-03-31": "26971.00000", "2019-12-31": "27042.00000", "2019-09-30": "26903.00000", "2019-06-30": "27096.00000", "2019-03-31": "27024.00000", "2018-12-31": "11898.00000", "2018-09-30": "11896.00000", "2018-06-30": "13036.00000", "2018-03-31": "13033.00000", "2017-12-31": "13030.00000", "2017-09-30": "13890.00000", "2017-06-30": "13887.00000", "2017-03-31": "13884.00000", "2016-12-31": "13881.00000", "2016-09-30": "13878.00000", "2016-06-30": "12837.00000", "2016-03-31": "12846.00000", "2015-12-31": "12843.00000", "2015-09-30": "12918.00000", "2015-06-30": "12917.00000", "2015-03-31": "12901.00000", "2014-12-31": "13693.00000", "2014-09-30": "12693.00000", "2014-06-30": "13993.00000", "2014-03-31": "13992.00000", "2013-12-31": "13992.00000", "2013-09-30": "12892.00000", "2013-06-30": "12890.00000", "2013-03-31": "11894.00000", "2012-12-31": "12419.00000", "2012-09-30": "13878.00000", "2012-06-30": "13089.00000", "2012-03-31": "13089.00000", "2011-12-31": "13089.00000", "2011-09-30": "13088.00000", "2011-06-30": "13688.00000", "2011-03-31": "12194.00000", "2010-12-31": "12194.00000", "2010-09-30": "12194.00000", "2010-06-30": "11984.00000", "2010-03-31": "11185.00000", "2009-12-31": "11185.00000", "2009-09-30": "11184.00000", "2009-06-30": "11684.00000", "2009-03-31": "12460.00000", "2008-12-31": "7339.00000", "2008-09-30": "601.00000", "2008-06-30": "601.00000", "2008-03-31": "736.00000", "2007-12-31": "2385.00000", "2007-09-30": "3540.00000", "2007-06-30": "4304.00000", "2007-03-31": "7952.00000", "2006-12-31": "7417.00000", "2006-09-30": "13221.00000", "2006-06-30": "15495.00000", "2006-03-31": "16058.00000", "2005-12-31": "17868.00000", "2005-09-30": "19153.00000", "2005-06-30": "19034.00000", "2005-03-31": "18224.00000"}, "Other Non-Current Liabilities": {"2020-12-31": "421.00000", "2020-09-30": "448.00000", "2020-06-30": "410.00000", "2020-03-31": "440.00000", "2019-12-31": "383.00000", "2019-09-30": "316.00000", "2019-06-30": "402.00000", "2019-03-31": "357.00000", "2018-12-31": "254.00000", "2018-09-30": "207.00000", "2018-06-30": "230.00000", "2018-03-31": "333.00000", "2017-12-31": "283.00000", "2017-09-30": "372.00000", "2017-06-30": "394.00000", "2017-03-31": "431.00000", "2016-12-31": "465.00000", "2016-09-30": "448.00000", "2016-06-30": "451.00000", "2016-03-31": "454.00000", "2015-12-31": "484.00000", "2015-09-30": "455.00000", "2015-06-30": "511.00000", "2015-03-31": "515.00000", "2014-12-31": "503.00000", "2014-09-30": "502.00000", "2014-06-30": "515.00000", "2014-03-31": "406.00000", "2013-12-31": "435.00000", "2013-09-30": "539.00000", "2013-06-30": "530.00000", "2013-03-31": "563.00000", "2012-12-31": "556.00000", "2012-09-30": "621.00000", "2012-06-30": "725.00000", "2012-03-31": "1242.00000", "2011-12-31": "932.00000", "2011-09-30": "1200.00000", "2011-06-30": "1412.00000", "2011-03-31": "1107.00000", "2010-12-31": "1050.00000", "2010-09-30": "1095.00000", "2010-06-30": "1173.00000", "2010-03-31": "1492.00000", "2009-12-31": "1350.00000", "2009-09-30": "1495.00000", "2009-06-30": "1656.00000", "2009-03-31": "1758.00000", "2008-12-31": "1310.00000", "2008-09-30": "1537.00000", "2008-06-30": "1462.00000", "2008-03-31": "1542.00000", "2007-12-31": "1432.00000", "2007-09-30": "2440.00000", "2007-06-30": "2568.00000", "2007-03-31": "2282.00000", "2006-12-31": "2707.00000", "2006-09-30": "5606.00000", "2006-06-30": "5644.00000", "2006-03-31": "5614.00000", "2005-12-31": "4767.00000", "2005-09-30": "6832.00000", "2005-06-30": "7049.00000", "2005-03-31": "7067.00000"}, "Total Long Term Liabilities": {"2020-12-31": "35426.00000", "2020-09-30": "35129.00000", "2020-06-30": "35014.00000", "2020-03-31": "34827.00000", "2019-12-31": "34778.00000", "2019-09-30": "34614.00000", "2019-06-30": "35083.00000", "2019-03-31": "35033.00000", "2018-12-31": "19477.00000", "2018-09-30": "19811.00000", "2018-06-30": "20991.00000", "2018-03-31": "21027.00000", "2017-12-31": "21030.00000", "2017-09-30": "25329.00000", "2017-06-30": "25723.00000", "2017-03-31": "25612.00000", "2016-12-31": "25784.00000", "2016-09-30": "23092.00000", "2016-06-30": "22669.00000", "2016-03-31": "22699.00000", "2015-12-31": "21516.00000", "2015-09-30": "22551.00000", "2015-06-30": "22835.00000", "2015-03-31": "22789.00000", "2014-12-31": "23792.00000", "2014-09-30": "22424.00000", "2014-06-30": "23843.00000", "2014-03-31": "23709.00000", "2013-12-31": "23683.00000", "2013-09-30": "23632.00000", "2013-06-30": "23804.00000", "2013-03-31": "22938.00000", "2012-12-31": "23900.00000", "2012-09-30": "24822.00000", "2012-06-30": "24191.00000", "2012-03-31": "25330.00000", "2011-12-31": "25636.00000", "2011-09-30": "25801.00000", "2011-06-30": "26751.00000", "2011-03-31": "25245.00000", "2010-12-31": "25367.00000", "2010-09-30": "25609.00000", "2010-06-30": "25171.00000", "2010-03-31": "24694.00000", "2009-12-31": "24613.00000", "2009-09-30": "24987.00000", "2009-06-30": "25507.00000", "2009-03-31": "26271.00000", "2008-12-31": "17245.00000", "2008-09-30": "10019.00000", "2008-06-30": "10036.00000", "2008-03-31": "10047.00000", "2007-12-31": "20062.00000", "2007-09-30": "15305.00000", "2007-06-30": "16226.00000", "2007-03-31": "19477.00000", "2006-12-31": "39224.00000", "2006-09-30": "39268.00000", "2006-06-30": "41886.00000", "2006-03-31": "43276.00000", "2005-12-31": "46084.00000", "2005-09-30": "46593.00000", "2005-06-30": "46742.00000", "2005-03-31": "46926.00000"}, "Total Liabilities": {"2020-12-31": "44489.00000", "2020-09-30": "43419.00000", "2020-06-30": "44414.00000", "2020-03-31": "45981.00000", "2019-12-31": "42952.00000", "2019-09-30": "42276.00000", "2019-06-30": "43035.00000", "2019-03-31": "45152.00000", "2018-12-31": "40670.00000", "2018-09-30": "28457.00000", "2018-06-30": "27379.00000", "2018-03-31": "28502.00000", "2017-12-31": "27822.00000", "2017-09-30": "31991.00000", "2017-06-30": "31305.00000", "2017-03-31": "33912.00000", "2016-12-31": "33159.00000", "2016-09-30": "29987.00000", "2016-06-30": "28181.00000", "2016-03-31": "31315.00000", "2015-12-31": "28586.00000", "2015-09-30": "29118.00000", "2015-06-30": "29096.00000", "2015-03-31": "31684.00000", "2014-12-31": "31465.00000", "2014-09-30": "29791.00000", "2014-06-30": "28889.00000", "2014-03-31": "31293.00000", "2013-12-31": "30741.00000", "2013-09-30": "31969.00000", "2013-06-30": "30874.00000", "2013-03-31": "32436.00000", "2012-12-31": "32159.00000", "2012-09-30": "31170.00000", "2012-06-30": "30272.00000", "2012-03-31": "34111.00000", "2011-12-31": "33068.00000", "2011-09-30": "32780.00000", "2011-06-30": "32197.00000", "2011-03-31": "33129.00000", "2010-12-31": "32207.00000", "2010-09-30": "31958.00000", "2010-06-30": "30722.00000", "2010-03-31": "33734.00000", "2009-12-31": "32605.00000", "2009-09-30": "32157.00000", "2009-06-30": "32484.00000", "2009-03-31": "35875.00000", "2008-12-31": "24387.00000", "2008-09-30": "16492.00000", "2008-06-30": "16917.00000", "2008-03-31": "21139.00000", "2007-12-31": "38844.00000", "2007-09-30": "34489.00000", "2007-06-30": "33306.00000", "2007-03-31": "30099.00000", "2006-12-31": "64651.00000", "2006-09-30": "66589.00000", "2006-06-30": "67073.00000", "2006-03-31": "66670.00000", "2005-12-31": "72242.00000", "2005-09-30": "71584.00000", "2005-06-30": "74817.00000", "2005-03-31": "69871.00000"}, "Common Stock Net": {"2020-12-31": "", "2020-09-30": "935.00000", "2020-06-30": "935.00000", "2020-03-31": "935.00000", "2019-12-31": "935.00000", "2019-09-30": "935.00000", "2019-06-30": "935.00000", "2019-03-31": "935.00000", "2018-12-31": "935.00000", "2018-09-30": "935.00000", "2018-06-30": "935.00000", "2018-03-31": "935.00000", "2017-12-31": "935.00000", "2017-09-30": "935.00000", "2017-06-30": "935.00000", "2017-03-31": "935.00000", "2016-12-31": "935.00000", "2016-09-30": "935.00000", "2016-06-30": "935.00000", "2016-03-31": "935.00000", "2015-12-31": "935.00000", "2015-09-30": "935.00000", "2015-06-30": "935.00000", "2015-03-31": "935.00000", "2014-12-31": "935.00000", "2014-09-30": "935.00000", "2014-06-30": "935.00000", "2014-03-31": "935.00000", "2013-12-31": "935.00000", "2013-09-30": "935.00000", "2013-06-30": "935.00000", "2013-03-31": "935.00000", "2012-12-31": "935.00000", "2012-09-30": "935.00000", "2012-06-30": "935.00000", "2012-03-31": "935.00000", "2011-12-31": "935.00000", "2011-09-30": "935.00000", "2011-06-30": "935.00000", "2011-03-31": "935.00000", "2010-12-31": "935.00000", "2010-09-30": "935.00000", "2010-06-30": "935.00000", "2010-03-31": "935.00000", "2009-12-31": "935.00000", "2009-09-30": "935.00000", "2009-06-30": "935.00000", "2009-03-31": "935.00000", "2008-12-31": "935.00000", "2008-09-30": "935.00000", "2008-06-30": "935.00000", "2008-03-31": "935.00000", "2007-12-31": "935.00000", "2007-09-30": "935.00000", "2007-06-30": "935.00000", "2007-03-31": "935.00000", "2006-12-31": "935.00000", "2006-09-30": "935.00000", "2006-06-30": "935.00000", "2006-03-31": "935.00000", "2005-12-31": "935.00000", "2005-09-30": "935.00000", "2005-06-30": "935.00000", "2005-03-31": "935.00000"}, "Retained Earnings (Accumulated Deficit)": {"2020-12-31": "", "2020-09-30": "34356.00000", "2020-06-30": "36908.00000", "2020-03-31": "36528.00000", "2019-12-31": "36539.00000", "2019-09-30": "39910.00000", "2019-06-30": "44081.00000", "2019-03-31": "43582.00000", "2018-12-31": "43962.00000", "2018-09-30": "43805.00000", "2018-06-30": "43369.00000", "2018-03-31": "42816.00000", "2017-12-31": "42251.00000", "2017-09-30": "38542.00000", "2017-06-30": "37939.00000", "2017-03-31": "37124.00000", "2016-12-31": "36906.00000", "2016-09-30": "27816.00000", "2016-06-30": "27915.00000", "2016-03-31": "27367.00000", "2015-12-31": "27257.00000", "2015-09-30": "27118.00000", "2015-06-30": "26698.00000", "2015-03-31": "26271.00000", "2014-12-31": "26277.00000", "2014-09-30": "26066.00000", "2014-06-30": "25698.00000", "2014-03-31": "25388.00000", "2013-12-31": "25168.00000", "2013-09-30": "25636.00000", "2013-06-30": "25201.00000", "2013-03-31": "24817.00000", "2012-12-31": "24316.00000", "2012-09-30": "24098.00000", "2012-06-30": "24334.00000", "2012-03-31": "23720.00000", "2011-12-31": "23583.00000", "2011-09-30": "23585.00000", "2011-06-30": "23256.00000", "2011-03-31": "23601.00000", "2010-12-31": "23459.00000", "2010-09-30": "23334.00000", "2010-06-30": "22996.00000", "2010-03-31": "22683.00000", "2009-12-31": "22599.00000", "2009-09-30": "22581.00000", "2009-06-30": "22404.00000", "2009-03-31": "22058.00000", "2008-12-31": "22131.00000", "2008-09-30": "22113.00000", "2008-06-30": "21907.00000", "2008-03-31": "21575.00000", "2007-12-31": "34426.00000", "2007-09-30": "33822.00000", "2007-06-30": "32770.00000", "2007-03-31": "32010.00000", "2006-12-31": "59879.00000", "2006-09-30": "58724.00000", "2006-06-30": "57653.00000", "2006-03-31": "56617.00000", "2005-12-31": "54666.00000", "2005-09-30": "54012.00000", "2005-06-30": "52759.00000", "2005-03-31": "51573.00000"}, "Comprehensive Income": {"2020-12-31": "", "2020-09-30": "-3781.00000", "2020-06-30": "-3774.00000", "2020-03-31": "-2533.00000", "2019-12-31": "-2864.00000", "2019-09-30": "-2402.00000", "2019-06-30": "-2646.00000", "2019-03-31": "-2717.00000", "2018-12-31": "-2547.00000", "2018-09-30": "-2034.00000", "2018-06-30": "-1652.00000", "2018-03-31": "-1927.00000", "2017-12-31": "-1897.00000", "2017-09-30": "-1946.00000", "2017-06-30": "-1838.00000", "2017-03-31": "-2212.00000", "2016-12-31": "-2052.00000", "2016-09-30": "-3278.00000", "2016-06-30": "-3340.00000", "2016-03-31": "-3327.00000", "2015-12-31": "-3280.00000", "2015-09-30": "-3157.00000", "2015-06-30": "-2878.00000", "2015-03-31": "-2945.00000", "2014-12-31": "-2682.00000", "2014-09-30": "-1454.00000", "2014-06-30": "-1229.00000", "2014-03-31": "-1318.00000", "2013-12-31": "-1378.00000", "2013-09-30": "-2223.00000", "2013-06-30": "-2330.00000", "2013-03-31": "-2068.00000", "2012-12-31": "-2040.00000", "2012-09-30": "-1604.00000", "2012-06-30": "-1674.00000", "2012-03-31": "-1685.00000", "2011-12-31": "-1887.00000", "2011-09-30": "-1461.00000", "2011-06-30": "-1279.00000", "2011-03-31": "-1391.00000", "2010-12-31": "-1484.00000", "2010-09-30": "-1369.00000", "2010-06-30": "-1576.00000", "2010-03-31": "-1491.00000", "2009-12-31": "-1561.00000", "2009-09-30": "-1834.00000", "2009-06-30": "-2015.00000", "2009-03-31": "-2171.00000", "2008-12-31": "-2181.00000", "2008-09-30": "-795.00000", "2008-06-30": "-808.00000", "2008-03-31": "-810.00000", "2007-12-31": "111.00000", "2007-09-30": "-836.00000", "2007-06-30": "-767.00000", "2007-03-31": "-1544.00000", "2006-12-31": "-3808.00000", "2006-09-30": "-917.00000", "2006-06-30": "-1041.00000", "2006-03-31": "-1361.00000", "2005-12-31": "-1853.00000", "2005-09-30": "-1848.00000", "2005-06-30": "-1466.00000", "2005-03-31": "-1038.00000"}, "Other Share Holders Equity": {"2020-12-31": "", "2020-09-30": "", "2020-06-30": "", "2020-03-31": "", "2019-12-31": "", "2019-09-30": "", "2019-06-30": "", "2019-03-31": "", "2018-12-31": "", "2018-09-30": "", "2018-06-30": "", "2018-03-31": "", "2017-12-31": "", "2017-09-30": "", "2017-06-30": "", "2017-03-31": "", "2016-12-31": "", "2016-09-30": "", "2016-06-30": "", "2016-03-31": "", "2015-12-31": "", "2015-09-30": "", "2015-06-30": "", "2015-03-31": "", "2014-12-31": "", "2014-09-30": "", "2014-06-30": "", "2014-03-31": "", "2013-12-31": "", "2013-09-30": "", "2013-06-30": "", "2013-03-31": "", "2012-12-31": "", "2012-09-30": "", "2012-06-30": "", "2012-03-31": "", "2011-12-31": "", "2011-09-30": "", "2011-06-30": "", "2011-03-31": "", "2010-12-31": "", "2010-09-30": "", "2010-06-30": "", "2010-03-31": "", "2009-12-31": "", "2009-09-30": "", "2009-06-30": "", "2009-03-31": "", "2008-12-31": "", "2008-09-30": "", "2008-06-30": "", "2008-03-31": "", "2007-12-31": "", "2007-09-30": "", "2007-06-30": "", "2007-03-31": "", "2006-12-31": "", "2006-09-30": "", "2006-06-30": "", "2006-03-31": "", "2005-12-31": "", "2005-09-30": "", "2005-06-30": "", "2005-03-31": ""}, "Share Holder Equity": {"2020-12-31": "2925.00000", "2020-09-30": "3232.00000", "2020-06-30": "5786.00000", "2020-03-31": "6637.00000", "2019-12-31": "6319.00000", "2019-09-30": "10637.00000", "2019-06-30": "14466.00000", "2019-03-31": "14081.00000", "2018-12-31": "14789.00000", "2018-09-30": "15496.00000", "2018-06-30": "15798.00000", "2018-03-31": "15397.00000", "2017-12-31": "15380.00000", "2017-09-30": "12169.00000", "2017-06-30": "12421.00000", "2017-03-31": "12263.00000", "2016-12-31": "12773.00000", "2016-09-30": "2947.00000", "2016-06-30": "3143.00000", "2016-03-31": "2748.00000", "2015-12-31": "2873.00000", "2015-09-30": "2881.00000", "2015-06-30": "2773.00000", "2015-03-31": "2528.00000", "2014-12-31": "3010.00000", "2014-09-30": "4291.00000", "2014-06-30": "4393.00000", "2014-03-31": "4113.00000", "2013-12-31": "4118.00000", "2013-09-30": "3981.00000", "2013-06-30": "3566.00000", "2013-03-31": "3570.00000", "2012-12-31": "3170.00000", "2012-09-30": "3868.00000", "2012-06-30": "4275.00000", "2012-03-31": "3704.00000", "2011-12-31": "3683.00000", "2011-09-30": "4421.00000", "2011-06-30": "4635.00000", "2011-03-31": "5455.00000", "2010-12-31": "5195.00000", "2010-09-30": "5152.00000", "2010-06-30": "4523.00000", "2010-03-31": "4265.00000", "2009-12-31": "4072.00000", "2009-09-30": "3723.00000", "2009-06-30": "3345.00000", "2009-03-31": "2781.00000", "2008-12-31": "2828.00000", "2008-09-30": "4178.00000", "2008-06-30": "3934.00000", "2008-03-31": "4708.00000", "2007-12-31": "18902.00000", "2007-09-30": "17239.00000", "2007-06-30": "16189.00000", "2007-03-31": "14510.00000", "2006-12-31": "39619.00000", "2006-09-30": "41190.00000", "2006-06-30": "39691.00000", "2006-03-31": "38144.00000", "2005-12-31": "35707.00000", "2005-09-30": "34506.00000", "2005-06-30": "33388.00000", "2005-03-31": "32409.00000"}, "Total Liabilities And Share Holders Equity": {"2020-12-31": "47414.00000", "2020-09-30": "46651.00000", "2020-06-30": "50200.00000", "2020-03-31": "52618.00000", "2019-12-31": "49271.00000", "2019-09-30": "52913.00000", "2019-06-30": "57501.00000", "2019-03-31": "59233.00000", "2018-12-31": "55459.00000", "2018-09-30": "43953.00000", "2018-06-30": "43177.00000", "2018-03-31": "43899.00000", "2017-12-31": "43202.00000", "2017-09-30": "44160.00000", "2017-06-30": "43726.00000", "2017-03-31": "46175.00000", "2016-12-31": "45932.00000", "2016-09-30": "32934.00000", "2016-06-30": "31324.00000", "2016-03-31": "34063.00000", "2015-12-31": "31459.00000", "2015-09-30": "31999.00000", "2015-06-30": "31869.00000", "2015-03-31": "34212.00000", "2014-12-31": "34475.00000", "2014-09-30": "34082.00000", "2014-06-30": "33282.00000", "2014-03-31": "35406.00000", "2013-12-31": "34859.00000", "2013-09-30": "35950.00000", "2013-06-30": "34440.00000", "2013-03-31": "36006.00000", "2012-12-31": "35329.00000", "2012-09-30": "35038.00000", "2012-06-30": "34547.00000", "2012-03-31": "37815.00000", "2011-12-31": "36751.00000", "2011-09-30": "37201.00000", "2011-06-30": "36832.00000", "2011-03-31": "38584.00000", "2010-12-31": "37402.00000", "2010-09-30": "37110.00000", "2010-06-30": "35245.00000", "2010-03-31": "37999.00000", "2009-12-31": "36677.00000", "2009-09-30": "35880.00000", "2009-06-30": "35829.00000", "2009-03-31": "38656.00000", "2008-12-31": "27215.00000", "2008-09-30": "20670.00000", "2008-06-30": "20851.00000", "2008-03-31": "25847.00000", "2007-12-31": "57746.00000", "2007-09-30": "51728.00000", "2007-06-30": "49495.00000", "2007-03-31": "44609.00000", "2006-12-31": "104270.00000", "2006-09-30": "107779.00000", "2006-06-30": "106764.00000", "2006-03-31": "104814.00000", "2005-12-31": "107949.00000", "2005-09-30": "106090.00000", "2005-06-30": "108205.00000", "2005-03-31": "102280.00000"}}, "cash flow statement": {"Net Income/Loss": {"2020-12-31": "0.00000", "2019-12-31": "-1298.00000", "2018-12-31": "6967.00000", "2017-12-31": "10227.00000", "2016-12-31": "14244.00000", "2015-12-31": "5243.00000", "2014-12-31": "5070.00000", "2013-12-31": "4535.00000", "2012-12-31": "4183.00000", "2011-12-31": "3393.00000", "2010-12-31": "3907.00000", "2009-12-31": "3208.00000", "2008-12-31": "3090.00000", "2007-12-31": "3131.00000", "2006-12-31": "3182.00000", "2005-12-31": "8170.00000"}, "Total Depreciation And Amortization - Cash Flow": {"2020-12-31": "", "2019-12-31": "226.00000", "2018-12-31": "227.00000", "2017-12-31": "209.00000", "2016-12-31": "204.00000", "2015-12-31": "225.00000", "2014-12-31": "208.00000", "2013-12-31": "212.00000", "2012-12-31": "225.00000", "2011-12-31": "253.00000", "2010-12-31": "276.00000", "2009-12-31": "291.00000", "2008-12-31": "215.00000", "2007-12-31": "232.00000", "2006-12-31": "255.00000", "2005-12-31": "796.00000"}, "Other Non-Cash Items": {"2020-12-31": "", "2019-12-31": "8551.00000", "2018-12-31": "43.00000", "2017-12-31": "-3640.00000", "2016-12-31": "-10477.00000", "2015-12-31": "-84.00000", "2014-12-31": "-638.00000", "2013-12-31": "230.00000", "2012-12-31": "-1698.00000", "2011-12-31": "-635.00000", "2010-12-31": "-1184.00000", "2009-12-31": "-154.00000", "2008-12-31": "1743.00000", "2007-12-31": "6992.00000", "2006-12-31": "11090.00000", "2005-12-31": "1924.00000"}, "Total Non-Cash Items": {"2020-12-31": "", "2019-12-31": "8777.00000", "2018-12-31": "270.00000", "2017-12-31": "-3431.00000", "2016-12-31": "-10273.00000", "2015-12-31": "141.00000", "2014-12-31": "-430.00000", "2013-12-31": "442.00000", "2012-12-31": "-1473.00000", "2011-12-31": "-382.00000", "2010-12-31": "-908.00000", "2009-12-31": "137.00000", "2008-12-31": "1958.00000", "2007-12-31": "7224.00000", "2006-12-31": "11345.00000", "2005-12-31": "2720.00000"}, "Change In Accounts Receivable": {"2020-12-31": "", "2019-12-31": "-8.00000", "2018-12-31": "", "2017-12-31": "10.00000", "2016-12-31": "-27.00000", "2015-12-31": "3.00000", "2014-12-31": "-8.00000", "2013-12-31": "78.00000", "2012-12-31": "202.00000", "2011-12-31": "-19.00000", "2010-12-31": "15.00000", "2009-12-31": "-7.00000", "2008-12-31": "-84.00000", "2007-12-31": "162.00000", "2006-12-31": "150.00000", "2005-12-31": "-85.00000"}, "Change In Inventories": {"2020-12-31": "", "2019-12-31": "42.00000", "2018-12-31": "-129.00000", "2017-12-31": "-171.00000", "2016-12-31": "-34.00000", "2015-12-31": "-33.00000", "2014-12-31": "-184.00000", "2013-12-31": "-133.00000", "2012-12-31": "33.00000", "2011-12-31": "24.00000", "2010-12-31": "7.00000", "2009-12-31": "51.00000", "2008-12-31": "185.00000", "2007-12-31": "375.00000", "2006-12-31": "216.00000", "2005-12-31": "-482.00000"}, "Change In Accounts Payable": {"2020-12-31": "", "2019-12-31": "-79.00000", "2018-12-31": "27.00000", "2017-12-31": "-55.00000", "2016-12-31": "24.00000", "2015-12-31": "26.00000", "2014-12-31": "-5.00000", "2013-12-31": "-76.00000", "2012-12-31": "-13.00000", "2011-12-31": "-92.00000", "2010-12-31": "48.00000", "2009-12-31": "-25.00000", "2008-12-31": "-162.00000", "2007-12-31": "-82.00000", "2006-12-31": "-105.00000", "2005-12-31": "-47.00000"}, "Change In Assets/Liabilities": {"2020-12-31": "", "2019-12-31": "", "2018-12-31": "", "2017-12-31": "", "2016-12-31": "", "2015-12-31": "", "2014-12-31": "", "2013-12-31": "", "2012-12-31": "", "2011-12-31": "", "2010-12-31": "", "2009-12-31": "", "2008-12-31": "", "2007-12-31": "", "2006-12-31": "", "2005-12-31": ""}, "Total Change In Assets/Liabilities": {"2020-12-31": "", "2019-12-31": "-53.00000", "2018-12-31": "1075.00000", "2017-12-31": "-1854.00000", "2016-12-31": "-270.00000", "2015-12-31": "258.00000", "2014-12-31": "-194.00000", "2013-12-31": "-558.00000", "2012-12-31": "1194.00000", "2011-12-31": "59.00000", "2010-12-31": "-304.00000", "2009-12-31": "21.00000", "2008-12-31": "-284.00000", "2007-12-31": "-258.00000", "2006-12-31": "-1138.00000", "2005-12-31": "-531.00000"}, "Cash Flow From Operating Activities": {"2020-12-31": "", "2019-12-31": "7837.00000", "2018-12-31": "8391.00000", "2017-12-31": "4901.00000", "2016-12-31": "3826.00000", "2015-12-31": "5843.00000", "2014-12-31": "4663.00000", "2013-12-31": "4375.00000", "2012-12-31": "3885.00000", "2011-12-31": "3581.00000", "2010-12-31": "2767.00000", "2009-12-31": "3443.00000", "2008-12-31": "4881.00000", "2007-12-31": "10316.00000", "2006-12-31": "13586.00000", "2005-12-31": "11060.00000"}, "Net Change In Property, Plant, And Equipment": {"2020-12-31": "", "2019-12-31": "-246.00000", "2018-12-31": "-238.00000", "2017-12-31": "-199.00000", "2016-12-31": "-189.00000", "2015-12-31": "-229.00000", "2014-12-31": "-163.00000", "2013-12-31": "-131.00000", "2012-12-31": "-124.00000", "2011-12-31": "-105.00000", "2010-12-31": "-168.00000", "2009-12-31": "-273.00000", "2008-12-31": "284.00000", "2007-12-31": "-386.00000", "2006-12-31": "-399.00000", "2005-12-31": "-1035.00000"}, "Net Change In Intangible Assets": {"2020-12-31": "", "2019-12-31": "", "2018-12-31": "", "2017-12-31": "", "2016-12-31": "", "2015-12-31": "", "2014-12-31": "", "2013-12-31": "", "2012-12-31": "", "2011-12-31": "", "2010-12-31": "", "2009-12-31": "", "2008-12-31": "", "2007-12-31": "", "2006-12-31": "", "2005-12-31": ""}, "Net Acquisitions/Divestitures": {"2020-12-31": "", "2019-12-31": "-421.00000", "2018-12-31": "-15.00000", "2017-12-31": "-415.00000", "2016-12-31": "3150.00000", "2015-12-31": "", "2014-12-31": "-102.00000", "2013-12-31": "", "2012-12-31": "", "2011-12-31": "", "2010-12-31": "", "2009-12-31": "-10244.00000", "2008-12-31": "", "2007-12-31": "-2898.00000", "2006-12-31": "", "2005-12-31": "-4932.00000"}, "Net Change In Short-term Investments": {"2020-12-31": "", "2019-12-31": "", "2018-12-31": "", "2017-12-31": "", "2016-12-31": "", "2015-12-31": "", "2014-12-31": "", "2013-12-31": "", "2012-12-31": "", "2011-12-31": "", "2010-12-31": "", "2009-12-31": "", "2008-12-31": "", "2007-12-31": "", "2006-12-31": "", "2005-12-31": ""}, "Net Change In Long-Term Investments": {"2020-12-31": "", "2019-12-31": "-1904.00000", "2018-12-31": "-12800.00000", "2017-12-31": "", "2016-12-31": "741.00000", "2015-12-31": "222.00000", "2014-12-31": "369.00000", "2013-12-31": "716.00000", "2012-12-31": "1049.00000", "2011-12-31": "", "2010-12-31": "", "2009-12-31": "-9.00000", "2008-12-31": "-1.00000", "2007-12-31": "-5.00000", "2006-12-31": "-15.00000", "2005-12-31": "-3.00000"}, "Net Change In Investments - Total": {"2020-12-31": "", "2019-12-31": "-1904.00000", "2018-12-31": "-12800.00000", "2017-12-31": "", "2016-12-31": "741.00000", "2015-12-31": "222.00000", "2014-12-31": "369.00000", "2013-12-31": "716.00000", "2012-12-31": "1049.00000", "2011-12-31": "", "2010-12-31": "", "2009-12-31": "-9.00000", "2008-12-31": "-1.00000", "2007-12-31": "-5.00000", "2006-12-31": "-15.00000", "2005-12-31": "-3.00000"}, "Investing Activities - Other": {"2020-12-31": "", "2019-12-31": "173.00000", "2018-12-31": "65.00000", "2017-12-31": "147.00000", "2016-12-31": "6.00000", "2015-12-31": "-8.00000", "2014-12-31": "73.00000", "2013-12-31": "17.00000", "2012-12-31": "-5.00000", "2011-12-31": "492.00000", "2010-12-31": "427.00000", "2009-12-31": "762.00000", "2008-12-31": "196.00000", "2007-12-31": "-1966.00000", "2006-12-31": "-204.00000", "2005-12-31": "1085.00000"}, "Cash Flow From Investing Activities": {"2020-12-31": "", "2019-12-31": "-2398.00000", "2018-12-31": "-12988.00000", "2017-12-31": "-467.00000", "2016-12-31": "3708.00000", "2015-12-31": "-15.00000", "2014-12-31": "177.00000", "2013-12-31": "602.00000", "2012-12-31": "920.00000", "2011-12-31": "387.00000", "2010-12-31": "259.00000", "2009-12-31": "-9764.00000", "2008-12-31": "479.00000", "2007-12-31": "-5255.00000", "2006-12-31": "-618.00000", "2005-12-31": "-4885.00000"}, "Net Long-Term Debt": {"2020-12-31": "", "2019-12-31": "15121.00000", "2018-12-31": "-864.00000", "2017-12-31": "", "2016-12-31": "1043.00000", "2015-12-31": "-1793.00000", "2014-12-31": "174.00000", "2013-12-31": "620.00000", "2012-12-31": "187.00000", "2011-12-31": "1494.00000", "2010-12-31": "232.00000", "2009-12-31": "3346.00000", "2008-12-31": "2681.00000", "2007-12-31": "-1117.00000", "2006-12-31": "-3067.00000", "2005-12-31": "-1004.00000"}, "Net Current Debt": {"2020-12-31": "", "2019-12-31": "-12800.00000", "2018-12-31": "12800.00000", "2017-12-31": "", "2016-12-31": "", "2015-12-31": "", "2014-12-31": "", "2013-12-31": "", "2012-12-31": "", "2011-12-31": "", "2010-12-31": "", "2009-12-31": "-205.00000", "2008-12-31": "", "2007-12-31": "2.00000", "2006-12-31": "1.00000", "2005-12-31": "4119.00000"}, "Debt Issuance/Retirement Net - Total": {"2020-12-31": "", "2019-12-31": "2321.00000", "2018-12-31": "11936.00000", "2017-12-31": "", "2016-12-31": "1043.00000", "2015-12-31": "-1793.00000", "2014-12-31": "174.00000", "2013-12-31": "620.00000", "2012-12-31": "187.00000", "2011-12-31": "1494.00000", "2010-12-31": "232.00000", "2009-12-31": "3141.00000", "2008-12-31": "2681.00000", "2007-12-31": "-1115.00000", "2006-12-31": "-3066.00000", "2005-12-31": "3115.00000"}, "Net Common Equity Issued/Repurchased": {"2020-12-31": "", "2019-12-31": "-845.00000", "2018-12-31": "-1673.00000", "2017-12-31": "-2917.00000", "2016-12-31": "-1030.00000", "2015-12-31": "-554.00000", "2014-12-31": "-939.00000", "2013-12-31": "-634.00000", "2012-12-31": "-1082.00000", "2011-12-31": "-1298.00000", "2010-12-31": "104.00000", "2009-12-31": "89.00000", "2008-12-31": "-1077.00000", "2007-12-31": "423.00000", "2006-12-31": "486.00000", "2005-12-31": "985.00000"}, "Net Total Equity Issued/Repurchased": {"2020-12-31": "", "2019-12-31": "-845.00000", "2018-12-31": "-1673.00000", "2017-12-31": "-2917.00000", "2016-12-31": "-1030.00000", "2015-12-31": "-554.00000", "2014-12-31": "-939.00000", "2013-12-31": "-634.00000", "2012-12-31": "-1082.00000", "2011-12-31": "-1298.00000", "2010-12-31": "104.00000", "2009-12-31": "89.00000", "2008-12-31": "-1077.00000", "2007-12-31": "423.00000", "2006-12-31": "486.00000", "2005-12-31": "985.00000"}, "Total Common And Preferred Stock Dividends Paid": {"2020-12-31": "", "2019-12-31": "-6069.00000", "2018-12-31": "-5415.00000", "2017-12-31": "-4807.00000", "2016-12-31": "-4512.00000", "2015-12-31": "-4179.00000", "2014-12-31": "-3892.00000", "2013-12-31": "-3612.00000", "2012-12-31": "-3400.00000", "2011-12-31": "-3222.00000", "2010-12-31": "-2958.00000", "2009-12-31": "-2693.00000", "2008-12-31": "-1409.00000", "2007-12-31": "-92.00000", "2006-12-31": "-4035.00000", "2005-12-31": "-6191.00000"}, "Financial Activities - Other": {"2020-12-31": "", "2019-12-31": "-119.00000", "2018-12-31": "-132.00000", "2017-12-31": "-47.00000", "2016-12-31": "-830.00000", "2015-12-31": "-254.00000", "2014-12-31": "-37.00000", "2013-12-31": "-1076.00000", "2012-12-31": "-880.00000", "2011-12-31": "14.00000", "2010-12-31": "39.00000", "2009-12-31": "-261.00000", "2008-12-31": "-2780.00000", "2007-12-31": "-2895.00000", "2006-12-31": "-7751.00000", "2005-12-31": "-3043.00000"}, "Cash Flow From Financial Activities": {"2020-12-31": "", "2019-12-31": "-4712.00000", "2018-12-31": "4716.00000", "2017-12-31": "-7771.00000", "2016-12-31": "-5329.00000", "2015-12-31": "-6780.00000", "2014-12-31": "-4694.00000", "2013-12-31": "-4702.00000", "2012-12-31": "-5175.00000", "2011-12-31": "-3012.00000", "2010-12-31": "-2583.00000", "2009-12-31": "276.00000", "2008-12-31": "-2585.00000", "2007-12-31": "-3679.00000", "2006-12-31": "-14366.00000", "2005-12-31": "-5134.00000"}, "Net Cash Flow": {"2020-12-31": "", "2019-12-31": "727.00000", "2018-12-31": "119.00000", "2017-12-31": "-3337.00000", "2016-12-31": "2205.00000", "2015-12-31": "-952.00000", "2014-12-31": "146.00000", "2013-12-31": "275.00000", "2012-12-31": "-370.00000", "2011-12-31": "956.00000", "2010-12-31": "443.00000", "2009-12-31": "-6045.00000", "2008-12-31": "3074.00000", "2007-12-31": "1737.00000", "2006-12-31": "-1628.00000", "2005-12-31": "480.00000"}, "Stock-Based Compensation": {"2020-12-31": "", "2019-12-31": "", "2018-12-31": "", "2017-12-31": "", "2016-12-31": "", "2015-12-31": "", "2014-12-31": "", "2013-12-31": "", "2012-12-31": "", "2011-12-31": "", "2010-12-31": "", "2009-12-31": "", "2008-12-31": "", "2007-12-31": "", "2006-12-31": "", "2005-12-31": ""}, "Common Stock Dividends Paid": {"2020-12-31": "", "2019-12-31": "-6069.00000", "2018-12-31": "-5415.00000", "2017-12-31": "-4807.00000", "2016-12-31": "-4512.00000", "2015-12-31": "-4179.00000", "2014-12-31": "-3892.00000", "2013-12-31": "-3612.00000", "2012-12-31": "-3400.00000", "2011-12-31": "-3222.00000", "2010-12-31": "-2958.00000", "2009-12-31": "-2693.00000", "2008-12-31": "-1409.00000", "2007-12-31": "-92.00000", "2006-12-31": "-4035.00000", "2005-12-31": "-6191.00000"}}, "cash flow statement, quarterly": {"Net Income/Loss": {"2020-12-31": -2532, "2020-09-30": -956, "2020-06-30": 1938, "2020-03-31": "1550.00000", "2019-12-31": -1814, "2019-09-30": -2602, "2019-06-30": 1997, "2019-03-31": "1121.00000", "2018-12-31": 1251, "2018-09-30": 1944, "2018-06-30": 1877, "2018-03-31": "1895.00000", "2017-12-31": 4968, "2017-09-30": 1867, "2017-06-30": 1990, "2017-03-31": "1402.00000", "2016-12-31": 10278, "2016-09-30": 1094, "2016-06-30": 1654, "2016-03-31": "1218.00000", "2015-12-31": 1248, "2015-09-30": 1528, "2015-06-30": 1449, "2015-03-31": "1018.00000", "2014-12-31": 1236, "2014-09-30": 1397, "2014-06-30": 1262, "2014-03-31": "1175.00000", "2013-12-31": 488, "2013-09-30": 1396, "2013-06-30": 1266, "2013-03-31": "1385.00000", "2012-12-31": 1105, "2012-09-30": 657, "2012-06-30": 1226, "2012-03-31": "1195.00000", "2011-12-31": 837, "2011-09-30": 1174, "2011-06-30": 444, "2011-03-31": "938.00000", "2010-12-31": 920, "2010-09-30": 1131, "2010-06-30": 1043, "2010-03-31": "813.00000", "2009-12-31": 726, "2009-09-30": 882, "2009-06-30": 1011, "2009-03-31": "589.00000", "2008-12-31": 679, "2008-09-30": 867, "2008-06-30": 930, "2008-03-31": "614.00000", "2007-12-31": 820, "2007-09-30": 900, "2007-06-30": 715, "2007-03-31": "696.00000", "2006-12-31": -3741, "2006-09-30": 2214, "2006-06-30": 2112, "2006-03-31": "2597.00000", "2005-12-31": 24, "2005-09-30": 2883, "2005-06-30": 2667, "2005-03-31": "2596.00000"}, "Total Depreciation And Amortization - Cash Flow": {"2020-12-31": -192, "2020-09-30": 62, "2020-06-30": 65, "2020-03-31": "65.00000", "2019-12-31": 63, "2019-09-30": 57, "2019-06-30": 53, "2019-03-31": "53.00000", "2018-12-31": 59, "2018-09-30": 64, "2018-06-30": 51, "2018-03-31": "53.00000", "2017-12-31": 54, "2017-09-30": 51, "2017-06-30": 52, "2017-03-31": "52.00000", "2016-12-31": 55, "2016-09-30": 51, "2016-06-30": 49, "2016-03-31": "49.00000", "2015-12-31": 75, "2015-09-30": 50, "2015-06-30": 51, "2015-03-31": "49.00000", "2014-12-31": 59, "2014-09-30": 49, "2014-06-30": 50, "2014-03-31": "50.00000", "2013-12-31": 54, "2013-09-30": 52, "2013-06-30": 52, "2013-03-31": "54.00000", "2012-12-31": 56, "2012-09-30": 56, "2012-06-30": 57, "2012-03-31": "56.00000", "2011-12-31": 69, "2011-09-30": 63, "2011-06-30": 61, "2011-03-31": "60.00000", "2010-12-31": 68, "2010-09-30": 71, "2010-06-30": 68, "2010-03-31": "69.00000", "2009-12-31": 73, "2009-09-30": 71, "2009-06-30": 69, "2009-03-31": "78.00000", "2008-12-31": 53, "2008-09-30": 52, "2008-06-30": 51, "2008-03-31": "59.00000", "2007-12-31": 58, "2007-09-30": 50, "2007-06-30": 61, "2007-03-31": "63.00000", "2006-12-31": -430, "2006-09-30": 235, "2006-06-30": 220, "2006-03-31": "230.00000", "2005-12-31": -427, "2005-09-30": 406, "2005-06-30": 410, "2005-03-31": "407.00000"}, "Other Non-Cash Items": {"2020-12-31": -3012, "2020-09-30": 3067, "2020-06-30": -14, "2020-03-31": "-41.00000", "2019-12-31": 3756, "2019-09-30": 4501, "2019-06-30": 21, "2019-03-31": "273.00000", "2018-12-31": 139, "2018-09-30": -71, "2018-06-30": 244, "2018-03-31": "-269.00000", "2017-12-31": -2956, "2017-09-30": -506, "2017-06-30": -93, "2017-03-31": "-85.00000", "2016-12-31": -10360, "2016-09-30": 1574, "2016-06-30": -1650, "2016-03-31": "-41.00000", "2015-12-31": -196, "2015-09-30": 167, "2015-06-30": -129, "2015-03-31": "74.00000", "2014-12-31": -198, "2014-09-30": -1, "2014-06-30": -208, "2014-03-31": "-231.00000", "2013-12-31": 1000, "2013-09-30": -66, "2013-06-30": -154, "2013-03-31": "-550.00000", "2012-12-31": 50, "2012-09-30": 851, "2012-06-30": -1509, "2012-03-31": "-1090.00000", "2011-12-31": -189, "2011-09-30": -99, "2011-06-30": 37, "2011-03-31": "-384.00000", "2010-12-31": 417, "2010-09-30": -1258, "2010-06-30": -74, "2010-03-31": "-269.00000", "2009-12-31": 103, "2009-09-30": 61, "2009-06-30": -40, "2009-03-31": "-278.00000", "2008-12-31": 260, "2008-09-30": -60, "2008-06-30": -952, "2008-03-31": "2495.00000", "2007-12-31": 1539, "2007-09-30": 652, "2007-06-30": 2937, "2007-03-31": "1864.00000", "2006-12-31": 7012, "2006-09-30": 981, "2006-06-30": 2307, "2006-03-31": "790.00000", "2005-12-31": 3080, "2005-09-30": -384, "2005-06-30": -1095, "2005-03-31": "323.00000"}, "Total Non-Cash Items": {"2020-12-31": -3204, "2020-09-30": 3129, "2020-06-30": 51, "2020-03-31": "24.00000", "2019-12-31": 3819, "2019-09-30": 4558, "2019-06-30": 74, "2019-03-31": "326.00000", "2018-12-31": 198, "2018-09-30": -7, "2018-06-30": 295, "2018-03-31": "-216.00000", "2017-12-31": -2902, "2017-09-30": -455, "2017-06-30": -41, "2017-03-31": "-33.00000", "2016-12-31": -10305, "2016-09-30": 1625, "2016-06-30": -1601, "2016-03-31": "8.00000", "2015-12-31": -121, "2015-09-30": 217, "2015-06-30": -78, "2015-03-31": "123.00000", "2014-12-31": -139, "2014-09-30": 48, "2014-06-30": -158, "2014-03-31": "-181.00000", "2013-12-31": 1054, "2013-09-30": -14, "2013-06-30": -102, "2013-03-31": "-496.00000", "2012-12-31": 106, "2012-09-30": 907, "2012-06-30": -1452, "2012-03-31": "-1034.00000", "2011-12-31": -120, "2011-09-30": -36, "2011-06-30": 98, "2011-03-31": "-324.00000", "2010-12-31": 485, "2010-09-30": -1187, "2010-06-30": -6, "2010-03-31": "-200.00000", "2009-12-31": 176, "2009-09-30": 132, "2009-06-30": 29, "2009-03-31": "-200.00000", "2008-12-31": 313, "2008-09-30": -8, "2008-06-30": -901, "2008-03-31": "2554.00000", "2007-12-31": 1597, "2007-09-30": 702, "2007-06-30": 2998, "2007-03-31": "1927.00000", "2006-12-31": 6582, "2006-09-30": 1216, "2006-06-30": 2527, "2006-03-31": "1020.00000", "2005-12-31": 2653, "2005-09-30": 22, "2005-06-30": -685, "2005-03-31": "730.00000"}, "Change In Accounts Receivable": {"2020-12-31": -1, "2020-09-30": -11, "2020-06-30": 7, "2020-03-31": "5.00000", "2019-12-31": 13, "2019-09-30": 0, "2019-06-30": -5, "2019-03-31": "-16.00000", "2018-12-31": 45, "2018-09-30": -43, "2018-06-30": -11, "2018-03-31": "9.00000", "2017-12-31": 6, "2017-09-30": -29, "2017-06-30": 15, "2017-03-31": "18.00000", "2016-12-31": -6, "2016-09-30": -24, "2016-06-30": -17, "2016-03-31": "20.00000", "2015-12-31": -6, "2015-09-30": -10, "2015-06-30": -6, "2015-03-31": "25.00000", "2014-12-31": -18, "2014-09-30": -2, "2014-06-30": 10, "2014-03-31": "2.00000", "2013-12-31": -23, "2013-09-30": 22, "2013-06-30": -2, "2013-03-31": "81.00000", "2012-12-31": 0, "2012-09-30": 200, "2012-06-30": -11, "2012-03-31": "13.00000", "2011-12-31": -10, "2011-09-30": 3, "2011-06-30": -7, "2011-03-31": "-5.00000", "2010-12-31": -4, "2010-09-30": 3, "2010-06-30": 74, "2010-03-31": "-58.00000", "2009-12-31": -8, "2009-09-30": 12, "2009-06-30": -29, "2009-03-31": "18.00000", "2008-12-31": 18, "2008-09-30": -33, "2008-06-30": 71, "2008-03-31": "-140.00000", "2007-12-31": 13, "2007-09-30": -58, "2007-06-30": 179, "2007-03-31": "28.00000", "2006-12-31": 102, "2006-09-30": 22, "2006-06-30": -297, "2006-03-31": "323.00000", "2005-12-31": -296, "2005-09-30": 167, "2005-06-30": 360, "2005-03-31": "-316.00000"}, "Change In Inventories": {"2020-12-31": -136, "2020-09-30": 49, "2020-06-30": 92, "2020-03-31": "-5.00000", "2019-12-31": -105, "2019-09-30": 51, "2019-06-30": 121, "2019-03-31": "-25.00000", "2018-12-31": -276, "2018-09-30": 42, "2018-06-30": 135, "2018-03-31": "-30.00000", "2017-12-31": -238, "2017-09-30": 12, "2017-06-30": 123, "2017-03-31": "-68.00000", "2016-12-31": -88, "2016-09-30": -18, "2016-06-30": 151, "2016-03-31": "-79.00000", "2015-12-31": -92, "2015-09-30": -46, "2015-06-30": 167, "2015-03-31": "-62.00000", "2014-12-31": -164, "2014-09-30": -58, "2014-06-30": 129, "2014-03-31": "-91.00000", "2013-12-31": -161, "2013-09-30": -17, "2013-06-30": 115, "2013-03-31": "-70.00000", "2012-12-31": -122, "2012-09-30": 60, "2012-06-30": 146, "2012-03-31": "-51.00000", "2011-12-31": -154, "2011-09-30": 48, "2011-06-30": 151, "2011-03-31": "-21.00000", "2010-12-31": -185, "2010-09-30": 32, "2010-06-30": 163, "2010-03-31": "-3.00000", "2009-12-31": -48, "2009-09-30": 115, "2009-06-30": 152, "2009-03-31": "-168.00000", "2008-12-31": -9, "2008-09-30": 79, "2008-06-30": 138, "2008-03-31": "-23.00000", "2007-12-31": 5, "2007-09-30": 109, "2007-06-30": 224, "2007-03-31": "37.00000", "2006-12-31": 469, "2006-09-30": -298, "2006-06-30": 692, "2006-03-31": "-647.00000", "2005-12-31": 87, "2005-09-30": -112, "2005-06-30": -386, "2005-03-31": "-71.00000"}, "Change In Accounts Payable": {"2020-12-31": -24, "2020-09-30": 71, "2020-06-30": -2, "2020-03-31": "-45.00000", "2019-12-31": 78, "2019-09-30": 18, "2019-06-30": 14, "2019-03-31": "-189.00000", "2018-12-31": 106, "2018-09-30": 79, "2018-06-30": 6, "2018-03-31": "-164.00000", "2017-12-31": 99, "2017-09-30": 79, "2017-06-30": -44, "2017-03-31": "-189.00000", "2016-12-31": 126, "2016-09-30": 101, "2016-06-30": -15, "2016-03-31": "-188.00000", "2015-12-31": 128, "2015-09-30": 52, "2015-06-30": 12, "2015-03-31": "-166.00000", "2014-12-31": 59, "2014-09-30": 57, "2014-06-30": -12, "2014-03-31": "-109.00000", "2013-12-31": 63, "2013-09-30": 72, "2013-06-30": 7, "2013-03-31": "-218.00000", "2012-12-31": 25, "2012-09-30": 26, "2012-06-30": 4, "2012-03-31": "-68.00000", "2011-12-31": 14, "2011-09-30": -12, "2011-06-30": -28, "2011-03-31": "-66.00000", "2010-12-31": 42, "2010-09-30": 47, "2010-06-30": -33, "2010-03-31": "-8.00000", "2009-12-31": 15, "2009-09-30": 18, "2009-06-30": -52, "2009-03-31": "-6.00000", "2008-12-31": -5, "2008-09-30": -1, "2008-06-30": -46, "2008-03-31": "-110.00000", "2007-12-31": 79, "2007-09-30": -28, "2007-06-30": 55, "2007-03-31": "-188.00000", "2006-12-31": 27, "2006-09-30": 39, "2006-06-30": -61, "2006-03-31": "-110.00000", "2005-12-31": 69, "2005-09-30": 117, "2005-06-30": 2, "2005-03-31": "-235.00000"}, "Change In Assets/Liabilities": {"2020-12-31": 0, "2020-09-30": 0, "2020-06-30": 0, "2020-03-31": "", "2019-12-31": 0, "2019-09-30": 0, "2019-06-30": 0, "2019-03-31": "", "2018-12-31": 0, "2018-09-30": 0, "2018-06-30": 0, "2018-03-31": "", "2017-12-31": 0, "2017-09-30": 0, "2017-06-30": 0, "2017-03-31": "", "2016-12-31": 0, "2016-09-30": 0, "2016-06-30": 0, "2016-03-31": "", "2015-12-31": 0, "2015-09-30": 0, "2015-06-30": 0, "2015-03-31": "", "2014-12-31": 0, "2014-09-30": 0, "2014-06-30": 0, "2014-03-31": "", "2013-12-31": 0, "2013-09-30": 0, "2013-06-30": 0, "2013-03-31": "", "2012-12-31": 0, "2012-09-30": 0, "2012-06-30": 0, "2012-03-31": "", "2011-12-31": 35, "2011-09-30": -35, "2011-06-30": 0, "2011-03-31": "", "2010-12-31": 0, "2010-09-30": 0, "2010-06-30": 0, "2010-03-31": "", "2009-12-31": 0, "2009-09-30": 0, "2009-06-30": 0, "2009-03-31": "", "2008-12-31": 0, "2008-09-30": 0, "2008-06-30": 0, "2008-03-31": "", "2007-12-31": 0, "2007-09-30": 0, "2007-06-30": 0, "2007-03-31": "", "2006-12-31": 0, "2006-09-30": 0, "2006-06-30": 0, "2006-03-31": "", "2005-12-31": 0, "2005-09-30": 0, "2005-06-30": 0, "2005-03-31": ""}, "Total Change In Assets/Liabilities": {"2020-12-31": 483, "2020-09-30": -1337, "2020-06-30": -248, "2020-03-31": "1102.00000", "2019-12-31": 523, "2019-09-30": 785, "2019-06-30": -2002, "2019-03-31": "641.00000", "2018-12-31": 306, "2018-09-30": 847, "2018-06-30": -1165, "2018-03-31": "1087.00000", "2017-12-31": -1269, "2017-09-30": 722, "2017-06-30": -2587, "2017-03-31": "1280.00000", "2016-12-31": 339, "2016-09-30": -295, "2016-06-30": -1767, "2016-03-31": "1453.00000", "2015-12-31": 560, "2015-09-30": 1101, "2015-06-30": -2675, "2015-03-31": "1272.00000", "2014-12-31": 435, "2014-09-30": 782, "2014-06-30": -2499, "2014-03-31": "1088.00000", "2013-12-31": -57, "2013-09-30": 1112, "2013-06-30": -2379, "2013-03-31": "766.00000", "2012-12-31": 522, "2012-09-30": 720, "2012-06-30": -1717, "2012-03-31": "1669.00000", "2011-12-31": 418, "2011-09-30": 952, "2011-06-30": -2552, "2011-03-31": "1241.00000", "2010-12-31": -345, "2010-09-30": 1560, "2010-06-30": -2692, "2010-03-31": "1173.00000", "2009-12-31": 675, "2009-09-30": 977, "2009-06-30": -2912, "2009-03-31": "1281.00000", "2008-12-31": 166, "2008-09-30": 1584, "2008-06-30": -2304, "2008-03-31": "270.00000", "2007-12-31": -319, "2007-09-30": 1310, "2007-06-30": 2155, "2007-03-31": "-3404.00000", "2006-12-31": 9, "2006-09-30": 533, "2006-06-30": 3253, "2006-03-31": "-4933.00000", "2005-12-31": 317, "2005-09-30": -91, "2005-06-30": 3387, "2005-03-31": "-4144.00000"}, "Cash Flow From Operating Activities": {"2020-12-31": -5844, "2020-09-30": 898, "2020-06-30": 1817, "2020-03-31": "3129.00000", "2019-12-31": 2563, "2019-09-30": 2882, "2019-06-30": 103, "2019-03-31": "2289.00000", "2018-12-31": 1825, "2018-09-30": 2716, "2018-06-30": 1041, "2018-03-31": "2809.00000", "2017-12-31": 757, "2017-09-30": 2199, "2017-06-30": -730, "2017-03-31": "2675.00000", "2016-12-31": 296, "2016-09-30": 2442, "2016-06-30": -1630, "2016-03-31": "2718.00000", "2015-12-31": 1753, "2015-09-30": 2843, "2015-06-30": -1251, "2015-03-31": "2498.00000", "2014-12-31": 1603, "2014-09-30": 2301, "2014-06-30": -1366, "2014-03-31": "2125.00000", "2013-12-31": 1516, "2013-09-30": 2418, "2013-06-30": -1223, "2013-03-31": "1664.00000", "2012-12-31": 1765, "2012-09-30": 2205, "2012-06-30": -1922, "2012-03-31": "1837.00000", "2011-12-31": 1017, "2011-09-30": 2085, "2011-06-30": -1583, "2011-03-31": "2062.00000", "2010-12-31": 1045, "2010-09-30": 1431, "2010-06-30": -1750, "2010-03-31": "2041.00000", "2009-12-31": 1436, "2009-09-30": 1872, "2009-06-30": -1908, "2009-03-31": "2043.00000", "2008-12-31": 973, "2008-09-30": 2688, "2008-06-30": -2381, "2008-03-31": "3601.00000", "2007-12-31": 2031, "2007-09-30": 3166, "2007-06-30": 5623, "2007-03-31": "-504.00000", "2006-12-31": 2442, "2006-09-30": 4027, "2006-06-30": 7808, "2006-03-31": "-691.00000", "2005-12-31": 3105, "2005-09-30": 2889, "2005-06-30": 5549, "2005-03-31": "-483.00000"}, "Net Change In Property, Plant, And Equipment": {"2020-12-31": 162, "2020-09-30": -56, "2020-06-30": -54, "2020-03-31": "-52.00000", "2019-12-31": -86, "2019-09-30": -81, "2019-06-30": -41, "2019-03-31": "-38.00000", "2018-12-31": -106, "2018-09-30": -60, "2018-06-30": -38, "2018-03-31": "-34.00000", "2017-12-31": -48, "2017-09-30": -60, "2017-06-30": -58, "2017-03-31": "-33.00000", "2016-12-31": -61, "2016-09-30": -51, "2016-06-30": -51, "2016-03-31": "-26.00000", "2015-12-31": -67, "2015-09-30": -63, "2015-06-30": -51, "2015-03-31": "-48.00000", "2014-12-31": -47, "2014-09-30": -56, "2014-06-30": -33, "2014-03-31": "-27.00000", "2013-12-31": -41, "2013-09-30": -49, "2013-06-30": -26, "2013-03-31": "-15.00000", "2012-12-31": -47, "2012-09-30": -38, "2012-06-30": -23, "2012-03-31": "-16.00000", "2011-12-31": -30, "2011-09-30": -35, "2011-06-30": -27, "2011-03-31": "-13.00000", "2010-12-31": -52, "2010-09-30": -47, "2010-06-30": -31, "2010-03-31": "-38.00000", "2009-12-31": -101, "2009-09-30": -60, "2009-06-30": -69, "2009-03-31": "-43.00000", "2008-12-31": -110, "2008-09-30": -46, "2008-06-30": -40, "2008-03-31": "480.00000", "2007-12-31": -176, "2007-09-30": -70, "2007-06-30": -74, "2007-03-31": "-66.00000", "2006-12-31": 415, "2006-09-30": -339, "2006-06-30": -253, "2006-03-31": "-222.00000", "2005-12-31": 454, "2005-09-30": -597, "2005-06-30": -537, "2005-03-31": "-355.00000"}, "Net Change In Intangible Assets": {"2020-12-31": 0, "2020-09-30": 0, "2020-06-30": 0, "2020-03-31": "", "2019-12-31": 0, "2019-09-30": 0, "2019-06-30": 0, "2019-03-31": "", "2018-12-31": 0, "2018-09-30": 0, "2018-06-30": 0, "2018-03-31": "", "2017-12-31": 0, "2017-09-30": 0, "2017-06-30": 0, "2017-03-31": "", "2016-12-31": 0, "2016-09-30": 0, "2016-06-30": 0, "2016-03-31": "", "2015-12-31": 0, "2015-09-30": 0, "2015-06-30": 0, "2015-03-31": "", "2014-12-31": 0, "2014-09-30": 0, "2014-06-30": 0, "2014-03-31": "", "2013-12-31": 0, "2013-09-30": 0, "2013-06-30": 0, "2013-03-31": "", "2012-12-31": 0, "2012-09-30": 0, "2012-06-30": 0, "2012-03-31": "", "2011-12-31": 0, "2011-09-30": 0, "2011-06-30": 0, "2011-03-31": "", "2010-12-31": 0, "2010-09-30": 0, "2010-06-30": 0, "2010-03-31": "", "2009-12-31": 0, "2009-09-30": 0, "2009-06-30": 0, "2009-03-31": "", "2008-12-31": 0, "2008-09-30": 0, "2008-06-30": 0, "2008-03-31": "", "2007-12-31": 0, "2007-09-30": 0, "2007-06-30": 0, "2007-03-31": "", "2006-12-31": 0, "2006-09-30": 0, "2006-06-30": 0, "2006-03-31": "", "2005-12-31": 0, "2005-09-30": 0, "2005-06-30": 0, "2005-03-31": ""}, "Net Acquisitions/Divestitures": {"2020-12-31": 0, "2020-09-30": 0, "2020-06-30": 0, "2020-03-31": "", "2019-12-31": 0, "2019-09-30": -421, "2019-06-30": 0, "2019-03-31": "", "2018-12-31": 0, "2018-09-30": -15, "2018-06-30": 0, "2018-03-31": "", "2017-12-31": -415, "2017-09-30": 0, "2017-06-30": 0, "2017-03-31": "", "2016-12-31": 3150, "2016-09-30": 0, "2016-06-30": 0, "2016-03-31": "", "2015-12-31": 0, "2015-09-30": 0, "2015-06-30": 0, "2015-03-31": "", "2014-12-31": -9, "2014-09-30": 0, "2014-06-30": -93, "2014-03-31": "", "2013-12-31": 0, "2013-09-30": 0, "2013-06-30": 0, "2013-03-31": "", "2012-12-31": 0, "2012-09-30": 0, "2012-06-30": 0, "2012-03-31": "", "2011-12-31": 0, "2011-09-30": 0, "2011-06-30": 0, "2011-03-31": "", "2010-12-31": 0, "2010-09-30": 0, "2010-06-30": 0, "2010-03-31": "", "2009-12-31": 0, "2009-09-30": 0, "2009-06-30": 0, "2009-03-31": "-10244.00000", "2008-12-31": 0, "2008-09-30": 0, "2008-06-30": 0, "2008-03-31": "", "2007-12-31": -2898, "2007-09-30": 0, "2007-06-30": 0, "2007-03-31": "", "2006-12-31": -85, "2006-09-30": 75, "2006-06-30": 0, "2006-03-31": "10.00000", "2005-12-31": -1687, "2005-09-30": 10, "2005-06-30": -1922, "2005-03-31": "-1333.00000"}, "Net Change In Short-term Investments": {"2020-12-31": 0, "2020-09-30": 0, "2020-06-30": 0, "2020-03-31": "", "2019-12-31": 0, "2019-09-30": 0, "2019-06-30": 0, "2019-03-31": "", "2018-12-31": 0, "2018-09-30": 0, "2018-06-30": 0, "2018-03-31": "", "2017-12-31": 0, "2017-09-30": 0, "2017-06-30": 0, "2017-03-31": "", "2016-12-31": 0, "2016-09-30": 0, "2016-06-30": 0, "2016-03-31": "", "2015-12-31": 0, "2015-09-30": 0, "2015-06-30": 0, "2015-03-31": "", "2014-12-31": 0, "2014-09-30": 0, "2014-06-30": 0, "2014-03-31": "", "2013-12-31": 0, "2013-09-30": 0, "2013-06-30": 0, "2013-03-31": "", "2012-12-31": 0, "2012-09-30": 0, "2012-06-30": 0, "2012-03-31": "", "2011-12-31": 0, "2011-09-30": 0, "2011-06-30": 0, "2011-03-31": "", "2010-12-31": 0, "2010-09-30": 0, "2010-06-30": 0, "2010-03-31": "", "2009-12-31": 0, "2009-09-30": 0, "2009-06-30": 0, "2009-03-31": "", "2008-12-31": 0, "2008-09-30": 0, "2008-06-30": 0, "2008-03-31": "", "2007-12-31": 0, "2007-09-30": 0, "2007-06-30": 0, "2007-03-31": "", "2006-12-31": 0, "2006-09-30": 0, "2006-06-30": 0, "2006-03-31": "", "2005-12-31": 0, "2005-09-30": 0, "2005-06-30": 0, "2005-03-31": ""}, "Net Change In Long-Term Investments": {"2020-12-31": 0, "2020-09-30": 0, "2020-06-30": 0, "2020-03-31": "", "2019-12-31": -41, "2019-09-30": -31, "2019-06-30": -1, "2019-03-31": "-1831.00000", "2018-12-31": -12800, "2018-09-30": 0, "2018-06-30": 0, "2018-03-31": "", "2017-12-31": -133, "2017-09-30": 88, "2017-06-30": 43, "2017-03-31": "2.00000", "2016-12-31": 534, "2016-09-30": 207, "2016-06-30": -56, "2016-03-31": "56.00000", "2015-12-31": -33, "2015-09-30": 255, "2015-06-30": -147, "2015-03-31": "147.00000", "2014-12-31": 369, "2014-09-30": -189, "2014-06-30": 91, "2014-03-31": "98.00000", "2013-12-31": 157, "2013-09-30": 285, "2013-06-30": 274, "2013-03-31": "", "2012-12-31": 1049, "2012-09-30": 0, "2012-06-30": 0, "2012-03-31": "", "2011-12-31": 0, "2011-09-30": 0, "2011-06-30": 0, "2011-03-31": "", "2010-12-31": 0, "2010-09-30": 0, "2010-06-30": 0, "2010-03-31": "", "2009-12-31": 0, "2009-09-30": 0, "2009-06-30": -9, "2009-03-31": "", "2008-12-31": -1, "2008-09-30": 0, "2008-06-30": 0, "2008-03-31": "", "2007-12-31": -1, "2007-09-30": -1, "2007-06-30": -2, "2007-03-31": "-1.00000", "2006-12-31": -2, "2006-09-30": -5, "2006-06-30": -6, "2006-03-31": "-2.00000", "2005-12-31": -1, "2005-09-30": -1, "2005-06-30": -1, "2005-03-31": ""}, "Net Change In Investments - Total": {"2020-12-31": 0, "2020-09-30": 0, "2020-06-30": 0, "2020-03-31": "", "2019-12-31": -41, "2019-09-30": -31, "2019-06-30": -1, "2019-03-31": "-1831.00000", "2018-12-31": -12800, "2018-09-30": 0, "2018-06-30": 0, "2018-03-31": "", "2017-12-31": -133, "2017-09-30": 88, "2017-06-30": 43, "2017-03-31": "2.00000", "2016-12-31": 534, "2016-09-30": 207, "2016-06-30": -56, "2016-03-31": "56.00000", "2015-12-31": -33, "2015-09-30": 255, "2015-06-30": -147, "2015-03-31": "147.00000", "2014-12-31": 369, "2014-09-30": -189, "2014-06-30": 91, "2014-03-31": "98.00000", "2013-12-31": 157, "2013-09-30": 285, "2013-06-30": 274, "2013-03-31": "", "2012-12-31": 1049, "2012-09-30": 0, "2012-06-30": 0, "2012-03-31": "", "2011-12-31": 0, "2011-09-30": 0, "2011-06-30": 0, "2011-03-31": "", "2010-12-31": 0, "2010-09-30": 0, "2010-06-30": 0, "2010-03-31": "", "2009-12-31": 0, "2009-09-30": 0, "2009-06-30": -9, "2009-03-31": "", "2008-12-31": -1, "2008-09-30": 0, "2008-06-30": 0, "2008-03-31": "", "2007-12-31": -1, "2007-09-30": -1, "2007-06-30": -2, "2007-03-31": "-1.00000", "2006-12-31": -2, "2006-09-30": -5, "2006-06-30": -6, "2006-03-31": "-2.00000", "2005-12-31": -1, "2005-09-30": -1, "2005-06-30": -1, "2005-03-31": ""}, "Investing Activities - Other": {"2020-12-31": -55, "2020-09-30": 12, "2020-06-30": 43, "2020-03-31": "", "2019-12-31": 141, "2019-09-30": 97, "2019-06-30": 16, "2019-03-31": "-81.00000", "2018-12-31": 55, "2018-09-30": 19, "2018-06-30": -2, "2018-03-31": "-7.00000", "2017-12-31": 331, "2017-09-30": 16, "2017-06-30": -1, "2017-03-31": "-199.00000", "2016-12-31": 50, "2016-09-30": -58, "2016-06-30": 10, "2016-03-31": "4.00000", "2015-12-31": -10, "2015-09-30": -184, "2015-06-30": 186, "2015-03-31": "", "2014-12-31": -196, "2014-09-30": 203, "2014-06-30": 61, "2014-03-31": "5.00000", "2013-12-31": 1, "2013-09-30": 10, "2013-06-30": -197, "2013-03-31": "203.00000", "2012-12-31": -810, "2012-09-30": 256, "2012-06-30": 246, "2012-03-31": "303.00000", "2011-12-31": 243, "2011-09-30": 119, "2011-06-30": 125, "2011-03-31": "5.00000", "2010-12-31": 228, "2010-09-30": 109, "2010-06-30": 35, "2010-03-31": "55.00000", "2009-12-31": 42, "2009-09-30": 215, "2009-06-30": 99, "2009-03-31": "406.00000", "2008-12-31": 14, "2008-09-30": 241, "2008-06-30": 27, "2008-03-31": "-86.00000", "2007-12-31": -1285, "2007-09-30": -263, "2007-06-30": -99, "2007-03-31": "-319.00000", "2006-12-31": -658, "2006-09-30": 516, "2006-06-30": -180, "2006-03-31": "118.00000", "2005-12-31": 555, "2005-09-30": 138, "2005-06-30": 352, "2005-03-31": "40.00000"}, "Cash Flow From Investing Activities": {"2020-12-31": 107, "2020-09-30": -44, "2020-06-30": -11, "2020-03-31": "-52.00000", "2019-12-31": 14, "2019-09-30": -436, "2019-06-30": -26, "2019-03-31": "-1950.00000", "2018-12-31": -12851, "2018-09-30": -56, "2018-06-30": -40, "2018-03-31": "-41.00000", "2017-12-31": -265, "2017-09-30": 44, "2017-06-30": -16, "2017-03-31": "-230.00000", "2016-12-31": 3673, "2016-09-30": 98, "2016-06-30": -97, "2016-03-31": "34.00000", "2015-12-31": -110, "2015-09-30": 8, "2015-06-30": -12, "2015-03-31": "99.00000", "2014-12-31": 117, "2014-09-30": -42, "2014-06-30": 26, "2014-03-31": "76.00000", "2013-12-31": 117, "2013-09-30": 246, "2013-06-30": 51, "2013-03-31": "188.00000", "2012-12-31": 192, "2012-09-30": 218, "2012-06-30": 223, "2012-03-31": "287.00000", "2011-12-31": 213, "2011-09-30": 84, "2011-06-30": 98, "2011-03-31": "-8.00000", "2010-12-31": 176, "2010-09-30": 62, "2010-06-30": 4, "2010-03-31": "17.00000", "2009-12-31": -59, "2009-09-30": 155, "2009-06-30": 21, "2009-03-31": "-9881.00000", "2008-12-31": -97, "2008-09-30": 195, "2008-06-30": -13, "2008-03-31": "394.00000", "2007-12-31": -4360, "2007-09-30": -334, "2007-06-30": -175, "2007-03-31": "-386.00000", "2006-12-31": -330, "2006-09-30": 247, "2006-06-30": -439, "2006-03-31": "-96.00000", "2005-12-31": -679, "2005-09-30": -450, "2005-06-30": -2108, "2005-03-31": "-1648.00000"}, "Net Long-Term Debt": {"2020-12-31": -993, "2020-09-30": 0, "2020-06-30": 1993, "2020-03-31": "-1000.00000", "2019-12-31": 0, "2019-09-30": -1144, "2019-06-30": 0, "2019-03-31": "16265.00000", "2018-12-31": -864, "2018-09-30": 0, "2018-06-30": 0, "2018-03-31": "", "2017-12-31": 0, "2017-09-30": 0, "2017-06-30": 0, "2017-03-31": "", "2016-12-31": 0, "2016-09-30": 1043, "2016-06-30": 0, "2016-03-31": "", "2015-12-31": 0, "2015-09-30": -1000, "2015-06-30": 0, "2015-03-31": "-793.00000", "2014-12-31": 699, "2014-09-30": 0, "2014-06-30": 0, "2014-03-31": "-525.00000", "2013-12-31": -376, "2013-09-30": 0, "2013-06-30": 996, "2013-03-31": "", "2012-12-31": 0, "2012-09-30": 187, "2012-06-30": 0, "2012-03-31": "", "2011-12-31": 0, "2011-09-30": 0, "2011-06-30": 1494, "2011-03-31": "", "2010-12-31": 0, "2010-09-30": 210, "2010-06-30": 22, "2010-03-31": "", "2009-12-31": 0, "2009-09-30": -500, "2009-06-30": -375, "2009-03-31": "4221.00000", "2008-12-31": 6589, "2008-09-30": -94, "2008-06-30": -990, "2008-03-31": "-2824.00000", "2007-12-31": 0, "2007-09-30": -617, "2007-06-30": 0, "2007-03-31": "-500.00000", "2006-12-31": 84, "2006-09-30": -209, "2006-06-30": -2542, "2006-03-31": "-400.00000", "2005-12-31": 706, "2005-09-30": -1004, "2005-06-30": -401, "2005-03-31": "-305.00000"}, "Net Current Debt": {"2020-12-31": 0, "2020-09-30": 0, "2020-06-30": -3000, "2020-03-31": "3000.00000", "2019-12-31": 0, "2019-09-30": 0, "2019-06-30": 0, "2019-03-31": "-12800.00000", "2018-12-31": 12800, "2018-09-30": 0, "2018-06-30": 0, "2018-03-31": "", "2017-12-31": 0, "2017-09-30": 0, "2017-06-30": 0, "2017-03-31": "", "2016-12-31": 0, "2016-09-30": 0, "2016-06-30": 0, "2016-03-31": "", "2015-12-31": 0, "2015-09-30": 0, "2015-06-30": 0, "2015-03-31": "", "2014-12-31": 0, "2014-09-30": 0, "2014-06-30": 0, "2014-03-31": "", "2013-12-31": 0, "2013-09-30": 0, "2013-06-30": 0, "2013-03-31": "", "2012-12-31": 0, "2012-09-30": 0, "2012-06-30": 0, "2012-03-31": "", "2011-12-31": 0, "2011-09-30": 0, "2011-06-30": 0, "2011-03-31": "", "2010-12-31": 0, "2010-09-30": -200, "2010-06-30": 0, "2010-03-31": "200.00000", "2009-12-31": 0, "2009-09-30": -393, "2009-06-30": -442, "2009-03-31": "630.00000", "2008-12-31": 0, "2008-09-30": -1711, "2008-06-30": 1711, "2008-03-31": "", "2007-12-31": 0, "2007-09-30": 0, "2007-06-30": 0, "2007-03-31": "2.00000", "2006-12-31": 1958, "2006-09-30": -1684, "2006-06-30": 226, "2006-03-31": "-499.00000", "2005-12-31": 337, "2005-09-30": -1968, "2005-06-30": 3151, "2005-03-31": "2599.00000"}, "Debt Issuance/Retirement Net - Total": {"2020-12-31": -993, "2020-09-30": 0, "2020-06-30": -1007, "2020-03-31": "2000.00000", "2019-12-31": 0, "2019-09-30": -1144, "2019-06-30": 0, "2019-03-31": "3465.00000", "2018-12-31": 11936, "2018-09-30": 0, "2018-06-30": 0, "2018-03-31": "", "2017-12-31": 0, "2017-09-30": 0, "2017-06-30": 0, "2017-03-31": "", "2016-12-31": 0, "2016-09-30": 1043, "2016-06-30": 0, "2016-03-31": "", "2015-12-31": 0, "2015-09-30": -1000, "2015-06-30": 0, "2015-03-31": "-793.00000", "2014-12-31": 699, "2014-09-30": 0, "2014-06-30": 0, "2014-03-31": "-525.00000", "2013-12-31": -376, "2013-09-30": 0, "2013-06-30": 996, "2013-03-31": "", "2012-12-31": 0, "2012-09-30": 187, "2012-06-30": 0, "2012-03-31": "", "2011-12-31": 0, "2011-09-30": 0, "2011-06-30": 1494, "2011-03-31": "", "2010-12-31": 0, "2010-09-30": 10, "2010-06-30": 22, "2010-03-31": "200.00000", "2009-12-31": 0, "2009-09-30": -893, "2009-06-30": -817, "2009-03-31": "4851.00000", "2008-12-31": 6589, "2008-09-30": -1805, "2008-06-30": 721, "2008-03-31": "-2824.00000", "2007-12-31": 0, "2007-09-30": -617, "2007-06-30": 0, "2007-03-31": "-498.00000", "2006-12-31": 2042, "2006-09-30": -1893, "2006-06-30": -2316, "2006-03-31": "-899.00000", "2005-12-31": 1043, "2005-09-30": -2972, "2005-06-30": 2750, "2005-03-31": "2294.00000"}, "Net Common Equity Issued/Repurchased": {"2020-12-31": 0, "2020-09-30": 0, "2020-06-30": 0, "2020-03-31": "", "2019-12-31": -499, "2019-09-30": 0, "2019-06-30": -195, "2019-03-31": "-151.00000", "2018-12-31": -356, "2018-09-30": -367, "2018-06-30": -437, "2018-03-31": "-513.00000", "2017-12-31": -558, "2017-09-30": -759, "2017-06-30": -1049, "2017-03-31": "-551.00000", "2016-12-31": -518, "2016-09-30": -171, "2016-06-30": -173, "2016-03-31": "-168.00000", "2015-12-31": -36, "2015-09-30": -63, "2015-06-30": -263, "2015-03-31": "-192.00000", "2014-12-31": -260, "2014-09-30": -275, "2014-06-30": -132, "2014-03-31": "-272.00000", "2013-12-31": -252, "2013-09-30": -156, "2013-06-30": -135, "2013-03-31": "-91.00000", "2012-12-31": -487, "2012-09-30": -235, "2012-06-30": -94, "2012-03-31": "-266.00000", "2011-12-31": -327, "2011-09-30": -425, "2011-06-30": -567, "2011-03-31": "21.00000", "2010-12-31": 15, "2010-09-30": 50, "2010-06-30": 18, "2010-03-31": "21.00000", "2009-12-31": 32, "2009-09-30": 6, "2009-06-30": 40, "2009-03-31": "11.00000", "2008-12-31": 10, "2008-09-30": 7, "2008-06-30": -1129, "2008-03-31": "35.00000", "2007-12-31": 66, "2007-09-30": 27, "2007-06-30": 85, "2007-03-31": "245.00000", "2006-12-31": 65, "2006-09-30": 213, "2006-06-30": -211, "2006-03-31": "419.00000", "2005-12-31": 967, "2005-09-30": -180, "2005-06-30": 35, "2005-03-31": "163.00000"}, "Net Total Equity Issued/Repurchased": {"2020-12-31": 0, "2020-09-30": 0, "2020-06-30": 0, "2020-03-31": "", "2019-12-31": -499, "2019-09-30": 0, "2019-06-30": -195, "2019-03-31": "-151.00000", "2018-12-31": -356, "2018-09-30": -367, "2018-06-30": -437, "2018-03-31": "-513.00000", "2017-12-31": -558, "2017-09-30": -759, "2017-06-30": -1049, "2017-03-31": "-551.00000", "2016-12-31": -518, "2016-09-30": -171, "2016-06-30": -173, "2016-03-31": "-168.00000", "2015-12-31": -36, "2015-09-30": -63, "2015-06-30": -263, "2015-03-31": "-192.00000", "2014-12-31": -260, "2014-09-30": -275, "2014-06-30": -132, "2014-03-31": "-272.00000", "2013-12-31": -252, "2013-09-30": -156, "2013-06-30": -135, "2013-03-31": "-91.00000", "2012-12-31": -487, "2012-09-30": -235, "2012-06-30": -94, "2012-03-31": "-266.00000", "2011-12-31": -327, "2011-09-30": -425, "2011-06-30": -567, "2011-03-31": "21.00000", "2010-12-31": 15, "2010-09-30": 50, "2010-06-30": 18, "2010-03-31": "21.00000", "2009-12-31": 32, "2009-09-30": 6, "2009-06-30": 40, "2009-03-31": "11.00000", "2008-12-31": 10, "2008-09-30": 7, "2008-06-30": -1129, "2008-03-31": "35.00000", "2007-12-31": 66, "2007-09-30": 27, "2007-06-30": 85, "2007-03-31": "245.00000", "2006-12-31": 65, "2006-09-30": 213, "2006-06-30": -211, "2006-03-31": "419.00000", "2005-12-31": 967, "2005-09-30": -180, "2005-06-30": 35, "2005-03-31": "163.00000"}, "Total Common And Preferred Stock Dividends Paid": {"2020-12-31": 4690, "2020-09-30": -1564, "2020-06-30": -1563, "2020-03-31": "-1563.00000", "2019-12-31": -1571, "2019-09-30": -1497, "2019-06-30": -1499, "2019-03-31": "-1502.00000", "2018-12-31": -1506, "2018-09-30": -1324, "2018-06-30": -1328, "2018-03-31": "-1257.00000", "2017-12-31": -1263, "2017-09-30": -1175, "2017-06-30": -1182, "2017-03-31": "-1187.00000", "2016-12-31": -1191, "2016-09-30": -1106, "2016-06-30": -1107, "2016-03-31": "-1108.00000", "2015-12-31": -1108, "2015-09-30": -1021, "2015-06-30": -1024, "2015-03-31": "-1026.00000", "2014-12-31": -1028, "2014-09-30": -952, "2014-06-30": -955, "2014-03-31": "-957.00000", "2013-12-31": -960, "2013-09-30": -883, "2013-06-30": -883, "2013-03-31": "-886.00000", "2012-12-31": -892, "2012-09-30": -834, "2012-06-30": -836, "2012-03-31": "-838.00000", "2011-12-31": -843, "2011-09-30": -790, "2011-06-30": -795, "2011-03-31": "-794.00000", "2010-12-31": -793, "2010-09-30": -730, "2010-06-30": -729, "2010-03-31": "-706.00000", "2009-12-31": -706, "2009-09-30": -663, "2009-06-30": -663, "2009-03-31": "-661.00000", "2008-12-31": -661, "2008-09-30": -599, "2008-06-30": -1585, "2008-03-31": "1436.00000", "2007-12-31": 2497, "2007-09-30": -203, "2007-06-30": -1111, "2007-03-31": "-1275.00000", "2006-12-31": 977, "2006-09-30": -1673, "2006-06-30": -1672, "2006-03-31": "-1667.00000", "2005-12-31": -1664, "2005-09-30": -1514, "2005-06-30": -1510, "2005-03-31": "-1503.00000"}, "Financial Activities - Other": {"2020-12-31": 16, "2020-09-30": 0, "2020-06-30": -6, "2020-03-31": "-10.00000", "2019-12-31": 8, "2019-09-30": 4, "2019-06-30": -2, "2019-03-31": "-129.00000", "2018-12-31": -107, "2018-09-30": 0, "2018-06-30": -2, "2018-03-31": "-23.00000", "2017-12-31": 0, "2017-09-30": 0, "2017-06-30": -9, "2017-03-31": "-38.00000", "2016-12-31": 16, "2016-09-30": -827, "2016-06-30": 11, "2016-03-31": "-30.00000", "2015-12-31": -37, "2015-09-30": 17, "2015-06-30": -1, "2015-03-31": "-233.00000", "2014-12-31": -51, "2014-09-30": 16, "2014-06-30": 0, "2014-03-31": "-2.00000", "2013-12-31": -1081, "2013-09-30": 15, "2013-06-30": -10, "2013-03-31": "", "2012-12-31": 136, "2012-09-30": -883, "2012-06-30": 1, "2012-03-31": "-134.00000", "2011-12-31": 167, "2011-09-30": 25, "2011-06-30": -15, "2011-03-31": "-163.00000", "2010-12-31": 171, "2010-09-30": 23, "2010-06-30": -1, "2010-03-31": "-154.00000", "2009-12-31": 138, "2009-09-30": 9, "2009-06-30": 13, "2009-03-31": "-421.00000", "2008-12-31": 187, "2008-09-30": 14, "2008-06-30": -11, "2008-03-31": "-2970.00000", "2007-12-31": -1227, "2007-09-30": -999, "2007-06-30": -492, "2007-03-31": "-177.00000", "2006-12-31": -5917, "2006-09-30": -871, "2006-06-30": -117, "2006-03-31": "-846.00000", "2005-12-31": -2627, "2005-09-30": -36, "2005-06-30": -26, "2005-03-31": "-354.00000"}, "Cash Flow From Financial Activities": {"2020-12-31": 3713, "2020-09-30": -1564, "2020-06-30": -2576, "2020-03-31": "427.00000", "2019-12-31": -2062, "2019-09-30": -2637, "2019-06-30": -1696, "2019-03-31": "1683.00000", "2018-12-31": 9967, "2018-09-30": -1691, "2018-06-30": -1767, "2018-03-31": "-1793.00000", "2017-12-31": -1821, "2017-09-30": -1934, "2017-06-30": -2240, "2017-03-31": "-1776.00000", "2016-12-31": -1693, "2016-09-30": -1061, "2016-06-30": -1269, "2016-03-31": "-1306.00000", "2015-12-31": -1181, "2015-09-30": -2067, "2015-06-30": -1288, "2015-03-31": "-2244.00000", "2014-12-31": -640, "2014-09-30": -1211, "2014-06-30": -1087, "2014-03-31": "-1756.00000", "2013-12-31": -2669, "2013-09-30": -1024, "2013-06-30": -32, "2013-03-31": "-977.00000", "2012-12-31": -1243, "2012-09-30": -1765, "2012-06-30": -929, "2012-03-31": "-1238.00000", "2011-12-31": -1003, "2011-09-30": -1190, "2011-06-30": 117, "2011-03-31": "-936.00000", "2010-12-31": -607, "2010-09-30": -647, "2010-06-30": -690, "2010-03-31": "-639.00000", "2009-12-31": -536, "2009-09-30": -1541, "2009-06-30": -1427, "2009-03-31": "3780.00000", "2008-12-31": 6125, "2008-09-30": -2383, "2008-06-30": -2004, "2008-03-31": "-4323.00000", "2007-12-31": 1336, "2007-09-30": -1792, "2007-06-30": -1518, "2007-03-31": "-1705.00000", "2006-12-31": -2833, "2006-09-30": -4224, "2006-06-30": -4316, "2006-03-31": "-2993.00000", "2005-12-31": -2281, "2005-09-30": -4702, "2005-06-30": 1249, "2005-03-31": "600.00000"}, "Net Cash Flow": {"2020-12-31": -2024, "2020-09-30": -710, "2020-06-30": -770, "2020-03-31": "3504.00000", "2019-12-31": 515, "2019-09-30": -191, "2019-06-30": -1619, "2019-03-31": "2022.00000", "2018-12-31": -1059, "2018-09-30": 969, "2018-06-30": -766, "2018-03-31": "975.00000", "2017-12-31": -1329, "2017-09-30": 309, "2017-06-30": -2986, "2017-03-31": "669.00000", "2016-12-31": 2276, "2016-09-30": 1479, "2016-06-30": -2996, "2016-03-31": "1446.00000", "2015-12-31": 462, "2015-09-30": 784, "2015-06-30": -2551, "2015-03-31": "353.00000", "2014-12-31": 1080, "2014-09-30": 1048, "2014-06-30": -2427, "2014-03-31": "445.00000", "2013-12-31": -1036, "2013-09-30": 1640, "2013-06-30": -1204, "2013-03-31": "875.00000", "2012-12-31": 714, "2012-09-30": 658, "2012-06-30": -2628, "2012-03-31": "886.00000", "2011-12-31": 227, "2011-09-30": 979, "2011-06-30": -1368, "2011-03-31": "1118.00000", "2010-12-31": 614, "2010-09-30": 846, "2010-06-30": -2436, "2010-03-31": "1419.00000", "2009-12-31": 841, "2009-09-30": 486, "2009-06-30": -3314, "2009-03-31": "-4058.00000", "2008-12-31": 7001, "2008-09-30": 500, "2008-06-30": -4398, "2008-03-31": "-29.00000", "2007-12-31": 721, "2007-09-30": 1273, "2007-06-30": 2030, "2007-03-31": "-2287.00000", "2006-12-31": -726, "2006-09-30": -171, "2006-06-30": 2987, "2006-03-31": "-3718.00000", "2005-12-31": 29, "2005-09-30": -2304, "2005-06-30": 4291, "2005-03-31": "-1536.00000"}, "Stock-Based Compensation": {"2020-12-31": 0, "2020-09-30": 0, "2020-06-30": 0, "2020-03-31": "", "2019-12-31": 0, "2019-09-30": 0, "2019-06-30": 0, "2019-03-31": "", "2018-12-31": 0, "2018-09-30": 0, "2018-06-30": 0, "2018-03-31": "", "2017-12-31": 0, "2017-09-30": 0, "2017-06-30": 0, "2017-03-31": "", "2016-12-31": 0, "2016-09-30": 0, "2016-06-30": 0, "2016-03-31": "", "2015-12-31": 0, "2015-09-30": 0, "2015-06-30": 0, "2015-03-31": "", "2014-12-31": 0, "2014-09-30": 0, "2014-06-30": 0, "2014-03-31": "", "2013-12-31": 0, "2013-09-30": 0, "2013-06-30": 0, "2013-03-31": "", "2012-12-31": 0, "2012-09-30": 0, "2012-06-30": 0, "2012-03-31": "", "2011-12-31": 0, "2011-09-30": 0, "2011-06-30": 0, "2011-03-31": "", "2010-12-31": 0, "2010-09-30": 0, "2010-06-30": 0, "2010-03-31": "", "2009-12-31": 0, "2009-09-30": 0, "2009-06-30": 0, "2009-03-31": "", "2008-12-31": 0, "2008-09-30": 0, "2008-06-30": 0, "2008-03-31": "", "2007-12-31": 0, "2007-09-30": 0, "2007-06-30": 0, "2007-03-31": "", "2006-12-31": 0, "2006-09-30": 0, "2006-06-30": 0, "2006-03-31": "", "2005-12-31": 0, "2005-09-30": 0, "2005-06-30": 0, "2005-03-31": ""}, "Common Stock Dividends Paid": {"2020-12-31": 4690, "2020-09-30": -1564, "2020-06-30": -1563, "2020-03-31": "-1563.00000", "2019-12-31": -1571, "2019-09-30": -1497, "2019-06-30": -1499, "2019-03-31": "-1502.00000", "2018-12-31": -1506, "2018-09-30": -1324, "2018-06-30": -1328, "2018-03-31": "-1257.00000", "2017-12-31": -1263, "2017-09-30": -1175, "2017-06-30": -1182, "2017-03-31": "-1187.00000", "2016-12-31": -1191, "2016-09-30": -1106, "2016-06-30": -1107, "2016-03-31": "-1108.00000", "2015-12-31": -1108, "2015-09-30": -1021, "2015-06-30": -1024, "2015-03-31": "-1026.00000", "2014-12-31": -1028, "2014-09-30": -952, "2014-06-30": -955, "2014-03-31": "-957.00000", "2013-12-31": -960, "2013-09-30": -883, "2013-06-30": -883, "2013-03-31": "-886.00000", "2012-12-31": -892, "2012-09-30": -834, "2012-06-30": -836, "2012-03-31": "-838.00000", "2011-12-31": -843, "2011-09-30": -790, "2011-06-30": -795, "2011-03-31": "-794.00000", "2010-12-31": -793, "2010-09-30": -730, "2010-06-30": -729, "2010-03-31": "-706.00000", "2009-12-31": -706, "2009-09-30": -663, "2009-06-30": -663, "2009-03-31": "-661.00000", "2008-12-31": -661, "2008-09-30": -599, "2008-06-30": -1585, "2008-03-31": "1436.00000", "2007-12-31": 2497, "2007-09-30": -203, "2007-06-30": -1111, "2007-03-31": "-1275.00000", "2006-12-31": 977, "2006-09-30": -1673, "2006-06-30": -1672, "2006-03-31": "-1667.00000", "2005-12-31": -1664, "2005-09-30": -1514, "2005-06-30": -1510, "2005-03-31": "-1503.00000"}}, "financial ratios": {"Current Ratio": {"2019-12-31": "0.59020", "2018-12-31": "0.20290", "2017-12-31": "0.63960", "2016-12-31": "0.98440", "2015-12-31": "0.69460", "2014-12-31": "0.89640", "2013-12-31": "0.93370", "2012-12-31": "0.76460", "2011-12-31": "0.93110", "2010-12-31": "0.87440", "2009-12-31": "0.72230", "2008-12-31": "1.55080", "2007-12-31": "1.21870", "2006-12-31": "1.02850", "2005-12-31": "0.98560"}, "Long-term Debt / Capital": {"2019-12-31": "0.81060", "2018-12-31": "0.44580", "2017-12-31": "0.45860", "2016-12-31": "0.52080", "2015-12-31": "0.81720", "2014-12-31": "0.81980", "2013-12-31": "0.77260", "2012-12-31": "0.79670", "2011-12-31": "0.78040", "2010-12-31": "0.70120", "2009-12-31": "0.73310", "2008-12-31": "0.72180", "2007-12-31": "0.11200", "2006-12-31": "0.15770", "2005-12-31": "0.33350"}, "Debt/Equity Ratio": {"2019-12-31": "4.43770", "2018-12-31": "1.74090", "2017-12-31": "0.90340", "2016-12-31": "1.08670", "2015-12-31": "4.47160", "2014-12-31": "4.88140", "2013-12-31": "3.52530", "2012-12-31": "4.37790", "2011-12-31": "3.71680", "2010-12-31": "2.34730", "2009-12-31": "2.93710", "2008-12-31": "2.64290", "2007-12-31": "0.25070", "2006-12-31": "0.21420", "2005-12-31": "0.67590"}, "Gross Margin": {"2019-12-31": "50.62130", "2018-12-31": "48.31260", "2017-12-31": "46.77430", "2016-12-31": "44.95030", "2015-12-31": "43.69740", "2014-12-31": "41.43220", "2013-12-31": "42.74100", "2012-12-31": "38.84560", "2011-12-31": "37.55880", "2010-12-31": "37.71290", "2009-12-31": "37.50210", "2008-12-31": "39.71380", "2007-12-31": "39.56820", "2006-12-31": "41.43690", "2005-12-31": "31.20130"}, "Operating Margin": {"2019-12-31": "41.12310", "2018-12-31": "35.93680", "2017-12-31": "37.50780", "2016-12-31": "34.03120", "2015-12-31": "32.87330", "2014-12-31": "31.07410", "2013-12-31": "33.04180", "2012-12-31": "29.46220", "2011-12-31": "25.49580", "2010-12-31": "25.56340", "2009-12-31": "23.18730", "2008-12-31": "25.22220", "2007-12-31": "23.43010", "2006-12-31": "24.04470", "2005-12-31": "18.57520"}, "EBIT Margin": {"2019-12-31": "41.12310", "2018-12-31": "35.93680", "2017-12-31": "37.50780", "2016-12-31": "34.03120", "2015-12-31": "32.87330", "2014-12-31": "31.07410", "2013-12-31": "33.04180", "2012-12-31": "29.46220", "2011-12-31": "25.49580", "2010-12-31": "25.56340", "2009-12-31": "23.18730", "2008-12-31": "25.22220", "2007-12-31": "23.43010", "2006-12-31": "24.04470", "2005-12-31": "18.57520"}, "EBITDA Margin": {"2019-12-31": "42.02310", "2018-12-31": "36.83170", "2017-12-31": "38.32500", "2016-12-31": "34.82370", "2015-12-31": "33.75800", "2014-12-31": "31.92240", "2013-12-31": "33.90830", "2012-12-31": "30.37620", "2011-12-31": "26.55880", "2010-12-31": "26.69620", "2009-12-31": "24.42270", "2008-12-31": "26.33290", "2007-12-31": "24.67320", "2006-12-31": "25.40180", "2005-12-31": "19.82400"}, "Pre-Tax Profit Margin": {"2019-12-31": "3.05060", "2018-12-31": "36.82780", "2017-12-31": "38.42670", "2016-12-31": "84.88190", "2015-12-31": "31.76060", "2014-12-31": "31.70220", "2013-12-31": "28.37410", "2012-12-31": "26.31000", "2011-12-31": "23.45380", "2010-12-31": "23.49050", "2009-12-31": "20.70390", "2008-12-31": "24.74170", "2007-12-31": "25.06430", "2006-12-31": "25.29540", "2005-12-31": "17.75780"}, "Net Profit Margin": {"2019-12-31": "-5.17720", "2018-12-31": "27.42080", "2017-12-31": "39.91240", "2016-12-31": "55.21680", "2015-12-31": "20.56700", "2014-12-31": "20.62640", "2013-12-31": "18.53590", "2012-12-31": "16.92660", "2011-12-31": "14.18910", "2010-12-31": "15.96680", "2009-12-31": "13.61010", "2008-12-31": "25.47010", "2007-12-31": "52.43250", "2006-12-31": "63.98080", "2005-12-31": "16.37090"}, "Asset Turnover": {"2019-12-31": "0.50960", "2018-12-31": "0.45730", "2017-12-31": "0.59200", "2016-12-31": "0.56050", "2015-12-31": "0.80850", "2014-12-31": "0.71130", "2013-12-31": "0.70190", "2012-12-31": "0.69680", "2011-12-31": "0.64760", "2010-12-31": "0.65140", "2009-12-31": "0.64230", "2008-12-31": "0.71120", "2007-12-31": "0.32320", "2006-12-31": "0.18020", "2005-12-31": "0.59050"}, "Inventory Turnover Ratio": {"2019-12-31": "5.40730", "2018-12-31": "5.62420", "2017-12-31": "6.11820", "2016-12-31": "6.90980", "2015-12-31": "7.05070", "2014-12-31": "7.04020", "2013-12-31": "7.45560", "2012-12-31": "8.62260", "2011-12-31": "8.35360", "2010-12-31": "8.41650", "2009-12-31": "8.13370", "2008-12-31": "10.91580", "2007-12-31": "8.99440", "2006-12-31": "1.26770", "2005-12-31": "4.14330"}, "Receiveable Turnover": {"2019-12-31": "165.19740", "2018-12-31": "178.61970", "2017-12-31": "180.11270", "2016-12-31": "170.49010", "2015-12-31": "205.11290", "2014-12-31": "197.75810", "2013-12-31": "212.74780", "2012-12-31": "127.55440", "2011-12-31": "88.80600", "2010-12-31": "286.62350", "2009-12-31": "245.37500", "2008-12-31": "439.90910", "2007-12-31": "224.86750", "2006-12-31": "6.69160", "2005-12-31": "11.88980"}, "Days Sales In Receivables": {"2019-12-31": "2.20950", "2018-12-31": "2.04340", "2017-12-31": "2.02650", "2016-12-31": "2.14090", "2015-12-31": "1.77950", "2014-12-31": "1.84570", "2013-12-31": "1.71560", "2012-12-31": "2.86150", "2011-12-31": "4.11010", "2010-12-31": "1.27340", "2009-12-31": "1.48750", "2008-12-31": "0.82970", "2007-12-31": "1.62320", "2006-12-31": "54.54600", "2005-12-31": "30.69870"}, "ROE - Return On Equity": {"2019-12-31": "-20.54120", "2018-12-31": "47.10930", "2017-12-31": "66.49550", "2016-12-31": "111.51650", "2015-12-31": "182.49220", "2014-12-31": "168.43850", "2013-12-31": "110.12630", "2012-12-31": "131.95580", "2011-12-31": "92.12600", "2010-12-31": "75.20690", "2009-12-31": "78.78190", "2008-12-31": "109.26450", "2007-12-31": "16.56440", "2006-12-31": "8.03150", "2005-12-31": "22.88070"}, "Return On Tangible Equity": {"2019-12-31": "11.24300", "2018-12-31": "-259.38200", "2017-12-31": "-439.49290", "2016-12-31": "-313.19260", "2015-12-31": "-36.30890", "2014-12-31": "-35.39510", "2013-12-31": "-34.58140", "2012-12-31": "-29.70460", "2011-12-31": "-24.96870", "2010-12-31": "-32.29730", "2009-12-31": "-24.22960", "2008-12-31": "-1072.91700", "2007-12-31": "19.84530", "2006-12-31": "10.09710", "2005-12-31": "-105.99380"}, "ROA - Return On Assets": {"2019-12-31": "-2.63440", "2018-12-31": "12.56240", "2017-12-31": "23.67250", "2016-12-31": "31.01110", "2015-12-31": "16.66610", "2014-12-31": "14.70630", "2013-12-31": "13.00960", "2012-12-31": "11.84010", "2011-12-31": "9.23240", "2010-12-31": "10.44600", "2009-12-31": "8.74660", "2008-12-31": "11.35400", "2007-12-31": "5.42200", "2006-12-31": "3.05170", "2005-12-31": "7.56840"}, "ROI - Return On Investment": {"2019-12-31": "-3.89080", "2018-12-31": "26.10630", "2017-12-31": "35.99790", "2016-12-31": "53.44040", "2015-12-31": "33.36090", "2014-12-31": "30.35380", "2013-12-31": "25.04140", "2012-12-31": "26.83300", "2011-12-31": "20.23020", "2010-12-31": "22.46820", "2009-12-31": "21.02640", "2008-12-31": "30.39250", "2007-12-31": "14.70850", "2006-12-31": "6.76500", "2005-12-31": "15.24970"}, "Book Value Per Share": {"2019-12-31": "3.40100", "2018-12-31": "7.89140", "2017-12-31": "8.08940", "2016-12-31": "6.57290", "2015-12-31": "1.46580", "2014-12-31": "1.52680", "2013-12-31": "2.06570", "2012-12-31": "1.57730", "2011-12-31": "1.80150", "2010-12-31": "2.48710", "2009-12-31": "1.96140", "2008-12-31": "1.37190", "2007-12-31": "8.96820", "2006-12-31": "18.89320", "2005-12-31": "17.13390"}, "Operating Cash Flow Per Share": {"2019-12-31": -0.2512, "2018-12-31": 1.8931, "2017-12-31": 0.5913, "2016-12-31": -1.0196, "2015-12-31": 0.6222, "2014-12-31": 0.1688, "2013-12-31": 0.2691, "2012-12-31": 0.1845, "2011-12-31": 0.4041, "2010-12-31": -0.3316, "2009-12-31": -0.6796, "2008-12-31": -2.5401, "2007-12-31": -1.572, "2006-12-31": 1.1623, "2005-12-31": 5.2919}, "Free Cash Flow Per Share": {"2019-12-31": -0.2568, "2018-12-31": 1.8706, "2017-12-31": 0.5845, "2016-12-31": -0.9996, "2015-12-31": 0.5878, "2014-12-31": 0.1519, "2013-12-31": 0.2649, "2012-12-31": 0.1741, "2011-12-31": 0.434, "2010-12-31": -0.2806, "2009-12-31": -0.9477, "2008-12-31": -2.2211, "2007-12-31": -1.5651, "2006-12-31": 1.4679, "2005-12-31": 4.7967}}, "financial ratios, quarterly": {"Current Ratio": {"2020-09-30": "0.77190", "2020-06-30": "0.74510", "2020-03-31": "0.71140", "2019-12-31": "0.59020", "2019-09-30": "0.56000", "2019-06-30": "0.56380", "2019-03-31": "0.61880", "2018-12-31": "0.20290", "2018-09-30": "0.59740", "2018-06-30": "0.64670", "2018-03-31": "0.64540", "2017-12-31": "0.63960", "2017-09-30": "0.77390", "2017-06-30": "0.82600", "2017-03-31": "0.91880", "2016-12-31": "0.98440", "2016-09-30": "0.92860", "2016-06-30": "0.83450", "2016-03-31": "0.87020", "2015-12-31": "0.69460", "2015-09-30": "0.83920", "2015-06-30": "0.74000", "2015-03-31": "0.81320", "2014-12-31": "0.89640", "2014-09-30": "0.76860", "2014-06-30": "0.88680", "2014-03-31": "0.92000", "2013-12-31": "0.93370", "2013-09-30": "0.90550", "2013-06-30": "0.82890", "2013-03-31": "0.74920", "2012-12-31": "0.76460", "2012-09-30": "0.93480", "2012-06-30": "0.84570", "2012-03-31": "0.89890", "2011-12-31": "0.93110", "2011-09-30": "0.94210", "2011-06-30": "1.03870", "2011-03-31": "0.88640", "2010-12-31": "0.87440", "2010-09-30": "0.86720", "2010-06-30": "0.83800", "2010-03-31": "0.77850", "2009-12-31": "0.72230", "2009-09-30": "0.69850", "2009-06-30": "0.69970", "2009-03-31": "0.84120", "2008-12-31": "1.55080", "2008-09-30": "0.59400", "2008-06-30": "0.51690", "2008-03-31": "0.77850", "2007-12-31": "1.21870", "2007-09-30": "1.08150", "2007-06-30": "1.08290", "2007-03-31": "1.37990", "2006-12-31": "1.02850", "2006-09-30": "0.95890", "2006-06-30": "1.00970", "2006-03-31": "0.94570", "2005-12-31": "0.98560", "2005-09-30": "1.02120", "2005-06-30": "0.97980", "2005-03-31": "1.04490"}, "Long-term Debt / Capital": {"2020-09-30": "0.89570", "2020-06-30": "0.82640", "2020-03-31": "0.80250", "2019-12-31": "0.81060", "2019-09-30": "0.71660", "2019-06-30": "0.65190", "2019-03-31": "0.65740", "2018-12-31": "0.44580", "2018-09-30": "0.43430", "2018-06-30": "0.45210", "2018-03-31": "0.45840", "2017-12-31": "0.45860", "2017-09-30": "0.53300", "2017-06-30": "0.52790", "2017-03-31": "0.53100", "2016-12-31": "0.52080", "2016-09-30": "0.82480", "2016-06-30": "0.80330", "2016-03-31": "0.82380", "2015-12-31": "0.81720", "2015-09-30": "0.81760", "2015-06-30": "0.82330", "2015-03-31": "0.83620", "2014-12-31": "0.81980", "2014-09-30": "0.74740", "2014-06-30": "0.76110", "2014-03-31": "0.77280", "2013-12-31": "0.77260", "2013-09-30": "0.76410", "2013-06-30": "0.78330", "2013-03-31": "0.76910", "2012-12-31": "0.79670", "2012-09-30": "0.78200", "2012-06-30": "0.75380", "2012-03-31": "0.77940", "2011-12-31": "0.78040", "2011-09-30": "0.74750", "2011-06-30": "0.74700", "2011-03-31": "0.69090", "2010-12-31": "0.70120", "2010-09-30": "0.70300", "2010-06-30": "0.72600", "2010-03-31": "0.72390", "2009-12-31": "0.73310", "2009-09-30": "0.75030", "2009-06-30": "0.77740", "2009-03-31": "0.81750", "2008-12-31": "0.72180", "2008-09-30": "0.12580", "2008-06-30": "0.13250", "2008-03-31": "0.13520", "2007-12-31": "0.11200", "2007-09-30": "0.17040", "2007-06-30": "0.21000", "2007-03-31": "0.35400", "2006-12-31": "0.15770", "2006-09-30": "0.24300", "2006-06-30": "0.28080", "2006-03-31": "0.29630", "2005-12-31": "0.33350", "2005-09-30": "0.35690", "2005-06-30": "0.36310", "2005-03-31": "0.35990"}, "Debt/Equity Ratio": {"2020-09-30": "9.05170", "2020-06-30": "5.01940", "2020-03-31": "4.51570", "2019-12-31": "4.43770", "2019-09-30": "2.62320", "2019-06-30": "2.02130", "2019-03-31": "2.07140", "2018-12-31": "1.74090", "2018-09-30": "0.89720", "2018-06-30": "0.87990", "2018-03-31": "0.90260", "2017-12-31": "0.90340", "2017-09-30": "1.14140", "2017-06-30": "1.11800", "2017-03-31": "1.13220", "2016-12-31": "1.08670", "2016-09-30": "4.70920", "2016-06-30": "4.08430", "2016-03-31": "4.67610", "2015-12-31": "4.47160", "2015-09-30": "4.48490", "2015-06-30": "5.01980", "2015-03-31": "5.49880", "2014-12-31": "4.88140", "2014-09-30": "3.26100", "2014-06-30": "3.18530", "2014-03-31": "3.40190", "2013-12-31": "3.52530", "2013-09-30": "3.73680", "2013-06-30": "4.17110", "2013-03-31": "3.88740", "2012-12-31": "4.37790", "2012-09-30": "3.58790", "2012-06-30": "3.20210", "2012-03-31": "3.69570", "2011-12-31": "3.71680", "2011-09-30": "3.09610", "2011-06-30": "2.95320", "2011-03-31": "2.23540", "2010-12-31": "2.34730", "2010-09-30": "2.36680", "2010-06-30": "2.69380", "2010-03-31": "2.85110", "2009-12-31": "2.93710", "2009-09-30": "3.21220", "2009-06-30": "3.84220", "2009-03-31": "4.91550", "2008-12-31": "2.64290", "2008-09-30": "0.21180", "2008-06-30": "0.68380", "2008-03-31": "0.42590", "2007-12-31": "0.25070", "2007-09-30": "0.46550", "2007-06-30": "0.51320", "2007-03-31": "0.58790", "2006-12-31": "0.21420", "2006-09-30": "0.47670", "2006-06-30": "0.54450", "2006-03-31": "0.61460", "2005-12-31": "0.67590", "2005-09-30": "0.71640", "2005-06-30": "0.83250", "2005-03-31": "0.77730"}, "Gross Margin": {"2020-09-30": "52.18310", "2020-06-30": "51.62560", "2020-03-31": "45.18010", "2019-12-31": "51.34010", "2019-09-30": "51.00640", "2019-06-30": "50.14350", "2019-03-31": "49.94670", "2018-12-31": "47.79200", "2018-09-30": "47.60860", "2018-06-30": "49.81760", "2018-03-31": "48.06810", "2017-12-31": "47.56600", "2017-09-30": "47.12440", "2017-06-30": "46.73570", "2017-03-31": "45.63540", "2016-12-31": "44.92960", "2016-09-30": "45.61910", "2016-06-30": "45.34580", "2016-03-31": "43.78500", "2015-12-31": "43.08330", "2015-09-30": "45.46950", "2015-06-30": "43.41450", "2015-03-31": "42.64300", "2014-12-31": "41.97830", "2014-09-30": "41.19550", "2014-06-30": "41.60810", "2014-03-31": "40.89180", "2013-12-31": "39.60530", "2013-09-30": "43.04900", "2013-06-30": "40.50750", "2013-03-31": "48.37190", "2012-12-31": "38.17690", "2012-09-30": "39.79490", "2012-06-30": "38.44610", "2012-03-31": "38.99420", "2011-12-31": "38.73390", "2011-09-30": "40.02950", "2011-06-30": "33.31080", "2011-03-31": "38.06490", "2010-12-31": "38.02940", "2010-09-30": "38.67540", "2010-06-30": "37.83870", "2010-03-31": "36.18060", "2009-12-31": "34.10380", "2009-09-30": "36.26980", "2009-06-30": "36.55310", "2009-03-31": "45.14700", "2008-12-31": "39.70780", "2008-09-30": "40.30160", "2008-06-30": "39.79030", "2008-03-31": "38.93420", "2007-12-31": "39.31100", "2007-09-30": "39.38240", "2007-06-30": "39.93010", "2007-03-31": "39.64550", "2006-12-31": "29.81220", "2006-09-30": "30.55780", "2006-06-30": "30.88630", "2006-03-31": "30.56930", "2005-12-31": "32.46220", "2005-09-30": "32.94610", "2005-06-30": "33.04960", "2005-03-31": "32.98760"}, "Operating Margin": {"2020-09-30": "44.36330", "2020-06-30": "43.91390", "2020-03-31": "36.73530", "2019-12-31": "40.40290", "2019-09-30": "42.94050", "2019-06-30": "41.04850", "2019-03-31": "39.76550", "2018-12-31": "28.52470", "2018-09-30": "37.39940", "2018-06-30": "39.61940", "2018-03-31": "37.91750", "2017-12-31": "36.66610", "2017-09-30": "38.47530", "2017-06-30": "37.94090", "2017-03-31": "36.80750", "2016-12-31": "31.86180", "2016-09-30": "34.49670", "2016-06-30": "36.95750", "2016-03-31": "32.59150", "2015-12-31": "31.10160", "2015-09-30": "34.43800", "2015-06-30": "33.63070", "2015-03-31": "32.13300", "2014-12-31": "30.55290", "2014-09-30": "30.79650", "2014-06-30": "31.56970", "2014-03-31": "31.43010", "2013-12-31": "29.58880", "2013-09-30": "32.53470", "2013-06-30": "31.73670", "2013-03-31": "38.92910", "2012-12-31": "28.27620", "2012-09-30": "31.54440", "2012-06-30": "28.93480", "2012-03-31": "29.07740", "2011-12-31": "22.12430", "2011-09-30": "30.74660", "2011-06-30": "21.87500", "2011-03-31": "27.27270", "2010-12-31": "25.18980", "2010-09-30": "27.74130", "2010-06-30": "24.37040", "2010-03-31": "24.82640", "2009-12-31": "19.95340", "2009-09-30": "22.12700", "2009-06-30": "24.95910", "2009-03-31": "26.33210", "2008-12-31": "21.44390", "2008-09-30": "25.37230", "2008-06-30": "26.55320", "2008-03-31": "27.50570", "2007-12-31": "22.19520", "2007-09-30": "24.50370", "2007-06-30": "21.12730", "2007-03-31": "26.09610", "2006-12-31": "20.24080", "2006-09-30": "19.02280", "2006-06-30": "18.81050", "2006-03-31": "18.85780", "2005-12-31": "14.82240", "2005-09-30": "17.28630", "2005-06-30": "18.03990", "2005-03-31": "17.68140"}, "EBIT Margin": {"2020-09-30": "44.36330", "2020-06-30": "43.91390", "2020-03-31": "36.73530", "2019-12-31": "40.40290", "2019-09-30": "42.94050", "2019-06-30": "41.04850", "2019-03-31": "39.76550", "2018-12-31": "28.52470", "2018-09-30": "37.39940", "2018-06-30": "39.61940", "2018-03-31": "37.91750", "2017-12-31": "36.66610", "2017-09-30": "38.47530", "2017-06-30": "37.94090", "2017-03-31": "36.80750", "2016-12-31": "31.86180", "2016-09-30": "34.49670", "2016-06-30": "36.95750", "2016-03-31": "32.59150", "2015-12-31": "31.10160", "2015-09-30": "34.43800", "2015-06-30": "33.63070", "2015-03-31": "32.13300", "2014-12-31": "30.55290", "2014-09-30": "30.79650", "2014-06-30": "31.56970", "2014-03-31": "31.43010", "2013-12-31": "29.58880", "2013-09-30": "32.53470", "2013-06-30": "31.73670", "2013-03-31": "38.92910", "2012-12-31": "28.27620", "2012-09-30": "31.54440", "2012-06-30": "28.93480", "2012-03-31": "29.07740", "2011-12-31": "22.12430", "2011-09-30": "30.74660", "2011-06-30": "21.87500", "2011-03-31": "27.27270", "2010-12-31": "25.18980", "2010-09-30": "27.74130", "2010-06-30": "24.37040", "2010-03-31": "24.82640", "2009-12-31": "19.95340", "2009-09-30": "22.12700", "2009-06-30": "24.95910", "2009-03-31": "26.33210", "2008-12-31": "21.44390", "2008-09-30": "25.37230", "2008-06-30": "26.55320", "2008-03-31": "27.50570", "2007-12-31": "22.19520", "2007-09-30": "24.50370", "2007-06-30": "21.12730", "2007-03-31": "26.09610", "2006-12-31": "20.24080", "2006-09-30": "19.02280", "2006-06-30": "18.81050", "2006-03-31": "18.85780", "2005-12-31": "14.82240", "2005-09-30": "17.28630", "2005-06-30": "18.03990", "2005-03-31": "17.68140"}, "EBITDA Margin": {"2020-09-30": "", "2020-06-30": "", "2020-03-31": "", "2019-12-31": "", "2019-09-30": "", "2019-06-30": "", "2019-03-31": "", "2018-12-31": "", "2018-09-30": "", "2018-06-30": "", "2018-03-31": "", "2017-12-31": "", "2017-09-30": "", "2017-06-30": "", "2017-03-31": "", "2016-12-31": "", "2016-09-30": "", "2016-06-30": "", "2016-03-31": "", "2015-12-31": "", "2015-09-30": "", "2015-06-30": "", "2015-03-31": "", "2014-12-31": "", "2014-09-30": "", "2014-06-30": "", "2014-03-31": "", "2013-12-31": "", "2013-09-30": "", "2013-06-30": "", "2013-03-31": "", "2012-12-31": "", "2012-09-30": "", "2012-06-30": "", "2012-03-31": "", "2011-12-31": "", "2011-09-30": "", "2011-06-30": "", "2011-03-31": "", "2010-12-31": "", "2010-09-30": "", "2010-06-30": "", "2010-03-31": "", "2009-12-31": "", "2009-09-30": "", "2009-06-30": "", "2009-03-31": "", "2008-12-31": "", "2008-09-30": "", "2008-06-30": "", "2008-03-31": "", "2007-12-31": "", "2007-09-30": "", "2007-06-30": "", "2007-03-31": "", "2006-12-31": "", "2006-09-30": "", "2006-06-30": "", "2006-03-31": "", "2005-12-31": "", "2005-09-30": "", "2005-06-30": "", "2005-03-31": ""}, "Pre-Tax Profit Margin": {"2020-09-30": "-4.54860", "2020-06-30": "40.28590", "2020-03-31": "33.14990", "2019-12-31": "-20.35960", "2019-09-30": "-31.03850", "2019-06-30": "39.29600", "2019-03-31": "26.93670", "2018-12-31": "27.96860", "2018-09-30": "38.14540", "2018-06-30": "40.55510", "2018-03-31": "40.37330", "2017-12-31": "35.78100", "2017-09-30": "39.29260", "2017-06-30": "43.67400", "2017-03-31": "34.37450", "2016-12-31": "251.24760", "2016-09-30": "25.01090", "2016-06-30": "38.85910", "2016-03-31": "31.04190", "2015-12-31": "31.22820", "2015-09-30": "34.16930", "2015-06-30": "34.08440", "2015-03-31": "26.91250", "2014-12-31": "30.50500", "2014-09-30": "32.56820", "2014-06-30": "31.09020", "2014-03-31": "32.73520", "2013-12-31": "11.72700", "2013-09-30": "32.32110", "2013-06-30": "31.14990", "2013-03-31": "38.83860", "2012-12-31": "28.16410", "2012-09-30": "16.70940", "2012-06-30": "27.85570", "2012-03-31": "33.09720", "2011-12-31": "19.30170", "2011-09-30": "29.35490", "2011-06-30": "19.52700", "2011-03-31": "25.69560", "2010-12-31": "23.73880", "2010-09-30": "26.28870", "2010-06-30": "21.54930", "2010-03-31": "22.23960", "2009-12-31": "17.87500", "2009-09-30": "19.58730", "2009-06-30": "23.91730", "2009-03-31": "21.24700", "2008-12-31": "21.07860", "2008-09-30": "25.92590", "2008-06-30": "29.10570", "2008-03-31": "22.19950", "2007-12-31": "24.47000", "2007-09-30": "26.60920", "2007-06-30": "23.24620", "2007-03-31": "25.95620", "2006-12-31": "19.97880", "2006-09-30": "18.68840", "2006-06-30": "18.11660", "2006-03-31": "17.95220", "2005-12-31": "13.80160", "2005-09-30": "16.06040", "2005-06-30": "16.74870", "2005-03-31": "16.49170"}, "Net Profit Margin": {"2020-09-30": "-13.37920", "2020-06-30": "30.51670", "2020-03-31": "24.37490", "2019-12-31": "-30.18150", "2019-09-30": "-37.93760", "2019-06-30": "30.15560", "2019-03-31": "19.86500", "2018-12-31": "20.42850", "2018-09-30": "28.38960", "2018-06-30": "29.70660", "2018-03-31": "30.97580", "2017-12-31": "81.28180", "2017-09-30": "27.70100", "2017-06-30": "29.80640", "2017-03-31": "22.99850", "2016-12-31": "164.02750", "2016-09-30": "15.81460", "2016-06-30": "25.34890", "2016-03-31": "20.02970", "2015-12-31": "19.65810", "2015-09-30": "22.80940", "2015-06-30": "21.85090", "2015-03-31": "17.50520", "2014-12-31": "19.65480", "2014-09-30": "21.52210", "2014-06-30": "20.12470", "2014-03-31": "21.24340", "2013-12-31": "8.14140", "2013-09-30": "21.24220", "2013-06-30": "20.03170", "2013-03-31": "25.05430", "2012-12-31": "17.55850", "2012-09-30": "10.49340", "2012-06-30": "18.82230", "2012-03-31": "21.16170", "2011-12-31": "13.52590", "2011-09-30": "19.12250", "2011-06-30": "7.48310", "2011-03-31": "16.60460", "2010-12-31": "15.25220", "2010-09-30": "17.66640", "2010-06-30": "16.60820", "2010-03-31": "14.11460", "2009-12-31": "12.05520", "2009-09-30": "14.00000", "2009-06-30": "15.03200", "2009-03-31": "13.02230", "2008-12-31": "14.58960", "2008-09-30": "16.55210", "2008-06-30": "18.40130", "2008-03-31": "55.64630", "2007-12-31": "48.32160", "2007-09-30": "52.79730", "2007-06-30": "45.56680", "2007-03-31": "64.13250", "2006-12-31": "18.46260", "2006-09-30": "16.29630", "2006-06-30": "15.80760", "2006-03-31": "21.42070", "2005-12-31": "9.34670", "2005-09-30": "11.54960", "2005-06-30": "10.76100", "2005-03-31": "10.99160"}, "Asset Turnover": {"2020-09-30": "0.15270", "2020-06-30": "0.12680", "2020-03-31": "0.12090", "2019-12-31": "0.12190", "2019-09-30": "0.12960", "2019-06-30": "0.11510", "2019-03-31": "0.09500", "2018-12-31": "0.11020", "2018-09-30": "0.15560", "2018-06-30": "0.14600", "2018-03-31": "0.13910", "2017-12-31": "0.14120", "2017-09-30": "0.15240", "2017-06-30": "0.15240", "2017-03-31": "0.13170", "2016-12-31": "0.13610", "2016-09-30": "0.20970", "2016-06-30": "0.20820", "2016-03-31": "0.17810", "2015-12-31": "0.20080", "2015-09-30": "0.20940", "2015-06-30": "0.20750", "2015-03-31": "0.16960", "2014-12-31": "0.18150", "2014-09-30": "0.19050", "2014-06-30": "0.18800", "2014-03-31": "0.15580", "2013-12-31": "0.17440", "2013-09-30": "0.18230", "2013-06-30": "0.18310", "2013-03-31": "0.15350", "2012-12-31": "0.17670", "2012-09-30": "0.17810", "2012-06-30": "0.18780", "2012-03-31": "0.14930", "2011-12-31": "0.16680", "2011-09-30": "0.16420", "2011-06-30": "0.16070", "2011-03-31": "0.14630", "2010-12-31": "0.15850", "2010-09-30": "0.17250", "2010-06-30": "0.17800", "2010-03-31": "0.15160", "2009-12-31": "0.16400", "2009-09-30": "0.17560", "2009-06-30": "0.18750", "2009-03-31": "0.11700", "2008-12-31": "0.17100", "2008-09-30": "0.25340", "2008-06-30": "0.24240", "2008-03-31": "0.17060", "2007-12-31": "0.07840", "2007-09-30": "0.09640", "2007-06-30": "0.09820", "2007-03-31": "0.09610", "2006-12-31": "0.15370", "2006-09-30": "0.16370", "2006-06-30": "0.16060", "2006-03-31": "0.15490", "2005-12-31": "0.22690", "2005-09-30": "0.23530", "2005-06-30": "0.22900", "2005-03-31": "0.23090"}, "Inventory Turnover Ratio": {"2020-09-30": "1.82920", "2020-06-30": "1.60920", "2020-03-31": "1.73780", "2019-12-31": "1.27470", "2019-09-30": "1.53520", "2019-06-30": "1.47650", "2019-03-31": "1.19570", "2018-12-31": "1.36940", "2018-09-30": "1.72460", "2018-06-30": "1.49030", "2018-03-31": "1.40540", "2017-12-31": "1.43780", "2017-09-30": "1.79060", "2017-06-30": "1.77540", "2017-03-31": "1.55840", "2016-12-31": "1.67870", "2016-09-30": "1.89650", "2016-06-30": "1.80910", "2016-03-31": "1.61760", "2015-12-31": "1.77060", "2015-09-30": "1.86950", "2015-06-30": "1.95510", "2015-03-31": "1.59660", "2014-12-31": "1.77990", "2014-09-30": "2.01960", "2014-06-30": "1.97460", "2014-03-31": "1.65530", "2013-12-31": "1.95420", "2013-09-30": "2.17230", "2013-06-30": "2.20520", "2013-03-31": "1.57160", "2012-12-31": "2.21020", "2012-09-30": "2.31400", "2012-06-30": "2.37110", "2012-03-31": "1.88250", "2011-12-31": "2.11070", "2011-09-30": "2.25420", "2011-06-30": "2.35980", "2011-03-31": "1.91610", "2010-12-31": "2.03720", "2010-09-30": "2.42650", "2010-06-30": "2.36360", "2010-03-31": "2.02760", "2009-12-31": "2.18950", "2009-09-30": "2.27870", "2009-06-30": "2.26630", "2009-03-31": "1.22040", "2008-12-31": "2.62490", "2008-09-30": "2.95000", "2008-06-30": "2.67160", "2008-03-31": "2.10880", "2007-12-31": "2.19140", "2007-09-30": "0.33840", "2007-06-30": "0.35340", "2007-03-31": "0.30230", "2006-12-31": "1.29600", "2006-09-30": "1.04130", "2006-06-30": "1.06410", "2006-03-31": "0.97320", "2005-12-31": "1.56270", "2005-09-30": "1.53310", "2005-06-30": "1.52690", "2005-03-31": "1.56330"}, "Receiveable Turnover": {"2020-09-30": "47.17220", "2020-06-30": "45.47860", "2020-03-31": "43.25850", "2019-12-31": "39.51970", "2019-09-30": "41.55150", "2019-06-30": "40.60740", "2019-03-31": "35.62030", "2018-12-31": "43.05630", "2018-09-30": "36.56150", "2018-06-30": "43.78470", "2018-03-31": "45.92480", "2017-12-31": "42.96480", "2017-09-30": "45.46620", "2017-06-30": "55.99160", "2017-03-31": "45.05930", "2016-12-31": "41.40400", "2016-09-30": "47.29450", "2016-06-30": "53.45080", "2016-03-31": "58.32690", "2015-12-31": "50.95160", "2015-09-30": "48.89780", "2015-06-30": "46.57040", "2015-03-31": "33.74420", "2014-12-31": "50.46770", "2014-09-30": "61.23590", "2014-06-30": "59.58100", "2014-03-31": "48.82300", "2013-12-31": "52.86960", "2013-09-30": "71.22830", "2013-06-30": "55.30700", "2013-03-31": "49.35710", "2012-12-31": "32.34200", "2012-09-30": "31.84690", "2012-06-30": "25.33980", "2012-03-31": "23.14340", "2011-12-31": "22.86940", "2011-09-30": "31.48450", "2011-06-30": "35.66270", "2011-03-31": "79.47890", "2010-12-31": "69.72940", "2010-09-30": "78.07320", "2010-06-30": "69.71110", "2010-03-31": "33.88240", "2009-12-31": "62.64580", "2009-09-30": "68.47830", "2009-06-30": "66.52480", "2009-03-31": "52.59300", "2008-12-31": "105.77270", "2008-09-30": "100.73080", "2008-06-30": "41.76860", "2008-03-31": "26.40720", "2007-12-31": "54.55420", "2007-09-30": "1.97660", "2007-06-30": "1.92510", "2007-03-31": "1.57360", "2006-12-31": "5.70760", "2006-09-30": "3.02820", "2006-06-30": "2.95280", "2006-03-31": "3.04880", "2005-12-31": "4.56820", "2005-09-30": "4.53610", "2005-06-30": "4.32000", "2005-03-31": "3.88450"}, "Days Sales In Receivables": {"2020-09-30": "1.90790", "2020-06-30": "1.97900", "2020-03-31": "2.08050", "2019-12-31": "2.27730", "2019-09-30": "2.16600", "2019-06-30": "2.21630", "2019-03-31": "2.52670", "2018-12-31": "2.09030", "2018-09-30": "2.46160", "2018-06-30": "2.05550", "2018-03-31": "1.95970", "2017-12-31": "2.09470", "2017-09-30": "1.97950", "2017-06-30": "1.60740", "2017-03-31": "1.99740", "2016-12-31": "2.17370", "2016-09-30": "1.90300", "2016-06-30": "1.68380", "2016-03-31": "1.54300", "2015-12-31": "1.76640", "2015-09-30": "1.84060", "2015-06-30": "1.93260", "2015-03-31": "2.66710", "2014-12-31": "1.78330", "2014-09-30": "1.46970", "2014-06-30": "1.51060", "2014-03-31": "1.84340", "2013-12-31": "1.70230", "2013-09-30": "1.26350", "2013-06-30": "1.62730", "2013-03-31": "1.82340", "2012-12-31": "2.78280", "2012-09-30": "2.82600", "2012-06-30": "3.55170", "2012-03-31": "3.88880", "2011-12-31": "3.93540", "2011-09-30": "2.85850", "2011-06-30": "2.52360", "2011-03-31": "1.13240", "2010-12-31": "1.29070", "2010-09-30": "1.15280", "2010-06-30": "1.29100", "2010-03-31": "2.65630", "2009-12-31": "1.43660", "2009-09-30": "1.31430", "2009-06-30": "1.35290", "2009-03-31": "1.71130", "2008-12-31": "0.85090", "2008-09-30": "0.89350", "2008-06-30": "2.15470", "2008-03-31": "3.40820", "2007-12-31": "1.64970", "2007-09-30": "45.53240", "2007-06-30": "46.74960", "2007-03-31": "57.19450", "2006-12-31": "15.76840", "2006-09-30": "29.72110", "2006-06-30": "30.47930", "2006-03-31": "29.51950", "2005-12-31": "19.70150", "2005-09-30": "19.84100", "2005-06-30": "20.83320", "2005-03-31": "23.16880"}, "ROE - Return On Equity": {"2020-09-30": "-29.57920", "2020-06-30": "33.49460", "2020-03-31": "23.35390", "2019-12-31": "-28.70710", "2019-09-30": "-24.46180", "2019-06-30": "13.80480", "2019-03-31": "7.96110", "2018-12-31": "8.45900", "2018-09-30": "12.54520", "2018-06-30": "11.88130", "2018-03-31": "12.30760", "2017-12-31": "32.30170", "2017-09-30": "15.34230", "2017-06-30": "16.02130", "2017-03-31": "11.43280", "2016-12-31": "80.46660", "2016-09-30": "37.12250", "2016-06-30": "52.62490", "2016-03-31": "44.32310", "2015-12-31": "43.43890", "2015-09-30": "53.03710", "2015-06-30": "52.25390", "2015-03-31": "40.26900", "2014-12-31": "41.06310", "2014-09-30": "32.55650", "2014-06-30": "28.72750", "2014-03-31": "28.56800", "2013-12-31": "11.85040", "2013-09-30": "35.06660", "2013-06-30": "35.50200", "2013-03-31": "38.79550", "2012-12-31": "34.85800", "2012-09-30": "16.98550", "2012-06-30": "28.67840", "2012-03-31": "32.26240", "2011-12-31": "22.72600", "2011-09-30": "26.55510", "2011-06-30": "9.57930", "2011-03-31": "17.19520", "2010-12-31": "17.70930", "2010-09-30": "21.95260", "2010-06-30": "23.05990", "2010-03-31": "19.06210", "2009-12-31": "17.82910", "2009-09-30": "23.69060", "2009-06-30": "30.22420", "2009-03-31": "21.17940", "2008-12-31": "24.00990", "2008-09-30": "20.75160", "2008-06-30": "23.64010", "2008-03-31": "13.04160", "2007-12-31": "4.33820", "2007-09-30": "5.22070", "2007-06-30": "4.41660", "2007-03-31": "4.79670", "2006-12-31": "6.07280", "2006-09-30": "5.37510", "2006-06-30": "5.32110", "2006-03-31": "6.80840", "2005-12-31": "6.41050", "2005-09-30": "8.35510", "2005-06-30": "8.72170", "2005-03-31": "7.97310"}, "Return On Tangible Equity": {"2020-09-30": "6.55780", "2020-06-30": "-16.09500", "2020-03-31": "-13.82940", "2019-12-31": "15.71240", "2019-09-30": "35.58050", "2019-06-30": "-65.24010", "2019-03-31": "-32.56830", "2018-12-31": "-46.57480", "2018-09-30": "-88.52460", "2018-06-30": "-98.06690", "2018-03-31": "-82.03460", "2017-12-31": "-213.49380", "2017-09-30": "-35.00190", "2017-06-30": "-39.15780", "2017-03-31": "-26.73020", "2016-12-31": "-225.98940", "2016-09-30": "-7.60780", "2016-06-30": "-11.65690", "2016-03-31": "-8.36540", "2015-12-31": "-8.64270", "2015-09-30": "-10.58390", "2015-06-30": "-9.95810", "2015-03-31": "-6.87790", "2014-12-31": "-8.62890", "2014-09-30": "-10.70660", "2014-06-30": "-9.74440", "2014-03-31": "-8.95990", "2013-12-31": "-3.72120", "2013-09-30": "-10.53110", "2013-06-30": "-9.25710", "2013-03-31": "-10.12650", "2012-12-31": "-7.84690", "2012-09-30": "-4.90700", "2012-06-30": "-9.44020", "2012-03-31": "-8.81070", "2011-12-31": "-6.15940", "2011-09-30": "-9.13260", "2011-06-30": "-3.51100", "2011-03-31": "-7.92830", "2010-12-31": "-7.60520", "2010-09-30": "-9.31320", "2010-06-30": "-8.16180", "2010-03-31": "-6.23420", "2009-12-31": "-5.48340", "2009-09-30": "-6.57380", "2009-06-30": "-7.32500", "2009-03-31": "-4.09910", "2008-12-31": "-235.76390", "2008-09-30": "82.10230", "2008-06-30": "114.81480", "2008-03-31": "38.78710", "2007-12-31": "5.19740", "2007-09-30": "10.38660", "2007-06-30": "9.58830", "2007-03-31": "11.58070", "2006-12-31": "7.63470", "2006-09-30": "-57.95810", "2006-06-30": "-45.35110", "2006-03-31": "-45.63350", "2005-12-31": "-29.69640", "2005-09-30": "-33.17230", "2005-06-30": "-28.97510", "2005-03-31": "-38.73480"}, "ROA - Return On Assets": {"2020-09-30": "-2.04930", "2020-06-30": "3.86060", "2020-03-31": "2.94580", "2019-12-31": "-3.68170", "2019-09-30": "-4.91750", "2019-06-30": "3.47300", "2019-03-31": "1.89250", "2018-12-31": "2.25570", "2018-09-30": "4.42290", "2018-06-30": "4.34720", "2018-03-31": "4.31670", "2017-12-31": "11.49950", "2017-09-30": "4.22780", "2017-06-30": "4.55110", "2017-03-31": "3.03630", "2016-12-31": "22.37660", "2016-09-30": "3.32180", "2016-06-30": "5.28030", "2016-03-31": "3.57570", "2015-12-31": "3.96710", "2015-09-30": "4.77510", "2015-06-30": "4.54670", "2015-03-31": "2.97560", "2014-12-31": "3.58520", "2014-09-30": "4.09890", "2014-06-30": "3.79180", "2014-03-31": "3.31860", "2013-12-31": "1.39990", "2013-09-30": "3.88320", "2013-06-30": "3.67600", "2013-03-31": "3.84660", "2012-12-31": "3.12770", "2012-09-30": "1.87510", "2012-06-30": "3.54880", "2012-03-31": "3.16010", "2011-12-31": "2.27750", "2011-09-30": "3.15580", "2011-06-30": "1.20550", "2011-03-31": "2.43110", "2010-12-31": "2.45980", "2010-09-30": "3.04770", "2010-06-30": "2.95930", "2010-03-31": "2.13950", "2009-12-31": "1.97940", "2009-09-30": "2.45820", "2009-06-30": "2.82170", "2009-03-31": "1.52370", "2008-12-31": "2.49490", "2008-09-30": "4.19450", "2008-06-30": "4.46020", "2008-03-31": "2.37550", "2007-12-31": "1.42000", "2007-09-30": "1.73990", "2007-06-30": "1.44460", "2007-03-31": "1.56020", "2006-12-31": "2.30750", "2006-09-30": "2.05420", "2006-06-30": "1.97820", "2006-03-31": "2.47770", "2005-12-31": "2.12040", "2005-09-30": "2.71750", "2005-06-30": "2.69120", "2005-03-31": "2.52640"}, "ROI - Return On Investment": {"2020-09-30": "-3.08520", "2020-06-30": "5.81490", "2020-03-31": "4.61200", "2019-12-31": "-5.43750", "2019-09-30": "-6.93130", "2019-06-30": "4.80490", "2019-03-31": "2.72720", "2018-12-31": "4.68770", "2018-09-30": "7.09700", "2018-06-30": "6.50970", "2018-03-31": "6.66550", "2017-12-31": "17.48680", "2017-09-30": "7.16450", "2017-06-30": "7.56420", "2017-03-31": "5.36200", "2016-12-31": "38.56080", "2016-09-30": "6.50220", "2016-06-30": "10.35040", "2016-03-31": "7.81070", "2015-12-31": "7.94100", "2015-09-30": "9.67150", "2015-06-30": "9.23520", "2015-03-31": "6.59800", "2014-12-31": "7.39990", "2014-09-30": "8.22540", "2014-06-30": "6.86390", "2014-03-31": "6.48990", "2013-12-31": "2.69460", "2013-09-30": "8.27360", "2013-06-30": "7.69320", "2013-03-31": "8.95630", "2012-12-31": "7.08830", "2012-09-30": "3.70220", "2012-06-30": "7.06060", "2012-03-31": "7.11610", "2011-12-31": "4.99050", "2011-09-30": "6.70510", "2011-06-30": "2.42320", "2011-03-31": "5.31470", "2010-12-31": "5.29070", "2010-09-30": "6.52020", "2010-06-30": "6.31850", "2010-03-31": "5.26210", "2009-12-31": "4.75850", "2009-09-30": "5.91670", "2009-06-30": "6.72700", "2009-03-31": "3.86460", "2008-12-31": "6.67850", "2008-09-30": "18.14190", "2008-06-30": "20.50720", "2008-03-31": "11.27850", "2007-12-31": "3.85210", "2007-09-30": "4.33130", "2007-06-30": "3.48900", "2007-03-31": "3.09860", "2006-12-31": "5.11520", "2006-09-30": "4.06900", "2006-06-30": "3.82710", "2006-03-31": "4.79130", "2005-12-31": "4.27250", "2005-09-30": "5.37280", "2005-06-30": "5.55490", "2005-03-31": "5.10340"}, "Book Value Per Share": {"2020-09-30": "1.73910", "2020-06-30": "3.11350", "2020-03-31": "3.57140", "2019-12-31": "3.40100", "2019-09-30": "5.69390", "2019-06-30": "7.74370", "2019-03-31": "7.52290", "2018-12-31": "7.89140", "2018-09-30": "8.24230", "2018-06-30": "8.37530", "2018-03-31": "8.13010", "2017-12-31": "8.08940", "2017-09-30": "6.37250", "2017-06-30": "6.46660", "2017-03-31": "6.33700", "2016-12-31": "6.57290", "2016-09-30": "1.51020", "2016-06-30": "1.60850", "2016-03-31": "1.40440", "2015-12-31": "1.46580", "2015-09-30": "1.46940", "2015-06-30": "1.41340", "2015-03-31": "1.28510", "2014-12-31": "1.52680", "2014-09-30": "2.17040", "2014-06-30": "2.21480", "2014-03-31": "2.07020", "2013-12-31": "2.06570", "2013-09-30": "1.99020", "2013-06-30": "1.77870", "2013-03-31": "1.77730", "2012-12-31": "1.57730", "2012-09-30": "1.91000", "2012-06-30": "2.10300", "2012-03-31": "1.82020", "2011-12-31": "1.80150", "2011-09-30": "2.14980", "2011-06-30": "2.23780", "2011-03-31": "2.60590", "2010-12-31": "2.48710", "2010-09-30": "2.46800", "2010-06-30": "2.17080", "2010-03-31": "2.04800", "2009-12-31": "1.96140", "2009-09-30": "1.79700", "2009-06-30": "1.61500", "2009-03-31": "1.34520", "2008-12-31": "1.37190", "2008-09-30": "2.02820", "2008-06-30": "1.90970", "2008-03-31": "2.23230", "2007-12-31": "8.96820", "2007-09-30": "8.18570", "2007-06-30": "7.69440", "2007-03-31": "6.89970", "2006-12-31": "18.89320", "2006-09-30": "19.65170", "2006-06-30": "18.98180", "2006-03-31": "18.27700", "2005-12-31": "17.13390", "2005-09-30": "16.58940", "2005-06-30": "16.09060", "2005-03-31": "15.66410"}, "Operating Cash Flow Per Share": {"2020-09-30": 0.483, "2020-06-30": 0.9765, "2020-03-31": "1.68410", "2019-12-31": 1.3699, "2019-09-30": 1.5442, "2019-06-30": 0.0576, "2019-03-31": "1.22150", "2018-12-31": 0.9574, "2018-09-30": 1.451, "2018-06-30": 0.5568, "2018-03-31": "1.47920", "2017-12-31": 0.3873, "2017-09-30": 1.1552, "2017-06-30": -0.3708, "2017-03-31": "1.37960", "2016-12-31": 0.1516, "2016-09-30": 1.2516, "2016-06-30": -0.8328, "2016-03-31": "1.38960", "2015-12-31": 0.8907, "2015-09-30": 1.4533, "2015-06-30": -0.635, "2015-03-31": "1.27060", "2014-12-31": 0.8088, "2014-09-30": 1.1653, "2014-06-30": -0.6867, "2014-03-31": "1.07000", "2013-12-31": 0.7577, "2013-09-30": 1.2106, "2013-06-30": -0.6105, "2013-03-31": "0.83080", "2012-12-31": 0.8721, "2012-09-30": 1.0893, "2012-06-30": -0.945, "2012-03-31": "0.90310", "2011-12-31": 0.4867, "2011-09-30": 1.0176, "2011-06-30": -0.7587, "2011-03-31": "0.98940", "2010-12-31": 0.503, "2010-09-30": 0.6879, "2010-06-30": -0.8427, "2010-03-31": "0.98270", "2009-12-31": 0.6929, "2009-09-30": 0.9044, "2009-06-30": -0.9232, "2009-03-31": "0.98840", "2008-12-31": 0.4514, "2008-09-30": 1.3056, "2008-06-30": -1.1151, "2008-03-31": "1.70020", "2007-12-31": 0.9686, "2007-09-30": 1.4944, "2007-06-30": 2.6578, "2007-03-31": "-0.23860", "2006-12-31": 1.1423, "2006-09-30": 1.9108, "2006-06-30": 3.7147, "2006-03-31": "-0.32890", "2005-12-31": 1.4691, "2005-09-30": 1.3752, "2005-06-30": 2.6595, "2005-03-31": "-0.23210"}, "Free Cash Flow Per Share": {"2020-09-30": 0.4529, "2020-06-30": 0.9475, "2020-03-31": "1.65610", "2019-12-31": 1.3238, "2019-09-30": 1.5008, "2019-06-30": 0.0357, "2019-03-31": "1.20120", "2018-12-31": 0.9014, "2018-09-30": 1.419, "2018-06-30": 0.5366, "2018-03-31": "1.46130", "2017-12-31": 0.3626, "2017-09-30": 1.1235, "2017-06-30": -0.401, "2017-03-31": "1.36260", "2016-12-31": 0.1204, "2016-09-30": 1.2254, "2016-06-30": -0.8589, "2016-03-31": "1.37630", "2015-12-31": 0.8567, "2015-09-30": 1.421, "2015-06-30": -0.6611, "2015-03-31": "1.24620", "2014-12-31": 0.7851, "2014-09-30": 1.1369, "2014-06-30": -0.7034, "2014-03-31": "1.05640", "2013-12-31": 0.7372, "2013-09-30": 1.1861, "2013-06-30": -0.6235, "2013-03-31": "0.82330", "2012-12-31": 0.8488, "2012-09-30": 1.0706, "2012-06-30": -0.9565, "2012-03-31": "0.89530", "2011-12-31": 0.4723, "2011-09-30": 1.0003, "2011-06-30": -0.7717, "2011-03-31": "0.98320", "2010-12-31": 0.478, "2010-09-30": 0.6653, "2010-06-30": -0.8576, "2010-03-31": "0.96440", "2009-12-31": 0.6442, "2009-09-30": 0.8754, "2009-06-30": -0.9565, "2009-03-31": "0.96760", "2008-12-31": 0.3971, "2008-09-30": 1.2851, "2008-06-30": -1.1306, "2008-03-31": "1.92680", "2007-12-31": 0.8851, "2007-09-30": 1.4614, "2007-06-30": 2.6229, "2007-03-31": "-0.26990", "2006-12-31": 1.3401, "2006-09-30": 1.7499, "2006-06-30": 3.5944, "2006-03-31": "-0.43460", "2005-12-31": 1.6876, "2005-09-30": 1.0908, "2005-06-30": 2.4027, "2005-03-31": "-0.40270"}}, "revenue": {"Altria Annual Revenue (Millions of US $)": {"2020": "$26,153", "2019": "$25,110", "2018": "$25,364", "2017": "$25,576", "2016": "$25,744", "2015": "$25,434", "2014": "$24,522", "2013": "$24,466", "2012": "$24,618", "2011": "$23,800", "2010": "$24,363", "2009": "$23,556", "2008": "$19,356", "2007": "$18,664", "2006": "$18,790", "2005": "$63,741"}, "Altria Quarterly Revenue (Millions of US $)": {"2020-12-31": "$6,304", "2020-09-30": "$7,123", "2020-06-30": "$6,367", "2020-03-31": "$6,359", "2019-12-31": "$6,007", "2019-09-30": "$6,856", "2019-06-30": "$6,619", "2019-03-31": "$5,628", "2018-12-31": "$6,114", "2018-09-30": "$6,837", "2018-06-30": "$6,305", "2018-03-31": "$6,108", "2017-12-31": "$6,101", "2017-09-30": "$6,729", "2017-06-30": "$6,663", "2017-03-31": "$6,083", "2016-12-31": "$6,252", "2016-09-30": "$6,905", "2016-06-30": "$6,521", "2016-03-31": "$6,066", "2015-12-31": "$6,318", "2015-09-30": "$6,699", "2015-06-30": "$6,613", "2015-03-31": "$5,804", "2014-12-31": "$6,258", "2014-09-30": "$6,491", "2014-06-30": "$6,256", "2014-03-31": "$5,517", "2013-12-31": "$6,080", "2013-09-30": "$6,553", "2013-06-30": "$6,305", "2013-03-31": "$5,528", "2012-12-31": "$6,242", "2012-09-30": "$6,242", "2012-06-30": "$6,487", "2012-03-31": "$5,647", "2011-12-31": "$6,129", "2011-09-30": "$6,108", "2011-06-30": "$5,920", "2011-03-31": "$5,643", "2010-12-31": "$5,927", "2010-09-30": "$6,402", "2010-06-30": "$6,274", "2010-03-31": "$5,760", "2009-12-31": "$6,014", "2009-09-30": "$6,300", "2009-06-30": "$6,719", "2009-03-31": "$4,523", "2008-12-31": "$4,654", "2008-09-30": "$5,238", "2008-06-30": "$5,054", "2008-03-31": "$4,410", "2007-12-31": "$4,528", "2007-09-30": "$4,987", "2007-06-30": "$4,861", "2007-03-31": "$4,288", "2006-12-31": "$16,027", "2006-09-30": "$17,642", "2006-06-30": "$17,150", "2006-03-31": "$16,232", "2005-12-31": "$24,490", "2005-09-30": "$24,962", "2005-06-30": "$24,784", "2005-03-31": "$23,618"}}, "gross-profit": {"Altria Annual Gross Profit (Millions of US $)": {"2020": "$13,023", "2019": "$12,711", "2018": "$12,254", "2017": "$11,963", "2016": "$11,572", "2015": "$11,114", "2014": "$10,160", "2013": "$10,457", "2012": "$9,563", "2011": "$8,939", "2010": "$9,188", "2009": "$8,834", "2008": "$7,687", "2007": "$7,385", "2006": "$7,786", "2005": "$19,888"}, "Altria Quarterly Gross Profit (Millions of US $)": {"2020-12-31": "$3,146", "2020-09-30": "$3,717", "2020-06-30": "$3,287", "2020-03-31": "$2,873", "2019-12-31": "$3,084", "2019-09-30": "$3,497", "2019-06-30": "$3,319", "2019-03-31": "$2,811", "2018-12-31": "$2,922", "2018-09-30": "$3,255", "2018-06-30": "$3,141", "2018-03-31": "$2,936", "2017-12-31": "$2,902", "2017-09-30": "$3,171", "2017-06-30": "$3,114", "2017-03-31": "$2,776", "2016-12-31": "$2,809", "2016-09-30": "$3,150", "2016-06-30": "$2,957", "2016-03-31": "$2,656", "2015-12-31": "$2,722", "2015-09-30": "$3,046", "2015-06-30": "$2,871", "2015-03-31": "$2,475", "2014-12-31": "$2,627", "2014-09-30": "$2,674", "2014-06-30": "$2,603", "2014-03-31": "$2,256", "2013-12-31": "$2,408", "2013-09-30": "$2,821", "2013-06-30": "$2,554", "2013-03-31": "$2,674", "2012-12-31": "$2,383", "2012-09-30": "$2,484", "2012-06-30": "$2,494", "2012-03-31": "$2,202", "2011-12-31": "$2,374", "2011-09-30": "$2,445", "2011-06-30": "$1,972", "2011-03-31": "$2,148", "2010-12-31": "$2,254", "2010-09-30": "$2,476", "2010-06-30": "$2,374", "2010-03-31": "$2,084", "2009-12-31": "$2,051", "2009-09-30": "$2,285", "2009-06-30": "$2,456", "2009-03-31": "$2,042", "2008-12-31": "$1,848", "2008-09-30": "$2,111", "2008-06-30": "$2,011", "2008-03-31": "$1,717", "2007-12-31": "$1,780", "2007-09-30": "$1,964", "2007-06-30": "$1,941", "2007-03-31": "$1,700", "2006-12-31": "$4,778", "2006-09-30": "$5,391", "2006-06-30": "$5,297", "2006-03-31": "$4,962", "2005-12-31": "$7,950", "2005-09-30": "$8,224", "2005-06-30": "$8,191", "2005-03-31": "$7,791"}}, "operating-income": {"Altria Annual Operating Income (Millions of US $)": {"2020": "$10,873", "2019": "$10,326", "2018": "$9,115", "2017": "$9,593", "2016": "$8,761", "2015": "$8,361", "2014": "$7,620", "2013": "$8,084", "2012": "$7,253", "2011": "$6,068", "2010": "$6,228", "2009": "$5,462", "2008": "$4,882", "2007": "$4,373", "2006": "$4,518", "2005": "$11,840"}, "Altria Quarterly Operating Income (Millions of US $)": {"2020-12-31": "$2,581", "2020-09-30": "$3,160", "2020-06-30": "$2,796", "2020-03-31": "$2,336", "2019-12-31": "$2,427", "2019-09-30": "$2,944", "2019-06-30": "$2,717", "2019-03-31": "$2,238", "2018-12-31": "$1,744", "2018-09-30": "$2,557", "2018-06-30": "$2,498", "2018-03-31": "$2,316", "2017-12-31": "$2,237", "2017-09-30": "$2,589", "2017-06-30": "$2,528", "2017-03-31": "$2,239", "2016-12-31": "$1,992", "2016-09-30": "$2,382", "2016-06-30": "$2,410", "2016-03-31": "$1,977", "2015-12-31": "$1,965", "2015-09-30": "$2,307", "2015-06-30": "$2,224", "2015-03-31": "$1,865", "2014-12-31": "$1,912", "2014-09-30": "$1,999", "2014-06-30": "$1,975", "2014-03-31": "$1,734", "2013-12-31": "$1,799", "2013-09-30": "$2,132", "2013-06-30": "$2,001", "2013-03-31": "$2,152", "2012-12-31": "$1,765", "2012-09-30": "$1,969", "2012-06-30": "$1,877", "2012-03-31": "$1,642", "2011-12-31": "$1,356", "2011-09-30": "$1,878", "2011-06-30": "$1,295", "2011-03-31": "$1,539", "2010-12-31": "$1,493", "2010-09-30": "$1,776", "2010-06-30": "$1,529", "2010-03-31": "$1,430", "2009-12-31": "$1,200", "2009-09-30": "$1,394", "2009-06-30": "$1,677", "2009-03-31": "$1,191", "2008-12-31": "$998", "2008-09-30": "$1,329", "2008-06-30": "$1,342", "2008-03-31": "$1,213", "2007-12-31": "$1,005", "2007-09-30": "$1,222", "2007-06-30": "$1,027", "2007-03-31": "$1,119", "2006-12-31": "$3,244", "2006-09-30": "$3,356", "2006-06-30": "$3,226", "2006-03-31": "$3,061", "2005-12-31": "$3,630", "2005-09-30": "$4,315", "2005-06-30": "$4,471", "2005-03-31": "$4,176"}}, "ebitda": {"Altria Annual EBITDA (Millions of US $)": {"2019": "$10,552", "2018": "$9,342", "2017": "$9,802", "2016": "$8,965", "2015": "$8,586", "2014": "$7,828", "2013": "$8,296", "2012": "$7,478", "2011": "$6,321", "2010": "$6,504", "2009": "$5,753", "2008": "$5,097", "2007": "$4,605", "2006": "$4,773", "2005": "$12,636"}, "Altria Quarterly EBITDA (Millions of US $)": {"2020-09-30": "$3,222", "2020-06-30": "$2,861", "2020-03-31": "$2,401", "2019-12-31": "$2,490", "2019-09-30": "$3,001", "2019-06-30": "$2,770", "2019-03-31": "$2,291", "2018-12-31": "$1,803", "2018-09-30": "$2,621", "2018-06-30": "$2,549", "2018-03-31": "$2,369", "2017-12-31": "$2,291", "2017-09-30": "$2,640", "2017-06-30": "$2,580", "2017-03-31": "$2,291", "2016-12-31": "$2,047", "2016-09-30": "$2,433", "2016-06-30": "$2,459", "2016-03-31": "$2,026", "2015-12-31": "$2,040", "2015-09-30": "$2,357", "2015-06-30": "$2,275", "2015-03-31": "$1,914", "2014-12-31": "$1,971", "2014-09-30": "$2,048", "2014-06-30": "$2,025", "2014-03-31": "$1,784", "2013-12-31": "$1,853", "2013-09-30": "$2,184", "2013-06-30": "$2,053", "2013-03-31": "$2,206", "2012-12-31": "$1,821", "2012-09-30": "$2,025", "2012-06-30": "$1,934", "2012-03-31": "$1,698", "2011-12-31": "$1,425", "2011-09-30": "$1,941", "2011-06-30": "$1,356", "2011-03-31": "$1,599", "2010-12-31": "$1,561", "2010-09-30": "$1,847", "2010-06-30": "$1,597", "2010-03-31": "$1,499", "2009-12-31": "$1,273", "2009-09-30": "$1,465", "2009-06-30": "$1,746", "2009-03-31": "$1,269", "2008-12-31": "$1,051", "2008-09-30": "$1,381", "2008-06-30": "$1,393", "2008-03-31": "$1,272", "2007-12-31": "$1,063", "2007-09-30": "$1,272", "2007-06-30": "$1,088", "2007-03-31": "$1,182", "2006-12-31": "$2,814", "2006-09-30": "$3,591", "2006-06-30": "$3,446", "2006-03-31": "$3,291", "2005-12-31": "$3,203", "2005-09-30": "$4,721", "2005-06-30": "$4,881", "2005-03-31": "$4,583"}}, "net-income": {"Altria Annual Net Income (Millions of US $)": {"2020": "$4,467", "2019": "$-1,300", "2018": "$6,955", "2017": "$10,208", "2016": "$14,215", "2015": "$5,231", "2014": "$5,058", "2013": "$4,535", "2012": "$4,167", "2011": "$3,377", "2010": "$3,890", "2009": "$3,206", "2008": "$4,930", "2007": "$9,786", "2006": "$12,022", "2005": "$10,435"}, "Altria Quarterly Net Income (Millions of US $)": {"2020-12-31": "$1,924", "2020-09-30": "$-953", "2020-06-30": "$1,943", "2020-03-31": "$1,550", "2019-12-31": "$-1,813", "2019-09-30": "$-2,601", "2019-06-30": "$1,996", "2019-03-31": "$1,118", "2018-12-31": "$1,249", "2018-09-30": "$1,941", "2018-06-30": "$1,873", "2018-03-31": "$1,892", "2017-12-31": "$4,959", "2017-09-30": "$1,864", "2017-06-30": "$1,986", "2017-03-31": "$1,399", "2016-12-31": "$10,255", "2016-09-30": "$1,092", "2016-06-30": "$1,653", "2016-03-31": "$1,215", "2015-12-31": "$1,242", "2015-09-30": "$1,528", "2015-06-30": "$1,445", "2015-03-31": "$1,016", "2014-12-31": "$1,230", "2014-09-30": "$1,397", "2014-06-30": "$1,259", "2014-03-31": "$1,172", "2013-12-31": "$495", "2013-09-30": "$1,392", "2013-06-30": "$1,263", "2013-03-31": "$1,385", "2012-12-31": "$1,096", "2012-09-30": "$655", "2012-06-30": "$1,221", "2012-03-31": "$1,195", "2011-12-31": "$829", "2011-09-30": "$1,168", "2011-06-30": "$443", "2011-03-31": "$937", "2010-12-31": "$904", "2010-09-30": "$1,131", "2010-06-30": "$1,042", "2010-03-31": "$813", "2009-12-31": "$725", "2009-09-30": "$882", "2009-06-30": "$1,010", "2009-03-31": "$589", "2008-12-31": "$679", "2008-09-30": "$867", "2008-06-30": "$930", "2008-03-31": "$2,454", "2007-12-31": "$2,188", "2007-09-30": "$2,633", "2007-06-30": "$2,215", "2007-03-31": "$2,750", "2006-12-31": "$2,959", "2006-09-30": "$2,875", "2006-06-30": "$2,711", "2006-03-31": "$3,477", "2005-12-31": "$2,289", "2005-09-30": "$2,883", "2005-06-30": "$2,667", "2005-03-31": "$2,596"}}, "eps-earnings-per-share-diluted": {"Altria Annual EPS": {"2020": "$2.40", "2019": "$-0.70", "2018": "$3.68", "2017": "$5.31", "2016": "$7.28", "2015": "$2.67", "2014": "$2.56", "2013": "$2.26", "2012": "$2.06", "2011": "$1.64", "2010": "$1.87", "2009": "$1.54", "2008": "$2.36", "2007": "$4.62", "2006": "$5.71", "2005": "$4.99"}, "Altria Quarterly EPS": {"2020-12-31": "$1.03", "2020-09-30": "$-0.51", "2020-06-30": "$1.04", "2020-03-31": "$0.83", "2019-12-31": "$-0.98", "2019-09-30": "$-1.39", "2019-06-30": "$1.07", "2019-03-31": "$0.60", "2018-12-31": "$0.66", "2018-09-30": "$1.03", "2018-06-30": "$0.99", "2018-03-31": "$1.00", "2017-12-31": "$2.59", "2017-09-30": "$0.97", "2017-06-30": "$1.03", "2017-03-31": "$0.72", "2016-12-31": "$5.26", "2016-09-30": "$0.56", "2016-06-30": "$0.84", "2016-03-31": "$0.62", "2015-12-31": "$0.63", "2015-09-30": "$0.78", "2015-06-30": "$0.74", "2015-03-31": "$0.52", "2014-12-31": "$0.62", "2014-09-30": "$0.71", "2014-06-30": "$0.64", "2014-03-31": "$0.59", "2013-12-31": "$0.24", "2013-09-30": "$0.70", "2013-06-30": "$0.63", "2013-03-31": "$0.69", "2012-12-31": "$0.55", "2012-09-30": "$0.32", "2012-06-30": "$0.60", "2012-03-31": "$0.59", "2011-12-31": "$0.41", "2011-09-30": "$0.57", "2011-06-30": "$0.21", "2011-03-31": "$0.45", "2010-12-31": "$0.44", "2010-09-30": "$0.54", "2010-06-30": "$0.50", "2010-03-31": "$0.39", "2009-12-31": "$0.35", "2009-09-30": "$0.42", "2009-06-30": "$0.49", "2009-03-31": "$0.28", "2008-12-31": "$0.33", "2008-09-30": "$0.42", "2008-06-30": "$0.45", "2008-03-31": "$1.16", "2007-12-31": "$1.03", "2007-09-30": "$1.24", "2007-06-30": "$1.05", "2007-03-31": "$1.30", "2006-12-31": "$1.40", "2006-09-30": "$1.36", "2006-06-30": "$1.29", "2006-03-31": "$1.65", "2005-12-31": "$1.09", "2005-09-30": "$1.38", "2005-06-30": "$1.28", "2005-03-31": "$1.25"}}, "shares-outstanding": {"Altria Annual Shares Outstanding (Millions of Shares)": {"2020": "1,859", "2019": "1,869", "2018": "1,888", "2017": "1,921", "2016": "1,952", "2015": "1,961", "2014": "1,978", "2013": "1,999", "2012": "2,024", "2011": "2,064", "2010": "2,079", "2009": "2,071", "2008": "2,084", "2007": "2,113", "2006": "2,105", "2005": "2,090"}, "Altria Quarterly Shares Outstanding (Millions of Shares)": {"2020-12-31": "1,859", "2020-09-30": "1,859", "2020-06-30": "1,859", "2020-03-31": "1,858", "2019-12-31": "1,869", "2019-09-30": "1,868", "2019-06-30": "1,870", "2019-03-31": "1,874", "2018-12-31": "1,888", "2018-09-30": "1,883", "2018-06-30": "1,891", "2018-03-31": "1,899", "2017-12-31": "1,921", "2017-09-30": "1,915", "2017-06-30": "1,928", "2017-03-31": "1,939", "2016-12-31": "1,952", "2016-09-30": "1,952", "2016-06-30": "1,954", "2016-03-31": "1,956", "2015-12-31": "1,961", "2015-09-30": "1,958", "2015-06-30": "1,962", "2015-03-31": "1,966", "2014-12-31": "1,978", "2014-09-30": "1,976", "2014-06-30": "1,980", "2014-03-31": "1,986", "2013-12-31": "1,999", "2013-09-30": "1,998", "2013-06-30": "2,002", "2013-03-31": "2,003", "2012-12-31": "2,024", "2012-09-30": "2,024", "2012-06-30": "2,027", "2012-03-31": "2,034", "2011-12-31": "2,064", "2011-09-30": "2,054", "2011-06-30": "2,076", "2011-03-31": "2,084", "2010-12-31": "2,079", "2010-09-30": "2,080", "2010-06-30": "2,079", "2010-03-31": "2,077", "2009-12-31": "2,071", "2009-09-30": "2,070", "2009-06-30": "2,069", "2009-03-31": "2,067", "2008-12-31": "2,084", "2008-09-30": "2,067", "2008-06-30": "2,085", "2008-03-31": "2,118", "2007-12-31": "2,113", "2007-09-30": "2,117", "2007-06-30": "2,116", "2007-03-31": "2,112", "2006-12-31": "2,110", "2006-09-30": "2,104", "2006-06-30": "2,102", "2006-03-31": "2,101", "2005-12-31": "2,098", "2005-09-30": "2,092", "2005-06-30": "2,087", "2005-03-31": "2,081"}}, "total-assets": {"Altria Annual Total Assets (Millions of US $)": {"2019": "$49,271", "2018": "$55,459", "2017": "$43,202", "2016": "$45,932", "2015": "$31,459", "2014": "$34,475", "2013": "$34,859", "2012": "$35,329", "2011": "$36,751", "2010": "$37,402", "2009": "$36,677", "2008": "$27,215", "2007": "$57,746", "2006": "$104,270", "2005": "$107,949"}, "Altria Quarterly Total Assets (Millions of US $)": {"2020-09-30": "$46,651", "2020-06-30": "$50,200", "2020-03-31": "$52,618", "2019-12-31": "$49,271", "2019-09-30": "$52,913", "2019-06-30": "$57,501", "2019-03-31": "$59,233", "2018-12-31": "$55,459", "2018-09-30": "$43,953", "2018-06-30": "$43,177", "2018-03-31": "$43,899", "2017-12-31": "$43,202", "2017-09-30": "$44,160", "2017-06-30": "$43,726", "2017-03-31": "$46,175", "2016-12-31": "$45,932", "2016-09-30": "$32,934", "2016-06-30": "$31,324", "2016-03-31": "$34,063", "2015-12-31": "$31,459", "2015-09-30": "$31,999", "2015-06-30": "$31,869", "2015-03-31": "$34,212", "2014-12-31": "$34,475", "2014-09-30": "$34,082", "2014-06-30": "$33,282", "2014-03-31": "$35,406", "2013-12-31": "$34,859", "2013-09-30": "$35,950", "2013-06-30": "$34,440", "2013-03-31": "$36,006", "2012-12-31": "$35,329", "2012-09-30": "$35,038", "2012-06-30": "$34,547", "2012-03-31": "$37,815", "2011-12-31": "$36,751", "2011-09-30": "$37,201", "2011-06-30": "$36,832", "2011-03-31": "$38,584", "2010-12-31": "$37,402", "2010-09-30": "$37,110", "2010-06-30": "$35,245", "2010-03-31": "$37,999", "2009-12-31": "$36,677", "2009-09-30": "$35,880", "2009-06-30": "$35,829", "2009-03-31": "$38,656", "2008-12-31": "$27,215", "2008-09-30": "$20,670", "2008-06-30": "$20,851", "2008-03-31": "$25,847", "2007-12-31": "$57,746", "2007-09-30": "$51,728", "2007-06-30": "$49,495", "2007-03-31": "$44,609", "2006-12-31": "$104,270", "2006-09-30": "$107,779", "2006-06-30": "$106,764", "2006-03-31": "$104,814", "2005-12-31": "$107,949", "2005-09-30": "$106,090", "2005-06-30": "$108,205", "2005-03-31": "$102,280"}}, "cash-on-hand": {"Altria Annual Cash on Hand (Millions of US $)": {"2019": "$2,117", "2018": "$1,333", "2017": "$1,253", "2016": "$4,569", "2015": "$2,369", "2014": "$3,321", "2013": "$3,175", "2012": "$2,900", "2011": "$3,270", "2010": "$2,314", "2009": "$1,871", "2008": "$7,916", "2007": "$4,842", "2006": "$4,781", "2005": "$6,258"}, "Altria Quarterly Cash on Hand (Millions of US $)": {"2020-09-30": "$4,123", "2020-06-30": "$4,826", "2020-03-31": "$5,616", "2019-12-31": "$2,117", "2019-09-30": "$1,604", "2019-06-30": "$1,796", "2019-03-31": "$3,352", "2018-12-31": "$1,333", "2018-09-30": "$2,393", "2018-06-30": "$1,430", "2018-03-31": "$2,191", "2017-12-31": "$1,253", "2017-09-30": "$2,582", "2017-06-30": "$2,255", "2017-03-31": "$5,228", "2016-12-31": "$4,569", "2016-09-30": "$2,298", "2016-06-30": "$819", "2016-03-31": "$3,815", "2015-12-31": "$2,369", "2015-09-30": "$1,907", "2015-06-30": "$1,123", "2015-03-31": "$3,674", "2014-12-31": "$3,321", "2014-09-30": "$2,241", "2014-06-30": "$1,193", "2014-03-31": "$3,620", "2013-12-31": "$3,175", "2013-09-30": "$4,211", "2013-06-30": "$2,571", "2013-03-31": "$3,775", "2012-12-31": "$2,900", "2012-09-30": "$2,186", "2012-06-30": "$1,528", "2012-03-31": "$4,156", "2011-12-31": "$3,270", "2011-09-30": "$3,043", "2011-06-30": "$2,064", "2011-03-31": "$3,432", "2010-12-31": "$2,314", "2010-09-30": "$1,700", "2010-06-30": "$854", "2010-03-31": "$3,290", "2009-12-31": "$1,871", "2009-09-30": "$1,030", "2009-06-30": "$544", "2009-03-31": "$3,858", "2008-12-31": "$7,916", "2008-09-30": "$915", "2008-06-30": "$415", "2008-03-31": "$4,813", "2007-12-31": "$4,842", "2007-09-30": "$7,309", "2007-06-30": "$6,156", "2007-03-31": "$2,189", "2006-12-31": "$4,781", "2006-09-30": "$5,695", "2006-06-30": "$5,613", "2006-03-31": "$2,491", "2005-12-31": "$6,258", "2005-09-30": "$6,195", "2005-06-30": "$8,499", "2005-03-31": "$4,208"}}, "long-term-debt": {"Altria Annual Long Term Debt (Millions of US $)": {"2019": "$27,042", "2018": "$11,898", "2017": "$13,030", "2016": "$13,881", "2015": "$12,843", "2014": "$13,693", "2013": "$13,992", "2012": "$12,419", "2011": "$13,089", "2010": "$12,194", "2009": "$11,185", "2008": "$7,339", "2007": "$2,385", "2006": "$7,417", "2005": "$17,868"}, "Altria Quarterly Long Term Debt (Millions of US $)": {"2020-09-30": "$27,755", "2020-06-30": "$27,542", "2020-03-31": "$26,971", "2019-12-31": "$27,042", "2019-09-30": "$26,903", "2019-06-30": "$27,096", "2019-03-31": "$27,024", "2018-12-31": "$11,898", "2018-09-30": "$11,896", "2018-06-30": "$13,036", "2018-03-31": "$13,033", "2017-12-31": "$13,030", "2017-09-30": "$13,890", "2017-06-30": "$13,887", "2017-03-31": "$13,884", "2016-12-31": "$13,881", "2016-09-30": "$13,878", "2016-06-30": "$12,837", "2016-03-31": "$12,846", "2015-12-31": "$12,843", "2015-09-30": "$12,918", "2015-06-30": "$12,917", "2015-03-31": "$12,901", "2014-12-31": "$13,693", "2014-09-30": "$12,693", "2014-06-30": "$13,993", "2014-03-31": "$13,992", "2013-12-31": "$13,992", "2013-09-30": "$12,892", "2013-06-30": "$12,890", "2013-03-31": "$11,894", "2012-12-31": "$12,419", "2012-09-30": "$13,878", "2012-06-30": "$13,089", "2012-03-31": "$13,089", "2011-12-31": "$13,089", "2011-09-30": "$13,088", "2011-06-30": "$13,688", "2011-03-31": "$12,194", "2010-12-31": "$12,194", "2010-09-30": "$12,194", "2010-06-30": "$11,984", "2010-03-31": "$11,185", "2009-12-31": "$11,185", "2009-09-30": "$11,184", "2009-06-30": "$11,684", "2009-03-31": "$12,460", "2008-12-31": "$7,339", "2008-09-30": "$601", "2008-06-30": "$601", "2008-03-31": "$736", "2007-12-31": "$2,385", "2007-09-30": "$3,540", "2007-06-30": "$4,304", "2007-03-31": "$7,952", "2006-12-31": "$7,417", "2006-09-30": "$13,221", "2006-06-30": "$15,495", "2006-03-31": "$16,058", "2005-12-31": "$17,868", "2005-09-30": "$19,153", "2005-06-30": "$19,034", "2005-03-31": "$18,224"}}, "total-liabilities": {"Altria Annual Total Liabilities (Millions of US $)": {"2019": "$42,952", "2018": "$40,670", "2017": "$27,822", "2016": "$33,159", "2015": "$28,586", "2014": "$31,465", "2013": "$30,741", "2012": "$32,159", "2011": "$33,068", "2010": "$32,207", "2009": "$32,605", "2008": "$24,387", "2007": "$38,844", "2006": "$64,651", "2005": "$72,242"}, "Altria Quarterly Total Liabilities (Millions of US $)": {"2020-09-30": "$43,419", "2020-06-30": "$44,414", "2020-03-31": "$45,981", "2019-12-31": "$42,952", "2019-09-30": "$42,276", "2019-06-30": "$43,035", "2019-03-31": "$45,152", "2018-12-31": "$40,670", "2018-09-30": "$28,457", "2018-06-30": "$27,379", "2018-03-31": "$28,502", "2017-12-31": "$27,822", "2017-09-30": "$31,991", "2017-06-30": "$31,305", "2017-03-31": "$33,912", "2016-12-31": "$33,159", "2016-09-30": "$29,987", "2016-06-30": "$28,181", "2016-03-31": "$31,315", "2015-12-31": "$28,586", "2015-09-30": "$29,118", "2015-06-30": "$29,096", "2015-03-31": "$31,684", "2014-12-31": "$31,465", "2014-09-30": "$29,791", "2014-06-30": "$28,889", "2014-03-31": "$31,293", "2013-12-31": "$30,741", "2013-09-30": "$31,969", "2013-06-30": "$30,874", "2013-03-31": "$32,436", "2012-12-31": "$32,159", "2012-09-30": "$31,170", "2012-06-30": "$30,272", "2012-03-31": "$34,111", "2011-12-31": "$33,068", "2011-09-30": "$32,780", "2011-06-30": "$32,197", "2011-03-31": "$33,129", "2010-12-31": "$32,207", "2010-09-30": "$31,958", "2010-06-30": "$30,722", "2010-03-31": "$33,734", "2009-12-31": "$32,605", "2009-09-30": "$32,157", "2009-06-30": "$32,484", "2009-03-31": "$35,875", "2008-12-31": "$24,387", "2008-09-30": "$16,492", "2008-06-30": "$16,917", "2008-03-31": "$21,139", "2007-12-31": "$38,844", "2007-09-30": "$34,489", "2007-06-30": "$33,306", "2007-03-31": "$30,099", "2006-12-31": "$64,651", "2006-09-30": "$66,589", "2006-06-30": "$67,073", "2006-03-31": "$66,670", "2005-12-31": "$72,242", "2005-09-30": "$71,584", "2005-06-30": "$74,817", "2005-03-31": "$69,871"}}, "total-share-holder-equity": {"Altria Annual Share Holder Equity (Millions of US $)": {"2019": "$6,319", "2018": "$14,789", "2017": "$15,380", "2016": "$12,773", "2015": "$2,873", "2014": "$3,010", "2013": "$4,118", "2012": "$3,170", "2011": "$3,683", "2010": "$5,195", "2009": "$4,072", "2008": "$2,828", "2007": "$18,902", "2006": "$39,619", "2005": "$35,707"}, "Altria Quarterly Share Holder Equity (Millions of US $)": {"2020-09-30": "$3,232", "2020-06-30": "$5,786", "2020-03-31": "$6,637", "2019-12-31": "$6,319", "2019-09-30": "$10,637", "2019-06-30": "$14,466", "2019-03-31": "$14,081", "2018-12-31": "$14,789", "2018-09-30": "$15,496", "2018-06-30": "$15,798", "2018-03-31": "$15,397", "2017-12-31": "$15,380", "2017-09-30": "$12,169", "2017-06-30": "$12,421", "2017-03-31": "$12,263", "2016-12-31": "$12,773", "2016-09-30": "$2,947", "2016-06-30": "$3,143", "2016-03-31": "$2,748", "2015-12-31": "$2,873", "2015-09-30": "$2,881", "2015-06-30": "$2,773", "2015-03-31": "$2,528", "2014-12-31": "$3,010", "2014-09-30": "$4,291", "2014-06-30": "$4,393", "2014-03-31": "$4,113", "2013-12-31": "$4,118", "2013-09-30": "$3,981", "2013-06-30": "$3,566", "2013-03-31": "$3,570", "2012-12-31": "$3,170", "2012-09-30": "$3,868", "2012-06-30": "$4,275", "2012-03-31": "$3,704", "2011-12-31": "$3,683", "2011-09-30": "$4,421", "2011-06-30": "$4,635", "2011-03-31": "$5,455", "2010-12-31": "$5,195", "2010-09-30": "$5,152", "2010-06-30": "$4,523", "2010-03-31": "$4,265", "2009-12-31": "$4,072", "2009-09-30": "$3,723", "2009-06-30": "$3,345", "2009-03-31": "$2,781", "2008-12-31": "$2,828", "2008-09-30": "$4,178", "2008-06-30": "$3,934", "2008-03-31": "$4,708", "2007-12-31": "$18,902", "2007-09-30": "$17,239", "2007-06-30": "$16,189", "2007-03-31": "$14,510", "2006-12-31": "$39,619", "2006-09-30": "$41,190", "2006-06-30": "$39,691", "2006-03-31": "$38,144", "2005-12-31": "$35,707", "2005-09-30": "$34,506", "2005-06-30": "$33,388", "2005-03-31": "$32,409"}}, "profit-margins": {"current": "17.08%"}, "gross margin": {"2020-12-31": "49.80%", "2020-09-30": "50.13%", "2020-06-30": "49.79%", "2020-03-31": "49.43%", "2019-12-31": "50.62%", "2019-09-30": "49.76%", "2019-06-30": "48.84%", "2019-03-31": "48.74%", "2018-12-31": "48.31%", "2018-09-30": "48.26%", "2018-06-30": "48.13%", "2018-03-31": "47.35%", "2017-12-31": "46.77%", "2017-09-30": "46.14%", "2017-06-30": "45.74%", "2017-03-31": "45.39%", "2016-12-31": "44.95%", "2016-09-30": "44.50%", "2016-06-30": "44.45%", "2016-03-31": "43.96%", "2015-12-31": "43.70%", "2015-09-30": "43.43%", "2015-06-30": "42.31%", "2015-03-31": "41.84%", "2014-12-31": "41.43%", "2014-09-30": "40.84%", "2014-06-30": "41.33%", "2014-03-31": "41.05%", "2013-12-31": "42.74%", "2013-09-30": "42.36%", "2013-06-30": "41.51%", "2013-03-31": "40.96%", "2012-12-31": "38.85%", "2012-09-30": "38.99%", "2012-06-30": "39.04%", "2012-03-31": "37.78%", "2011-12-31": "37.56%", "2011-09-30": "37.37%", "2011-06-30": "37.04%", "2011-03-31": "38.16%", "2010-12-31": "37.71%", "2010-09-30": "36.75%", "2010-06-30": "36.12%", "2010-03-31": "35.80%", "2009-12-31": "37.50%", "2009-09-30": "38.89%", "2009-06-30": "40.02%", "2009-03-31": "41.15%", "2008-12-31": "39.71%", "2008-09-30": "39.62%", "2008-06-30": "39.37%", "2008-03-31": "39.40%", "2007-12-31": "39.57%", "2007-09-30": "34.42%", "2007-06-30": "32.25%", "2007-03-31": "31.15%", "2006-12-31": "30.47%", "2006-09-30": "31.25%", "2006-06-30": "31.91%", "2006-03-31": "32.42%", "2005-12-31": "32.86%"}, "operating margin": {"2020-12-31": "41.57%", "2020-09-30": "41.46%", "2020-06-30": "41.04%", "2020-03-31": "40.34%", "2019-12-31": "41.12%", "2019-09-30": "38.24%", "2019-06-30": "36.73%", "2019-03-31": "36.32%", "2018-12-31": "35.94%", "2018-09-30": "37.90%", "2018-06-30": "38.19%", "2018-03-31": "37.77%", "2017-12-31": "37.51%", "2017-09-30": "36.34%", "2017-06-30": "35.29%", "2017-03-31": "35.03%", "2016-12-31": "34.03%", "2016-09-30": "33.84%", "2016-06-30": "33.82%", "2016-03-31": "32.97%", "2015-12-31": "32.87%", "2015-09-30": "32.74%", "2015-06-30": "31.79%", "2015-03-31": "31.24%", "2014-12-31": "31.07%", "2014-09-30": "30.84%", "2014-06-30": "31.30%", "2014-03-31": "31.35%", "2013-12-31": "33.04%", "2013-09-30": "32.69%", "2013-06-30": "32.43%", "2013-03-31": "31.69%", "2012-12-31": "29.46%", "2012-09-30": "27.93%", "2012-06-30": "27.71%", "2012-03-31": "25.92%", "2011-12-31": "25.50%", "2011-09-30": "26.29%", "2011-06-30": "25.54%", "2011-03-31": "26.14%", "2010-12-31": "25.56%", "2010-09-30": "24.27%", "2010-06-30": "22.81%", "2010-03-31": "22.99%", "2009-12-31": "23.19%", "2009-09-30": "23.70%", "2009-06-30": "24.58%", "2009-03-31": "24.96%", "2008-12-31": "25.22%", "2008-09-30": "25.42%", "2008-06-30": "25.20%", "2008-03-31": "23.78%", "2007-12-31": "23.43%", "2007-09-30": "21.92%", "2007-06-30": "20.43%", "2007-03-31": "19.86%", "2006-12-31": "19.22%", "2006-09-30": "17.58%", "2006-06-30": "17.18%", "2006-03-31": "17.11%", "2005-12-31": "16.96%"}, "ebitda margin": {"2020-09-30": "42.44%", "2020-06-30": "42.02%", "2020-03-31": "41.26%", "2019-12-31": "42.02%", "2019-09-30": "39.12%", "2019-06-30": "37.64%", "2019-03-31": "37.23%", "2018-12-31": "36.83%", "2018-09-30": "38.78%", "2018-06-30": "39.02%", "2018-03-31": "38.59%", "2017-12-31": "38.32%", "2017-09-30": "37.15%", "2017-06-30": "36.10%", "2017-03-31": "35.83%", "2016-12-31": "34.82%", "2016-09-30": "34.71%", "2016-06-30": "34.69%", "2016-03-31": "33.85%", "2015-12-31": "33.76%", "2015-09-30": "33.57%", "2015-06-30": "32.62%", "2015-03-31": "32.08%", "2014-12-31": "31.92%", "2014-09-30": "31.67%", "2014-06-30": "32.15%", "2014-03-31": "32.20%", "2013-12-31": "33.91%", "2013-09-30": "33.56%", "2013-06-30": "33.33%", "2013-03-31": "32.60%", "2012-12-31": "30.38%", "2012-09-30": "28.90%", "2012-06-30": "28.71%", "2012-03-31": "26.97%", "2011-12-31": "26.56%", "2011-09-30": "27.36%", "2011-06-30": "26.63%", "2011-03-31": "27.24%", "2010-12-31": "26.70%", "2010-09-30": "25.42%", "2010-06-30": "23.96%", "2010-03-31": "24.13%", "2009-12-31": "24.42%", "2009-09-30": "24.92%", "2009-06-30": "25.77%", "2009-03-31": "26.16%", "2008-12-31": "26.33%", "2008-09-30": "26.57%", "2008-06-30": "26.34%", "2008-03-31": "24.99%", "2007-12-31": "24.67%", "2007-09-30": "21.07%", "2007-06-30": "20.26%", "2007-03-31": "20.02%", "2006-12-31": "19.60%", "2006-09-30": "17.92%", "2006-06-30": "17.70%", "2006-03-31": "17.79%", "2005-12-31": "17.77%"}, "pre tax profit margin": {"2020-12-31": "26.34%", "2020-09-30": "12.09%", "2020-06-30": "5.17%", "2020-03-31": "5.26%", "2019-12-31": "3.05%", "2019-09-30": "14.67%", "2019-06-30": "33.47%", "2019-03-31": "33.72%", "2018-12-31": "36.83%", "2018-09-30": "38.71%", "2018-06-30": "39.02%", "2018-03-31": "39.85%", "2017-12-31": "38.43%", "2017-09-30": "90.77%", "2017-06-30": "86.62%", "2017-03-31": "85.63%", "2016-12-31": "84.88%", "2016-09-30": "31.45%", "2016-06-30": "33.90%", "2016-03-31": "32.69%", "2015-12-31": "31.76%", "2015-09-30": "31.58%", "2015-06-30": "31.15%", "2015-03-31": "30.35%", "2014-12-31": "31.70%", "2014-09-30": "27.02%", "2014-06-30": "26.97%", "2014-03-31": "26.99%", "2013-12-31": "28.37%", "2013-09-30": "32.43%", "2013-06-30": "28.42%", "2013-03-31": "27.57%", "2012-12-31": "26.31%", "2012-09-30": "24.08%", "2012-06-30": "27.29%", "2012-03-31": "25.21%", "2011-12-31": "23.45%", "2011-09-30": "24.60%", "2011-06-30": "23.84%", "2011-03-31": "24.30%", "2010-12-31": "23.49%", "2010-09-30": "22.05%", "2010-06-30": "20.30%", "2010-03-31": "20.96%", "2009-12-31": "20.70%", "2009-09-30": "21.55%", "2009-06-30": "23.22%", "2009-03-31": "24.51%", "2008-12-31": "24.74%", "2008-09-30": "25.56%", "2008-06-30": "25.74%", "2008-03-31": "24.19%", "2007-12-31": "25.06%", "2007-09-30": "22.45%", "2007-06-30": "20.42%", "2007-03-31": "19.45%", "2006-12-31": "18.67%", "2006-09-30": "16.82%", "2006-06-30": "16.19%", "2006-03-31": "15.98%", "2005-12-31": "15.77%"}, "net profit margin": {"2020-12-31": "17.07%", "2020-09-30": "2.81%", "2020-06-30": "-3.60%", "2020-03-31": "-3.36%", "2019-12-31": "-5.18%", "2019-09-30": "6.99%", "2019-06-30": "25.02%", "2019-03-31": "24.84%", "2018-12-31": "27.42%", "2018-09-30": "42.07%", "2018-06-30": "41.94%", "2018-03-31": "41.80%", "2017-12-31": "39.91%", "2017-09-30": "60.26%", "2017-06-30": "56.87%", "2017-03-31": "55.89%", "2016-12-31": "55.22%", "2016-09-30": "20.15%", "2016-06-30": "22.02%", "2016-03-31": "21.13%", "2015-12-31": "20.57%", "2015-09-30": "20.57%", "2015-06-30": "20.22%", "2015-03-31": "19.76%", "2014-12-31": "20.63%", "2014-09-30": "17.76%", "2014-06-30": "17.69%", "2014-03-31": "17.67%", "2013-12-31": "18.54%", "2013-09-30": "20.85%", "2013-06-30": "18.09%", "2013-03-31": "17.78%", "2012-12-31": "16.93%", "2012-09-30": "15.92%", "2012-06-30": "18.11%", "2012-03-31": "15.27%", "2011-12-31": "14.19%", "2011-09-30": "14.63%", "2011-06-30": "14.29%", "2011-03-31": "16.56%", "2010-12-31": "15.97%", "2010-09-30": "15.18%", "2010-06-30": "14.22%", "2010-03-31": "13.83%", "2009-12-31": "13.61%", "2009-09-30": "14.24%", "2009-06-30": "14.88%", "2009-03-31": "15.74%", "2008-12-31": "25.47%", "2008-09-30": "33.48%", "2008-06-30": "43.23%", "2008-03-31": "50.52%", "2007-12-31": "52.43%", "2007-09-30": "35.00%", "2007-06-30": "25.22%", "2007-03-31": "20.50%", "2006-12-31": "17.93%", "2006-09-30": "15.03%", "2006-06-30": "13.71%", "2006-03-31": "12.51%", "2005-12-31": "10.66%"}, "pe ratio": {"current": "9.74", "2021-02-05": "31.23", "2020-12-31": "30.15", "2020-09-30": "105.17", "2020-06-30": "0.00", "2020-03-31": "0.00", "2019-12-31": "0.00", "2019-09-30": "39.23", "2019-06-30": "12.46", "2019-03-31": "15.24", "2018-12-31": "11.52", "2018-09-30": "9.06", "2018-06-30": "8.51", "2018-03-31": "9.16", "2017-12-31": "10.92", "2017-09-30": "6.40", "2017-06-30": "7.84", "2017-03-31": "7.65", "2016-12-31": "7.28", "2016-09-30": "18.50", "2016-06-30": "18.46", "2016-03-31": "17.23", "2015-12-31": "16.45", "2015-09-30": "15.28", "2015-06-30": "13.96", "2015-03-31": "14.69", "2014-12-31": "13.93", "2014-09-30": "15.16", "2014-06-30": "13.74", "2014-03-31": "12.18", "2013-12-31": "11.78", "2013-09-30": "9.15", "2013-06-30": "10.79", "2013-03-31": "10.62", "2012-12-31": "10.62", "2012-09-30": "11.99", "2012-06-30": "10.75", "2012-03-31": "11.71", "2011-12-31": "11.30", "2011-09-30": "9.90", "2011-06-30": "9.77", "2011-03-31": "8.07", "2010-12-31": "7.76", "2010-09-30": "7.84", "2010-06-30": "6.90", "2010-03-31": "6.98", "2009-12-31": "7.04", "2009-09-30": "6.36", "2009-06-30": "5.75", "2009-03-31": "5.66", "2008-12-31": "3.27", "2008-09-30": "3.25", "2008-06-30": "2.62", "2008-03-31": "2.42", "2007-12-31": "2.41", "2007-09-30": "2.03", "2007-06-30": "1.98", "2007-03-31": "1.76", "2006-12-31": "1.60"}, "price sales": {"2021-02-05": "3.02", "2020-12-31": "2.91", "2020-09-30": "2.73", "2020-06-30": "2.75", "2020-03-31": "2.63", "2019-12-31": "3.41", "2019-09-30": "2.74", "2019-06-30": "3.12", "2019-03-31": "3.78", "2018-12-31": "3.16", "2018-09-30": "3.81", "2018-06-30": "3.57", "2018-03-31": "3.84", "2017-12-31": "4.38", "2017-09-30": "3.84", "2017-06-30": "4.46", "2017-03-31": "4.28", "2016-12-31": "4.03", "2016-09-30": "3.73", "2016-06-30": "4.06", "2016-03-31": "3.65", "2015-12-31": "3.40", "2015-09-30": "3.16", "2015-06-30": "2.84", "2015-03-31": "2.92", "2014-12-31": "2.89", "2014-09-30": "2.69", "2014-06-30": "2.43", "2014-03-31": "2.15", "2013-12-31": "2.18", "2013-09-30": "1.92", "2013-06-30": "1.96", "2013-03-31": "1.89", "2012-12-31": "1.71", "2012-09-30": "1.80", "2012-06-30": "1.86", "2012-03-31": "1.69", "2011-12-31": "1.61", "2011-09-30": "1.45", "2011-06-30": "1.40", "2011-03-31": "1.34", "2010-12-31": "1.24", "2010-09-30": "1.18", "2010-06-30": "0.98", "2010-03-31": "0.96", "2009-12-31": "0.95", "2009-09-30": "0.90", "2009-06-30": "0.86", "2009-03-31": "0.89", "2008-12-31": "0.83", "2008-09-30": "1.08", "2008-06-30": "1.13", "2008-03-31": "1.22", "2007-12-31": "1.26", "2007-09-30": "0.71", "2007-06-30": "0.50", "2007-03-31": "0.36", "2006-12-31": "0.29"}, "price book": {"current": "26.98", "2021-02-05": "24.42", "2020-09-30": "21.77", "2020-06-30": "12.11", "2020-03-31": "10.18", "2019-12-31": "13.45", "2019-09-30": "6.48", "2019-06-30": "5.40", "2019-03-31": "6.64", "2018-12-31": "5.37", "2018-09-30": "6.17", "2018-06-30": "5.65", "2018-03-31": "6.31", "2017-12-31": "7.18", "2017-09-30": "8.03", "2017-06-30": "9.19", "2017-03-31": "8.92", "2016-12-31": "8.08", "2016-09-30": "32.59", "2016-06-30": "33.05", "2016-03-31": "34.10", "2015-12-31": "30.07", "2015-09-30": "27.77", "2015-06-30": "25.68", "2015-03-31": "28.57", "2014-12-31": "23.46", "2014-09-30": "15.23", "2014-06-30": "13.46", "2014-03-31": "12.70", "2013-12-31": "12.89", "2013-09-30": "11.82", "2013-06-30": "13.29", "2013-03-31": "12.91", "2012-12-31": "13.13", "2012-09-30": "11.36", "2012-06-30": "10.53", "2012-03-31": "10.74", "2011-12-31": "10.28", "2011-09-30": "7.69", "2011-06-30": "7.16", "2011-03-31": "5.98", "2010-12-31": "5.84", "2010-09-30": "5.65", "2010-06-30": "5.27", "2010-03-31": "5.63", "2009-12-31": "5.53", "2009-09-30": "5.38", "2009-06-30": "5.41", "2009-03-31": "6.23", "2008-12-31": "5.63", "2008-09-30": "4.91", "2008-06-30": "5.32", "2008-03-31": "4.85", "2007-12-31": "1.24", "2007-09-30": "1.24", "2007-06-30": "1.32", "2007-03-31": "1.37", "2006-12-31": "0.48", "2006-09-30": "0.41", "2006-06-30": "0.40", "2006-03-31": "0.40"}, "price fcf": {"2021-02-05": "", "2020-09-30": "$4.38", "2020-06-30": "$5.43", "2020-03-31": "$4.52", "2019-12-31": "$4.06", "2019-09-30": "$3.64", "2019-06-30": "$3.56", "2019-03-31": "$4.06", "2018-12-31": "$4.32", "2018-09-30": "$3.78", "2018-06-30": "$3.48", "2018-03-31": "$2.55", "2017-12-31": "$2.45", "2017-09-30": "$2.21", "2017-06-30": "$2.31", "2017-03-31": "$1.85", "2016-12-31": "$1.86", "2016-09-30": "$2.60", "2016-06-30": "$2.80", "2016-03-31": "$2.99", "2015-12-31": "$2.86", "2015-09-30": "$2.79", "2015-06-30": "$2.51", "2015-03-31": "$2.46", "2014-12-31": "$2.28", "2014-09-30": "$2.23", "2014-06-30": "$2.28", "2014-03-31": "$2.36", "2013-12-31": "$2.12", "2013-09-30": "$2.23", "2013-06-30": "$2.12", "2013-03-31": "$1.79", "2012-12-31": "$1.86", "2012-09-30": "$1.48", "2012-06-30": "$1.41", "2012-03-31": "$1.60", "2011-12-31": "$1.68", "2011-09-30": "$1.69", "2011-06-30": "$1.35", "2011-03-31": "$1.27", "2010-12-31": "$1.25", "2010-09-30": "$1.42", "2010-06-30": "$1.63", "2010-03-31": "$1.53", "2009-12-31": "$1.53", "2009-09-30": "$1.28", "2009-06-30": "$1.69", "2009-03-31": "$1.52", "2008-12-31": "$2.48", "2008-09-30": "$2.97", "2008-06-30": "$3.14", "2008-03-31": "$6.90", "2007-12-31": "$4.70", "2007-09-30": "$5.15", "2007-06-30": "$5.44", "2007-03-31": "$6.41", "2006-12-31": "$6.25"}, "net worth": {"value": "$78.93B"}, "current ratio": {"2020-12-31": "0.79", "2020-09-30": "0.77", "2020-06-30": "0.75", "2020-03-31": "0.71", "2019-12-31": "0.59", "2019-09-30": "0.56", "2019-06-30": "0.56", "2019-03-31": "0.62", "2018-12-31": "0.20", "2018-09-30": "0.60", "2018-06-30": "0.65", "2018-03-31": "0.65", "2017-12-31": "0.64", "2017-09-30": "0.77", "2017-06-30": "0.83", "2017-03-31": "0.92", "2016-12-31": "0.98", "2016-09-30": "0.93", "2016-06-30": "0.84", "2016-03-31": "0.87", "2015-12-31": "0.70", "2015-09-30": "0.84", "2015-06-30": "0.74", "2015-03-31": "0.81", "2014-12-31": "0.90", "2014-09-30": "0.77", "2014-06-30": "0.89", "2014-03-31": "0.92", "2013-12-31": "0.93", "2013-09-30": "0.91", "2013-06-30": "0.83", "2013-03-31": "0.75", "2012-12-31": "0.77", "2012-09-30": "0.94", "2012-06-30": "0.85", "2012-03-31": "0.90", "2011-12-31": "0.93", "2011-09-30": "0.94", "2011-06-30": "1.04", "2011-03-31": "0.89", "2010-12-31": "0.87", "2010-09-30": "0.87", "2010-06-30": "0.84", "2010-03-31": "0.78", "2009-12-31": "0.72", "2009-09-30": "0.70", "2009-06-30": "0.70", "2009-03-31": "0.84", "2008-12-31": "1.55", "2008-09-30": "0.59", "2008-06-30": "0.52", "2008-03-31": "0.78", "2007-12-31": "1.22", "2007-09-30": "1.08", "2007-06-30": "1.08", "2007-03-31": "1.38", "2006-12-31": "1.03", "2006-09-30": "0.96", "2006-06-30": "1.01", "2006-03-31": "0.95", "2005-12-31": "0.99", "2005-09-30": "1.02", "2005-06-30": "0.98", "2005-03-31": "1.05"}, "quick ratio": {"2020-12-31": "0.57", "2020-09-30": "0.55", "2020-06-30": "0.54", "2020-03-31": "0.53", "2019-12-31": "0.31", "2019-09-30": "0.27", "2019-06-30": "0.28", "2019-03-31": "0.39", "2018-12-31": "0.09", "2018-09-30": "0.36", "2018-06-30": "0.31", "2018-03-31": "0.34", "2017-12-31": "0.31", "2017-09-30": "0.48", "2017-06-30": "0.47", "2017-03-31": "0.66", "2016-12-31": "0.71", "2016-09-30": "0.64", "2016-06-30": "0.48", "2016-03-31": "0.63", "2015-12-31": "0.41", "2015-09-30": "0.54", "2015-06-30": "0.43", "2015-03-31": "0.58", "2014-12-31": "0.63", "2014-09-30": "0.51", "2014-06-30": "0.52", "2014-03-31": "0.66", "2013-12-31": "0.67", "2013-09-30": "0.70", "2013-06-30": "0.59", "2013-03-31": "0.56", "2012-12-31": "0.55", "2012-09-30": "0.68", "2012-06-30": "0.57", "2012-03-31": "0.69", "2011-12-31": "0.69", "2011-09-30": "0.71", "2011-06-30": "0.73", "2011-03-31": "0.66", "2010-12-31": "0.61", "2010-09-30": "0.61", "2010-06-30": "0.54", "2010-03-31": "0.58", "2009-12-31": "0.50", "2009-09-30": "0.45", "2009-06-30": "0.43", "2009-03-31": "0.63", "2008-12-31": "1.40", "2008-09-30": "0.43", "2008-06-30": "0.35", "2008-03-31": "0.66", "2007-12-31": "1.15", "2007-09-30": "0.62", "2007-06-30": "0.60", "2007-03-31": "0.57", "2006-12-31": "0.69", "2006-09-30": "0.53", "2006-06-30": "0.57", "2006-03-31": "0.45", "2005-12-31": "0.58", "2005-09-30": "0.58", "2005-06-30": "0.59", "2005-03-31": "0.60"}, "debt equity ratio": {"current": "9.56", "2020-12-31": "15.21", "2020-09-30": "13.43", "2020-06-30": "7.68", "2020-03-31": "6.93", "2019-12-31": "6.80", "2019-09-30": "3.97", "2019-06-30": "2.98", "2019-03-31": "3.21", "2018-12-31": "2.75", "2018-09-30": "1.84", "2018-06-30": "1.73", "2018-03-31": "1.85", "2017-12-31": "1.81", "2017-09-30": "2.63", "2017-06-30": "2.52", "2017-03-31": "2.77", "2016-12-31": "2.60", "2016-09-30": "10.18", "2016-06-30": "8.97", "2016-03-31": "11.40", "2015-12-31": "9.95", "2015-09-30": "10.11", "2015-06-30": "10.49", "2015-03-31": "12.53", "2014-12-31": "10.45", "2014-09-30": "6.94", "2014-06-30": "6.58", "2014-03-31": "7.61", "2013-12-31": "7.47", "2013-09-30": "8.03", "2013-06-30": "8.66", "2013-03-31": "9.09", "2012-12-31": "10.15", "2012-09-30": "8.06", "2012-06-30": "7.08", "2012-03-31": "9.21", "2011-12-31": "8.98", "2011-09-30": "7.42", "2011-06-30": "6.95", "2011-03-31": "6.07", "2010-12-31": "6.20", "2010-09-30": "6.20", "2010-06-30": "6.79", "2010-03-31": "7.91", "2009-12-31": "8.01", "2009-09-30": "8.64", "2009-06-30": "9.71", "2009-03-31": "12.90", "2008-12-31": "8.62", "2008-09-30": "3.95", "2008-06-30": "4.30", "2008-03-31": "4.49", "2007-12-31": "2.06", "2007-09-30": "2.00", "2007-06-30": "2.06", "2007-03-31": "2.07", "2006-12-31": "1.63", "2006-09-30": "1.62", "2006-06-30": "1.69", "2006-03-31": "1.75", "2005-12-31": "2.02", "2005-09-30": "2.08", "2005-06-30": "2.24", "2005-03-31": "2.16"}, "return on equity": {"2020-12-31": "96.10%", "2020-09-30": "13.23%", "2020-06-30": "-12.54%", "2020-03-31": "-9.12%", "2019-12-31": "-11.43%", "2019-09-30": "13.06%", "2019-06-30": "42.86%", "2019-03-31": "41.09%", "2018-12-31": "45.25%", "2018-09-30": "68.73%", "2018-06-30": "72.10%", "2018-03-31": "77.31%", "2017-12-31": "78.17%", "2017-09-30": "124.97%", "2017-06-30": "145.85%", "2017-03-31": "185.04%", "2016-12-31": "263.11%", "2016-09-30": "177.68%", "2016-06-30": "193.66%", "2016-03-31": "192.64%", "2015-12-31": "189.27%", "2015-09-30": "186.53%", "2015-06-30": "161.50%", "2015-03-31": "137.87%", "2014-12-31": "127.99%", "2014-09-30": "102.23%", "2014-06-30": "104.02%", "2014-03-31": "109.57%", "2013-12-31": "119.07%", "2013-09-30": "143.80%", "2013-06-30": "124.14%", "2013-03-31": "117.10%", "2012-12-31": "110.99%", "2012-09-30": "100.45%", "2012-06-30": "109.76%", "2012-03-31": "88.43%", "2011-12-31": "74.24%", "2011-09-30": "70.07%", "2011-06-30": "66.84%", "2011-03-31": "79.00%", "2010-12-31": "81.32%", "2010-09-30": "82.41%", "2010-06-30": "83.51%", "2010-03-31": "89.06%", "2009-12-31": "92.12%", "2009-09-30": "99.71%", "2009-06-30": "95.80%", "2009-03-31": "89.35%", "2008-12-31": "126.02%", "2008-09-30": "81.19%", "2008-06-30": "73.29%", "2008-03-31": "66.55%", "2007-12-31": "58.56%", "2007-09-30": "48.23%", "2007-06-30": "38.74%", "2007-03-31": "33.46%", "2006-12-31": "30.31%", "2006-09-30": "29.35%", "2006-06-30": "30.69%", "2006-03-31": "31.93%", "2005-12-31": "30.69%"}, "return on assets": {"2020-12-31": "9.07%", "2020-09-30": "1.46%", "2020-06-30": "-1.80%", "2020-03-31": "-1.64%", "2019-12-31": "-2.38%", "2019-09-30": "3.13%", "2019-06-30": "11.67%", "2019-03-31": "12.25%", "2018-12-31": "14.92%", "2018-09-30": "24.48%", "2018-06-30": "24.28%", "2018-03-31": "24.46%", "2017-12-31": "23.03%", "2017-09-30": "34.45%", "2017-06-30": "34.92%", "2017-03-31": "36.83%", "2016-12-31": "39.42%", "2016-09-30": "16.03%", "2016-06-30": "17.50%", "2016-03-31": "16.79%", "2015-12-31": "16.15%", "2015-09-30": "15.75%", "2015-06-30": "15.12%", "2015-03-31": "14.41%", "2014-12-31": "14.74%", "2014-09-30": "12.56%", "2014-06-30": "12.38%", "2014-03-31": "12.29%", "2013-12-31": "12.84%", "2013-09-30": "14.50%", "2013-06-30": "12.50%", "2013-03-31": "12.37%", "2012-12-31": "11.68%", "2012-09-30": "10.82%", "2012-06-30": "12.06%", "2012-03-31": "9.78%", "2011-12-31": "9.04%", "2011-09-30": "9.20%", "2011-06-30": "9.11%", "2011-03-31": "10.82%", "2010-12-31": "10.53%", "2010-09-30": "10.10%", "2010-06-30": "9.50%", "2010-03-31": "9.37%", "2009-12-31": "8.72%", "2009-09-30": "9.19%", "2009-06-30": "10.28%", "2009-03-31": "11.42%", "2008-12-31": "20.85%", "2008-09-30": "20.59%", "2008-06-30": "21.02%", "2008-03-31": "20.54%", "2007-12-31": "19.23%", "2007-09-30": "16.88%", "2007-06-30": "14.11%", "2007-03-31": "12.43%", "2006-12-31": "11.35%", "2006-09-30": "10.63%", "2006-06-30": "10.68%", "2006-03-31": "10.60%", "2005-12-31": "9.83%"}, "return on investments": {"2020-12-31": "33.76%", "2020-09-30": "32.66%", "2020-06-30": "30.48%", "2020-03-31": "28.55%", "2019-12-31": "26.90%", "2019-09-30": "26.26%", "2019-06-30": "27.08%", "2019-03-31": "29.15%", "2018-12-31": "32.75%", "2018-09-30": "33.99%", "2018-06-30": "34.51%", "2018-03-31": "35.42%", "2017-12-31": "35.89%", "2017-09-30": "35.55%", "2017-06-30": "38.11%", "2017-03-31": "42.16%", "2016-12-31": "46.69%", "2016-09-30": "54.49%", "2016-06-30": "54.90%", "2016-03-31": "53.97%", "2015-12-31": "53.40%", "2015-09-30": "52.23%", "2015-06-30": "49.38%", "2015-03-31": "45.93%", "2014-12-31": "43.43%", "2014-09-30": "41.95%", "2014-06-30": "42.76%", "2014-03-31": "44.09%", "2013-12-31": "48.33%", "2013-09-30": "50.01%", "2013-06-30": "48.35%", "2013-03-31": "46.93%", "2012-12-31": "42.99%", "2012-09-30": "39.86%", "2012-06-30": "39.47%", "2012-03-31": "35.57%", "2011-12-31": "34.55%", "2011-09-30": "35.02%", "2011-06-30": "34.53%", "2011-03-31": "36.79%", "2010-12-31": "37.35%", "2010-09-30": "36.77%", "2010-06-30": "35.76%", "2010-03-31": "37.60%", "2009-12-31": "36.15%", "2009-09-30": "38.02%", "2009-06-30": "45.96%", "2009-03-31": "55.99%", "2008-12-31": "78.35%", "2008-09-30": "54.25%", "2008-06-30": "36.75%", "2008-03-31": "26.28%", "2007-12-31": "20.57%", "2007-09-30": "23.88%", "2007-06-30": "24.23%", "2007-03-31": "24.45%", "2006-12-31": "24.45%", "2006-09-30": "24.42%", "2006-06-30": "26.28%", "2006-03-31": "28.95%", "2005-12-31": "31.56%"}, "return on tangible equity": {"2020-09-30": "-5.89%", "2020-06-30": "8.75%", "2020-03-31": "10.48%", "2019-12-31": "20.50%", "2019-09-30": "-42.71%", "2019-06-30": "-221.48%", "2019-03-31": "-241.49%", "2018-12-31": "-305.51%", "2018-09-30": "-487.71%", "2018-06-30": "-356.35%", "2018-03-31": "-284.36%", "2017-12-31": "-227.00%", "2017-09-30": "-306.87%", "2017-06-30": "-201.43%", "2017-03-31": "-150.14%", "2016-12-31": "-119.26%", "2016-09-30": "-36.14%", "2016-06-30": "-39.14%", "2016-03-31": "-37.46%", "2015-12-31": "-35.93%", "2015-09-30": "-35.92%", "2015-06-30": "-35.88%", "2015-03-31": "-35.57%", "2014-12-31": "-37.86%", "2014-09-30": "-33.11%", "2014-06-30": "-32.94%", "2014-03-31": "-32.52%", "2013-12-31": "-33.77%", "2013-09-30": "-37.56%", "2013-06-30": "-32.10%", "2013-03-31": "-32.19%", "2012-12-31": "-30.85%", "2012-09-30": "-29.14%", "2012-06-30": "-33.31%", "2012-03-31": "-27.61%", "2011-12-31": "-26.53%", "2011-09-30": "-27.94%", "2011-06-30": "-28.04%", "2011-03-31": "-32.87%", "2010-12-31": "-31.08%", "2010-09-30": "-28.99%", "2010-06-30": "-26.39%", "2010-03-31": "-25.64%", "2009-12-31": "-23.39%", "2009-09-30": "-30.18%", "2009-06-30": "-45.91%", "2009-03-31": "-95.85%", "2008-12-31": "623.85%", "2008-09-30": "133.96%", "2008-06-30": "122.30%", "2008-03-31": "113.37%", "2007-12-31": "103.26%", "2007-09-30": "78.72%", "2007-06-30": "104.94%", "2007-03-31": "155.54%", "2006-12-31": "277.23%", "2006-09-30": "-207.57%", "2006-06-30": "-169.89%", "2006-03-31": "-140.83%", "2005-12-31": "-126.03%"}, "dividend yield history": {"last payout": "$3.44", "last yield": "8.10%"}}