{"ticker": "ALXN", "price": {"title": "Alexion Pharmaceuticals Historical Annual Stock Price Data", "value": 154.59, "historical": {"2021": {"Average Stock Price": "156.5743", "Year Open": "156.8100", "Year High": "161.7500", "Year Low": "153.3300", "Year Close": "154.5900", "Annual % Change": "-1.06%"}, "2020": {"Average Stock Price": "110.2840", "Year Open": "107.8400", "Year High": "158.0300", "Year Low": "75.5600", "Year Close": "156.2400", "Annual % Change": "44.47%"}, "2019": {"Average Stock Price": "118.1113", "Year Open": "98.0500", "Year High": "141.3000", "Year Low": "94.8400", "Year Close": "108.1500", "Annual % Change": "11.08%"}, "2018": {"Average Stock Price": "120.0025", "Year Open": "124.0500", "Year High": "139.0100", "Year Low": "93.9400", "Year Close": "97.3600", "Annual % Change": "-18.59%"}, "2017": {"Average Stock Price": "125.7262", "Year Open": "122.6300", "Year High": "146.6900", "Year Low": "97.7000", "Year Close": "119.5900", "Annual % Change": "-2.26%"}, "2016": {"Average Stock Price": "134.8574", "Year Open": "184.6800", "Year High": "184.9000", "Year Low": "110.0100", "Year Close": "122.3500", "Annual % Change": "-35.86%"}, "2015": {"Average Stock Price": "177.6471", "Year Open": "186.6000", "Year High": "207.8400", "Year Low": "145.6000", "Year Close": "190.7500", "Annual % Change": "3.09%"}, "2014": {"Average Stock Price": "166.7312", "Year Open": "133.4400", "Year High": "200.7900", "Year Low": "129.8200", "Year Close": "185.0300", "Annual % Change": "39.24%"}, "2013": {"Average Stock Price": "104.9874", "Year Open": "100.0500", "Year High": "132.9100", "Year Low": "83.3900", "Year Close": "132.8840", "Annual % Change": "41.76%"}, "2012": {"Average Stock Price": "94.2987", "Year Open": "70.5700", "Year High": "118.1500", "Year Low": "70.2900", "Year Close": "93.7400", "Annual % Change": "31.10%"}, "2011": {"Average Stock Price": "53.8780", "Year Open": "40.6650", "Year High": "71.5500", "Year Low": "40.6650", "Year Close": "71.5000", "Annual % Change": "77.53%"}, "2010": {"Average Stock Price": "29.1347", "Year Open": "24.1250", "Year High": "41.1700", "Year Low": "22.7500", "Year Close": "40.2750", "Annual % Change": "64.99%"}, "2009": {"Average Stock Price": "20.1819", "Year Open": "18.0650", "Year High": "24.4100", "Year Low": "15.8250", "Year Close": "24.4100", "Annual % Change": "34.90%"}, "2008": {"Average Stock Price": "18.1343", "Year Open": "18.8775", "Year High": "23.7525", "Year Low": "12.7425", "Year Close": "18.0950", "Annual % Change": "-3.53%"}, "2007": {"Average Stock Price": "13.6236", "Year Open": "10.1525", "Year High": "19.9500", "Year Low": "8.9425", "Year Close": "18.7575", "Annual % Change": "85.76%"}, "2006": {"Average Stock Price": "8.7138", "Year Open": "5.0725", "Year High": "11.3500", "Year Low": "5.0150", "Year Close": "10.0975", "Annual % Change": "99.46%"}, "2005": {"Average Stock Price": "6.0305", "Year Open": "6.0925", "Year High": "7.4975", "Year Low": "4.6550", "Year Close": "5.0625", "Annual % Change": "-19.64%"}, "2004": {"Average Stock Price": "4.9553", "Year Open": "4.3125", "Year High": "6.3750", "Year Low": "3.3925", "Year Close": "6.3000", "Annual % Change": "48.15%"}, "2003": {"Average Stock Price": "3.8359", "Year Open": "3.6250", "Year High": "5.2300", "Year Low": "2.5850", "Year Close": "4.2525", "Annual % Change": "20.47%"}, "2002": {"Average Stock Price": "4.0792", "Year Open": "5.7750", "Year High": "6.5650", "Year Low": "2.3950", "Year Close": "3.5300", "Annual % Change": "-42.23%"}, "2001": {"Average Stock Price": "6.3246", "Year Open": "15.3900", "Year High": "18.6875", "Year Low": "3.7375", "Year Close": "6.1100", "Annual % Change": "-62.37%"}, "2000": {"Average Stock Price": "17.8134", "Year Open": "7.3750", "Year High": "29.0750", "Year Low": "6.9375", "Year Close": "16.2350", "Annual % Change": "115.53%"}, "1999": {"Average Stock Price": "3.2124", "Year Open": "3.1250", "Year High": "7.8450", "Year Low": "2.1095", "Year Close": "7.5325", "Annual % Change": "125.19%"}, "1998": {"Average Stock Price": "2.7282", "Year Open": "2.9700", "Year High": "3.7500", "Year Low": "1.5000", "Year Close": "3.3450", "Annual % Change": "7.04%"}, "1997": {"Average Stock Price": "2.7061", "Year Open": "2.1875", "Year High": "3.8450", "Year Low": "2.0313", "Year Close": "3.1250", "Annual % Change": "43.84%"}}}, "market cap": {"value": "$34.11B"}, "income statement": {"Revenue": {"2020-12-31": "6069.90000", "2019-12-31": "4991.10000", "2018-12-31": "4131.20000", "2017-12-31": "3551.10000", "2016-12-31": "3084.10000", "2015-12-31": "2604.00000", "2014-12-31": "2234.00000", "2013-12-31": "1551.34600", "2012-12-31": "1134.11400", "2011-12-31": "783.43100", "2010-12-31": "540.95700", "2009-12-31": "386.80000", "2008-12-31": "259.09900", "2007-12-31": "72.04100", "2006-12-31": "1.55800", "2005-07-31": "1.06400"}, "Cost Of Goods Sold": {"2020-12-31": "553.50000", "2019-12-31": "394.50000", "2018-12-31": "374.30000", "2017-12-31": "454.20000", "2016-12-31": "258.30000", "2015-12-31": "233.10000", "2014-12-31": "174.00000", "2013-12-31": "177.55600", "2012-12-31": "72.83700", "2011-12-31": "93.14000", "2010-12-31": "64.43700", "2009-12-31": "45.05900", "2008-12-31": "28.36600", "2007-12-31": "6.69600", "2006-12-31": "", "2005-07-31": ""}, "Gross Profit": {"2020-12-31": "5516.40000", "2019-12-31": "4596.60000", "2018-12-31": "3756.90000", "2017-12-31": "3096.90000", "2016-12-31": "2825.80000", "2015-12-31": "2370.90000", "2014-12-31": "2060.00000", "2013-12-31": "1373.79000", "2012-12-31": "1061.27700", "2011-12-31": "690.29100", "2010-12-31": "476.52000", "2009-12-31": "341.74100", "2008-12-31": "230.73300", "2007-12-31": "65.34500", "2006-12-31": "1.55800", "2005-07-31": "1.06400"}, "Research And Development Expenses": {"2020-12-31": "1002.90000", "2019-12-31": "886.00000", "2018-12-31": "730.40000", "2017-12-31": "878.40000", "2016-12-31": "757.20000", "2015-12-31": "709.50000", "2014-12-31": "514.00000", "2013-12-31": "317.09300", "2012-12-31": "222.73200", "2011-12-31": "137.42100", "2010-12-31": "98.39400", "2009-12-31": "81.91500", "2008-12-31": "62.58100", "2007-12-31": "68.96100", "2006-12-31": "83.22500", "2005-07-31": "91.38800"}, "SG&A Expenses": {"2020-12-31": "1399.90000", "2019-12-31": "1261.10000", "2018-12-31": "1111.80000", "2017-12-31": "1094.40000", "2016-12-31": "953.00000", "2015-12-31": "862.60000", "2014-12-31": "630.00000", "2013-12-31": "489.72000", "2012-12-31": "384.67800", "2011-12-31": "308.17600", "2010-12-31": "226.76600", "2009-12-31": "172.76700", "2008-12-31": "133.54300", "2007-12-31": "96.14200", "2006-12-31": "55.41800", "2005-07-31": "18.95100"}, "Other Operating Income Or Expenses": {"2020-12-31": "-2099.70000", "2019-12-31": "-11.60000", "2018-12-31": "-116.50000", "2017-12-31": "-72.00000", "2016-12-31": "-120.70000", "2015-12-31": "-64.20000", "2014-12-31": "-32.00000", "2013-12-31": "-37.52700", "2012-12-31": "-26.30000", "2011-12-31": "", "2010-12-31": "0.00000", "2009-12-31": "", "2008-12-31": "", "2007-12-31": "", "2006-12-31": "", "2005-07-31": ""}, "Operating Expenses": {"2020-12-31": "5437.60000", "2019-12-31": "2870.70000", "2018-12-31": "3861.60000", "2017-12-31": "2923.70000", "2016-12-31": "2416.70000", "2015-12-31": "2067.30000", "2014-12-31": "1365.00000", "2013-12-31": "1023.33600", "2012-12-31": "729.77600", "2011-12-31": "552.60500", "2010-12-31": "390.31900", "2009-12-31": "299.74100", "2008-12-31": "224.49000", "2007-12-31": "171.79900", "2006-12-31": "138.64300", "2005-07-31": "110.33900"}, "Operating Income": {"2020-12-31": "632.30030", "2019-12-31": "2120.40000", "2018-12-31": "269.60010", "2017-12-31": "627.39990", "2016-12-31": "667.40010", "2015-12-31": "536.70000", "2014-12-31": "869.00000", "2013-12-31": "528.00990", "2012-12-31": "404.33800", "2011-12-31": "230.82600", "2010-12-31": "150.63800", "2009-12-31": "87.05900", "2008-12-31": "34.60900", "2007-12-31": "-99.75800", "2006-12-31": "-137.08500", "2005-07-31": "-109.27500"}, "Total Non-Operating Income/Expense": {"2020-12-31": "-63.30000", "2019-12-31": "58.40000", "2018-12-31": "-27.40000", "2017-12-31": "-79.60000", "2016-12-31": "-91.20000", "2015-12-31": "-38.60000", "2014-12-31": "3.00000", "2013-12-31": "-1.74100", "2012-12-31": "-6.77200", "2011-12-31": "-1.15800", "2010-12-31": "-1.62700", "2009-12-31": "-3.74500", "2008-12-31": "0.12100", "2007-12-31": "6.72300", "2006-12-31": "5.19800", "2005-07-31": "-0.24000"}, "Pre-Tax Income": {"2020-12-31": "569.00000", "2019-12-31": "2178.80000", "2018-12-31": "242.20000", "2017-12-31": "547.80000", "2016-12-31": "576.20000", "2015-12-31": "498.10000", "2014-12-31": "872.00000", "2013-12-31": "526.26900", "2012-12-31": "397.56600", "2011-12-31": "229.66800", "2010-12-31": "149.01100", "2009-12-31": "83.31400", "2008-12-31": "34.73000", "2007-12-31": "-93.03500", "2006-12-31": "-131.88700", "2005-07-31": "-109.51500"}, "Income Taxes": {"2020-12-31": "-34.40000", "2019-12-31": "-225.50000", "2018-12-31": "164.60000", "2017-12-31": "104.50000", "2016-12-31": "176.80000", "2015-12-31": "353.70000", "2014-12-31": "215.00000", "2013-12-31": "273.37400", "2012-12-31": "142.74400", "2011-12-31": "54.35300", "2010-12-31": "51.98100", "2009-12-31": "-211.85200", "2008-12-31": "1.58100", "2007-12-31": "-0.74500", "2006-12-31": "-0.37300", "2005-07-31": "-0.76500"}, "Income After Taxes": {"2020-12-31": "603.40000", "2019-12-31": "2404.30000", "2018-12-31": "77.60000", "2017-12-31": "443.30000", "2016-12-31": "399.40000", "2015-12-31": "144.40000", "2014-12-31": "657.00000", "2013-12-31": "252.89500", "2012-12-31": "254.82200", "2011-12-31": "175.31500", "2010-12-31": "97.03000", "2009-12-31": "295.16600", "2008-12-31": "33.14900", "2007-12-31": "-92.29000", "2006-12-31": "-131.51400", "2005-07-31": "-108.75000"}, "Other Income": {"2020-12-31": "", "2019-12-31": "", "2018-12-31": "", "2017-12-31": "", "2016-12-31": "", "2015-12-31": "", "2014-12-31": "", "2013-12-31": "", "2012-12-31": "", "2011-12-31": "", "2010-12-31": "", "2009-12-31": "", "2008-12-31": "", "2007-12-31": "", "2006-12-31": "", "2005-07-31": ""}, "Income From Continuous Operations": {"2020-12-31": "603.40000", "2019-12-31": "2404.30000", "2018-12-31": "77.60000", "2017-12-31": "443.30000", "2016-12-31": "399.40000", "2015-12-31": "144.40000", "2014-12-31": "657.00000", "2013-12-31": "252.89500", "2012-12-31": "254.82200", "2011-12-31": "175.31500", "2010-12-31": "97.03000", "2009-12-31": "295.16600", "2008-12-31": "33.14900", "2007-12-31": "-92.29000", "2006-12-31": "-131.51400", "2005-07-31": "-108.75000"}, "Income From Discontinued Operations": {"2020-12-31": "", "2019-12-31": "", "2018-12-31": "", "2017-12-31": "", "2016-12-31": "", "2015-12-31": "", "2014-12-31": "", "2013-12-31": "", "2012-12-31": "", "2011-12-31": "", "2010-12-31": "", "2009-12-31": "", "2008-12-31": "", "2007-12-31": "", "2006-12-31": "", "2005-07-31": ""}, "Net Income": {"2020-12-31": "603.40000", "2019-12-31": "2404.30000", "2018-12-31": "77.60000", "2017-12-31": "443.30000", "2016-12-31": "399.40000", "2015-12-31": "144.40000", "2014-12-31": "657.00000", "2013-12-31": "252.89500", "2012-12-31": "254.82200", "2011-12-31": "175.31500", "2010-12-31": "97.03000", "2009-12-31": "295.16600", "2008-12-31": "33.14900", "2007-12-31": "-92.29000", "2006-12-31": "-131.51400", "2005-07-31": "-108.75000"}, "EBITDA": {"2020-12-31": "3015.00000", "2019-12-31": "2497.20000", "2018-12-31": "674.90010", "2017-12-31": "1124.10000", "2016-12-31": "1063.80000", "2015-12-31": "703.29990", "2014-12-31": "928.00000", "2013-12-31": "593.45900", "2012-12-31": "454.52500", "2011-12-31": "248.41800", "2010-12-31": "166.43000", "2009-12-31": "99.53200", "2008-12-31": "42.21700", "2007-12-31": "-94.83100", "2006-12-31": "-133.37900", "2005-07-31": "-105.46700"}, "EBIT": {"2020-12-31": "632.30030", "2019-12-31": "2120.40000", "2018-12-31": "269.60010", "2017-12-31": "627.39990", "2016-12-31": "667.40010", "2015-12-31": "536.70000", "2014-12-31": "869.00000", "2013-12-31": "528.00990", "2012-12-31": "404.33800", "2011-12-31": "230.82600", "2010-12-31": "150.63800", "2009-12-31": "87.05900", "2008-12-31": "34.60900", "2007-12-31": "-99.75800", "2006-12-31": "-137.08500", "2005-07-31": "-109.27500"}, "Basic Shares Outstanding": {"2020-12-31": "220.10000", "2019-12-31": "223.20000", "2018-12-31": "222.70000", "2017-12-31": "223.90000", "2016-12-31": "224.30000", "2015-12-31": "213.40000", "2014-12-31": "198.00000", "2013-12-31": "195.53200", "2012-12-31": "190.46100", "2011-12-31": "183.22000", "2010-12-31": "178.54200", "2009-12-31": "170.65200", "2008-12-31": "155.36000", "2007-12-31": "145.24400", "2006-12-31": "126.80400", "2005-07-31": "111.40800"}, "Shares Outstanding": {"2020-12-31": "222.00000", "2019-12-31": "224.80000", "2018-12-31": "224.50000", "2017-12-31": "225.40000", "2016-12-31": "226.30000", "2015-12-31": "215.90000", "2014-12-31": "202.00000", "2013-12-31": "199.71200", "2012-12-31": "198.50100", "2011-12-31": "191.80600", "2010-12-31": "186.07400", "2009-12-31": "181.16400", "2008-12-31": "179.93400", "2007-12-31": "145.24400", "2006-12-31": "126.80400", "2005-07-31": "111.40800"}, "Basic EPS": {"2020-12-31": "2.74000", "2019-12-31": "10.77000", "2018-12-31": "0.35000", "2017-12-31": "1.98000", "2016-12-31": "1.78000", "2015-12-31": "0.68000", "2014-12-31": "3.32000", "2013-12-31": "1.29000", "2012-12-31": "1.34000", "2011-12-31": "0.96000", "2010-12-31": "0.54000", "2009-12-31": "1.73000", "2008-12-31": "0.21500", "2007-12-31": "-0.63500", "2006-12-31": "-1.03500", "2005-07-31": "-0.97500"}, "EPS - Earnings Per Share": {"2020-12-31": "2.72000", "2019-12-31": "10.70000", "2018-12-31": "0.35000", "2017-12-31": "1.97000", "2016-12-31": "1.76000", "2015-12-31": "0.67000", "2014-12-31": "3.26000", "2013-12-31": "1.27000", "2012-12-31": "1.28000", "2011-12-31": "0.91000", "2010-12-31": "0.52000", "2009-12-31": "1.63000", "2008-12-31": "0.19500", "2007-12-31": "-0.63500", "2006-12-31": "-1.03500", "2005-07-31": "-0.97500"}}, "income statement, quarterly": {"Revenue": {"2020-12-31": "1591.80000", "2020-09-30": "1588.70000", "2020-06-30": "1444.60000", "2020-03-31": "1444.80000", "2019-12-31": "1384.30000", "2019-09-30": "1263.10000", "2019-06-30": "1203.30000", "2019-03-31": "1140.40000", "2018-12-31": "1128.80000", "2018-09-30": "1026.50000", "2018-06-30": "1045.00000", "2018-03-31": "930.90000", "2017-12-31": "909.70010", "2017-09-30": "859.10000", "2017-06-30": "912.70000", "2017-03-31": "869.60000", "2016-12-31": "831.10010", "2016-09-30": "799.00000", "2016-06-30": "753.00000", "2016-03-31": "701.00000", "2015-12-31": "700.82010", "2015-09-30": "666.63700", "2015-06-30": "636.21000", "2015-03-31": "600.33300", "2014-12-31": "599.74300", "2014-09-30": "555.14600", "2014-06-30": "512.49500", "2014-03-31": "566.61600", "2013-12-31": "441.90890", "2013-09-30": "400.40500", "2013-06-30": "370.09100", "2013-03-31": "338.94100", "2012-12-31": "320.52600", "2012-09-30": "294.13600", "2012-06-30": "274.71900", "2012-03-31": "244.73300", "2011-12-31": "227.55900", "2011-09-30": "204.04700", "2011-06-30": "185.69900", "2011-03-31": "166.12600", "2010-12-31": "155.97600", "2010-09-30": "141.56900", "2010-06-30": "125.83400", "2010-03-31": "117.57800", "2009-12-31": "110.64900", "2009-09-30": "102.62800", "2009-06-30": "92.25600", "2009-03-31": "81.26700", "2008-12-31": "77.39900", "2008-09-30": "76.50000", "2008-06-30": "59.55900", "2008-03-31": "45.64100", "2007-12-31": "33.85800", "2007-09-30": "22.11000", "2007-06-30": "9.75600", "2007-03-31": "6.31700", "2006-12-31": "0.18800", "2006-09-30": "0.26300", "2006-06-30": "0.33900", "2006-03-31": "0.76800", "2005-12-31": "", "2005-10-31": "0.46000", "2005-09-30": "0.38400", "2005-07-31": "0.20300", "2005-06-30": "0.16700", "2005-04-30": "0.15100", "2005-03-31": "0.56500", "2005-01-31": "0.56300"}, "Cost Of Goods Sold": {"2020-12-31": "152.20000", "2020-09-30": "144.70000", "2020-06-30": "144.90000", "2020-03-31": "111.70000", "2019-12-31": "114.30000", "2019-09-30": "95.20000", "2019-06-30": "99.20000", "2019-03-31": "85.80000", "2018-12-31": "96.80000", "2018-09-30": "90.60000", "2018-06-30": "95.30000", "2018-03-31": "91.60000", "2017-12-31": "144.60000", "2017-09-30": "157.00000", "2017-06-30": "83.60000", "2017-03-31": "69.00000", "2016-12-31": "68.30000", "2016-09-30": "71.00000", "2016-06-30": "60.00000", "2016-03-31": "59.00000", "2015-12-31": "57.63700", "2015-09-30": "54.05700", "2015-06-30": "52.00700", "2015-03-31": "69.39900", "2014-12-31": "49.57700", "2014-09-30": "51.85800", "2014-06-30": "39.62600", "2014-03-31": "32.93900", "2013-12-31": "51.55200", "2013-09-30": "51.35800", "2013-06-30": "39.37700", "2013-03-31": "35.26900", "2012-12-31": "33.14700", "2012-09-30": "-20.19100", "2012-06-30": "31.61300", "2012-03-31": "28.26800", "2011-12-31": "28.79800", "2011-09-30": "23.36900", "2011-06-30": "21.74500", "2011-03-31": "19.22800", "2010-12-31": "20.22200", "2010-09-30": "16.49500", "2010-06-30": "13.72100", "2010-03-31": "13.99900", "2009-12-31": "12.89200", "2009-09-30": "11.89500", "2009-06-30": "10.31300", "2009-03-31": "9.95900", "2008-12-31": "6.81200", "2008-09-30": "8.94800", "2008-06-30": "7.14200", "2008-03-31": "5.46400", "2007-12-31": "3.39000", "2007-09-30": "2.15400", "2007-06-30": "1.06700", "2007-03-31": "0.08500", "2006-12-31": "", "2006-09-30": "", "2006-06-30": "", "2006-03-31": "", "2005-12-31": "", "2005-10-31": "", "2005-09-30": "", "2005-07-31": "", "2005-06-30": "", "2005-04-30": "", "2005-03-31": "", "2005-01-31": ""}, "Gross Profit": {"2020-12-31": "1439.60000", "2020-09-30": "1444.00000", "2020-06-30": "1299.70000", "2020-03-31": "1333.10000", "2019-12-31": "1270.00000", "2019-09-30": "1167.90000", "2019-06-30": "1104.10000", "2019-03-31": "1054.60000", "2018-12-31": "1032.00000", "2018-09-30": "935.90000", "2018-06-30": "949.70000", "2018-03-31": "839.30000", "2017-12-31": "765.10010", "2017-09-30": "702.10000", "2017-06-30": "829.10000", "2017-03-31": "800.60000", "2016-12-31": "762.80010", "2016-09-30": "728.00000", "2016-06-30": "693.00000", "2016-03-31": "642.00000", "2015-12-31": "643.18310", "2015-09-30": "612.58000", "2015-06-30": "584.20300", "2015-03-31": "530.93400", "2014-12-31": "550.16600", "2014-09-30": "503.28800", "2014-06-30": "472.86900", "2014-03-31": "533.67700", "2013-12-31": "390.35690", "2013-09-30": "349.04700", "2013-06-30": "330.71400", "2013-03-31": "303.67200", "2012-12-31": "287.37900", "2012-09-30": "314.32700", "2012-06-30": "243.10600", "2012-03-31": "216.46500", "2011-12-31": "198.76100", "2011-09-30": "180.67800", "2011-06-30": "163.95400", "2011-03-31": "146.89800", "2010-12-31": "135.75400", "2010-09-30": "125.07400", "2010-06-30": "112.11300", "2010-03-31": "103.57900", "2009-12-31": "97.75700", "2009-09-30": "90.73300", "2009-06-30": "81.94300", "2009-03-31": "71.30800", "2008-12-31": "70.58700", "2008-09-30": "67.55200", "2008-06-30": "52.41700", "2008-03-31": "40.17700", "2007-12-31": "30.46800", "2007-09-30": "19.95600", "2007-06-30": "8.68900", "2007-03-31": "6.23200", "2006-12-31": "0.18800", "2006-09-30": "0.26300", "2006-06-30": "0.33900", "2006-03-31": "0.76800", "2005-12-31": "", "2005-10-31": "0.46000", "2005-09-30": "0.38400", "2005-07-31": "0.20300", "2005-06-30": "0.16700", "2005-04-30": "0.15100", "2005-03-31": "0.56500", "2005-01-31": "0.56300"}, "Research And Development Expenses": {"2020-12-31": "295.00000", "2020-09-30": "285.90000", "2020-06-30": "221.10000", "2020-03-31": "200.90000", "2019-12-31": "269.60000", "2019-09-30": "232.90000", "2019-06-30": "187.60000", "2019-03-31": "195.90000", "2018-12-31": "205.60000", "2018-09-30": "174.80000", "2018-06-30": "173.40000", "2018-03-31": "176.60000", "2017-12-31": "265.00000", "2017-09-30": "195.70000", "2017-06-30": "198.20000", "2017-03-31": "219.50000", "2016-12-31": "206.20000", "2016-09-30": "195.00000", "2016-06-30": "180.00000", "2016-03-31": "176.00000", "2015-12-31": "191.06300", "2015-09-30": "165.66400", "2015-06-30": "131.69300", "2015-03-31": "221.08000", "2014-12-31": "129.32800", "2014-09-30": "100.66100", "2014-06-30": "92.55400", "2014-03-31": "191.45700", "2013-12-31": "85.78500", "2013-09-30": "88.20900", "2013-06-30": "68.56300", "2013-03-31": "74.53600", "2012-12-31": "63.40900", "2012-09-30": "54.28000", "2012-06-30": "59.63500", "2012-03-31": "45.40800", "2011-12-31": "34.39800", "2011-09-30": "36.56700", "2011-06-30": "35.64600", "2011-03-31": "30.81000", "2010-12-31": "27.17700", "2010-09-30": "25.15300", "2010-06-30": "23.69000", "2010-03-31": "22.37400", "2009-12-31": "23.21500", "2009-09-30": "21.32300", "2009-06-30": "18.28800", "2009-03-31": "19.08900", "2008-12-31": "15.27300", "2008-09-30": "14.87400", "2008-06-30": "16.82500", "2008-03-31": "15.60900", "2007-12-31": "15.64100", "2007-09-30": "16.90600", "2007-06-30": "15.19500", "2007-03-31": "21.21900", "2006-12-31": "17.34400", "2006-09-30": "21.20500", "2006-06-30": "23.46200", "2006-03-31": "21.21400", "2005-12-31": "", "2005-10-31": "30.27400", "2005-09-30": "31.78800", "2005-07-31": "27.61600", "2005-06-30": "29.23900", "2005-04-30": "25.02100", "2005-03-31": "20.27700", "2005-01-31": "20.08800"}, "SG&A Expenses": {"2020-12-31": "444.40000", "2020-09-30": "334.20000", "2020-06-30": "301.40000", "2020-03-31": "319.90000", "2019-12-31": "381.00000", "2019-09-30": "299.30000", "2019-06-30": "299.30000", "2019-03-31": "281.50000", "2018-12-31": "318.70000", "2018-09-30": "258.70000", "2018-06-30": "277.30000", "2018-03-31": "257.10000", "2017-12-31": "296.40010", "2017-09-30": "270.60000", "2017-06-30": "265.60000", "2017-03-31": "261.80000", "2016-12-31": "258.00000", "2016-09-30": "230.00000", "2016-06-30": "232.00000", "2016-03-31": "233.00000", "2015-12-31": "241.58100", "2015-09-30": "212.52000", "2015-06-30": "221.38300", "2015-03-31": "187.11600", "2014-12-31": "183.56700", "2014-09-30": "157.66500", "2014-06-30": "159.47700", "2014-03-31": "129.29100", "2013-12-31": "134.81900", "2013-09-30": "122.88600", "2013-06-30": "123.18900", "2013-03-31": "108.82600", "2012-12-31": "112.62400", "2012-09-30": "89.95700", "2012-06-30": "94.85500", "2012-03-31": "87.24200", "2011-12-31": "86.56600", "2011-09-30": "77.57200", "2011-06-30": "78.18000", "2011-03-31": "65.85800", "2010-12-31": "62.82500", "2010-09-30": "57.20800", "2010-06-30": "56.09800", "2010-03-31": "50.63500", "2009-12-31": "51.88700", "2009-09-30": "41.52300", "2009-06-30": "42.70500", "2009-03-31": "36.65200", "2008-12-31": "38.79100", "2008-09-30": "32.06400", "2008-06-30": "32.90700", "2008-03-31": "29.78100", "2007-12-31": "28.57200", "2007-09-30": "24.94400", "2007-06-30": "22.78800", "2007-03-31": "19.83800", "2006-12-31": "23.73000", "2006-09-30": "12.12100", "2006-06-30": "11.42100", "2006-03-31": "8.14600", "2005-12-31": "", "2005-10-31": "6.48400", "2005-09-30": "6.41500", "2005-07-31": "6.21500", "2005-06-30": "5.63200", "2005-04-30": "4.77700", "2005-03-31": "4.76900", "2005-01-31": "4.28000"}, "Other Operating Income Or Expenses": {"2020-12-31": "-16.20000", "2020-09-30": "-8.60000", "2020-06-30": "-2069.10000", "2020-03-31": "-5.80000", "2019-12-31": "-4.40000", "2019-09-30": "-29.80000", "2019-06-30": "-6.10000", "2019-03-31": "28.70000", "2018-12-31": "-5.60000", "2018-09-30": "-53.50000", "2018-06-30": "-4.70000", "2018-03-31": "-52.70000", "2017-12-31": "-9.20000", "2017-09-30": "-3.70000", "2017-06-30": "-55.60000", "2017-03-31": "-3.50000", "2016-12-31": "-89.70000", "2016-09-30": "-41.00000", "2016-06-30": "-5.00000", "2016-03-31": "15.00000", "2015-12-31": "-18.49300", "2015-09-30": "-29.68400", "2015-06-30": "-4.04400", "2015-03-31": "-11.97900", "2014-12-31": "-28.53600", "2014-09-30": "", "2014-06-30": "", "2014-03-31": "-3.46400", "2013-12-31": "", "2013-09-30": "", "2013-06-30": "", "2013-03-31": "", "2012-12-31": "", "2012-09-30": "-26.30000", "2012-06-30": "", "2012-03-31": "", "2011-12-31": "", "2011-09-30": "", "2011-06-30": "", "2011-03-31": "", "2010-12-31": "", "2010-09-30": "", "2010-06-30": "", "2010-03-31": "", "2009-12-31": "", "2009-09-30": "", "2009-06-30": "", "2009-03-31": "", "2008-12-31": "", "2008-09-30": "", "2008-06-30": "", "2008-03-31": "", "2007-12-31": "", "2007-09-30": "", "2007-06-30": "", "2007-03-31": "", "2006-12-31": "", "2006-09-30": "", "2006-06-30": "", "2006-03-31": "", "2005-12-31": "", "2005-10-31": "", "2005-09-30": "", "2005-07-31": "", "2005-06-30": "", "2005-04-30": "", "2005-03-31": "", "2005-01-31": ""}, "Operating Expenses": {"2020-12-31": "969.70000", "2020-09-30": "903.80000", "2020-06-30": "2814.80000", "2020-03-31": "749.29990", "2019-12-31": "843.30020", "2019-09-30": "733.10000", "2019-06-30": "670.70000", "2019-03-31": "623.60000", "2018-12-31": "1085.10000", "2018-09-30": "667.90000", "2018-06-30": "1445.10000", "2018-03-31": "663.50010", "2017-12-31": "801.10020", "2017-09-30": "779.00010", "2017-06-30": "686.00000", "2017-03-31": "657.60000", "2016-12-31": "703.70000", "2016-09-30": "620.00000", "2016-06-30": "558.00000", "2016-03-31": "535.00000", "2015-12-31": "603.47690", "2015-09-30": "512.06900", "2015-06-30": "455.12800", "2015-03-31": "496.62600", "2014-12-31": "395.75390", "2014-09-30": "318.48700", "2014-06-30": "293.64600", "2014-03-31": "357.11300", "2013-12-31": "303.83700", "2013-09-30": "265.13000", "2013-06-30": "232.40000", "2013-03-31": "221.96900", "2012-12-31": "212.65000", "2012-09-30": "151.41700", "2012-06-30": "191.01400", "2012-03-31": "174.69500", "2011-12-31": "152.18900", "2011-09-30": "137.84800", "2011-06-30": "136.67500", "2011-03-31": "125.89300", "2010-12-31": "110.94600", "2010-09-30": "98.85600", "2010-06-30": "93.50900", "2010-03-31": "87.00800", "2009-12-31": "87.99400", "2009-09-30": "74.74100", "2009-06-30": "71.30600", "2009-03-31": "65.70000", "2008-12-31": "60.87600", "2008-09-30": "55.88600", "2008-06-30": "56.87400", "2008-03-31": "50.85400", "2007-12-31": "47.60300", "2007-09-30": "44.00400", "2007-06-30": "39.05000", "2007-03-31": "41.14200", "2006-12-31": "41.07400", "2006-09-30": "33.32600", "2006-06-30": "34.88300", "2006-03-31": "29.36000", "2005-12-31": "", "2005-10-31": "36.75800", "2005-09-30": "38.20300", "2005-07-31": "33.83100", "2005-06-30": "34.87100", "2005-04-30": "29.79800", "2005-03-31": "25.04600", "2005-01-31": "24.36800"}, "Operating Income": {"2020-12-31": "622.10000", "2020-09-30": "684.90000", "2020-06-30": "-1370.20000", "2020-03-31": "695.50010", "2019-12-31": "540.99980", "2019-09-30": "530.00000", "2019-06-30": "532.60010", "2019-03-31": "516.80000", "2018-12-31": "43.70010", "2018-09-30": "358.60000", "2018-06-30": "-400.10000", "2018-03-31": "267.40000", "2017-12-31": "108.59990", "2017-09-30": "80.09990", "2017-06-30": "226.70000", "2017-03-31": "212.00000", "2016-12-31": "127.40010", "2016-09-30": "179.00000", "2016-06-30": "195.00000", "2016-03-31": "166.00000", "2015-12-31": "97.34310", "2015-09-30": "154.56800", "2015-06-30": "181.08200", "2015-03-31": "103.70700", "2014-12-31": "203.98900", "2014-09-30": "236.65900", "2014-06-30": "218.84900", "2014-03-31": "209.50300", "2013-12-31": "138.07190", "2013-09-30": "135.27500", "2013-06-30": "137.69100", "2013-03-31": "116.97200", "2012-12-31": "107.87600", "2012-09-30": "142.71900", "2012-06-30": "83.70500", "2012-03-31": "70.03800", "2011-12-31": "75.37000", "2011-09-30": "66.19900", "2011-06-30": "49.02400", "2011-03-31": "40.23300", "2010-12-31": "45.03000", "2010-09-30": "42.71300", "2010-06-30": "32.32500", "2010-03-31": "30.57000", "2009-12-31": "22.65500", "2009-09-30": "27.88700", "2009-06-30": "20.95000", "2009-03-31": "15.56700", "2008-12-31": "16.52300", "2008-09-30": "20.61400", "2008-06-30": "2.68500", "2008-03-31": "-5.21300", "2007-12-31": "-13.74500", "2007-09-30": "-21.89400", "2007-06-30": "-29.29400", "2007-03-31": "-34.82500", "2006-12-31": "-40.88600", "2006-09-30": "-33.06300", "2006-06-30": "-34.54400", "2006-03-31": "-28.59200", "2005-12-31": "", "2005-10-31": "-36.29800", "2005-09-30": "-37.81900", "2005-07-31": "-33.62800", "2005-06-30": "-34.70400", "2005-04-30": "-29.64700", "2005-03-31": "-24.48100", "2005-01-31": "-23.80500"}, "Total Non-Operating Income/Expense": {"2020-12-31": "-31.50000", "2020-09-30": "-18.00000", "2020-06-30": "18.10000", "2020-03-31": "-31.90000", "2019-12-31": "61.00000", "2019-09-30": "5.50000", "2019-06-30": "-33.10000", "2019-03-31": "25.00000", "2018-12-31": "-76.60000", "2018-09-30": "-16.50000", "2018-06-30": "-18.50000", "2018-03-31": "84.20000", "2017-12-31": "-19.30000", "2017-09-30": "-21.90000", "2017-06-30": "-20.40000", "2017-03-31": "-18.00000", "2016-12-31": "-23.20000", "2016-09-30": "-20.00000", "2016-06-30": "-25.00000", "2016-03-31": "-23.00000", "2015-12-31": "-22.83900", "2015-09-30": "-15.20900", "2015-06-30": "-3.79000", "2015-03-31": "3.23800", "2014-12-31": "1.24500", "2014-09-30": "-0.45000", "2014-06-30": "-0.20300", "2014-03-31": "2.40800", "2013-12-31": "-0.09500", "2013-09-30": "-0.98700", "2013-06-30": "-0.42800", "2013-03-31": "-0.23100", "2012-12-31": "-0.60600", "2012-09-30": "-1.95400", "2012-06-30": "-1.98300", "2012-03-31": "-2.22900", "2011-12-31": "-1.29200", "2011-09-30": "-0.52200", "2011-06-30": "0.06300", "2011-03-31": "0.59300", "2010-12-31": "-0.78200", "2010-09-30": "-0.10600", "2010-06-30": "-0.24200", "2010-03-31": "-0.49700", "2009-12-31": "-0.06100", "2009-09-30": "-0.20500", "2009-06-30": "-3.05600", "2009-03-31": "-0.42300", "2008-12-31": "0.22400", "2008-09-30": "-0.51000", "2008-06-30": "-0.46700", "2008-03-31": "0.87400", "2007-12-31": "0.93000", "2007-09-30": "1.73100", "2007-06-30": "2.02000", "2007-03-31": "2.04200", "2006-12-31": "1.53300", "2006-09-30": "1.10100", "2006-06-30": "1.28900", "2006-03-31": "1.27500", "2005-12-31": "", "2005-10-31": "1.09900", "2005-09-30": "0.88200", "2005-07-31": "0.62300", "2005-06-30": "-0.51800", "2005-04-30": "-3.05500", "2005-03-31": "-2.32900", "2005-01-31": "-0.75300"}, "Pre-Tax Income": {"2020-12-31": "590.60000", "2020-09-30": "666.90000", "2020-06-30": "-1352.10000", "2020-03-31": "663.60000", "2019-12-31": "602.00010", "2019-09-30": "535.50000", "2019-06-30": "499.50000", "2019-03-31": "541.80000", "2018-12-31": "-32.90000", "2018-09-30": "342.10000", "2018-06-30": "-418.60000", "2018-03-31": "351.60000", "2017-12-31": "89.30000", "2017-09-30": "58.20000", "2017-06-30": "206.30000", "2017-03-31": "194.00000", "2016-12-31": "104.20000", "2016-09-30": "159.00000", "2016-06-30": "170.00000", "2016-03-31": "143.00000", "2015-12-31": "74.50400", "2015-09-30": "139.35900", "2015-06-30": "177.29200", "2015-03-31": "106.94500", "2014-12-31": "205.23400", "2014-09-30": "236.20900", "2014-06-30": "218.64600", "2014-03-31": "211.91100", "2013-12-31": "137.97700", "2013-09-30": "134.28800", "2013-06-30": "137.26300", "2013-03-31": "116.74100", "2012-12-31": "107.27000", "2012-09-30": "140.76500", "2012-06-30": "81.72200", "2012-03-31": "67.80900", "2011-12-31": "74.07800", "2011-09-30": "65.67700", "2011-06-30": "49.08700", "2011-03-31": "40.82600", "2010-12-31": "44.24800", "2010-09-30": "42.60700", "2010-06-30": "32.08300", "2010-03-31": "30.07300", "2009-12-31": "22.59400", "2009-09-30": "27.68200", "2009-06-30": "17.89400", "2009-03-31": "15.14400", "2008-12-31": "16.74700", "2008-09-30": "20.10400", "2008-06-30": "2.21800", "2008-03-31": "-4.33900", "2007-12-31": "-12.81500", "2007-09-30": "-20.16300", "2007-06-30": "-27.27400", "2007-03-31": "-32.78300", "2006-12-31": "-39.35300", "2006-09-30": "-31.96200", "2006-06-30": "-33.25500", "2006-03-31": "-27.31700", "2005-12-31": "", "2005-10-31": "-35.19900", "2005-09-30": "-36.93700", "2005-07-31": "-33.00500", "2005-06-30": "-35.22200", "2005-04-30": "-32.70200", "2005-03-31": "-26.81000", "2005-01-31": "-24.55800"}, "Income Taxes": {"2020-12-31": "54.80000", "2020-09-30": "88.80000", "2020-06-30": "-284.00000", "2020-03-31": "106.00000", "2019-12-31": "-287.00000", "2019-09-30": "67.90000", "2019-06-30": "39.70000", "2019-03-31": "-46.10000", "2018-12-31": "12.10000", "2018-09-30": "11.20000", "2018-06-30": "38.80000", "2018-03-31": "102.50000", "2017-12-31": "59.30000", "2017-09-30": "-19.80000", "2017-06-30": "41.10000", "2017-03-31": "23.90000", "2016-12-31": "10.80000", "2016-09-30": "65.00000", "2016-06-30": "50.00000", "2016-03-31": "51.00000", "2015-12-31": "7.88500", "2015-09-30": "323.11600", "2015-06-30": "7.07700", "2015-03-31": "15.62200", "2014-12-31": "51.81400", "2014-09-30": "58.47800", "2014-06-30": "52.15100", "2014-03-31": "52.55700", "2013-12-31": "156.96900", "2013-09-30": "40.50300", "2013-06-30": "41.37800", "2013-03-31": "34.52400", "2012-12-31": "26.29800", "2012-09-30": "48.58600", "2012-06-30": "45.46400", "2012-03-31": "22.39600", "2011-12-31": "25.90800", "2011-09-30": "0.10700", "2011-06-30": "14.34200", "2011-03-31": "13.99600", "2010-12-31": "17.79800", "2010-09-30": "14.73400", "2010-06-30": "10.31000", "2010-03-31": "9.13900", "2009-12-31": "-214.53300", "2009-09-30": "0.95100", "2009-06-30": "1.09200", "2009-03-31": "0.63800", "2008-12-31": "1.41200", "2008-09-30": "0.41500", "2008-06-30": "-0.15600", "2008-03-31": "-0.09000", "2007-12-31": "-0.48700", "2007-09-30": "-0.07800", "2007-06-30": "-0.09000", "2007-03-31": "-0.09000", "2006-12-31": "-0.10300", "2006-09-30": "-0.09000", "2006-06-30": "-0.09000", "2006-03-31": "-0.09000", "2005-12-31": "", "2005-10-31": "-0.12500", "2005-09-30": "-0.36300", "2005-07-31": "-0.36300", "2005-06-30": "-0.11200", "2005-04-30": "-0.25200", "2005-03-31": "-0.22900", "2005-01-31": "-0.08800"}, "Income After Taxes": {"2020-12-31": "535.80000", "2020-09-30": "578.10000", "2020-06-30": "-1068.10000", "2020-03-31": "557.60000", "2019-12-31": "889.00020", "2019-09-30": "467.60000", "2019-06-30": "459.80000", "2019-03-31": "587.90000", "2018-12-31": "-45.00000", "2018-09-30": "330.90000", "2018-06-30": "-457.40000", "2018-03-31": "249.10000", "2017-12-31": "30.00000", "2017-09-30": "78.00000", "2017-06-30": "165.20000", "2017-03-31": "170.10000", "2016-12-31": "93.40000", "2016-09-30": "94.00000", "2016-06-30": "120.00000", "2016-03-31": "92.00000", "2015-12-31": "66.61900", "2015-09-30": "-183.75700", "2015-06-30": "170.21500", "2015-03-31": "91.32300", "2014-12-31": "153.42000", "2014-09-30": "177.73100", "2014-06-30": "166.49500", "2014-03-31": "159.35400", "2013-12-31": "-18.99200", "2013-09-30": "93.78500", "2013-06-30": "95.88500", "2013-03-31": "82.21700", "2012-12-31": "80.97200", "2012-09-30": "92.17900", "2012-06-30": "36.25800", "2012-03-31": "45.41300", "2011-12-31": "48.17000", "2011-09-30": "65.57000", "2011-06-30": "34.74500", "2011-03-31": "26.83000", "2010-12-31": "26.45000", "2010-09-30": "27.87300", "2010-06-30": "21.77300", "2010-03-31": "20.93400", "2009-12-31": "237.12700", "2009-09-30": "26.73100", "2009-06-30": "16.80200", "2009-03-31": "14.50600", "2008-12-31": "15.33500", "2008-09-30": "19.68900", "2008-06-30": "2.37400", "2008-03-31": "-4.24900", "2007-12-31": "-12.32800", "2007-09-30": "-20.08500", "2007-06-30": "-27.18400", "2007-03-31": "-32.69300", "2006-12-31": "-39.25000", "2006-09-30": "-31.87200", "2006-06-30": "-33.16500", "2006-03-31": "-27.22700", "2005-12-31": "", "2005-10-31": "-35.07400", "2005-09-30": "-36.57400", "2005-07-31": "-32.64200", "2005-06-30": "-35.11000", "2005-04-30": "-32.45000", "2005-03-31": "-26.58100", "2005-01-31": "-24.47000"}, "Other Income": {"2020-12-31": "", "2020-09-30": "", "2020-06-30": "", "2020-03-31": "", "2019-12-31": "", "2019-09-30": "", "2019-06-30": "", "2019-03-31": "", "2018-12-31": "", "2018-09-30": "", "2018-06-30": "", "2018-03-31": "", "2017-12-31": "", "2017-09-30": "", "2017-06-30": "", "2017-03-31": "", "2016-12-31": "", "2016-09-30": "", "2016-06-30": "", "2016-03-31": "", "2015-12-31": "", "2015-09-30": "", "2015-06-30": "", "2015-03-31": "", "2014-12-31": "", "2014-09-30": "", "2014-06-30": "", "2014-03-31": "", "2013-12-31": "", "2013-09-30": "", "2013-06-30": "", "2013-03-31": "", "2012-12-31": "", "2012-09-30": "", "2012-06-30": "", "2012-03-31": "", "2011-12-31": "", "2011-09-30": "", "2011-06-30": "", "2011-03-31": "", "2010-12-31": "", "2010-09-30": "", "2010-06-30": "", "2010-03-31": "", "2009-12-31": "", "2009-09-30": "", "2009-06-30": "", "2009-03-31": "", "2008-12-31": "", "2008-09-30": "", "2008-06-30": "", "2008-03-31": "", "2007-12-31": "", "2007-09-30": "", "2007-06-30": "", "2007-03-31": "", "2006-12-31": "", "2006-09-30": "", "2006-06-30": "", "2006-03-31": "", "2005-12-31": "", "2005-10-31": "", "2005-09-30": "", "2005-07-31": "", "2005-06-30": "", "2005-04-30": "", "2005-03-31": "", "2005-01-31": ""}, "Income From Continuous Operations": {"2020-12-31": "535.80000", "2020-09-30": "578.10000", "2020-06-30": "-1068.10000", "2020-03-31": "557.60000", "2019-12-31": "889.00020", "2019-09-30": "467.60000", "2019-06-30": "459.80000", "2019-03-31": "587.90000", "2018-12-31": "-45.00000", "2018-09-30": "330.90000", "2018-06-30": "-457.40000", "2018-03-31": "249.10000", "2017-12-31": "30.00000", "2017-09-30": "78.00000", "2017-06-30": "165.20000", "2017-03-31": "170.10000", "2016-12-31": "93.40000", "2016-09-30": "94.00000", "2016-06-30": "120.00000", "2016-03-31": "92.00000", "2015-12-31": "66.61900", "2015-09-30": "-183.75700", "2015-06-30": "170.21500", "2015-03-31": "91.32300", "2014-12-31": "153.42000", "2014-09-30": "177.73100", "2014-06-30": "166.49500", "2014-03-31": "159.35400", "2013-12-31": "-18.99200", "2013-09-30": "93.78500", "2013-06-30": "95.88500", "2013-03-31": "82.21700", "2012-12-31": "80.97200", "2012-09-30": "92.17900", "2012-06-30": "36.25800", "2012-03-31": "45.41300", "2011-12-31": "48.17000", "2011-09-30": "65.57000", "2011-06-30": "34.74500", "2011-03-31": "26.83000", "2010-12-31": "26.45000", "2010-09-30": "27.87300", "2010-06-30": "21.77300", "2010-03-31": "20.93400", "2009-12-31": "237.12700", "2009-09-30": "26.73100", "2009-06-30": "16.80200", "2009-03-31": "14.50600", "2008-12-31": "15.33500", "2008-09-30": "19.68900", "2008-06-30": "2.37400", "2008-03-31": "-4.24900", "2007-12-31": "-12.32800", "2007-09-30": "-20.08500", "2007-06-30": "-27.18400", "2007-03-31": "-32.69300", "2006-12-31": "-39.25000", "2006-09-30": "-31.87200", "2006-06-30": "-33.16500", "2006-03-31": "-27.22700", "2005-12-31": "", "2005-10-31": "-35.07400", "2005-09-30": "-36.57400", "2005-07-31": "-32.64200", "2005-06-30": "-35.11000", "2005-04-30": "-32.45000", "2005-03-31": "-26.58100", "2005-01-31": "-24.47000"}, "Income From Discontinued Operations": {"2020-12-31": "", "2020-09-30": "", "2020-06-30": "", "2020-03-31": "", "2019-12-31": "", "2019-09-30": "", "2019-06-30": "", "2019-03-31": "", "2018-12-31": "", "2018-09-30": "", "2018-06-30": "", "2018-03-31": "", "2017-12-31": "", "2017-09-30": "", "2017-06-30": "", "2017-03-31": "", "2016-12-31": "", "2016-09-30": "", "2016-06-30": "", "2016-03-31": "", "2015-12-31": "", "2015-09-30": "", "2015-06-30": "", "2015-03-31": "", "2014-12-31": "", "2014-09-30": "", "2014-06-30": "", "2014-03-31": "", "2013-12-31": "", "2013-09-30": "", "2013-06-30": "", "2013-03-31": "", "2012-12-31": "", "2012-09-30": "", "2012-06-30": "", "2012-03-31": "", "2011-12-31": "", "2011-09-30": "", "2011-06-30": "", "2011-03-31": "", "2010-12-31": "", "2010-09-30": "", "2010-06-30": "", "2010-03-31": "", "2009-12-31": "", "2009-09-30": "", "2009-06-30": "", "2009-03-31": "", "2008-12-31": "", "2008-09-30": "", "2008-06-30": "", "2008-03-31": "", "2007-12-31": "", "2007-09-30": "", "2007-06-30": "", "2007-03-31": "", "2006-12-31": "", "2006-09-30": "", "2006-06-30": "", "2006-03-31": "", "2005-12-31": "", "2005-10-31": "", "2005-09-30": "", "2005-07-31": "", "2005-06-30": "", "2005-04-30": "", "2005-03-31": "", "2005-01-31": ""}, "Net Income": {"2020-12-31": "535.80000", "2020-09-30": "578.10000", "2020-06-30": "-1068.10000", "2020-03-31": "557.60000", "2019-12-31": "889.00010", "2019-09-30": "467.60000", "2019-06-30": "459.80000", "2019-03-31": "587.90000", "2018-12-31": "-45.00000", "2018-09-30": "330.90000", "2018-06-30": "-457.40000", "2018-03-31": "249.10000", "2017-12-31": "30.00000", "2017-09-30": "78.00000", "2017-06-30": "165.20000", "2017-03-31": "170.10000", "2016-12-31": "93.40000", "2016-09-30": "94.00000", "2016-06-30": "120.00000", "2016-03-31": "92.00000", "2015-12-31": "66.61900", "2015-09-30": "-183.75700", "2015-06-30": "170.21500", "2015-03-31": "91.32300", "2014-12-31": "153.42000", "2014-09-30": "177.73100", "2014-06-30": "166.49500", "2014-03-31": "159.35400", "2013-12-31": "-18.99200", "2013-09-30": "93.78500", "2013-06-30": "95.88500", "2013-03-31": "82.21700", "2012-12-31": "80.97200", "2012-09-30": "92.17900", "2012-06-30": "36.25800", "2012-03-31": "45.41300", "2011-12-31": "48.17000", "2011-09-30": "65.57000", "2011-06-30": "34.74500", "2011-03-31": "26.83000", "2010-12-31": "26.45000", "2010-09-30": "27.87300", "2010-06-30": "21.77300", "2010-03-31": "20.93400", "2009-12-31": "237.12700", "2009-09-30": "26.73100", "2009-06-30": "16.80200", "2009-03-31": "14.50600", "2008-12-31": "15.33500", "2008-09-30": "19.68900", "2008-06-30": "2.37400", "2008-03-31": "-4.24900", "2007-12-31": "-12.32800", "2007-09-30": "-20.08500", "2007-06-30": "-27.18400", "2007-03-31": "-32.69300", "2006-12-31": "-39.25000", "2006-09-30": "-31.87200", "2006-06-30": "-33.16500", "2006-03-31": "-27.22700", "2005-12-31": "", "2005-10-31": "-35.07400", "2005-09-30": "-36.57400", "2005-07-31": "-32.64200", "2005-06-30": "-35.11000", "2005-04-30": "-32.45000", "2005-03-31": "-26.58100", "2005-01-31": "-24.47000"}, "EBITDA": {"2020-12-31": "", "2020-09-30": "760.09990", "2020-06-30": "772.90000", "2020-03-31": "784.80010", "2019-12-31": "631.59970", "2019-09-30": "622.50000", "2019-06-30": "629.10010", "2019-03-31": "614.00010", "2018-12-31": "142.10010", "2018-09-30": "463.50000", "2018-06-30": "-299.60000", "2018-03-31": "368.90000", "2017-12-31": "293.69990", "2017-09-30": "159.49990", "2017-06-30": "359.30000", "2017-03-31": "311.60000", "2016-12-31": "228.80010", "2016-09-30": "279.00000", "2016-06-30": "293.00000", "2016-03-31": "263.00000", "2015-12-31": "191.08010", "2015-09-30": "204.29000", "2015-06-30": "190.46700", "2015-03-31": "117.46300", "2014-12-31": "219.01610", "2014-09-30": "249.96300", "2014-06-30": "232.61100", "2014-03-31": "226.41000", "2013-12-31": "182.70290", "2013-09-30": "143.05400", "2013-06-30": "144.46400", "2013-03-31": "123.23800", "2012-12-31": "114.15000", "2012-09-30": "175.21300", "2012-06-30": "89.24900", "2012-03-31": "75.91300", "2011-12-31": "79.76000", "2011-09-30": "70.49400", "2011-06-30": "53.50400", "2011-03-31": "44.66000", "2010-12-31": "48.20000", "2010-09-30": "46.90500", "2010-06-30": "36.60100", "2010-03-31": "34.72400", "2009-12-31": "26.19300", "2009-09-30": "30.85800", "2009-06-30": "23.89000", "2009-03-31": "18.59100", "2008-12-31": "18.60200", "2008-09-30": "22.57400", "2008-06-30": "4.96500", "2008-03-31": "-3.92400", "2007-12-31": "-12.02400", "2007-09-30": "-20.63400", "2007-06-30": "-28.22100", "2007-03-31": "-33.95200", "2006-12-31": "-39.83100", "2006-09-30": "-32.16400", "2006-06-30": "-33.67300", "2006-03-31": "-27.71100", "2005-12-31": "", "2005-10-31": "-34.66200", "2005-09-30": "-37.19700", "2005-07-31": "-33.31200", "2005-06-30": "-33.72300", "2005-04-30": "-28.66600", "2005-03-31": "-22.84500", "2005-01-31": "-22.16900"}, "EBIT": {"2020-12-31": "622.10000", "2020-09-30": "684.90000", "2020-06-30": "-1370.20000", "2020-03-31": "695.50010", "2019-12-31": "540.99980", "2019-09-30": "530.00000", "2019-06-30": "532.60010", "2019-03-31": "516.80000", "2018-12-31": "43.70010", "2018-09-30": "358.60000", "2018-06-30": "-400.10000", "2018-03-31": "267.40000", "2017-12-31": "108.60000", "2017-09-30": "80.09990", "2017-06-30": "226.70000", "2017-03-31": "212.00000", "2016-12-31": "127.40010", "2016-09-30": "179.00000", "2016-06-30": "195.00000", "2016-03-31": "166.00000", "2015-12-31": "97.34300", "2015-09-30": "154.56800", "2015-06-30": "181.08200", "2015-03-31": "103.70700", "2014-12-31": "203.98900", "2014-09-30": "236.65900", "2014-06-30": "218.84900", "2014-03-31": "209.50300", "2013-12-31": "138.07190", "2013-09-30": "135.27500", "2013-06-30": "137.69100", "2013-03-31": "116.97200", "2012-12-31": "107.87600", "2012-09-30": "142.71900", "2012-06-30": "83.70500", "2012-03-31": "70.03800", "2011-12-31": "75.37000", "2011-09-30": "66.19900", "2011-06-30": "49.02400", "2011-03-31": "40.23300", "2010-12-31": "45.03000", "2010-09-30": "42.71300", "2010-06-30": "32.32500", "2010-03-31": "30.57000", "2009-12-31": "22.65500", "2009-09-30": "27.88700", "2009-06-30": "20.95000", "2009-03-31": "15.56700", "2008-12-31": "16.52300", "2008-09-30": "20.61400", "2008-06-30": "2.68500", "2008-03-31": "-5.21300", "2007-12-31": "-13.74500", "2007-09-30": "-21.89400", "2007-06-30": "-29.29400", "2007-03-31": "-34.82500", "2006-12-31": "-40.88600", "2006-09-30": "-33.06300", "2006-06-30": "-34.54400", "2006-03-31": "-28.59200", "2005-12-31": "", "2005-10-31": "-36.29800", "2005-09-30": "-37.81900", "2005-07-31": "-33.62800", "2005-06-30": "-34.70400", "2005-04-30": "-29.64700", "2005-03-31": "-24.48100", "2005-01-31": "-23.80500"}, "Basic Shares Outstanding": {"2020-12-31": "218.90000", "2020-09-30": "219.10000", "2020-06-30": "220.60000", "2020-03-31": "221.60000", "2019-12-31": "223.20000", "2019-09-30": "223.30000", "2019-06-30": "224.20000", "2019-03-31": "223.80000", "2018-12-31": "222.70000", "2018-09-30": "222.90000", "2018-06-30": "222.60000", "2018-03-31": "222.10000", "2017-12-31": "223.90000", "2017-09-30": "223.30000", "2017-06-30": "224.40000", "2017-03-31": "224.60000", "2016-12-31": "224.30000", "2016-09-30": "224.00000", "2016-06-30": "224.00000", "2016-03-31": "225.00000", "2015-12-31": "213.40000", "2015-09-30": "226.22800", "2015-06-30": "202.23400", "2015-03-31": "199.36100", "2014-12-31": "198.00000", "2014-09-30": "198.05200", "2014-06-30": "197.88000", "2014-03-31": "197.79700", "2013-12-31": "195.53200", "2013-09-30": "195.66200", "2013-06-30": "195.24700", "2013-03-31": "194.77100", "2012-12-31": "190.46100", "2012-09-30": "193.35300", "2012-06-30": "188.57500", "2012-03-31": "185.68200", "2011-12-31": "183.22000", "2011-09-30": "183.70600", "2011-06-30": "182.96200", "2011-03-31": "181.72400", "2010-12-31": "178.54200", "2010-09-30": "178.98000", "2010-06-30": "178.00400", "2010-03-31": "177.01200", "2009-12-31": "170.65200", "2009-09-30": "174.89400", "2009-06-30": "170.25600", "2009-03-31": "163.39600", "2008-12-31": "155.36000", "2008-09-30": "153.31600", "2008-06-30": "151.36800", "2008-03-31": "150.05600", "2007-12-31": "145.24400", "2007-09-30": "146.65600", "2007-06-30": "144.12400", "2007-03-31": "141.44400", "2006-12-31": "126.80400", "2006-09-30": "125.05600", "2006-06-30": "124.81200", "2006-03-31": "123.96400", "2005-12-31": "", "2005-10-31": "121.42000", "2005-09-30": "117.87600", "2005-07-31": "112.10800", "2005-06-30": "111.95200", "2005-04-30": "111.75200", "2005-03-31": "111.70000", "2005-01-31": "111.35200"}, "Shares Outstanding": {"2020-12-31": "221.30000", "2020-09-30": "220.60000", "2020-06-30": "220.60000", "2020-03-31": "222.60000", "2019-12-31": "224.80000", "2019-09-30": "224.50000", "2019-06-30": "225.60000", "2019-03-31": "225.50000", "2018-12-31": "224.50000", "2018-09-30": "224.60000", "2018-06-30": "222.60000", "2018-03-31": "223.70000", "2017-12-31": "225.40000", "2017-09-30": "225.00000", "2017-06-30": "225.50000", "2017-03-31": "226.20000", "2016-12-31": "226.30000", "2016-09-30": "226.00000", "2016-06-30": "226.00000", "2016-03-31": "227.00000", "2015-12-31": "215.90000", "2015-09-30": "226.22800", "2015-06-30": "204.54600", "2015-03-31": "202.03400", "2014-12-31": "202.00000", "2014-09-30": "201.31300", "2014-06-30": "201.52400", "2014-03-31": "201.80400", "2013-12-31": "199.71200", "2013-09-30": "199.71100", "2013-06-30": "199.29900", "2013-03-31": "199.05700", "2012-12-31": "198.50100", "2012-09-30": "201.14200", "2012-06-30": "197.05100", "2012-03-31": "194.56000", "2011-12-31": "191.80600", "2011-09-30": "192.16100", "2011-06-30": "191.18700", "2011-03-31": "190.36600", "2010-12-31": "186.07400", "2010-09-30": "186.04200", "2010-06-30": "185.15000", "2010-03-31": "184.18000", "2009-12-31": "181.16400", "2009-09-30": "181.89200", "2009-06-30": "180.31800", "2009-03-31": "181.29000", "2008-12-31": "179.93400", "2008-09-30": "179.68600", "2008-06-30": "157.98200", "2008-03-31": "150.05600", "2007-12-31": "145.24400", "2007-09-30": "146.65600", "2007-06-30": "144.12400", "2007-03-31": "141.44400", "2006-12-31": "126.80400", "2006-09-30": "125.05600", "2006-06-30": "124.81200", "2006-03-31": "123.96400", "2005-12-31": "", "2005-10-31": "121.42000", "2005-09-30": "117.87600", "2005-07-31": "112.10800", "2005-06-30": "111.95200", "2005-04-30": "111.75200", "2005-03-31": "111.70000", "2005-01-31": "111.35200"}, "Basic EPS": {"2020-12-31": "2.45000", "2020-09-30": "2.64000", "2020-06-30": "-4.84000", "2020-03-31": "2.52000", "2019-12-31": "4.00000", "2019-09-30": "2.09000", "2019-06-30": "2.05000", "2019-03-31": "2.63000", "2018-12-31": "-0.20000", "2018-09-30": "1.48000", "2018-06-30": "-2.05000", "2018-03-31": "1.12000", "2017-12-31": "0.13000", "2017-09-30": "0.35000", "2017-06-30": "0.74000", "2017-03-31": "0.76000", "2016-12-31": "0.41000", "2016-09-30": "0.42000", "2016-06-30": "0.54000", "2016-03-31": "0.41000", "2015-12-31": "0.19000", "2015-09-30": "-0.81000", "2015-06-30": "0.84000", "2015-03-31": "0.46000", "2014-12-31": "0.77000", "2014-09-30": "0.90000", "2014-06-30": "0.84000", "2014-03-31": "0.81000", "2013-12-31": "-0.10000", "2013-09-30": "0.48000", "2013-06-30": "0.49000", "2013-03-31": "0.42000", "2012-12-31": "0.43000", "2012-09-30": "0.48000", "2012-06-30": "0.19000", "2012-03-31": "0.24000", "2011-12-31": "0.26000", "2011-09-30": "0.36000", "2011-06-30": "0.19000", "2011-03-31": "0.15000", "2010-12-31": "0.14000", "2010-09-30": "0.16000", "2010-06-30": "0.12000", "2010-03-31": "0.12000", "2009-12-31": "1.38500", "2009-09-30": "0.15500", "2009-06-30": "0.10000", "2009-03-31": "0.09000", "2008-12-31": "0.10000", "2008-09-30": "0.13000", "2008-06-30": "0.01500", "2008-03-31": "-0.03000", "2007-12-31": "-0.08250", "2007-09-30": "-0.13500", "2007-06-30": "-0.18750", "2007-03-31": "-0.23000", "2006-12-31": "-0.29500", "2006-09-30": "-0.25500", "2006-06-30": "-0.26500", "2006-03-31": "-0.22000", "2005-12-31": "", "2005-10-31": "-0.29000", "2005-09-30": "-0.31000", "2005-07-31": "-0.29000", "2005-06-30": "-0.31250", "2005-04-30": "-0.29000", "2005-03-31": "-0.23750", "2005-01-31": "-0.22000"}, "EPS - Earnings Per Share": {"2020-12-31": "2.42000", "2020-09-30": "2.62000", "2020-06-30": "-4.84000", "2020-03-31": "2.50000", "2019-12-31": "3.97000", "2019-09-30": "2.08000", "2019-06-30": "2.04000", "2019-03-31": "2.61000", "2018-12-31": "-0.18000", "2018-09-30": "1.47000", "2018-06-30": "-2.05000", "2018-03-31": "1.11000", "2017-12-31": "0.14000", "2017-09-30": "0.35000", "2017-06-30": "0.73000", "2017-03-31": "0.75000", "2016-12-31": "0.40000", "2016-09-30": "0.42000", "2016-06-30": "0.53000", "2016-03-31": "0.41000", "2015-12-31": "0.20000", "2015-09-30": "-0.81000", "2015-06-30": "0.83000", "2015-03-31": "0.45000", "2014-12-31": "0.76000", "2014-09-30": "0.88000", "2014-06-30": "0.83000", "2014-03-31": "0.79000", "2013-12-31": "-0.09000", "2013-09-30": "0.47000", "2013-06-30": "0.48000", "2013-03-31": "0.41000", "2012-12-31": "0.41000", "2012-09-30": "0.46000", "2012-06-30": "0.18000", "2012-03-31": "0.23000", "2011-12-31": "0.25000", "2011-09-30": "0.34000", "2011-06-30": "0.18000", "2011-03-31": "0.14000", "2010-12-31": "0.13500", "2010-09-30": "0.15000", "2010-06-30": "0.12000", "2010-03-31": "0.11500", "2009-12-31": "1.31000", "2009-09-30": "0.14500", "2009-06-30": "0.09500", "2009-03-31": "0.08000", "2008-12-31": "0.09500", "2008-09-30": "0.11500", "2008-06-30": "0.01500", "2008-03-31": "-0.03000", "2007-12-31": "-0.08250", "2007-09-30": "-0.13500", "2007-06-30": "-0.18750", "2007-03-31": "-0.23000", "2006-12-31": "-0.29500", "2006-09-30": "-0.25500", "2006-06-30": "-0.26500", "2006-03-31": "-0.22000", "2005-12-31": "0.00000", "2005-10-31": "-0.29000", "2005-09-30": "-0.31000", "2005-07-31": "-0.29000", "2005-06-30": "-0.31250", "2005-04-30": "-0.29000", "2005-03-31": "-0.23750", "2005-01-31": "-0.22000"}}, "balance sheet": {"Cash On Hand": {"2020-12-31": "2999.40000", "2019-12-31": "2749.50000", "2018-12-31": "1563.80000", "2017-12-31": "1474.10000", "2016-12-31": "1293.40000", "2015-12-31": "1385.00000", "2014-12-31": "1961.56600", "2013-12-31": "1514.85100", "2012-12-31": "989.50100", "2011-12-31": "540.86500", "2010-12-31": "361.60500", "2009-12-31": "176.22000", "2008-12-31": "138.01200", "2007-12-31": "105.75400", "2006-12-31": "216.55400", "2005-07-31": "195.40400"}, "Receivables": {"2020-12-31": "1409.30000", "2019-12-31": "1243.20000", "2018-12-31": "922.30000", "2017-12-31": "726.50000", "2016-12-31": "649.60000", "2015-12-31": "533.00000", "2014-12-31": "432.88800", "2013-12-31": "421.75200", "2012-12-31": "295.59800", "2011-12-31": "244.28800", "2010-12-31": "168.73200", "2009-12-31": "113.73100", "2008-12-31": "74.47600", "2007-12-31": "46.27800", "2006-12-31": "", "2005-07-31": ""}, "Inventory": {"2020-12-31": "775.70000", "2019-12-31": "627.60000", "2018-12-31": "472.50000", "2017-12-31": "460.40000", "2016-12-31": "374.70000", "2015-12-31": "290.00000", "2014-12-31": "176.44100", "2013-12-31": "102.60200", "2012-12-31": "94.52100", "2011-12-31": "81.38600", "2010-12-31": "62.16500", "2009-12-31": "40.88500", "2008-12-31": "49.82100", "2007-12-31": "32.90700", "2006-12-31": "2.31400", "2005-07-31": ""}, "Pre-Paid Expenses": {"2020-12-31": "648.60000", "2019-12-31": "456.10000", "2018-12-31": "426.40000", "2017-12-31": "292.90000", "2016-12-31": "260.50000", "2015-12-31": "208.00000", "2014-12-31": "225.13400", "2013-12-31": "106.22000", "2012-12-31": "89.89400", "2011-12-31": "55.59900", "2010-12-31": "34.41100", "2009-12-31": "25.89400", "2008-12-31": "13.82000", "2007-12-31": "19.47800", "2006-12-31": "17.90800", "2005-07-31": "5.75800"}, "Other Current Assets": {"2020-12-31": "", "2019-12-31": "", "2018-12-31": "", "2017-12-31": "", "2016-12-31": "", "2015-12-31": "", "2014-12-31": "", "2013-12-31": "", "2012-12-31": "", "2011-12-31": "", "2010-12-31": "", "2009-12-31": "", "2008-12-31": "", "2007-12-31": "", "2006-12-31": "", "2005-07-31": ""}, "Total Current Assets": {"2020-12-31": "5833.00000", "2019-12-31": "5076.40000", "2018-12-31": "3385.00000", "2017-12-31": "2953.90000", "2016-12-31": "2578.20000", "2015-12-31": "2416.00000", "2014-12-31": "2796.02900", "2013-12-31": "2186.85700", "2012-12-31": "1495.60000", "2011-12-31": "941.27000", "2010-12-31": "646.55600", "2009-12-31": "373.45600", "2008-12-31": "277.10100", "2007-12-31": "204.41700", "2006-12-31": "236.77600", "2005-07-31": "201.16200"}, "Property, Plant, And Equipment": {"2020-12-31": "1238.80000", "2019-12-31": "1163.30000", "2018-12-31": "1471.50000", "2017-12-31": "1325.40000", "2016-12-31": "1035.60000", "2015-12-31": "697.00000", "2014-12-31": "392.24800", "2013-12-31": "201.10900", "2012-12-31": "165.62900", "2011-12-31": "165.85200", "2010-12-31": "162.24000", "2009-12-31": "164.69100", "2008-12-31": "139.88500", "2007-12-31": "104.28000", "2006-12-31": "39.13500", "2005-07-31": "11.54600"}, "Long-Term Investments": {"2020-12-31": "", "2019-12-31": "", "2018-12-31": "", "2017-12-31": "", "2016-12-31": "", "2015-12-31": "", "2014-12-31": "", "2013-12-31": "", "2012-12-31": "", "2011-12-31": "", "2010-12-31": "", "2009-12-31": "", "2008-12-31": "", "2007-12-31": "", "2006-12-31": "", "2005-07-31": ""}, "Goodwill And Intangible Assets": {"2020-12-31": "8102.50000", "2019-12-31": "8381.70000", "2018-12-31": "8678.70000", "2017-12-31": "8991.80000", "2016-12-31": "9340.50000", "2015-12-31": "9756.00000", "2014-12-31": "841.11900", "2013-12-31": "863.79200", "2012-12-31": "900.32300", "2011-12-31": "171.24300", "2010-12-31": "44.10000", "2009-12-31": "48.54300", "2008-12-31": "52.27900", "2007-12-31": "20.89100", "2006-12-31": "19.95400", "2005-07-31": "19.95400"}, "Other Long-Term Assets": {"2020-12-31": "506.20000", "2019-12-31": "429.00000", "2018-12-31": "294.90000", "2017-12-31": "312.20000", "2016-12-31": "299.00000", "2015-12-31": "228.00000", "2014-12-31": "172.56600", "2013-12-31": "62.54400", "2012-12-31": "38.05400", "2011-12-31": "12.51800", "2010-12-31": "4.57200", "2009-12-31": "5.40300", "2008-12-31": "4.88900", "2007-12-31": "4.76900", "2006-12-31": "37.67200", "2005-07-31": "15.46000"}, "Total Long-Term Assets": {"2020-12-31": "12270.00000", "2019-12-31": "12468.20000", "2018-12-31": "10546.90000", "2017-12-31": "10629.40000", "2016-12-31": "10675.10000", "2015-12-31": "10681.00000", "2014-12-31": "1405.93300", "2013-12-31": "1130.83900", "2012-12-31": "1117.96000", "2011-12-31": "453.48100", "2010-12-31": "365.48100", "2009-12-31": "412.94500", "2008-12-31": "200.45000", "2007-12-31": "129.94000", "2006-12-31": "96.76100", "2005-07-31": "46.96000"}, "Total Assets": {"2020-12-31": "18103.00000", "2019-12-31": "17544.60000", "2018-12-31": "13931.90000", "2017-12-31": "13583.30000", "2016-12-31": "13253.30000", "2015-12-31": "13097.00000", "2014-12-31": "4201.96200", "2013-12-31": "3317.69600", "2012-12-31": "2613.56000", "2011-12-31": "1394.75100", "2010-12-31": "1012.03700", "2009-12-31": "786.40100", "2008-12-31": "477.55100", "2007-12-31": "334.35700", "2006-12-31": "333.53700", "2005-07-31": "248.12200"}, "Total Current Liabilities": {"2020-12-31": "1624.70000", "2019-12-31": "1194.30000", "2018-12-31": "1174.00000", "2017-12-31": "952.50000", "2016-12-31": "822.90000", "2015-12-31": "709.00000", "2014-12-31": "606.74000", "2013-12-31": "582.42900", "2012-12-31": "360.08900", "2011-12-31": "227.78500", "2010-12-31": "138.51500", "2009-12-31": "85.26200", "2008-12-31": "84.41800", "2007-12-31": "37.70900", "2006-12-31": "27.82200", "2005-07-31": "24.71400"}, "Long Term Debt": {"2020-12-31": "2419.60000", "2019-12-31": "2375.00000", "2018-12-31": "2862.70000", "2017-12-31": "3063.60000", "2016-12-31": "3121.50000", "2015-12-31": "3405.00000", "2014-12-31": "116.59900", "2013-12-31": "97.23000", "2012-12-31": "101.00000", "2011-12-31": "", "2010-12-31": "4.46200", "2009-12-31": "10.42100", "2008-12-31": "141.42500", "2007-12-31": "194.49900", "2006-12-31": "176.28300", "2005-07-31": "150.14900"}, "Other Non-Current Liabilities": {"2020-12-31": "598.20000", "2019-12-31": "458.00000", "2018-12-31": "338.80000", "2017-12-31": "309.10000", "2016-12-31": "219.60000", "2015-12-31": "195.00000", "2014-12-31": "169.55900", "2013-12-31": "154.71700", "2012-12-31": "161.79400", "2011-12-31": "32.47100", "2010-12-31": "9.32400", "2009-12-31": "2.15800", "2008-12-31": "3.80100", "2007-12-31": "0.59300", "2006-12-31": "", "2005-07-31": ""}, "Total Long Term Liabilities": {"2020-12-31": "4827.10000", "2019-12-31": "5078.50000", "2018-12-31": "3592.60000", "2017-12-31": "3737.70000", "2016-12-31": "3736.60000", "2015-12-31": "4129.00000", "2014-12-31": "293.20400", "2013-12-31": "353.18800", "2012-12-31": "282.62100", "2011-12-31": "32.47400", "2010-12-31": "13.78600", "2009-12-31": "12.78300", "2008-12-31": "146.13200", "2007-12-31": "195.09200", "2006-12-31": "181.03800", "2005-07-31": "155.73700"}, "Total Liabilities": {"2020-12-31": "6451.80000", "2019-12-31": "6272.80000", "2018-12-31": "4766.60000", "2017-12-31": "4690.20000", "2016-12-31": "4559.50000", "2015-12-31": "4838.00000", "2014-12-31": "899.94400", "2013-12-31": "935.61700", "2012-12-31": "642.71000", "2011-12-31": "260.25900", "2010-12-31": "152.30100", "2009-12-31": "98.04500", "2008-12-31": "230.55000", "2007-12-31": "232.80100", "2006-12-31": "208.86000", "2005-07-31": "180.45100"}, "Common Stock Net": {"2020-12-31": "", "2019-12-31": "", "2018-12-31": "", "2017-12-31": "", "2016-12-31": "0.00000", "2015-12-31": "", "2014-12-31": "0.02000", "2013-12-31": "0.02000", "2012-12-31": "0.02000", "2011-12-31": "0.01900", "2010-12-31": "0.01800", "2009-12-31": "0.00500", "2008-12-31": "0.00500", "2007-12-31": "0.00400", "2006-12-31": "0.00400", "2005-07-31": "0.00300"}, "Retained Earnings (Accumulated Deficit)": {"2020-12-31": "", "2019-12-31": "4639.80000", "2018-12-31": "2325.80000", "2017-12-31": "2242.10000", "2016-12-31": "1817.60000", "2015-12-31": "1181.00000", "2014-12-31": "1036.01000", "2013-12-31": "379.09800", "2012-12-31": "126.20300", "2011-12-31": "-128.61900", "2010-12-31": "-303.93400", "2009-12-31": "-400.96400", "2008-12-31": "-696.13000", "2007-12-31": "-729.27900", "2006-12-31": "-637.58100", "2005-07-31": "-448.11100"}, "Comprehensive Income": {"2020-12-31": "", "2019-12-31": "-66.80000", "2018-12-31": "-9.70000", "2017-12-31": "-34.40000", "2016-12-31": "60.50000", "2015-12-31": "62.00000", "2014-12-31": "56.78500", "2013-12-31": "-22.85700", "2012-12-31": "6.63500", "2011-12-31": "4.17900", "2010-12-31": "-7.14000", "2009-12-31": "-1.94200", "2008-12-31": "2.94700", "2007-12-31": "-1.44300", "2006-12-31": "-0.17700", "2005-07-31": "-0.56600"}, "Other Share Holders Equity": {"2020-12-31": "", "2019-12-31": "", "2018-12-31": "", "2017-12-31": "", "2016-12-31": "", "2015-12-31": "", "2014-12-31": "", "2013-12-31": "", "2012-12-31": "", "2011-12-31": "", "2010-12-31": "", "2009-12-31": "", "2008-12-31": "", "2007-12-31": "", "2006-12-31": "", "2005-07-31": ""}, "Share Holder Equity": {"2020-12-31": "11651.20000", "2019-12-31": "11271.80000", "2018-12-31": "9165.30000", "2017-12-31": "8893.10000", "2016-12-31": "8693.80000", "2015-12-31": "8259.00000", "2014-12-31": "3302.01800", "2013-12-31": "2382.07900", "2012-12-31": "1970.85000", "2011-12-31": "1134.49200", "2010-12-31": "859.73600", "2009-12-31": "688.35600", "2008-12-31": "247.00100", "2007-12-31": "101.55600", "2006-12-31": "124.67700", "2005-07-31": "67.67100"}, "Total Liabilities And Share Holders Equity": {"2020-12-31": "18103.00000", "2019-12-31": "17544.60000", "2018-12-31": "13931.90000", "2017-12-31": "13583.30000", "2016-12-31": "13253.30000", "2015-12-31": "13097.00000", "2014-12-31": "4201.96200", "2013-12-31": "3317.69600", "2012-12-31": "2613.56000", "2011-12-31": "1394.75100", "2010-12-31": "1012.03700", "2009-12-31": "786.40100", "2008-12-31": "477.55100", "2007-12-31": "334.35700", "2006-12-31": "333.53700", "2005-07-31": "248.12200"}}, "balance sheet, quarterly": {"Cash On Hand": {"2020-12-31": "2999.40000", "2020-09-30": "2296.90000", "2020-06-30": "2851.80000", "2020-03-31": "2362.80000", "2019-12-31": "2749.50000", "2019-09-30": "2215.70000", "2019-06-30": "2089.60000", "2019-03-31": "1655.10000", "2018-12-31": "1563.80000", "2018-09-30": "1535.10000", "2018-06-30": "1177.00000", "2018-03-31": "1590.90000", "2017-12-31": "1474.10000", "2017-09-30": "1529.00000", "2017-06-30": "1444.00000", "2017-03-31": "1462.00000", "2016-12-31": "1293.40000", "2016-09-30": "1312.87100", "2016-06-30": "1180.05100", "2016-03-31": "1027.55200", "2015-12-31": "1385.00000", "2015-09-30": "1458.49200", "2015-06-30": "1494.35200", "2015-03-31": "1925.09200", "2014-12-31": "1961.56600", "2014-09-30": "1781.70700", "2014-06-30": "1594.36200", "2014-03-31": "1557.47800", "2013-12-31": "1514.85100", "2013-09-30": "1302.75500", "2013-06-30": "1119.39000", "2013-03-31": "1022.96000", "2012-12-31": "989.50100", "2012-09-30": "905.52600", "2012-06-30": "806.21000", "2012-03-31": "359.38800", "2011-12-31": "540.86500", "2011-09-30": "445.18800", "2011-06-30": "368.00900", "2011-03-31": "348.78400", "2010-12-31": "361.60500", "2010-09-30": "298.55400", "2010-06-30": "248.82500", "2010-03-31": "204.70400", "2009-12-31": "176.22000", "2009-09-30": "165.78200", "2009-06-30": "145.80300", "2009-03-31": "139.03900", "2008-12-31": "138.01200", "2008-09-30": "125.85000", "2008-06-30": "107.79700", "2008-03-31": "106.54700", "2007-12-31": "105.75400", "2007-09-30": "111.91300", "2007-06-30": "142.89400", "2007-03-31": "183.68700", "2006-12-31": "216.55400", "2006-09-30": "143.84800", "2006-06-30": "165.03300", "2006-03-31": "189.27100", "2005-12-31": "212.45600", "2005-10-31": "230.52600", "2005-09-30": "", "2005-07-31": "195.40400", "2005-06-30": "", "2005-04-30": "226.57600", "2005-03-31": "", "2005-01-31": "370.99300"}, "Receivables": {"2020-12-31": "1409.30000", "2020-09-30": "1437.10000", "2020-06-30": "1372.20000", "2020-03-31": "1345.20000", "2019-12-31": "1243.20000", "2019-09-30": "1116.30000", "2019-06-30": "1123.60000", "2019-03-31": "1016.30000", "2018-12-31": "922.30000", "2018-09-30": "910.20000", "2018-06-30": "853.70000", "2018-03-31": "776.70000", "2017-12-31": "726.50000", "2017-09-30": "705.00000", "2017-06-30": "710.00000", "2017-03-31": "660.00000", "2016-12-31": "649.60000", "2016-09-30": "676.83700", "2016-06-30": "609.29700", "2016-03-31": "586.24900", "2015-12-31": "533.00000", "2015-09-30": "512.25300", "2015-06-30": "535.82400", "2015-03-31": "479.88300", "2014-12-31": "432.88800", "2014-09-30": "436.46700", "2014-06-30": "440.69900", "2014-03-31": "429.02100", "2013-12-31": "421.75200", "2013-09-30": "404.95600", "2013-06-30": "355.28400", "2013-03-31": "323.90700", "2012-12-31": "295.59800", "2012-09-30": "311.36900", "2012-06-30": "282.72200", "2012-03-31": "267.39700", "2011-12-31": "244.28800", "2011-09-30": "221.29300", "2011-06-30": "212.72000", "2011-03-31": "200.72900", "2010-12-31": "168.73200", "2010-09-30": "154.08800", "2010-06-30": "127.02300", "2010-03-31": "126.66000", "2009-12-31": "113.73100", "2009-09-30": "109.45500", "2009-06-30": "94.95400", "2009-03-31": "79.99100", "2008-12-31": "74.47600", "2008-09-30": "70.71500", "2008-06-30": "56.13800", "2008-03-31": "53.70200", "2007-12-31": "46.27800", "2007-09-30": "31.62500", "2007-06-30": "10.26500", "2007-03-31": "1.17300", "2006-12-31": "", "2006-09-30": "", "2006-06-30": "", "2006-03-31": "", "2005-12-31": "", "2005-10-31": "", "2005-09-30": "", "2005-07-31": "", "2005-06-30": "", "2005-04-30": "0.95300", "2005-03-31": "", "2005-01-31": "0.70000"}, "Inventory": {"2020-12-31": "775.70000", "2020-09-30": "729.00000", "2020-06-30": "577.70000", "2020-03-31": "586.80000", "2019-12-31": "627.60000", "2019-09-30": "576.70000", "2019-06-30": "494.60000", "2019-03-31": "482.20000", "2018-12-31": "472.50000", "2018-09-30": "432.70000", "2018-06-30": "463.20000", "2018-03-31": "456.50000", "2017-12-31": "460.40000", "2017-09-30": "441.00000", "2017-06-30": "410.00000", "2017-03-31": "396.00000", "2016-12-31": "374.70000", "2016-09-30": "363.05800", "2016-06-30": "329.84700", "2016-03-31": "293.96200", "2015-12-31": "290.00000", "2015-09-30": "236.54200", "2015-06-30": "234.34700", "2015-03-31": "174.49800", "2014-12-31": "176.44100", "2014-09-30": "140.04400", "2014-06-30": "144.85900", "2014-03-31": "126.15400", "2013-12-31": "102.60200", "2013-09-30": "105.19600", "2013-06-30": "112.62700", "2013-03-31": "101.85600", "2012-12-31": "94.52100", "2012-09-30": "90.04900", "2012-06-30": "94.10800", "2012-03-31": "92.90600", "2011-12-31": "81.38600", "2011-09-30": "78.30200", "2011-06-30": "75.22200", "2011-03-31": "74.39800", "2010-12-31": "62.16500", "2010-09-30": "60.41200", "2010-06-30": "57.74700", "2010-03-31": "55.55200", "2009-12-31": "40.88500", "2009-09-30": "40.99900", "2009-06-30": "45.49500", "2009-03-31": "49.36000", "2008-12-31": "49.82100", "2008-09-30": "49.72400", "2008-06-30": "48.04800", "2008-03-31": "33.08500", "2007-12-31": "32.90700", "2007-09-30": "32.21200", "2007-06-30": "14.94400", "2007-03-31": "3.11300", "2006-12-31": "2.31400", "2006-09-30": "", "2006-06-30": "", "2006-03-31": "", "2005-12-31": "", "2005-10-31": "", "2005-09-30": "", "2005-07-31": "", "2005-06-30": "", "2005-04-30": "", "2005-03-31": "", "2005-01-31": ""}, "Pre-Paid Expenses": {"2020-12-31": "648.60000", "2020-09-30": "604.80000", "2020-06-30": "566.20000", "2020-03-31": "575.40000", "2019-12-31": "456.10000", "2019-09-30": "432.50000", "2019-06-30": "460.70000", "2019-03-31": "497.00000", "2018-12-31": "426.40000", "2018-09-30": "370.40000", "2018-06-30": "342.20000", "2018-03-31": "327.90000", "2017-12-31": "292.90000", "2017-09-30": "207.00000", "2017-06-30": "225.00000", "2017-03-31": "215.00000", "2016-12-31": "260.50000", "2016-09-30": "241.76800", "2016-06-30": "242.01400", "2016-03-31": "219.74600", "2015-12-31": "208.00000", "2015-09-30": "272.93200", "2015-06-30": "268.71500", "2015-03-31": "273.51400", "2014-12-31": "225.13400", "2014-09-30": "147.27900", "2014-06-30": "111.10500", "2014-03-31": "87.35600", "2013-12-31": "106.22000", "2013-09-30": "78.77500", "2013-06-30": "71.44000", "2013-03-31": "81.32300", "2012-12-31": "89.89400", "2012-09-30": "84.27000", "2012-06-30": "73.99400", "2012-03-31": "73.19500", "2011-12-31": "55.59900", "2011-09-30": "52.57800", "2011-06-30": "23.58100", "2011-03-31": "24.86500", "2010-12-31": "34.41100", "2010-09-30": "25.46900", "2010-06-30": "41.37400", "2010-03-31": "26.45300", "2009-12-31": "25.89400", "2009-09-30": "14.92600", "2009-06-30": "12.99900", "2009-03-31": "17.00700", "2008-12-31": "13.82000", "2008-09-30": "24.13100", "2008-06-30": "16.14700", "2008-03-31": "24.79100", "2007-12-31": "19.47800", "2007-09-30": "14.95200", "2007-06-30": "18.75700", "2007-03-31": "19.00200", "2006-12-31": "17.90800", "2006-09-30": "3.65000", "2006-06-30": "3.53900", "2006-03-31": "3.92800", "2005-12-31": "5.09500", "2005-10-31": "5.08300", "2005-09-30": "", "2005-07-31": "5.75800", "2005-06-30": "", "2005-04-30": "4.38700", "2005-03-31": "", "2005-01-31": "3.01800"}, "Other Current Assets": {"2020-12-31": "", "2020-09-30": "", "2020-06-30": "", "2020-03-31": "", "2019-12-31": "", "2019-09-30": "", "2019-06-30": "", "2019-03-31": "", "2018-12-31": "", "2018-09-30": "", "2018-06-30": "", "2018-03-31": "", "2017-12-31": "", "2017-09-30": "", "2017-06-30": "", "2017-03-31": "", "2016-12-31": "", "2016-09-30": "", "2016-06-30": "", "2016-03-31": "", "2015-12-31": "", "2015-09-30": "", "2015-06-30": "", "2015-03-31": "", "2014-12-31": "", "2014-09-30": "", "2014-06-30": "", "2014-03-31": "", "2013-12-31": "", "2013-09-30": "", "2013-06-30": "", "2013-03-31": "", "2012-12-31": "", "2012-09-30": "", "2012-06-30": "", "2012-03-31": "", "2011-12-31": "", "2011-09-30": "", "2011-06-30": "", "2011-03-31": "", "2010-12-31": "", "2010-09-30": "", "2010-06-30": "", "2010-03-31": "", "2009-12-31": "", "2009-09-30": "", "2009-06-30": "", "2009-03-31": "", "2008-12-31": "", "2008-09-30": "", "2008-06-30": "", "2008-03-31": "", "2007-12-31": "", "2007-09-30": "", "2007-06-30": "", "2007-03-31": "", "2006-12-31": "", "2006-09-30": "", "2006-06-30": "", "2006-03-31": "", "2005-12-31": "", "2005-10-31": "", "2005-09-30": "", "2005-07-31": "", "2005-06-30": "", "2005-04-30": "0.12000", "2005-03-31": "", "2005-01-31": "0.82300"}, "Total Current Assets": {"2020-12-31": "5833.00000", "2020-09-30": "5067.80000", "2020-06-30": "5367.90000", "2020-03-31": "4870.20000", "2019-12-31": "5076.40000", "2019-09-30": "4341.20000", "2019-06-30": "4168.50000", "2019-03-31": "3650.60000", "2018-12-31": "3385.00000", "2018-09-30": "3248.40000", "2018-06-30": "2836.10000", "2018-03-31": "3152.00000", "2017-12-31": "2953.90000", "2017-09-30": "2882.00000", "2017-06-30": "2789.00000", "2017-03-31": "2733.00000", "2016-12-31": "2578.20000", "2016-09-30": "2594.53400", "2016-06-30": "2361.20900", "2016-03-31": "2127.50900", "2015-12-31": "2416.00000", "2015-09-30": "2480.21900", "2015-06-30": "2533.23800", "2015-03-31": "2852.98700", "2014-12-31": "2796.02900", "2014-09-30": "2559.87800", "2014-06-30": "2341.30600", "2014-03-31": "2245.88000", "2013-12-31": "2186.85700", "2013-09-30": "1915.50200", "2013-06-30": "1678.63300", "2013-03-31": "1550.04100", "2012-12-31": "1495.60000", "2012-09-30": "1410.39100", "2012-06-30": "1276.16100", "2012-03-31": "811.93400", "2011-12-31": "941.27000", "2011-09-30": "817.35600", "2011-06-30": "700.39500", "2011-03-31": "669.24600", "2010-12-31": "646.55600", "2010-09-30": "558.23700", "2010-06-30": "491.78500", "2010-03-31": "430.08100", "2009-12-31": "373.45600", "2009-09-30": "332.14400", "2009-06-30": "300.23000", "2009-03-31": "286.36600", "2008-12-31": "277.10100", "2008-09-30": "270.42000", "2008-06-30": "228.13000", "2008-03-31": "218.12500", "2007-12-31": "204.41700", "2007-09-30": "190.70200", "2007-06-30": "186.86000", "2007-03-31": "206.97500", "2006-12-31": "236.77600", "2006-09-30": "147.49800", "2006-06-30": "168.57200", "2006-03-31": "193.19900", "2005-12-31": "217.55100", "2005-10-31": "235.60900", "2005-09-30": "", "2005-07-31": "201.16200", "2005-06-30": "", "2005-04-30": "232.03600", "2005-03-31": "", "2005-01-31": "375.53400"}, "Property, Plant, And Equipment": {"2020-12-31": "1238.80000", "2020-09-30": "1214.50000", "2020-06-30": "1196.40000", "2020-03-31": "1159.90000", "2019-12-31": "1163.30000", "2019-09-30": "1148.00000", "2019-06-30": "1123.50000", "2019-03-31": "1095.70000", "2018-12-31": "1471.50000", "2018-09-30": "1443.40000", "2018-06-30": "1422.60000", "2018-03-31": "1379.30000", "2017-12-31": "1325.40000", "2017-09-30": "1354.00000", "2017-06-30": "1233.00000", "2017-03-31": "1138.00000", "2016-12-31": "1035.60000", "2016-09-30": "931.06000", "2016-06-30": "825.30100", "2016-03-31": "749.29500", "2015-12-31": "697.00000", "2015-09-30": "618.73300", "2015-06-30": "555.38800", "2015-03-31": "440.48700", "2014-12-31": "392.24800", "2014-09-30": "328.47600", "2014-06-30": "273.32600", "2014-03-31": "218.08600", "2013-12-31": "201.10900", "2013-09-30": "178.84200", "2013-06-30": "173.72100", "2013-03-31": "164.96600", "2012-12-31": "165.62900", "2012-09-30": "165.04700", "2012-06-30": "164.56800", "2012-03-31": "165.76300", "2011-12-31": "165.85200", "2011-09-30": "164.15300", "2011-06-30": "163.76300", "2011-03-31": "160.62500", "2010-12-31": "162.24000", "2010-09-30": "162.11100", "2010-06-30": "161.87100", "2010-03-31": "162.96600", "2009-12-31": "164.69100", "2009-09-30": "162.22100", "2009-06-30": "155.41900", "2009-03-31": "144.83300", "2008-12-31": "139.88500", "2008-09-30": "128.45000", "2008-06-30": "119.38700", "2008-03-31": "111.21900", "2007-12-31": "104.28000", "2007-09-30": "92.96400", "2007-06-30": "76.74900", "2007-03-31": "54.59200", "2006-12-31": "39.13500", "2006-09-30": "28.63000", "2006-06-30": "11.81900", "2006-03-31": "10.36500", "2005-12-31": "10.63100", "2005-10-31": "10.84900", "2005-09-30": "", "2005-07-31": "11.54600", "2005-06-30": "", "2005-04-30": "11.95800", "2005-03-31": "", "2005-01-31": "11.00300"}, "Long-Term Investments": {"2020-12-31": "", "2020-09-30": "", "2020-06-30": "", "2020-03-31": "", "2019-12-31": "", "2019-09-30": "", "2019-06-30": "", "2019-03-31": "", "2018-12-31": "", "2018-09-30": "", "2018-06-30": "", "2018-03-31": "", "2017-12-31": "", "2017-09-30": "", "2017-06-30": "", "2017-03-31": "", "2016-12-31": "", "2016-09-30": "", "2016-06-30": "", "2016-03-31": "", "2015-12-31": "", "2015-09-30": "", "2015-06-30": "", "2015-03-31": "", "2014-12-31": "", "2014-09-30": "", "2014-06-30": "", "2014-03-31": "", "2013-12-31": "", "2013-09-30": "", "2013-06-30": "", "2013-03-31": "", "2012-12-31": "", "2012-09-30": "", "2012-06-30": "", "2012-03-31": "", "2011-12-31": "", "2011-09-30": "", "2011-06-30": "", "2011-03-31": "", "2010-12-31": "", "2010-09-30": "", "2010-06-30": "", "2010-03-31": "", "2009-12-31": "", "2009-09-30": "", "2009-06-30": "", "2009-03-31": "", "2008-12-31": "", "2008-09-30": "", "2008-06-30": "", "2008-03-31": "", "2007-12-31": "", "2007-09-30": "", "2007-06-30": "", "2007-03-31": "", "2006-12-31": "", "2006-09-30": "", "2006-06-30": "", "2006-03-31": "", "2005-12-31": "", "2005-10-31": "", "2005-09-30": "", "2005-07-31": "", "2005-06-30": "", "2005-04-30": "", "2005-03-31": "", "2005-01-31": ""}, "Goodwill And Intangible Assets": {"2020-12-31": "8102.50000", "2020-09-30": "8157.30000", "2020-06-30": "7134.90000", "2020-03-31": "9259.70000", "2019-12-31": "8381.70000", "2019-09-30": "8447.50000", "2019-06-30": "8525.00000", "2019-03-31": "8598.20000", "2018-12-31": "8678.70000", "2018-09-30": "8751.00000", "2018-06-30": "8831.20000", "2018-03-31": "8911.50000", "2017-12-31": "8991.80000", "2017-09-30": "9069.00000", "2017-06-30": "9149.00000", "2017-03-31": "9260.00000", "2016-12-31": "9340.50000", "2016-09-30": "9505.17000", "2016-06-30": "9585.20600", "2016-03-31": "9677.13800", "2015-12-31": "9756.00000", "2015-09-30": "9803.42000", "2015-06-30": "9831.66200", "2015-03-31": "841.10800", "2014-12-31": "841.11900", "2014-09-30": "851.33300", "2014-06-30": "853.85900", "2014-03-31": "857.09400", "2013-12-31": "863.79200", "2013-09-30": "900.21100", "2013-06-30": "897.32500", "2013-03-31": "899.03800", "2012-12-31": "900.32300", "2012-09-30": "902.14500", "2012-06-30": "931.20100", "2012-03-31": "941.31800", "2011-12-31": "171.24300", "2011-09-30": "172.84400", "2011-06-30": "174.05200", "2011-03-31": "174.41300", "2010-12-31": "44.10000", "2010-09-30": "45.19300", "2010-06-30": "46.25300", "2010-03-31": "47.36800", "2009-12-31": "48.54300", "2009-09-30": "49.20100", "2009-06-30": "50.20200", "2009-03-31": "51.05400", "2008-12-31": "52.27900", "2008-09-30": "29.94600", "2008-06-30": "30.19400", "2008-03-31": "30.44300", "2007-12-31": "20.89100", "2007-09-30": "19.95400", "2007-06-30": "19.95400", "2007-03-31": "19.95400", "2006-12-31": "19.95400", "2006-09-30": "19.95400", "2006-06-30": "19.95400", "2006-03-31": "19.95400", "2005-12-31": "19.95400", "2005-10-31": "19.95400", "2005-09-30": "", "2005-07-31": "19.95400", "2005-06-30": "", "2005-04-30": "19.95400", "2005-03-31": "", "2005-01-31": "19.95400"}, "Other Long-Term Assets": {"2020-12-31": "506.20000", "2020-09-30": "618.20000", "2020-06-30": "461.70000", "2020-03-31": "432.00000", "2019-12-31": "429.00000", "2019-09-30": "671.40000", "2019-06-30": "541.20000", "2019-03-31": "462.30000", "2018-12-31": "294.90000", "2018-09-30": "400.80000", "2018-06-30": "400.50000", "2018-03-31": "387.40000", "2017-12-31": "312.20000", "2017-09-30": "338.00000", "2017-06-30": "318.00000", "2017-03-31": "304.00000", "2016-12-31": "299.00000", "2016-09-30": "262.69800", "2016-06-30": "257.63100", "2016-03-31": "248.50300", "2015-12-31": "228.00000", "2015-09-30": "250.64300", "2015-06-30": "247.43100", "2015-03-31": "280.34300", "2014-12-31": "172.56600", "2014-09-30": "101.58000", "2014-06-30": "77.90200", "2014-03-31": "55.24000", "2013-12-31": "62.54400", "2013-09-30": "45.49700", "2013-06-30": "55.82500", "2013-03-31": "59.85600", "2012-12-31": "38.05400", "2012-09-30": "13.51600", "2012-06-30": "19.25000", "2012-03-31": "17.89600", "2011-12-31": "12.51800", "2011-09-30": "11.23000", "2011-06-30": "5.84700", "2011-03-31": "5.40100", "2010-12-31": "4.57200", "2010-09-30": "12.27000", "2010-06-30": "8.59000", "2010-03-31": "7.42000", "2009-12-31": "5.40300", "2009-09-30": "3.42800", "2009-06-30": "4.15600", "2009-03-31": "5.24200", "2008-12-31": "4.88900", "2008-09-30": "1.52700", "2008-06-30": "1.47800", "2008-03-31": "4.20700", "2007-12-31": "4.76900", "2007-09-30": "17.48500", "2007-06-30": "13.32700", "2007-03-31": "26.21600", "2006-12-31": "37.67200", "2006-09-30": "14.91900", "2006-06-30": "14.23600", "2006-03-31": "14.40600", "2005-12-31": "14.57500", "2005-10-31": "14.68800", "2005-09-30": "", "2005-07-31": "15.46000", "2005-06-30": "", "2005-04-30": "12.05700", "2005-03-31": "", "2005-01-31": "12.95600"}, "Total Long-Term Assets": {"2020-12-31": "12270.00000", "2020-09-30": "12480.60000", "2020-06-30": "11335.30000", "2020-03-31": "13278.30000", "2019-12-31": "12468.20000", "2019-09-30": "10473.80000", "2019-06-30": "10399.20000", "2019-03-31": "10349.00000", "2018-12-31": "10546.90000", "2018-09-30": "10595.20000", "2018-06-30": "10654.30000", "2018-03-31": "10678.20000", "2017-12-31": "10629.40000", "2017-09-30": "10761.00000", "2017-06-30": "10700.00000", "2017-03-31": "10702.00000", "2016-12-31": "10675.10000", "2016-09-30": "10698.93000", "2016-06-30": "10668.14000", "2016-03-31": "10674.94000", "2015-12-31": "10681.00000", "2015-09-30": "10672.80000", "2015-06-30": "10634.48000", "2015-03-31": "1561.93800", "2014-12-31": "1405.93300", "2014-09-30": "1331.00900", "2014-06-30": "1212.50400", "2014-03-31": "1133.78600", "2013-12-31": "1130.83900", "2013-09-30": "1134.29300", "2013-06-30": "1136.60500", "2013-03-31": "1135.84000", "2012-12-31": "1117.96000", "2012-09-30": "1095.21700", "2012-06-30": "1181.44900", "2012-03-31": "1205.53000", "2011-12-31": "453.48100", "2011-09-30": "487.68600", "2011-06-30": "479.18000", "2011-03-31": "485.28300", "2010-12-31": "365.48100", "2010-09-30": "384.02000", "2010-06-30": "397.80900", "2010-03-31": "405.68200", "2009-12-31": "412.94500", "2009-09-30": "219.86200", "2009-06-30": "214.75500", "2009-03-31": "205.27600", "2008-12-31": "200.45000", "2008-09-30": "159.92300", "2008-06-30": "151.05900", "2008-03-31": "145.86900", "2007-12-31": "129.94000", "2007-09-30": "130.40300", "2007-06-30": "110.03000", "2007-03-31": "100.76200", "2006-12-31": "96.76100", "2006-09-30": "63.50300", "2006-06-30": "46.00900", "2006-03-31": "44.72500", "2005-12-31": "45.16000", "2005-10-31": "45.49100", "2005-09-30": "", "2005-07-31": "46.96000", "2005-06-30": "", "2005-04-30": "48.54300", "2005-03-31": "", "2005-01-31": "49.87800"}, "Total Assets": {"2020-12-31": "18103.00000", "2020-09-30": "17548.40000", "2020-06-30": "16703.20000", "2020-03-31": "18148.50000", "2019-12-31": "17544.60000", "2019-09-30": "14815.00000", "2019-06-30": "14567.70000", "2019-03-31": "13999.60000", "2018-12-31": "13931.90000", "2018-09-30": "13843.60000", "2018-06-30": "13490.40000", "2018-03-31": "13830.20000", "2017-12-31": "13583.30000", "2017-09-30": "13643.00000", "2017-06-30": "13489.00000", "2017-03-31": "13435.00000", "2016-12-31": "13253.30000", "2016-09-30": "13293.46000", "2016-06-30": "13029.35000", "2016-03-31": "12802.45000", "2015-12-31": "13097.00000", "2015-09-30": "13153.01000", "2015-06-30": "13167.72000", "2015-03-31": "4414.92500", "2014-12-31": "4201.96200", "2014-09-30": "3890.88700", "2014-06-30": "3553.81000", "2014-03-31": "3379.66600", "2013-12-31": "3317.69600", "2013-09-30": "3049.79500", "2013-06-30": "2815.23800", "2013-03-31": "2685.88100", "2012-12-31": "2613.56000", "2012-09-30": "2505.60800", "2012-06-30": "2457.61000", "2012-03-31": "2017.46400", "2011-12-31": "1394.75100", "2011-09-30": "1305.04200", "2011-06-30": "1179.57500", "2011-03-31": "1154.52900", "2010-12-31": "1012.03700", "2010-09-30": "942.25700", "2010-06-30": "889.59400", "2010-03-31": "835.76300", "2009-12-31": "786.40100", "2009-09-30": "552.00600", "2009-06-30": "514.98500", "2009-03-31": "491.64200", "2008-12-31": "477.55100", "2008-09-30": "430.34300", "2008-06-30": "379.18900", "2008-03-31": "363.99400", "2007-12-31": "334.35700", "2007-09-30": "321.10500", "2007-06-30": "296.89000", "2007-03-31": "307.73700", "2006-12-31": "333.53700", "2006-09-30": "211.00100", "2006-06-30": "214.58100", "2006-03-31": "237.92400", "2005-12-31": "262.71100", "2005-10-31": "281.10000", "2005-09-30": "0.00000", "2005-07-31": "248.12200", "2005-06-30": "0.00000", "2005-04-30": "280.57900", "2005-03-31": "0.00000", "2005-01-31": "425.41200"}, "Total Current Liabilities": {"2020-12-31": "1624.70000", "2020-09-30": "1331.00000", "2020-06-30": "1120.10000", "2020-03-31": "1119.90000", "2019-12-31": "1194.30000", "2019-09-30": "1091.20000", "2019-06-30": "1031.50000", "2019-03-31": "943.80000", "2018-12-31": "1174.00000", "2018-09-30": "1027.40000", "2018-06-30": "1044.40000", "2018-03-31": "942.00000", "2017-12-31": "952.50000", "2017-09-30": "972.00000", "2017-06-30": "856.00000", "2017-03-31": "837.00000", "2016-12-31": "822.90000", "2016-09-30": "1034.34100", "2016-06-30": "658.46200", "2016-03-31": "603.61300", "2015-12-31": "709.00000", "2015-09-30": "766.86000", "2015-06-30": "769.16900", "2015-03-31": "580.43900", "2014-12-31": "606.74000", "2014-09-30": "502.53700", "2014-06-30": "417.70100", "2014-03-31": "396.82200", "2013-12-31": "582.42900", "2013-09-30": "395.45600", "2013-06-30": "302.97800", "2013-03-31": "295.74700", "2012-12-31": "360.08900", "2012-09-30": "361.94200", "2012-06-30": "375.16200", "2012-03-31": "353.67700", "2011-12-31": "227.78500", "2011-09-30": "211.24400", "2011-06-30": "187.78000", "2011-03-31": "217.18200", "2010-12-31": "138.51500", "2010-09-30": "117.66300", "2010-06-30": "89.22900", "2010-03-31": "81.43500", "2009-12-31": "85.26200", "2009-09-30": "107.94500", "2009-06-30": "112.19800", "2009-03-31": "70.08400", "2008-12-31": "84.41800", "2008-09-30": "61.38700", "2008-06-30": "54.63600", "2008-03-31": "58.43500", "2007-12-31": "37.70900", "2007-09-30": "33.28600", "2007-06-30": "23.94100", "2007-03-31": "22.53400", "2006-12-31": "27.82200", "2006-09-30": "21.50300", "2006-06-30": "25.17100", "2006-03-31": "19.45700", "2005-12-31": "25.39000", "2005-10-31": "23.95500", "2005-09-30": "", "2005-07-31": "24.71400", "2005-06-30": "", "2005-04-30": "26.35600", "2005-03-31": "", "2005-01-31": "138.11700"}, "Long Term Debt": {"2020-12-31": "2419.60000", "2020-09-30": "2453.30000", "2020-06-30": "2311.60000", "2020-03-31": "2343.30000", "2019-12-31": "2375.00000", "2019-09-30": "2406.70000", "2019-06-30": "2438.30000", "2019-03-31": "2470.00000", "2018-12-31": "2862.70000", "2018-09-30": "2894.50000", "2018-06-30": "2926.30000", "2018-03-31": "3029.00000", "2017-12-31": "3063.60000", "2017-09-30": "3096.00000", "2017-06-30": "3081.00000", "2017-03-31": "3116.00000", "2016-12-31": "3121.50000", "2016-09-30": "3153.82600", "2016-06-30": "3367.53100", "2016-03-31": "3385.74200", "2015-12-31": "3405.00000", "2015-09-30": "3474.60400", "2015-06-30": "3498.31000", "2015-03-31": "114.91200", "2014-12-31": "116.59900", "2014-09-30": "108.53000", "2014-06-30": "93.01500", "2014-03-31": "83.91700", "2013-12-31": "97.23000", "2013-09-30": "89.25100", "2013-06-30": "95.85400", "2013-03-31": "101.00000", "2012-12-31": "101.00000", "2012-09-30": "113.00000", "2012-06-30": "180.00000", "2012-03-31": "247.00000", "2011-12-31": "", "2011-09-30": "0.28600", "2011-06-30": "0.37800", "2011-03-31": "0.46200", "2010-12-31": "4.46200", "2010-09-30": "4.02400", "2010-06-30": "4.09900", "2010-03-31": "9.35600", "2009-12-31": "10.42100", "2009-09-30": "10.41400", "2009-06-30": "9.96200", "2009-03-31": "141.34700", "2008-12-31": "141.42500", "2008-09-30": "194.28000", "2008-06-30": "196.85500", "2008-03-31": "196.92700", "2007-12-31": "194.49900", "2007-09-30": "194.57000", "2007-06-30": "176.63800", "2007-03-31": "176.26400", "2006-12-31": "176.28300", "2006-09-30": "176.00000", "2006-06-30": "150.02500", "2006-03-31": "150.05600", "2005-12-31": "150.08800", "2005-10-31": "150.11000", "2005-09-30": "", "2005-07-31": "150.14900", "2005-06-30": "", "2005-04-30": "150.08800", "2005-03-31": "", "2005-01-31": "150.00000"}, "Other Non-Current Liabilities": {"2020-12-31": "598.20000", "2020-09-30": "695.20000", "2020-06-30": "664.50000", "2020-03-31": "661.40000", "2019-12-31": "458.00000", "2019-09-30": "468.40000", "2019-06-30": "427.70000", "2019-03-31": "422.30000", "2018-12-31": "338.80000", "2018-09-30": "309.20000", "2018-06-30": "288.30000", "2018-03-31": "303.80000", "2017-12-31": "309.10000", "2017-09-30": "278.00000", "2017-06-30": "290.00000", "2017-03-31": "242.00000", "2016-12-31": "219.60000", "2016-09-30": "257.39800", "2016-06-30": "233.94100", "2016-03-31": "214.90300", "2015-12-31": "195.00000", "2015-09-30": "241.36300", "2015-06-30": "347.36900", "2015-03-31": "202.67200", "2014-12-31": "169.55900", "2014-09-30": "151.81000", "2014-06-30": "161.41600", "2014-03-31": "151.96300", "2013-12-31": "154.71700", "2013-09-30": "196.71500", "2013-06-30": "184.11100", "2013-03-31": "177.96100", "2012-12-31": "161.79400", "2012-09-30": "158.23100", "2012-06-30": "152.75400", "2012-03-31": "147.99700", "2011-12-31": "32.47100", "2011-09-30": "27.78000", "2011-06-30": "27.95600", "2011-03-31": "25.26100", "2010-12-31": "9.32400", "2010-09-30": "8.53700", "2010-06-30": "3.84700", "2010-03-31": "2.30300", "2009-12-31": "2.15800", "2009-09-30": "5.48500", "2009-06-30": "5.45500", "2009-03-31": "4.59400", "2008-12-31": "3.80100", "2008-09-30": "0.91600", "2008-06-30": "0.90000", "2008-03-31": "0.59300", "2007-12-31": "0.59300", "2007-09-30": "0.62400", "2007-06-30": "", "2007-03-31": "", "2006-12-31": "", "2006-09-30": "", "2006-06-30": "", "2006-03-31": "", "2005-12-31": "", "2005-10-31": "", "2005-09-30": "", "2005-07-31": "", "2005-06-30": "", "2005-04-30": "", "2005-03-31": "", "2005-01-31": ""}, "Total Long Term Liabilities": {"2020-12-31": "4827.10000", "2020-09-30": "5142.50000", "2020-06-30": "5092.30000", "2020-03-31": "5280.80000", "2019-12-31": "5078.50000", "2019-09-30": "3356.60000", "2019-06-30": "3372.70000", "2019-03-31": "3349.20000", "2018-12-31": "3592.60000", "2018-09-30": "3646.50000", "2018-06-30": "3678.60000", "2018-03-31": "3775.50000", "2017-12-31": "3737.70000", "2017-09-30": "3727.00000", "2017-06-30": "3758.00000", "2017-03-31": "3742.00000", "2016-12-31": "3736.60000", "2016-09-30": "3755.01800", "2016-06-30": "4171.54600", "2016-03-31": "4136.55500", "2015-12-31": "4129.00000", "2015-09-30": "4133.28600", "2015-06-30": "3845.67900", "2015-03-31": "317.58400", "2014-12-31": "293.20400", "2014-09-30": "265.31100", "2014-06-30": "254.52700", "2014-03-31": "281.86600", "2013-12-31": "353.18800", "2013-09-30": "299.57300", "2013-06-30": "300.72000", "2013-03-31": "300.08100", "2012-12-31": "282.62100", "2012-09-30": "271.23100", "2012-06-30": "332.75400", "2012-03-31": "450.50700", "2011-12-31": "32.47400", "2011-09-30": "38.07000", "2011-06-30": "38.29300", "2011-03-31": "35.98200", "2010-12-31": "13.78600", "2010-09-30": "12.77800", "2010-06-30": "8.15100", "2010-03-31": "11.85300", "2009-12-31": "12.78300", "2009-09-30": "16.82300", "2009-06-30": "16.34000", "2009-03-31": "146.84700", "2008-12-31": "146.13200", "2008-09-30": "195.19600", "2008-06-30": "197.75500", "2008-03-31": "197.52000", "2007-12-31": "195.09200", "2007-09-30": "195.19400", "2007-06-30": "176.63800", "2007-03-31": "176.26400", "2006-12-31": "181.03800", "2006-09-30": "180.90200", "2006-06-30": "155.07400", "2006-03-31": "155.25200", "2005-12-31": "155.43100", "2005-10-31": "155.55100", "2005-09-30": "", "2005-07-31": "155.73700", "2005-06-30": "", "2005-04-30": "155.82300", "2005-03-31": "", "2005-01-31": "156.99200"}, "Total Liabilities": {"2020-12-31": "6451.80000", "2020-09-30": "6473.50000", "2020-06-30": "6212.40000", "2020-03-31": "6400.70000", "2019-12-31": "6272.80000", "2019-09-30": "4447.80000", "2019-06-30": "4404.20000", "2019-03-31": "4293.00000", "2018-12-31": "4766.60000", "2018-09-30": "4673.90000", "2018-06-30": "4723.00000", "2018-03-31": "4717.50000", "2017-12-31": "4690.20000", "2017-09-30": "4699.00000", "2017-06-30": "4614.00000", "2017-03-31": "4579.00000", "2016-12-31": "4559.50000", "2016-09-30": "4789.35900", "2016-06-30": "4830.00800", "2016-03-31": "4740.16800", "2015-12-31": "4838.00000", "2015-09-30": "4900.14600", "2015-06-30": "4614.84800", "2015-03-31": "898.02300", "2014-12-31": "899.94400", "2014-09-30": "767.84800", "2014-06-30": "672.22800", "2014-03-31": "678.68800", "2013-12-31": "935.61700", "2013-09-30": "695.02900", "2013-06-30": "603.69800", "2013-03-31": "595.82800", "2012-12-31": "642.71000", "2012-09-30": "633.17300", "2012-06-30": "707.91600", "2012-03-31": "804.18400", "2011-12-31": "260.25900", "2011-09-30": "249.31400", "2011-06-30": "226.07300", "2011-03-31": "253.16400", "2010-12-31": "152.30100", "2010-09-30": "130.44100", "2010-06-30": "97.38000", "2010-03-31": "93.28800", "2009-12-31": "98.04500", "2009-09-30": "124.76800", "2009-06-30": "128.53800", "2009-03-31": "216.93100", "2008-12-31": "230.55000", "2008-09-30": "256.58300", "2008-06-30": "252.39100", "2008-03-31": "255.95500", "2007-12-31": "232.80100", "2007-09-30": "228.48000", "2007-06-30": "200.57900", "2007-03-31": "198.79800", "2006-12-31": "208.86000", "2006-09-30": "202.40500", "2006-06-30": "180.24500", "2006-03-31": "174.70900", "2005-12-31": "180.82100", "2005-10-31": "179.50600", "2005-09-30": "", "2005-07-31": "180.45100", "2005-06-30": "", "2005-04-30": "182.17900", "2005-03-31": "", "2005-01-31": "295.10900"}, "Common Stock Net": {"2020-12-31": "", "2020-09-30": "", "2020-06-30": "", "2020-03-31": "", "2019-12-31": "", "2019-09-30": "", "2019-06-30": "", "2019-03-31": "", "2018-12-31": "", "2018-09-30": "", "2018-06-30": "", "2018-03-31": "0.00000", "2017-12-31": "", "2017-09-30": "0.00000", "2017-06-30": "", "2017-03-31": "", "2016-12-31": "", "2016-09-30": "0.02300", "2016-06-30": "0.02300", "2016-03-31": "0.02300", "2015-12-31": "", "2015-09-30": "0.02300", "2015-06-30": "0.02300", "2015-03-31": "0.02000", "2014-12-31": "0.02000", "2014-09-30": "0.02000", "2014-06-30": "0.02000", "2014-03-31": "0.02000", "2013-12-31": "0.02000", "2013-09-30": "0.02000", "2013-06-30": "0.02000", "2013-03-31": "0.02000", "2012-12-31": "0.02000", "2012-09-30": "0.01900", "2012-06-30": "0.01900", "2012-03-31": "0.01900", "2011-12-31": "0.01900", "2011-09-30": "0.01900", "2011-06-30": "0.01800", "2011-03-31": "0.00600", "2010-12-31": "0.01800", "2010-09-30": "0.00500", "2010-06-30": "0.00500", "2010-03-31": "0.00500", "2009-12-31": "0.00500", "2009-09-30": "0.00500", "2009-06-30": "0.00500", "2009-03-31": "0.00500", "2008-12-31": "0.00500", "2008-09-30": "0.00800", "2008-06-30": "0.00400", "2008-03-31": "0.00400", "2007-12-31": "0.00400", "2007-09-30": "0.00400", "2007-06-30": "0.00400", "2007-03-31": "0.00400", "2006-12-31": "0.00400", "2006-09-30": "0.00300", "2006-06-30": "0.00300", "2006-03-31": "0.00300", "2005-12-31": "0.00300", "2005-10-31": "0.00300", "2005-09-30": "", "2005-07-31": "0.00300", "2005-06-30": "", "2005-04-30": "0.00300", "2005-03-31": "", "2005-01-31": "0.00300"}, "Retained Earnings (Accumulated Deficit)": {"2020-12-31": "", "2020-09-30": "4707.40000", "2020-06-30": "4129.30000", "2020-03-31": "5197.40000", "2019-12-31": "4639.80000", "2019-09-30": "3750.80000", "2019-06-30": "3283.20000", "2019-03-31": "2823.40000", "2018-12-31": "2325.80000", "2018-09-30": "2370.90000", "2018-06-30": "2040.00000", "2018-03-31": "2497.40000", "2017-12-31": "2242.10000", "2017-09-30": "2212.00000", "2017-06-30": "2134.00000", "2017-03-31": "1969.00000", "2016-12-31": "1817.60000", "2016-09-30": "1724.80900", "2016-06-30": "1387.50400", "2016-03-31": "1272.56100", "2015-12-31": "1181.00000", "2015-09-30": "1113.79100", "2015-06-30": "1297.54800", "2015-03-31": "1127.33300", "2014-12-31": "1036.01000", "2014-09-30": "882.67800", "2014-06-30": "704.94700", "2014-03-31": "538.45200", "2013-12-31": "379.09800", "2013-09-30": "398.09000", "2013-06-30": "304.30500", "2013-03-31": "208.42000", "2012-12-31": "126.20300", "2012-09-30": "45.23000", "2012-06-30": "-46.94800", "2012-03-31": "-83.20600", "2011-12-31": "-128.61900", "2011-09-30": "-176.78900", "2011-06-30": "-242.35900", "2011-03-31": "-277.10400", "2010-12-31": "-303.93400", "2010-09-30": "-330.38400", "2010-06-30": "-358.25700", "2010-03-31": "-380.03100", "2009-12-31": "-400.96400", "2009-09-30": "-638.09200", "2009-06-30": "-664.82300", "2009-03-31": "-681.62500", "2008-12-31": "-696.13000", "2008-09-30": "-711.46600", "2008-06-30": "-731.15400", "2008-03-31": "-733.52800", "2007-12-31": "-729.27900", "2007-09-30": "-716.94700", "2007-06-30": "-696.86600", "2007-03-31": "-669.68300", "2006-12-31": "-637.58100", "2006-09-30": "-598.33100", "2006-06-30": "-566.45900", "2006-03-31": "-533.29400", "2005-12-31": "-506.06700", "2005-10-31": "-483.18500", "2005-09-30": "", "2005-07-31": "-448.11100", "2005-06-30": "", "2005-04-30": "-415.46900", "2005-03-31": "", "2005-01-31": "-383.01900"}, "Comprehensive Income": {"2020-12-31": "", "2020-09-30": "-119.20000", "2020-06-30": "-110.90000", "2020-03-31": "-101.50000", "2019-12-31": "-66.80000", "2019-09-30": "-48.20000", "2019-06-30": "-57.90000", "2019-03-31": "-20.50000", "2018-12-31": "-9.70000", "2018-09-30": "6.90000", "2018-06-30": "-2.90000", "2018-03-31": "-45.70000", "2017-12-31": "-34.40000", "2017-09-30": "-37.00000", "2017-06-30": "-14.00000", "2017-03-31": "36.00000", "2016-12-31": "60.50000", "2016-09-30": "-16.61700", "2016-06-30": "0.69400", "2016-03-31": "3.81500", "2015-12-31": "62.00000", "2015-09-30": "54.42800", "2015-06-30": "62.51600", "2015-03-31": "119.48900", "2014-12-31": "56.78500", "2014-09-30": "48.50000", "2014-06-30": "-32.45000", "2014-03-31": "-26.43500", "2013-12-31": "-22.85700", "2013-09-30": "-12.22300", "2013-06-30": "19.52600", "2013-03-31": "30.96200", "2012-12-31": "6.63500", "2012-09-30": "2.34500", "2012-06-30": "16.54200", "2012-03-31": "7.55600", "2011-12-31": "4.17900", "2011-09-30": "-3.10400", "2011-06-30": "-19.62700", "2011-03-31": "-14.27500", "2010-12-31": "-7.14000", "2010-09-30": "-4.59900", "2010-06-30": "21.38300", "2010-03-31": "10.62800", "2009-12-31": "-1.94200", "2009-09-30": "-10.63700", "2009-06-30": "-5.40800", "2009-03-31": "3.43600", "2008-12-31": "2.94700", "2008-09-30": "4.96700", "2008-06-30": "-1.60000", "2008-03-31": "-1.71100", "2007-12-31": "-1.44300", "2007-09-30": "-0.94100", "2007-06-30": "-0.82700", "2007-03-31": "-0.20500", "2006-12-31": "-0.17700", "2006-09-30": "-0.14500", "2006-06-30": "-0.37000", "2006-03-31": "-0.33400", "2005-12-31": "-0.31500", "2005-10-31": "-0.45900", "2005-09-30": "", "2005-07-31": "-0.56600", "2005-06-30": "", "2005-04-30": "-0.61100", "2005-03-31": "", "2005-01-31": "-0.56900"}, "Other Share Holders Equity": {"2020-12-31": "", "2020-09-30": "", "2020-06-30": "", "2020-03-31": "", "2019-12-31": "", "2019-09-30": "", "2019-06-30": "", "2019-03-31": "", "2018-12-31": "", "2018-09-30": "", "2018-06-30": "", "2018-03-31": "", "2017-12-31": "", "2017-09-30": "", "2017-06-30": "", "2017-03-31": "", "2016-12-31": "", "2016-09-30": "", "2016-06-30": "", "2016-03-31": "", "2015-12-31": "", "2015-09-30": "", "2015-06-30": "", "2015-03-31": "", "2014-12-31": "", "2014-09-30": "", "2014-06-30": "", "2014-03-31": "", "2013-12-31": "", "2013-09-30": "", "2013-06-30": "", "2013-03-31": "", "2012-12-31": "", "2012-09-30": "", "2012-06-30": "", "2012-03-31": "", "2011-12-31": "", "2011-09-30": "", "2011-06-30": "", "2011-03-31": "", "2010-12-31": "", "2010-09-30": "", "2010-06-30": "", "2010-03-31": "", "2009-12-31": "", "2009-09-30": "", "2009-06-30": "", "2009-03-31": "", "2008-12-31": "", "2008-09-30": "", "2008-06-30": "", "2008-03-31": "", "2007-12-31": "", "2007-09-30": "", "2007-06-30": "", "2007-03-31": "", "2006-12-31": "", "2006-09-30": "0.05400", "2006-06-30": "0.12500", "2006-03-31": "0.03200", "2005-12-31": "", "2005-10-31": "", "2005-09-30": "", "2005-07-31": "", "2005-06-30": "", "2005-04-30": "-0.00500", "2005-03-31": "", "2005-01-31": ""}, "Share Holder Equity": {"2020-12-31": "11651.20000", "2020-09-30": "11074.90000", "2020-06-30": "10490.80000", "2020-03-31": "11747.80000", "2019-12-31": "11271.80000", "2019-09-30": "10367.20000", "2019-06-30": "10163.50000", "2019-03-31": "9706.60000", "2018-12-31": "9165.30000", "2018-09-30": "9169.70000", "2018-06-30": "8767.40000", "2018-03-31": "9112.70000", "2017-12-31": "8893.10000", "2017-09-30": "8944.00000", "2017-06-30": "8875.00000", "2017-03-31": "8856.00000", "2016-12-31": "8693.80000", "2016-09-30": "8504.10300", "2016-06-30": "8199.33900", "2016-03-31": "8062.27700", "2015-12-31": "8259.00000", "2015-09-30": "8252.86900", "2015-06-30": "8552.87100", "2015-03-31": "3516.90200", "2014-12-31": "3302.01800", "2014-09-30": "3123.03900", "2014-06-30": "2881.58200", "2014-03-31": "2700.97800", "2013-12-31": "2382.07900", "2013-09-30": "2354.76600", "2013-06-30": "2211.54000", "2013-03-31": "2090.05300", "2012-12-31": "1970.85000", "2012-09-30": "1872.43500", "2012-06-30": "1749.69400", "2012-03-31": "1213.28000", "2011-12-31": "1134.49200", "2011-09-30": "1055.72800", "2011-06-30": "953.50200", "2011-03-31": "901.36500", "2010-12-31": "859.73600", "2010-09-30": "811.81600", "2010-06-30": "792.21400", "2010-03-31": "742.47500", "2009-12-31": "688.35600", "2009-09-30": "427.23800", "2009-06-30": "386.44700", "2009-03-31": "274.71100", "2008-12-31": "247.00100", "2008-09-30": "173.76000", "2008-06-30": "126.79800", "2008-03-31": "108.03900", "2007-12-31": "101.55600", "2007-09-30": "92.62500", "2007-06-30": "96.31100", "2007-03-31": "108.93900", "2006-12-31": "124.67700", "2006-09-30": "8.59600", "2006-06-30": "34.33600", "2006-03-31": "63.21500", "2005-12-31": "81.89000", "2005-10-31": "101.59400", "2005-09-30": "", "2005-07-31": "67.67100", "2005-06-30": "", "2005-04-30": "98.40000", "2005-03-31": "", "2005-01-31": "130.30300"}, "Total Liabilities And Share Holders Equity": {"2020-12-31": "18103.00000", "2020-09-30": "17548.40000", "2020-06-30": "16703.20000", "2020-03-31": "18148.50000", "2019-12-31": "17544.60000", "2019-09-30": "14815.00000", "2019-06-30": "14567.70000", "2019-03-31": "13999.60000", "2018-12-31": "13931.90000", "2018-09-30": "13843.60000", "2018-06-30": "13490.40000", "2018-03-31": "13830.20000", "2017-12-31": "13583.30000", "2017-09-30": "13643.00000", "2017-06-30": "13489.00000", "2017-03-31": "13435.00000", "2016-12-31": "13253.30000", "2016-09-30": "13293.46000", "2016-06-30": "13029.35000", "2016-03-31": "12802.45000", "2015-12-31": "13097.00000", "2015-09-30": "13153.01000", "2015-06-30": "13167.72000", "2015-03-31": "4414.92500", "2014-12-31": "4201.96200", "2014-09-30": "3890.88700", "2014-06-30": "3553.81000", "2014-03-31": "3379.66600", "2013-12-31": "3317.69600", "2013-09-30": "3049.79500", "2013-06-30": "2815.23800", "2013-03-31": "2685.88100", "2012-12-31": "2613.56000", "2012-09-30": "2505.60800", "2012-06-30": "2457.61000", "2012-03-31": "2017.46400", "2011-12-31": "1394.75100", "2011-09-30": "1305.04200", "2011-06-30": "1179.57500", "2011-03-31": "1154.52900", "2010-12-31": "1012.03700", "2010-09-30": "942.25700", "2010-06-30": "889.59400", "2010-03-31": "835.76300", "2009-12-31": "786.40100", "2009-09-30": "552.00600", "2009-06-30": "514.98500", "2009-03-31": "491.64200", "2008-12-31": "477.55100", "2008-09-30": "430.34300", "2008-06-30": "379.18900", "2008-03-31": "363.99400", "2007-12-31": "334.35700", "2007-09-30": "321.10500", "2007-06-30": "296.89000", "2007-03-31": "307.73700", "2006-12-31": "333.53700", "2006-09-30": "211.00100", "2006-06-30": "214.58100", "2006-03-31": "237.92400", "2005-12-31": "262.71100", "2005-10-31": "281.10000", "2005-09-30": "", "2005-07-31": "248.12200", "2005-06-30": "", "2005-04-30": "280.57900", "2005-03-31": "", "2005-01-31": "425.41200"}}, "cash flow statement": {"Net Income/Loss": {"2020-12-31": "603.40000", "2019-12-31": "2404.30000", "2018-12-31": "77.60000", "2017-12-31": "443.30000", "2016-12-31": "399.40000", "2015-12-31": "144.40000", "2014-12-31": "657.00000", "2013-12-31": "252.89500", "2012-12-31": "254.82200", "2011-12-31": "175.31500", "2010-12-31": "97.03000", "2009-12-31": "295.16600", "2008-12-31": "33.14900", "2007-12-31": "-92.29000", "2006-12-31": "-131.51400", "2005-07-31": "-108.75000"}, "Total Depreciation And Amortization - Cash Flow": {"2020-12-31": "2382.70000", "2019-12-31": "376.80000", "2018-12-31": "405.30000", "2017-12-31": "496.70000", "2016-12-31": "396.40000", "2015-12-31": "166.60000", "2014-12-31": "59.00000", "2013-12-31": "65.44900", "2012-12-31": "50.18700", "2011-12-31": "17.59200", "2010-12-31": "15.79200", "2009-12-31": "12.47300", "2008-12-31": "7.60800", "2007-12-31": "4.92700", "2006-12-31": "3.70600", "2005-07-31": "3.80800"}, "Other Non-Cash Items": {"2020-12-31": "50.60000", "2019-12-31": "-419.80000", "2018-12-31": "377.30000", "2017-12-31": "346.10000", "2016-12-31": "427.10000", "2015-12-31": "779.40000", "2014-12-31": "-234.00000", "2013-12-31": "69.36600", "2012-12-31": "119.65700", "2011-12-31": "94.36000", "2010-12-31": "75.44500", "2009-12-31": "-179.55900", "2008-12-31": "24.20200", "2007-12-31": "22.19200", "2006-12-31": "21.29500", "2005-07-31": "-2.21700"}, "Total Non-Cash Items": {"2020-12-31": "2433.30000", "2019-12-31": "-43.00000", "2018-12-31": "782.60000", "2017-12-31": "842.80000", "2016-12-31": "823.50000", "2015-12-31": "946.00000", "2014-12-31": "-175.00000", "2013-12-31": "134.81500", "2012-12-31": "169.84400", "2011-12-31": "111.95200", "2010-12-31": "91.23700", "2009-12-31": "-167.08600", "2008-12-31": "31.81000", "2007-12-31": "27.11900", "2006-12-31": "25.00100", "2005-07-31": "1.59100"}, "Change In Accounts Receivable": {"2020-12-31": "-139.40000", "2019-12-31": "-319.20000", "2018-12-31": "-208.80000", "2017-12-31": "-55.20000", "2016-12-31": "-122.10000", "2015-12-31": "-115.80000", "2014-12-31": "-28.00000", "2013-12-31": "-116.43900", "2012-12-31": "-72.87000", "2011-12-31": "-78.77800", "2010-12-31": "-59.23900", "2009-12-31": "-36.44000", "2008-12-31": "-31.26200", "2007-12-31": "-49.54500", "2006-12-31": "", "2005-07-31": ""}, "Change In Inventories": {"2020-12-31": "95.00000", "2019-12-31": "-156.90000", "2018-12-31": "-14.70000", "2017-12-31": "-88.20000", "2016-12-31": "-83.80000", "2015-12-31": "-88.40000", "2014-12-31": "-67.00000", "2013-12-31": "0.12600", "2012-12-31": "-6.26500", "2011-12-31": "-12.17900", "2010-12-31": "-14.11900", "2009-12-31": "14.59600", "2008-12-31": "-15.70000", "2007-12-31": "-30.59300", "2006-12-31": "-2.31400", "2005-07-31": ""}, "Change In Accounts Payable": {"2020-12-31": "", "2019-12-31": "", "2018-12-31": "", "2017-12-31": "", "2016-12-31": "", "2015-12-31": "", "2014-12-31": "", "2013-12-31": "", "2012-12-31": "", "2011-12-31": "", "2010-12-31": "", "2009-12-31": "", "2008-12-31": "", "2007-12-31": "", "2006-12-31": "", "2005-07-31": ""}, "Change In Assets/Liabilities": {"2020-12-31": "-111.90000", "2019-12-31": "-31.00000", "2018-12-31": "-155.60000", "2017-12-31": "-137.20000", "2016-12-31": "-97.50000", "2015-12-31": "-95.10000", "2014-12-31": "-12.00000", "2013-12-31": "-16.40300", "2012-12-31": "-3.86900", "2011-12-31": "-6.00700", "2010-12-31": "-1.45800", "2009-12-31": "-6.52600", "2008-12-31": "2.29000", "2007-12-31": "-5.78300", "2006-12-31": "-3.76000", "2005-07-31": "1.22700"}, "Total Change In Assets/Liabilities": {"2020-12-31": "-33.80000", "2019-12-31": "-276.40000", "2018-12-31": "-434.20000", "2017-12-31": "-170.50000", "2016-12-31": "-136.60000", "2015-12-31": "-415.20000", "2014-12-31": "158.00000", "2013-12-31": "109.63900", "2012-12-31": "-14.05300", "2011-12-31": "-17.18300", "2010-12-31": "-27.36100", "2009-12-31": "-14.23900", "2008-12-31": "-11.76000", "2007-12-31": "-74.44300", "2006-12-31": "-3.40100", "2005-07-31": "10.40200"}, "Cash Flow From Operating Activities": {"2020-12-31": "3002.90000", "2019-12-31": "2084.90000", "2018-12-31": "426.00000", "2017-12-31": "1115.60000", "2016-12-31": "1086.30000", "2015-12-31": "675.20000", "2014-12-31": "640.00000", "2013-12-31": "497.34900", "2012-12-31": "410.61300", "2011-12-31": "270.08400", "2010-12-31": "160.90600", "2009-12-31": "113.84100", "2008-12-31": "53.19900", "2007-12-31": "-139.61400", "2006-12-31": "-109.91400", "2005-07-31": "-96.75700"}, "Net Change In Property, Plant, And Equipment": {"2020-12-31": "-106.70000", "2019-12-31": "-154.70000", "2018-12-31": "-213.00000", "2017-12-31": "-357.30000", "2016-12-31": "-332.70000", "2015-12-31": "-286.30000", "2014-12-31": "-137.00000", "2013-12-31": "-29.32900", "2012-12-31": "-21.84600", "2011-12-31": "-21.98200", "2010-12-31": "-12.84300", "2009-12-31": "-35.27500", "2008-12-31": "-39.73300", "2007-12-31": "-68.82500", "2006-12-31": "-31.85600", "2005-07-31": "-2.98000"}, "Net Change In Intangible Assets": {"2020-12-31": "", "2019-12-31": "-16.00000", "2018-12-31": "", "2017-12-31": "", "2016-12-31": "", "2015-12-31": "", "2014-12-31": "", "2013-12-31": "", "2012-12-31": "", "2011-12-31": "", "2010-12-31": "", "2009-12-31": "-27.74000", "2008-12-31": "-8.62400", "2007-12-31": "", "2006-12-31": "", "2005-07-31": ""}, "Net Acquisitions/Divestitures": {"2020-12-31": "-2111.90000", "2019-12-31": "", "2018-12-31": "", "2017-12-31": "", "2016-12-31": "", "2015-12-31": "-3939.30000", "2014-12-31": "", "2013-12-31": "", "2012-12-31": "-605.73500", "2011-12-31": "-105.88600", "2010-12-31": "", "2009-12-31": "", "2008-12-31": "", "2007-12-31": "", "2006-12-31": "", "2005-07-31": ""}, "Net Change In Short-term Investments": {"2020-12-31": "119.10000", "2019-12-31": "180.50000", "2018-12-31": "680.70000", "2017-12-31": "-561.10010", "2016-12-31": "46.20000", "2015-12-31": "635.00000", "2014-12-31": "-85.00000", "2013-12-31": "-988.49690", "2012-12-31": "", "2011-12-31": "94.45800", "2010-12-31": "-76.47300", "2009-12-31": "-19.02600", "2008-12-31": "9.36800", "2007-12-31": "39.26600", "2006-12-31": "119.35700", "2005-07-31": "4.60500"}, "Net Change In Long-Term Investments": {"2020-12-31": "", "2019-12-31": "", "2018-12-31": "", "2017-12-31": "", "2016-12-31": "", "2015-12-31": "", "2014-12-31": "", "2013-12-31": "", "2012-12-31": "", "2011-12-31": "", "2010-12-31": "", "2009-12-31": "", "2008-12-31": "", "2007-12-31": "", "2006-12-31": "", "2005-07-31": ""}, "Net Change In Investments - Total": {"2020-12-31": "119.10000", "2019-12-31": "180.50000", "2018-12-31": "680.70000", "2017-12-31": "-561.10010", "2016-12-31": "46.20000", "2015-12-31": "635.00000", "2014-12-31": "-85.00000", "2013-12-31": "-988.49690", "2012-12-31": "", "2011-12-31": "94.45800", "2010-12-31": "-76.47300", "2009-12-31": "-19.02600", "2008-12-31": "9.36800", "2007-12-31": "39.26600", "2006-12-31": "119.35700", "2005-07-31": "4.60500"}, "Investing Activities - Other": {"2020-12-31": "", "2019-12-31": "-0.10000", "2018-12-31": "2.80000", "2017-12-31": "0.10000", "2016-12-31": "-1.10000", "2015-12-31": "5.40000", "2014-12-31": "-1.00000", "2013-12-31": "-9.31500", "2012-12-31": "-0.00400", "2011-12-31": "-0.30700", "2010-12-31": "-0.00200", "2009-12-31": "0.61800", "2008-12-31": "0.33900", "2007-12-31": "32.63600", "2006-12-31": "-33.59400", "2005-07-31": ""}, "Cash Flow From Investing Activities": {"2020-12-31": "-2099.50000", "2019-12-31": "9.70000", "2018-12-31": "470.50000", "2017-12-31": "-918.30000", "2016-12-31": "-287.60000", "2015-12-31": "-3585.20000", "2014-12-31": "-223.00000", "2013-12-31": "-1027.14100", "2012-12-31": "-627.58500", "2011-12-31": "-33.71700", "2010-12-31": "-89.31800", "2009-12-31": "-81.42300", "2008-12-31": "-38.65000", "2007-12-31": "3.07700", "2006-12-31": "53.90700", "2005-07-31": "1.62500"}, "Net Long-Term Debt": {"2020-12-31": "-130.60000", "2019-12-31": "-98.00000", "2018-12-31": "-293.80000", "2017-12-31": "-175.00000", "2016-12-31": "-375.00000", "2015-12-31": "3398.80000", "2014-12-31": "-55.00000", "2013-12-31": "-36.00000", "2012-12-31": "149.00000", "2011-12-31": "", "2010-12-31": "", "2009-12-31": "-44.30100", "2008-12-31": "-0.27300", "2007-12-31": "17.83900", "2006-12-31": "25.77600", "2005-07-31": "29.87400"}, "Net Current Debt": {"2020-12-31": "", "2019-12-31": "-250.00000", "2018-12-31": "250.00000", "2017-12-31": "", "2016-12-31": "", "2015-12-31": "", "2014-12-31": "", "2013-12-31": "", "2012-12-31": "", "2011-12-31": "", "2010-12-31": "", "2009-12-31": "", "2008-12-31": "", "2007-12-31": "", "2006-12-31": "", "2005-07-31": ""}, "Debt Issuance/Retirement Net - Total": {"2020-12-31": "-130.60000", "2019-12-31": "-348.00000", "2018-12-31": "-43.80000", "2017-12-31": "-175.00000", "2016-12-31": "-375.00000", "2015-12-31": "3398.80000", "2014-12-31": "-55.00000", "2013-12-31": "-36.00000", "2012-12-31": "149.00000", "2011-12-31": "", "2010-12-31": "", "2009-12-31": "-44.30100", "2008-12-31": "-0.27300", "2007-12-31": "17.83900", "2006-12-31": "25.77600", "2005-07-31": "29.87400"}, "Net Common Equity Issued/Repurchased": {"2020-12-31": "-510.80000", "2019-12-31": "-416.00000", "2018-12-31": "-85.00000", "2017-12-31": "-463.60000", "2016-12-31": "-393.50000", "2015-12-31": "-245.70000", "2014-12-31": "-189.00000", "2013-12-31": "5.14500", "2012-12-31": "517.09700", "2011-12-31": "35.76500", "2010-12-31": "37.54600", "2009-12-31": "29.31700", "2008-12-31": "28.89300", "2007-12-31": "47.00500", "2006-12-31": "153.54800", "2005-07-31": "3.74300"}, "Net Total Equity Issued/Repurchased": {"2020-12-31": "-510.80000", "2019-12-31": "-416.00000", "2018-12-31": "-85.00000", "2017-12-31": "-463.60000", "2016-12-31": "-393.50000", "2015-12-31": "-245.70000", "2014-12-31": "-189.00000", "2013-12-31": "5.14500", "2012-12-31": "517.09700", "2011-12-31": "35.76500", "2010-12-31": "37.54600", "2009-12-31": "29.31700", "2008-12-31": "28.89300", "2007-12-31": "47.00500", "2006-12-31": "153.54800", "2005-07-31": "3.74300"}, "Total Common And Preferred Stock Dividends Paid": {"2020-12-31": "", "2019-12-31": "", "2018-12-31": "", "2017-12-31": "", "2016-12-31": "", "2015-12-31": "", "2014-12-31": "", "2013-12-31": "", "2012-12-31": "", "2011-12-31": "", "2010-12-31": "", "2009-12-31": "", "2008-12-31": "", "2007-12-31": "", "2006-12-31": "", "2005-07-31": ""}, "Financial Activities - Other": {"2020-12-31": "29.50000", "2019-12-31": "24.90000", "2018-12-31": "26.40000", "2017-12-31": "42.00000", "2016-12-31": "-67.70000", "2015-12-31": "-168.00000", "2014-12-31": "251.00000", "2013-12-31": "102.49400", "2012-12-31": "0.27900", "2011-12-31": "3.28500", "2010-12-31": "1.32100", "2009-12-31": "0.71400", "2008-12-31": "-0.31200", "2007-12-31": "", "2006-12-31": "", "2005-07-31": "-4.75800"}, "Cash Flow From Financial Activities": {"2020-12-31": "-611.90000", "2019-12-31": "-739.10000", "2018-12-31": "-102.40000", "2017-12-31": "-596.60000", "2016-12-31": "-836.20000", "2015-12-31": "2985.10000", "2014-12-31": "7.00000", "2013-12-31": "71.63900", "2012-12-31": "666.37600", "2011-12-31": "39.05000", "2010-12-31": "38.86700", "2009-12-31": "-14.27000", "2008-12-31": "28.30800", "2007-12-31": "64.84400", "2006-12-31": "179.32400", "2005-07-31": "28.85900"}, "Net Cash Flow": {"2020-12-31": "311.00000", "2019-12-31": "1356.30000", "2018-12-31": "782.90000", "2017-12-31": "-381.60000", "2016-12-31": "-44.10000", "2015-12-31": "66.10000", "2014-12-31": "414.00000", "2013-12-31": "-459.64400", "2012-12-31": "448.63600", "2011-12-31": "273.72000", "2010-12-31": "109.97300", "2009-12-31": "19.16000", "2008-12-31": "42.69100", "2007-12-31": "-71.50500", "2006-12-31": "123.19700", "2005-07-31": "-66.27300"}, "Stock-Based Compensation": {"2020-12-31": "281.10000", "2019-12-31": "237.00000", "2018-12-31": "203.00000", "2017-12-31": "243.10000", "2016-12-31": "192.30000", "2015-12-31": "227.10000", "2014-12-31": "114.00000", "2013-12-31": "76.20300", "2012-12-31": "54.01300", "2011-12-31": "44.76300", "2010-12-31": "32.33800", "2009-12-31": "28.73100", "2008-12-31": "23.68200", "2007-12-31": "22.02500", "2006-12-31": "20.61500", "2005-07-31": "0.37500"}, "Common Stock Dividends Paid": {"2020-12-31": "", "2019-12-31": "", "2018-12-31": "", "2017-12-31": "", "2016-12-31": "", "2015-12-31": "", "2014-12-31": "", "2013-12-31": "", "2012-12-31": "", "2011-12-31": "", "2010-12-31": "", "2009-12-31": "", "2008-12-31": "", "2007-12-31": "", "2006-12-31": "", "2005-07-31": ""}}, "cash flow statement, quarterly": {"Net Income/Loss": {"2020-12-31": 535.8, "2020-09-30": 578.1, "2020-06-30": -1068.1, "2020-03-31": "557.60000", "2019-12-31": 889, "2019-09-30": 467.6, "2019-06-30": 459.8, "2019-03-31": "587.90000", "2018-12-31": -45, "2018-09-30": 330.9, "2018-06-30": -457.4, "2018-03-31": "249.10000", "2017-12-31": 30, "2017-09-30": 78, "2017-06-30": 165.2, "2017-03-31": "170.10000", "2016-12-31": 93.4, "2016-09-30": 94, "2016-06-30": 120, "2016-03-31": "92.00000", "2015-12-31": 66.619, "2015-09-30": -183.757, "2015-06-30": 170.215, "2015-03-31": "91.32300", "2014-12-31": 153.42, "2014-09-30": 177.731, "2014-06-30": 166.495, "2014-03-31": "159.35400", "2013-12-31": -18.992, "2013-09-30": 93.785, "2013-06-30": 95.885, "2013-03-31": "82.21700", "2012-12-31": 80.971, "2012-09-30": 92.18, "2012-06-30": 36.258, "2012-03-31": "45.41300", "2011-12-31": 48.17, "2011-09-30": 65.57, "2011-06-30": 34.745, "2011-03-31": "26.83000", "2010-12-31": 26.45, "2010-09-30": 27.873, "2010-06-30": 21.773, "2010-03-31": "20.93400", "2009-12-31": 237.127, "2009-09-30": 26.731, "2009-06-30": 16.802, "2009-03-31": "14.50600", "2008-12-31": 15.336, "2008-09-30": 19.688, "2008-06-30": 2.374, "2008-03-31": "-4.24900", "2007-12-31": -12.332, "2007-09-30": -20.081, "2007-06-30": -27.184, "2007-03-31": "-32.69300", "2006-12-31": -39.25, "2006-09-30": -31.872, "2006-06-30": -33.165, "2006-03-31": "-27.22700", "2005-12-31": 35.074, "2005-10-31": 63.191, "2005-09-30": -98.265, "2005-07-31": 61.691, "2005-06-30": 14.417, "2005-04-30": -49.527, "2005-03-31": "-26.58100", "2005-01-31": "-43.65800"}, "Total Depreciation And Amortization - Cash Flow": {"2020-12-31": 75.1, "2020-09-30": 75.2, "2020-06-30": 2143.1, "2020-03-31": "89.30000", "2019-12-31": 90.6, "2019-09-30": 92.5, "2019-06-30": 96.5, "2019-03-31": "97.20000", "2018-12-31": 98.4, "2018-09-30": 104.9, "2018-06-30": 100.5, "2018-03-31": "101.50000", "2017-12-31": 185.1, "2017-09-30": 79.4, "2017-06-30": 132.6, "2017-03-31": "99.60000", "2016-12-31": 101.4, "2016-09-30": 100, "2016-06-30": 98, "2016-03-31": "97.00000", "2015-12-31": 93.737, "2015-09-30": 49.722, "2015-06-30": 9.385, "2015-03-31": "13.75600", "2014-12-31": 15.027, "2014-09-30": 13.304, "2014-06-30": 13.762, "2014-03-31": "16.90700", "2013-12-31": 44.631, "2013-09-30": 7.779, "2013-06-30": 6.773, "2013-03-31": "6.26600", "2012-12-31": 6.274, "2012-09-30": 32.494, "2012-06-30": 5.544, "2012-03-31": "5.87500", "2011-12-31": 4.39, "2011-09-30": 4.295, "2011-06-30": 4.48, "2011-03-31": "4.42700", "2010-12-31": 3.17, "2010-09-30": 4.192, "2010-06-30": 4.276, "2010-03-31": "4.15400", "2009-12-31": 3.538, "2009-09-30": 2.971, "2009-06-30": 2.94, "2009-03-31": "3.02400", "2008-12-31": 2.079, "2008-09-30": 1.96, "2008-06-30": 2.28, "2008-03-31": "1.28900", "2007-12-31": 1.721, "2007-09-30": 1.26, "2007-06-30": 1.073, "2007-03-31": "0.87300", "2006-12-31": 1.055, "2006-09-30": 0.899, "2006-06-30": 0.871, "2006-03-31": "0.88100", "2005-12-31": -0.983, "2005-10-31": -2.256, "2005-09-30": 3.239, "2005-07-31": -2.152, "2005-06-30": -0.465, "2005-04-30": 1.53, "2005-03-31": "1.08700", "2005-01-31": "1.63600"}, "Other Non-Cash Items": {"2020-12-31": 1, "2020-09-30": 135.9, "2020-06-30": -213.7, "2020-03-31": "127.40000", "2019-12-31": -326.2, "2019-09-30": -144.1, "2019-06-30": 132.4, "2019-03-31": "-81.90000", "2018-12-31": 41.1, "2018-09-30": 47, "2018-06-30": 195.3, "2018-03-31": "93.90000", "2017-12-31": 97.9, "2017-09-30": 97, "2017-06-30": 97.1, "2017-03-31": "54.10000", "2016-12-31": 139.1, "2016-09-30": 117, "2016-06-30": 96, "2016-03-31": "75.00000", "2015-12-31": 111.702, "2015-09-30": 560.546, "2015-06-30": 126.693, "2015-03-31": "-19.54100", "2014-12-31": 113.736, "2014-09-30": -31.232, "2014-06-30": -152.185, "2014-03-31": "-164.31900", "2013-12-31": 90.622, "2013-09-30": -27.119, "2013-06-30": -12.719, "2013-03-31": "18.58200", "2012-12-31": 22.917, "2012-09-30": 67.436, "2012-06-30": -9.649, "2012-03-31": "38.95300", "2011-12-31": 36.871, "2011-09-30": 21.815, "2011-06-30": 18.509, "2011-03-31": "17.16500", "2010-12-31": 16.311, "2010-09-30": 19.869, "2010-06-30": 19.116, "2010-03-31": "20.14900", "2009-12-31": -203.531, "2009-09-30": 8.346, "2009-06-30": 5.382, "2009-03-31": "10.24400", "2008-12-31": 6.277, "2008-09-30": 4.002, "2008-06-30": 6.81, "2008-03-31": "7.11300", "2007-12-31": 5.806, "2007-09-30": 6.066, "2007-06-30": 5.34, "2007-03-31": "4.98000", "2006-12-31": 9.893, "2006-09-30": 4.561, "2006-06-30": 3.675, "2006-03-31": "3.16600", "2005-12-31": -2.436, "2005-10-31": -0.684, "2005-09-30": 3.12, "2005-07-31": -1.499, "2005-06-30": 3.886, "2005-04-30": -3.599, "2005-03-31": "1.21200", "2005-01-31": "-3.78900"}, "Total Non-Cash Items": {"2020-12-31": 76.1, "2020-09-30": 211.1, "2020-06-30": 1929.4, "2020-03-31": "216.70000", "2019-12-31": -235.6, "2019-09-30": -51.6, "2019-06-30": 228.9, "2019-03-31": "15.30000", "2018-12-31": 139.5, "2018-09-30": 151.9, "2018-06-30": 295.8, "2018-03-31": "195.40000", "2017-12-31": 283, "2017-09-30": 176.4, "2017-06-30": 229.7, "2017-03-31": "153.70000", "2016-12-31": 240.5, "2016-09-30": 217, "2016-06-30": 194, "2016-03-31": "172.00000", "2015-12-31": 205.439, "2015-09-30": 610.268, "2015-06-30": 136.078, "2015-03-31": "-5.78500", "2014-12-31": 128.763, "2014-09-30": -17.928, "2014-06-30": -138.423, "2014-03-31": "-147.41200", "2013-12-31": 135.253, "2013-09-30": -19.34, "2013-06-30": -5.946, "2013-03-31": "24.84800", "2012-12-31": 29.191, "2012-09-30": 99.93, "2012-06-30": -4.105, "2012-03-31": "44.82800", "2011-12-31": 41.261, "2011-09-30": 26.11, "2011-06-30": 22.989, "2011-03-31": "21.59200", "2010-12-31": 19.481, "2010-09-30": 24.061, "2010-06-30": 23.392, "2010-03-31": "24.30300", "2009-12-31": -199.993, "2009-09-30": 11.317, "2009-06-30": 8.322, "2009-03-31": "13.26800", "2008-12-31": 8.356, "2008-09-30": 5.962, "2008-06-30": 9.09, "2008-03-31": "8.40200", "2007-12-31": 7.527, "2007-09-30": 7.326, "2007-06-30": 6.413, "2007-03-31": "5.85300", "2006-12-31": 10.948, "2006-09-30": 5.46, "2006-06-30": 4.546, "2006-03-31": "4.04700", "2005-12-31": -3.419, "2005-10-31": -2.94, "2005-09-30": 6.359, "2005-07-31": -3.651, "2005-06-30": 3.421, "2005-04-30": -2.069, "2005-03-31": "2.29900", "2005-01-31": "-2.15300"}, "Change In Accounts Receivable": {"2020-12-31": 44.1, "2020-09-30": -45.9, "2020-06-30": -16.7, "2020-03-31": "-120.90000", "2019-12-31": -120.1, "2019-09-30": -2.7, "2019-06-30": -101.1, "2019-03-31": "-95.30000", "2018-12-31": -11.4, "2018-09-30": -60.4, "2018-06-30": -94.3, "2018-03-31": "-42.70000", "2017-12-31": -20.6, "2017-09-30": 11.8, "2017-06-30": -43.1, "2017-03-31": "-3.30000", "2016-12-31": 7.9, "2016-09-30": -65, "2016-06-30": -28, "2016-03-31": "-37.00000", "2015-12-31": -24.848, "2015-09-30": 18.032, "2015-06-30": -50.066, "2015-03-31": "-58.91800", "2014-12-31": -5.269, "2014-09-30": -13.552, "2014-06-30": -9.242, "2014-03-31": "0.06300", "2013-12-31": -18.007, "2013-09-30": -43.254, "2013-06-30": -28.946, "2013-03-31": "-26.23200", "2012-12-31": -7.571, "2012-09-30": -23.582, "2012-06-30": -21.533, "2012-03-31": "-20.18400", "2011-12-31": -26.446, "2011-09-30": -16.564, "2011-06-30": -9.208, "2011-03-31": "-26.56000", "2010-12-31": -17.08, "2010-09-30": -18.018, "2010-06-30": -6.707, "2010-03-31": "-17.43400", "2009-12-31": -5.554, "2009-09-30": -12.71, "2009-06-30": -11.728, "2009-03-31": "-6.44800", "2008-12-31": -5.137, "2008-09-30": -16.651, "2008-06-30": -2.445, "2008-03-31": "-7.02900", "2007-12-31": -17.92, "2007-09-30": -21.363, "2007-06-30": -9.089, "2007-03-31": "-1.17300", "2006-12-31": 0, "2006-09-30": 0, "2006-06-30": 0, "2006-03-31": "", "2005-12-31": 0, "2005-10-31": 0, "2005-09-30": 0, "2005-07-31": 0, "2005-06-30": 0, "2005-04-30": 0, "2005-03-31": "", "2005-01-31": ""}, "Change In Inventories": {"2020-12-31": 105.3, "2020-09-30": 4.8, "2020-06-30": -52.4, "2020-03-31": "37.30000", "2019-12-31": -51, "2019-09-30": -81.9, "2019-06-30": -12.8, "2019-03-31": "-11.20000", "2018-12-31": -41.4, "2018-09-30": 30.8, "2018-06-30": -8, "2018-03-31": "3.90000", "2017-12-31": -19.1, "2017-09-30": -36, "2017-06-30": -13.9, "2017-03-31": "-19.20000", "2016-12-31": -11.8, "2016-09-30": -33, "2016-06-30": -35, "2016-03-31": "-4.00000", "2015-12-31": -81.032, "2015-09-30": -12.09, "2015-06-30": 2.096, "2015-03-31": "2.62600", "2014-12-31": -40.783, "2014-09-30": 8.755, "2014-06-30": -14.072, "2014-03-31": "-20.90000", "2013-12-31": 5.118, "2013-09-30": 9.399, "2013-06-30": -8.922, "2013-03-31": "-5.46900", "2012-12-31": -2.798, "2012-09-30": 5.823, "2012-06-30": 0.456, "2012-03-31": "-9.74600", "2011-12-31": -1.316, "2011-09-30": -1.363, "2011-06-30": 0.879, "2011-03-31": "-10.37900", "2010-12-31": 0.099, "2010-09-30": -0.442, "2010-06-30": -1.021, "2010-03-31": "-12.75500", "2009-12-31": 4.787, "2009-09-30": 4.951, "2009-06-30": 4.131, "2009-03-31": "0.72700", "2008-12-31": 0.28, "2008-09-30": -1.365, "2008-06-30": -14.693, "2008-03-31": "0.07800", "2007-12-31": -0.695, "2007-09-30": -17.252, "2007-06-30": -11.847, "2007-03-31": "-0.79900", "2006-12-31": -2.314, "2006-09-30": 0, "2006-06-30": 0, "2006-03-31": "", "2005-12-31": 0, "2005-10-31": 0, "2005-09-30": 0, "2005-07-31": 0, "2005-06-30": 0, "2005-04-30": 0, "2005-03-31": "", "2005-01-31": ""}, "Change In Accounts Payable": {"2020-12-31": 0, "2020-09-30": 0, "2020-06-30": 0, "2020-03-31": "", "2019-12-31": 0, "2019-09-30": 0, "2019-06-30": 0, "2019-03-31": "", "2018-12-31": 0, "2018-09-30": 0, "2018-06-30": 73.7, "2018-03-31": "-73.70000", "2017-12-31": 0, "2017-09-30": 0, "2017-06-30": 0, "2017-03-31": "", "2016-12-31": 0, "2016-09-30": 0, "2016-06-30": 0, "2016-03-31": "", "2015-12-31": 0, "2015-09-30": 0, "2015-06-30": 0, "2015-03-31": "", "2014-12-31": 0, "2014-09-30": 0, "2014-06-30": 0, "2014-03-31": "", "2013-12-31": 0, "2013-09-30": 0, "2013-06-30": 0, "2013-03-31": "", "2012-12-31": 0, "2012-09-30": 0, "2012-06-30": 0, "2012-03-31": "", "2011-12-31": 0, "2011-09-30": 0, "2011-06-30": 0, "2011-03-31": "", "2010-12-31": 0, "2010-09-30": 0, "2010-06-30": 0, "2010-03-31": "", "2009-12-31": 0, "2009-09-30": 0, "2009-06-30": 0, "2009-03-31": "", "2008-12-31": 0, "2008-09-30": 0, "2008-06-30": 0, "2008-03-31": "", "2007-12-31": -7.318, "2007-09-30": 7.318, "2007-06-30": 0, "2007-03-31": "", "2006-12-31": 0, "2006-09-30": 3.358, "2006-06-30": -0.813, "2006-03-31": "-2.54500", "2005-12-31": 5.586, "2005-10-31": -2.144, "2005-09-30": -3.442, "2005-07-31": 4.025, "2005-06-30": -2.93, "2005-04-30": 2.538, "2005-03-31": "-3.63300", "2005-01-31": "-2.58800"}, "Change In Assets/Liabilities": {"2020-12-31": -19.6, "2020-09-30": -37.5, "2020-06-30": 18.1, "2020-03-31": "-72.90000", "2019-12-31": 11.2, "2019-09-30": 84.6, "2019-06-30": -68.2, "2019-03-31": "-58.60000", "2018-12-31": -70.5, "2018-09-30": -29.4, "2018-06-30": -23, "2018-03-31": "-32.70000", "2017-12-31": -42.7, "2017-09-30": -4.7, "2017-06-30": -77.2, "2017-03-31": "-12.60000", "2016-12-31": -20.5, "2016-09-30": -22, "2016-06-30": -48, "2016-03-31": "-7.00000", "2015-12-31": -6.528, "2015-09-30": -73.02, "2015-06-30": -22.999, "2015-03-31": "7.44700", "2014-12-31": -51.202, "2014-09-30": 38.268, "2014-06-30": -37.586, "2014-03-31": "38.52000", "2013-12-31": -37.062, "2013-09-30": 8.147, "2013-06-30": 0.39, "2013-03-31": "12.12200", "2012-12-31": -3.842, "2012-09-30": -16.082, "2012-06-30": 10.716, "2012-03-31": "5.33900", "2011-12-31": 3.825, "2011-09-30": -15.055, "2011-06-30": -2.208, "2011-03-31": "7.43100", "2010-12-31": -0.497, "2010-09-30": -9.064, "2010-06-30": -2.712, "2010-03-31": "10.81500", "2009-12-31": -2.235, "2009-09-30": 3.703, "2009-06-30": -3.185, "2009-03-31": "-4.80900", "2008-12-31": 1.982, "2008-09-30": -6.002, "2008-06-30": 10.546, "2008-03-31": "-4.23600", "2007-12-31": -2.153, "2007-09-30": 2.506, "2007-06-30": 0.301, "2007-03-31": "-6.43700", "2006-12-31": -3.735, "2006-09-30": -1.108, "2006-06-30": 0.242, "2006-03-31": "0.84100", "2005-12-31": -1.121, "2005-10-31": 2.992, "2005-09-30": -1.871, "2005-07-31": 2.575, "2005-06-30": -2.71, "2005-04-30": 4.358, "2005-03-31": "-4.22300", "2005-01-31": "1.34900"}, "Total Change In Assets/Liabilities": {"2020-12-31": 228.6, "2020-09-30": 33.6, "2020-06-30": -71.3, "2020-03-31": "-224.70000", "2019-12-31": -136.3, "2019-09-30": 183.5, "2019-06-30": -150.3, "2019-03-31": "-173.30000", "2018-12-31": -11.1, "2018-09-30": -95.7, "2018-06-30": -182.2, "2018-03-31": "-145.20000", "2017-12-31": -54.9, "2017-09-30": 15.1, "2017-06-30": -114.8, "2017-03-31": "-15.90000", "2016-12-31": 49.4, "2016-09-30": -21, "2016-06-30": -75, "2016-03-31": "-90.00000", "2015-12-31": -81.2, "2015-09-30": -203.425, "2015-06-30": -68.071, "2015-03-31": "-62.50400", "2014-12-31": 1.201, "2014-09-30": 121.718, "2014-06-30": 78.078, "2014-03-31": "-42.99700", "2013-12-31": 92.62, "2013-09-30": 69.83, "2013-06-30": 7.757, "2013-03-31": "-60.56800", "2012-12-31": -5.205, "2012-09-30": -50.786, "2012-06-30": 69.374, "2012-03-31": "-27.43600", "2011-12-31": 1.356, "2011-09-30": -15.428, "2011-06-30": 20.95, "2011-03-31": "-24.06100", "2010-12-31": 5.078, "2010-09-30": -8.991, "2010-06-30": 0.297, "2010-03-31": "-23.74500", "2009-12-31": -4.691, "2009-09-30": 0.707, "2009-06-30": 1.59, "2009-03-31": "-11.84500", "2008-12-31": 7.158, "2008-09-30": -6.198, "2008-06-30": 2.686, "2008-03-31": "-15.40600", "2007-12-31": -16.608, "2007-09-30": -25.364, "2007-06-30": -19.951, "2007-03-31": "-12.52000", "2006-12-31": 0.324, "2006-09-30": -4.768, "2006-06-30": 5.958, "2006-03-31": "-4.91500", "2005-12-31": -0.333, "2005-10-31": -8.472, "2005-09-30": 8.805, "2005-07-31": -3.838, "2005-06-30": -7.6, "2005-04-30": 12.707, "2005-03-31": "-1.26900", "2005-01-31": "4.59900"}, "Cash Flow From Operating Activities": {"2020-12-31": 840.5, "2020-09-30": 822.8, "2020-06-30": 790, "2020-03-31": "549.60000", "2019-12-31": 517.1, "2019-09-30": 599.5, "2019-06-30": 538.4, "2019-03-31": "429.90000", "2018-12-31": 83.4, "2018-09-30": 387.1, "2018-06-30": -343.8, "2018-03-31": "299.30000", "2017-12-31": 258.1, "2017-09-30": 269.5, "2017-06-30": 280.1, "2017-03-31": "307.90000", "2016-12-31": 383.3, "2016-09-30": 290, "2016-06-30": 239, "2016-03-31": "174.00000", "2015-12-31": 190.858, "2015-09-30": 223.086, "2015-06-30": 238.222, "2015-03-31": "23.03400", "2014-12-31": 283.384, "2014-09-30": 281.521, "2014-06-30": 106.15, "2014-03-31": "-31.05500", "2013-12-31": 208.881, "2013-09-30": 144.275, "2013-06-30": 97.696, "2013-03-31": "46.49700", "2012-12-31": 104.957, "2012-09-30": 141.324, "2012-06-30": 101.527, "2012-03-31": "62.80500", "2011-12-31": 90.787, "2011-09-30": 76.252, "2011-06-30": 78.684, "2011-03-31": "24.36100", "2010-12-31": 51.009, "2010-09-30": 42.943, "2010-06-30": 45.462, "2010-03-31": "21.49200", "2009-12-31": 32.443, "2009-09-30": 38.755, "2009-06-30": 26.714, "2009-03-31": "15.92900", "2008-12-31": 30.85, "2008-09-30": 19.452, "2008-06-30": 14.15, "2008-03-31": "-11.25300", "2007-12-31": -21.413, "2007-09-30": -38.119, "2007-06-30": -40.722, "2007-03-31": "-39.36000", "2006-12-31": -27.978, "2006-09-30": -31.18, "2006-06-30": -22.661, "2006-03-31": "-28.09500", "2005-12-31": 31.322, "2005-10-31": 51.779, "2005-09-30": -83.101, "2005-07-31": 54.202, "2005-06-30": 10.238, "2005-04-30": -38.889, "2005-03-31": "-25.55100", "2005-01-31": "-41.21200"}, "Net Change In Property, Plant, And Equipment": {"2020-12-31": -77.5, "2020-09-30": -10.8, "2020-06-30": -6.2, "2020-03-31": "-12.20000", "2019-12-31": -30, "2019-09-30": -41.9, "2019-06-30": -46.8, "2019-03-31": "-36.00000", "2018-12-31": -42.4, "2018-09-30": -41.2, "2018-06-30": -62.8, "2018-03-31": "-66.60000", "2017-12-31": -88.5, "2017-09-30": -93.3, "2017-06-30": -101.1, "2017-03-31": "-74.40000", "2016-12-31": -106.7, "2016-09-30": -95, "2016-06-30": -67, "2016-03-31": "-64.00000", "2015-12-31": -80.076, "2015-09-30": -76.053, "2015-06-30": -73.096, "2015-03-31": "-57.07500", "2014-12-31": -53.121, "2014-09-30": -22.69, "2014-06-30": -43.456, "2014-03-31": "-17.73300", "2013-12-31": -8.701, "2013-09-30": -6.616, "2013-06-30": -8.519, "2013-03-31": "-5.49300", "2012-12-31": -7.589, "2012-09-30": -6.239, "2012-06-30": -4.252, "2012-03-31": "-3.76600", "2011-12-31": -6.741, "2011-09-30": -5.405, "2011-06-30": -7.614, "2011-03-31": "-2.22200", "2010-12-31": -3.915, "2010-09-30": -3.425, "2010-06-30": -3.186, "2010-03-31": "-2.31700", "2009-12-31": -9.17, "2009-09-30": -7.78, "2009-06-30": -11.919, "2009-03-31": "-6.40600", "2008-12-31": -12.553, "2008-09-30": -10.101, "2008-06-30": -9.129, "2008-03-31": "-7.95000", "2007-12-31": -12.823, "2007-09-30": -17.297, "2007-06-30": -22.486, "2007-03-31": "-16.21900", "2006-12-31": -11.618, "2006-09-30": -17.574, "2006-06-30": -2.187, "2006-03-31": "-0.47700", "2005-12-31": 0.117, "2005-10-31": 2.271, "2005-09-30": -2.388, "2005-07-31": 2.236, "2005-06-30": 0.275, "2005-04-30": -1.361, "2005-03-31": "-1.15000", "2005-01-31": "-1.00300"}, "Net Change In Intangible Assets": {"2020-12-31": 0, "2020-09-30": 0, "2020-06-30": 0, "2020-03-31": "", "2019-12-31": 0, "2019-09-30": -8, "2019-06-30": 0, "2019-03-31": "-8.00000", "2018-12-31": 0, "2018-09-30": 0, "2018-06-30": 0, "2018-03-31": "", "2017-12-31": 0, "2017-09-30": 0, "2017-06-30": 0, "2017-03-31": "", "2016-12-31": 0, "2016-09-30": 0, "2016-06-30": 0, "2016-03-31": "", "2015-12-31": 0, "2015-09-30": 0, "2015-06-30": 0, "2015-03-31": "", "2014-12-31": 0, "2014-09-30": 0, "2014-06-30": 0, "2014-03-31": "", "2013-12-31": 0, "2013-09-30": 0, "2013-06-30": 0, "2013-03-31": "", "2012-12-31": 0, "2012-09-30": 0, "2012-06-30": 0, "2012-03-31": "", "2011-12-31": 0, "2011-09-30": 0, "2011-06-30": 0, "2011-03-31": "", "2010-12-31": 0.02, "2010-09-30": 0, "2010-06-30": -0.02, "2010-03-31": "", "2009-12-31": 0, "2009-09-30": 0, "2009-06-30": -15.24, "2009-03-31": "-12.50000", "2008-12-31": -5.624, "2008-09-30": 0, "2008-06-30": 0.489, "2008-03-31": "-3.48900", "2007-12-31": 0, "2007-09-30": 0, "2007-06-30": 0, "2007-03-31": "", "2006-12-31": 0, "2006-09-30": 0, "2006-06-30": 0, "2006-03-31": "", "2005-12-31": 0, "2005-10-31": 0, "2005-09-30": 0, "2005-07-31": 0, "2005-06-30": 0, "2005-04-30": 0, "2005-03-31": "", "2005-01-31": ""}, "Net Acquisitions/Divestitures": {"2020-12-31": 0, "2020-09-30": -1274.2, "2020-06-30": 0, "2020-03-31": "-837.70000", "2019-12-31": 0, "2019-09-30": 0, "2019-06-30": 0, "2019-03-31": "", "2018-12-31": 0, "2018-09-30": 0, "2018-06-30": 0, "2018-03-31": "", "2017-12-31": 0, "2017-09-30": 0, "2017-06-30": 0, "2017-03-31": "", "2016-12-31": 0, "2016-09-30": 0, "2016-06-30": 0, "2016-03-31": "", "2015-12-31": 0.007, "2015-09-30": -0.039, "2015-06-30": -3939.268, "2015-03-31": "", "2014-12-31": 0, "2014-09-30": 0, "2014-06-30": 0, "2014-03-31": "", "2013-12-31": 0, "2013-09-30": 0, "2013-06-30": 0, "2013-03-31": "", "2012-12-31": 0, "2012-09-30": 0, "2012-06-30": -0.306, "2012-03-31": "-605.42900", "2011-12-31": 0, "2011-09-30": 0, "2011-06-30": -0.481, "2011-03-31": "-105.40500", "2010-12-31": 0, "2010-09-30": 0, "2010-06-30": 0, "2010-03-31": "", "2009-12-31": 0, "2009-09-30": 0, "2009-06-30": 0, "2009-03-31": "", "2008-12-31": 0, "2008-09-30": 0, "2008-06-30": 0, "2008-03-31": "", "2007-12-31": 0, "2007-09-30": 0, "2007-06-30": 0, "2007-03-31": "", "2006-12-31": 0, "2006-09-30": 0, "2006-06-30": 0, "2006-03-31": "", "2005-12-31": 0, "2005-10-31": 0, "2005-09-30": 0, "2005-07-31": 0, "2005-06-30": 0, "2005-04-30": 0, "2005-03-31": "", "2005-01-31": ""}, "Net Change In Short-term Investments": {"2020-12-31": -41.2, "2020-09-30": 17.6, "2020-06-30": 24.3, "2020-03-31": "118.40000", "2019-12-31": 22.7, "2019-09-30": 61.5, "2019-06-30": 5.8, "2019-03-31": "90.50000", "2018-12-31": 95.4, "2018-09-30": 144.9, "2018-06-30": 630.6, "2018-03-31": "-190.20000", "2017-12-31": 88.8999, "2017-09-30": -76.8, "2017-06-30": -152.3, "2017-03-31": "-420.90000", "2016-12-31": 223.2, "2016-09-30": 28, "2016-06-30": -263, "2016-03-31": "58.00000", "2015-12-31": -81.469, "2015-09-30": -123.171, "2015-06-30": 831.939, "2015-03-31": "7.70100", "2014-12-31": -3.896, "2014-09-30": -52.151, "2014-06-30": 43.581, "2014-03-31": "-72.53400", "2013-12-31": -595.4599, "2013-09-30": -209.717, "2013-06-30": -183.32, "2013-03-31": "", "2012-12-31": 0, "2012-09-30": 0, "2012-06-30": 0, "2012-03-31": "", "2011-12-31": 7.358, "2011-09-30": 13, "2011-06-30": 39.1, "2011-03-31": "35.00000", "2010-12-31": -6.083, "2010-09-30": -51.993, "2010-06-30": -18.438, "2010-03-31": "0.04100", "2009-12-31": -19.026, "2009-09-30": 0, "2009-06-30": 0, "2009-03-31": "", "2008-12-31": 0.635, "2008-09-30": -0.004, "2008-06-30": 8.737, "2008-03-31": "", "2007-12-31": 9.944, "2007-09-30": 9.739, "2007-06-30": 16.526, "2007-03-31": "3.05700", "2006-12-31": 20.978, "2006-09-30": 40.957, "2006-06-30": 65.91, "2006-03-31": "-8.48800", "2005-12-31": 18.976, "2005-10-31": -31.227, "2005-09-30": 12.251, "2005-07-31": -43.868, "2005-06-30": 82.287, "2005-04-30": -61.95, "2005-03-31": "23.53100", "2005-01-31": "-40.91900"}, "Net Change In Long-Term Investments": {"2020-12-31": 38.1, "2020-09-30": 0, "2020-06-30": -3.6, "2020-03-31": "-34.50000", "2019-12-31": 63.7, "2019-09-30": -19.9, "2019-06-30": 0, "2019-03-31": "-43.80000", "2018-12-31": 0, "2018-09-30": 0, "2018-06-30": 0, "2018-03-31": "", "2017-12-31": 0, "2017-09-30": 0, "2017-06-30": 0, "2017-03-31": "", "2016-12-31": 0, "2016-09-30": 0, "2016-06-30": 0, "2016-03-31": "", "2015-12-31": 0, "2015-09-30": 0, "2015-06-30": 0, "2015-03-31": "", "2014-12-31": 0, "2014-09-30": 0, "2014-06-30": 0, "2014-03-31": "", "2013-12-31": 0, "2013-09-30": 0, "2013-06-30": 0, "2013-03-31": "", "2012-12-31": 0, "2012-09-30": 0, "2012-06-30": 0, "2012-03-31": "", "2011-12-31": 0, "2011-09-30": 0, "2011-06-30": 0, "2011-03-31": "", "2010-12-31": 0, "2010-09-30": 0, "2010-06-30": 0, "2010-03-31": "", "2009-12-31": 0, "2009-09-30": 0, "2009-06-30": 0, "2009-03-31": "", "2008-12-31": 0, "2008-09-30": 0, "2008-06-30": 0, "2008-03-31": "", "2007-12-31": 0, "2007-09-30": 0, "2007-06-30": 0, "2007-03-31": "", "2006-12-31": 0, "2006-09-30": 0, "2006-06-30": 0, "2006-03-31": "", "2005-12-31": 0, "2005-10-31": 0, "2005-09-30": 0, "2005-07-31": 0, "2005-06-30": 0, "2005-04-30": 0, "2005-03-31": "", "2005-01-31": ""}, "Net Change In Investments - Total": {"2020-12-31": -3.1, "2020-09-30": 17.6, "2020-06-30": 20.7, "2020-03-31": "83.90000", "2019-12-31": 86.4, "2019-09-30": 41.6, "2019-06-30": 5.8, "2019-03-31": "46.70000", "2018-12-31": 95.4, "2018-09-30": 144.9, "2018-06-30": 630.6, "2018-03-31": "-190.20000", "2017-12-31": 88.8999, "2017-09-30": -76.8, "2017-06-30": -152.3, "2017-03-31": "-420.90000", "2016-12-31": 223.2, "2016-09-30": 28, "2016-06-30": -263, "2016-03-31": "58.00000", "2015-12-31": -81.469, "2015-09-30": -123.171, "2015-06-30": 831.939, "2015-03-31": "7.70100", "2014-12-31": -3.896, "2014-09-30": -52.151, "2014-06-30": 43.581, "2014-03-31": "-72.53400", "2013-12-31": -595.4599, "2013-09-30": -209.717, "2013-06-30": -183.32, "2013-03-31": "", "2012-12-31": 0, "2012-09-30": 0, "2012-06-30": 0, "2012-03-31": "", "2011-12-31": 7.358, "2011-09-30": 13, "2011-06-30": 39.1, "2011-03-31": "35.00000", "2010-12-31": -6.083, "2010-09-30": -51.993, "2010-06-30": -18.438, "2010-03-31": "0.04100", "2009-12-31": -19.026, "2009-09-30": 0, "2009-06-30": 0, "2009-03-31": "", "2008-12-31": 0.635, "2008-09-30": -0.004, "2008-06-30": 8.737, "2008-03-31": "", "2007-12-31": 9.944, "2007-09-30": 9.739, "2007-06-30": 16.526, "2007-03-31": "3.05700", "2006-12-31": 20.978, "2006-09-30": 40.957, "2006-06-30": 65.91, "2006-03-31": "-8.48800", "2005-12-31": 18.976, "2005-10-31": -31.227, "2005-09-30": 12.251, "2005-07-31": -43.868, "2005-06-30": 82.287, "2005-04-30": -61.95, "2005-03-31": "23.53100", "2005-01-31": "-40.91900"}, "Investing Activities - Other": {"2020-12-31": 0, "2020-09-30": 0, "2020-06-30": 0, "2020-03-31": "", "2019-12-31": -0.1, "2019-09-30": -0.2, "2019-06-30": 0, "2019-03-31": "0.20000", "2018-12-31": -0.8, "2018-09-30": 1, "2018-06-30": 0.5, "2018-03-31": "2.10000", "2017-12-31": 0, "2017-09-30": -0.1, "2017-06-30": 0.2, "2017-03-31": "", "2016-12-31": -2.1, "2016-09-30": 1, "2016-06-30": 0, "2016-03-31": "", "2015-12-31": -0.079, "2015-09-30": 4.069, "2015-06-30": 0.459, "2015-03-31": "0.95100", "2014-12-31": -0.293, "2014-09-30": -0.733, "2014-06-30": -0.044, "2014-03-31": "0.07000", "2013-12-31": -9.11, "2013-09-30": 0.002, "2013-06-30": -0.131, "2013-03-31": "-0.07600", "2012-12-31": -0.001, "2012-09-30": 0, "2012-06-30": -0.001, "2012-03-31": "-0.00200", "2011-12-31": 0.044, "2011-09-30": -0.003, "2011-06-30": -0.01, "2011-03-31": "-0.33800", "2010-12-31": 0, "2010-09-30": -0.002, "2010-06-30": 0, "2010-03-31": "", "2009-12-31": 0.486, "2009-09-30": 0.266, "2009-06-30": -0.067, "2009-03-31": "-0.06700", "2008-12-31": -0.067, "2008-09-30": -0.068, "2008-06-30": -0.068, "2008-03-31": "0.54200", "2007-12-31": 12.868, "2007-09-30": -4.301, "2007-06-30": 12.723, "2007-03-31": "11.34600", "2006-12-31": -0.41, "2006-09-30": -32.184, "2006-06-30": -1, "2006-03-31": "", "2005-12-31": 0, "2005-10-31": 0, "2005-09-30": 0, "2005-07-31": 0, "2005-06-30": 0, "2005-04-30": 0, "2005-03-31": "", "2005-01-31": ""}, "Cash Flow From Investing Activities": {"2020-12-31": -80.6, "2020-09-30": -1267.4, "2020-06-30": 14.5, "2020-03-31": "-766.00000", "2019-12-31": 56.3, "2019-09-30": -8.5, "2019-06-30": -41, "2019-03-31": "2.90000", "2018-12-31": 52.2, "2018-09-30": 104.7, "2018-06-30": 568.3, "2018-03-31": "-254.70000", "2017-12-31": 0.4, "2017-09-30": -170.2, "2017-06-30": -253.2, "2017-03-31": "-495.30000", "2016-12-31": 114.4, "2016-09-30": -66, "2016-06-30": -330, "2016-03-31": "-6.00000", "2015-12-31": -161.617, "2015-09-30": -195.194, "2015-06-30": -3179.966, "2015-03-31": "-48.42300", "2014-12-31": -57.31, "2014-09-30": -75.574, "2014-06-30": 0.081, "2014-03-31": "-90.19700", "2013-12-31": -613.271, "2013-09-30": -216.331, "2013-06-30": -191.97, "2013-03-31": "-5.56900", "2012-12-31": -7.59, "2012-09-30": -6.239, "2012-06-30": -4.559, "2012-03-31": "-609.19700", "2011-12-31": 0.661, "2011-09-30": 7.592, "2011-06-30": 30.995, "2011-03-31": "-72.96500", "2010-12-31": -9.978, "2010-09-30": -55.42, "2010-06-30": -21.644, "2010-03-31": "-2.27600", "2009-12-31": -27.71, "2009-09-30": -7.514, "2009-06-30": -27.226, "2009-03-31": "-18.97300", "2008-12-31": -17.609, "2008-09-30": -10.173, "2008-06-30": -8.711, "2008-03-31": "-2.15700", "2007-12-31": 9.989, "2007-09-30": -11.859, "2007-06-30": 6.763, "2007-03-31": "-1.81600", "2006-12-31": 8.95, "2006-09-30": -8.801, "2006-06-30": 62.723, "2006-03-31": "-8.96500", "2005-12-31": 19.093, "2005-10-31": -28.956, "2005-09-30": 9.863, "2005-07-31": -41.632, "2005-06-30": 82.562, "2005-04-30": -63.311, "2005-03-31": "22.38100", "2005-01-31": "-41.92200"}, "Net Long-Term Debt": {"2020-12-31": -32.7, "2020-09-30": -32.6, "2020-06-30": -32.7, "2020-03-31": "-32.60000", "2019-12-31": -32.6, "2019-09-30": -32.7, "2019-06-30": -32.7, "2019-03-31": "", "2018-12-31": 0, "2018-09-30": 0, "2018-06-30": -250, "2018-03-31": "-43.80000", "2017-12-31": -43.7, "2017-09-30": -43.8, "2017-06-30": -43.7, "2017-03-31": "-43.80000", "2016-12-31": -195, "2016-09-30": 0, "2016-06-30": -5, "2016-03-31": "-175.00000", "2015-12-31": -43.7, "2015-09-30": 0, "2015-06-30": 3454.5, "2015-03-31": "-12.00000", "2014-12-31": -11.5, "2014-09-30": -12, "2014-06-30": -12, "2014-03-31": "-19.50000", "2013-12-31": -12, "2013-09-30": -12, "2013-06-30": -12, "2013-03-31": "", "2012-12-31": -12, "2012-09-30": -67, "2012-06-30": -12, "2012-03-31": "240.00000", "2011-12-31": 0.64, "2011-09-30": -0.35, "2011-06-30": -0.198, "2011-03-31": "-0.09200", "2010-12-31": 0.379, "2010-09-30": -0.074, "2010-06-30": -0.134, "2010-03-31": "-0.17100", "2009-12-31": -20.08, "2009-09-30": -24.076, "2009-06-30": -0.074, "2009-03-31": "-0.07100", "2008-12-31": -0.071, "2008-09-30": -0.068, "2008-06-30": -0.07, "2008-03-31": "-0.06400", "2007-12-31": -0.064, "2007-09-30": 17.936, "2007-06-30": -0.015, "2007-03-31": "-0.01800", "2006-12-31": -0.224, "2006-09-30": 26, "2006-06-30": 0, "2006-03-31": "", "2005-12-31": 0, "2005-10-31": -25.242, "2005-09-30": 25.242, "2005-07-31": -25.242, "2005-06-30": 0, "2005-04-30": 0, "2005-03-31": "25.24200", "2005-01-31": "145.28300"}, "Net Current Debt": {"2020-12-31": 0, "2020-09-30": 0, "2020-06-30": 0, "2020-03-31": "", "2019-12-31": 0, "2019-09-30": 0, "2019-06-30": 0, "2019-03-31": "-250.00000", "2018-12-31": 0, "2018-09-30": 0, "2018-06-30": 250, "2018-03-31": "", "2017-12-31": 0, "2017-09-30": 0, "2017-06-30": 0, "2017-03-31": "", "2016-12-31": 0, "2016-09-30": 0, "2016-06-30": 0, "2016-03-31": "", "2015-12-31": 0, "2015-09-30": 0, "2015-06-30": 0, "2015-03-31": "", "2014-12-31": 0, "2014-09-30": 0, "2014-06-30": 0, "2014-03-31": "", "2013-12-31": 0, "2013-09-30": 0, "2013-06-30": 0, "2013-03-31": "", "2012-12-31": 0, "2012-09-30": 0, "2012-06-30": -115, "2012-03-31": "115.00000", "2011-12-31": 0, "2011-09-30": 0, "2011-06-30": -60, "2011-03-31": "60.00000", "2010-12-31": 0, "2010-09-30": 0, "2010-06-30": 0, "2010-03-31": "", "2009-12-31": 0, "2009-09-30": 0, "2009-06-30": 0, "2009-03-31": "", "2008-12-31": 0, "2008-09-30": -5, "2008-06-30": -13, "2008-03-31": "18.00000", "2007-12-31": 0, "2007-09-30": 0, "2007-06-30": 0, "2007-03-31": "", "2006-12-31": 0, "2006-09-30": 0, "2006-06-30": 0, "2006-03-31": "", "2005-12-31": 0, "2005-10-31": 0, "2005-09-30": 0, "2005-07-31": 0, "2005-06-30": 0, "2005-04-30": 0, "2005-03-31": "", "2005-01-31": ""}, "Debt Issuance/Retirement Net - Total": {"2020-12-31": -32.7, "2020-09-30": -32.6, "2020-06-30": -32.7, "2020-03-31": "-32.60000", "2019-12-31": -32.6, "2019-09-30": -32.7, "2019-06-30": -32.7, "2019-03-31": "-250.00000", "2018-12-31": 0, "2018-09-30": 0, "2018-06-30": 0, "2018-03-31": "-43.80000", "2017-12-31": -43.7, "2017-09-30": -43.8, "2017-06-30": -43.7, "2017-03-31": "-43.80000", "2016-12-31": -195, "2016-09-30": 0, "2016-06-30": -5, "2016-03-31": "-175.00000", "2015-12-31": -43.7, "2015-09-30": 0, "2015-06-30": 3454.5, "2015-03-31": "-12.00000", "2014-12-31": -11.5, "2014-09-30": -12, "2014-06-30": -12, "2014-03-31": "-19.50000", "2013-12-31": -12, "2013-09-30": -12, "2013-06-30": -12, "2013-03-31": "", "2012-12-31": -12, "2012-09-30": -67, "2012-06-30": -127, "2012-03-31": "355.00000", "2011-12-31": 0.64, "2011-09-30": -0.35, "2011-06-30": -60.198, "2011-03-31": "59.90800", "2010-12-31": 0.379, "2010-09-30": -0.074, "2010-06-30": -0.134, "2010-03-31": "-0.17100", "2009-12-31": -20.08, "2009-09-30": -24.076, "2009-06-30": -0.074, "2009-03-31": "-0.07100", "2008-12-31": -0.071, "2008-09-30": -5.068, "2008-06-30": -13.07, "2008-03-31": "17.93600", "2007-12-31": -0.064, "2007-09-30": 17.936, "2007-06-30": -0.015, "2007-03-31": "-0.01800", "2006-12-31": -0.224, "2006-09-30": 26, "2006-06-30": 0, "2006-03-31": "", "2005-12-31": 0, "2005-10-31": -25.242, "2005-09-30": 25.242, "2005-07-31": -25.242, "2005-06-30": 0, "2005-04-30": 0, "2005-03-31": "25.24200", "2005-01-31": "145.28300"}, "Net Common Equity Issued/Repurchased": {"2020-12-31": -98.6, "2020-09-30": -64.3, "2020-06-30": -243.6, "2020-03-31": "-104.30000", "2019-12-31": -55.7, "2019-09-30": -331.9, "2019-06-30": -27.3, "2019-03-31": "-1.10000", "2018-12-31": -41.4, "2018-09-30": 16.8, "2018-06-30": 15.2, "2018-03-31": "-75.60000", "2017-12-31": -241.1, "2017-09-30": -44.2, "2017-06-30": -157.5, "2017-03-31": "-20.80000", "2016-12-31": -21.5, "2016-09-30": -61, "2016-06-30": -18, "2016-03-31": "-293.00000", "2015-12-31": -121.141, "2015-09-30": -72.68, "2015-06-30": -16.735, "2015-03-31": "-35.14400", "2014-12-31": 16.468, "2014-09-30": -79.134, "2014-06-30": -134.681, "2014-03-31": "8.34700", "2013-12-31": 26.721, "2013-09-30": 20.983, "2013-06-30": -16.979, "2013-03-31": "-25.58000", "2012-12-31": -0.025, "2012-09-30": 24.632, "2012-06-30": 476.668, "2012-03-31": "15.82200", "2011-12-31": 11.234, "2011-09-30": 7.985, "2011-06-30": 6.861, "2011-03-31": "9.68500", "2010-12-31": 14.727, "2010-09-30": 9.016, "2010-06-30": 3.209, "2010-03-31": "10.59400", "2009-12-31": 6.784, "2009-09-30": 11.733, "2009-06-30": 6.601, "2009-03-31": "4.19900", "2008-12-31": 0.875, "2008-09-30": 13.92, "2008-06-30": 9.612, "2008-03-31": "4.48600", "2007-12-31": 15.305, "2007-09-30": 10.45, "2007-06-30": 9.838, "2007-03-31": "11.41200", "2006-12-31": 146.152, "2006-09-30": 1.344, "2006-06-30": 0.647, "2006-03-31": "5.40500", "2005-12-31": -66.454, "2005-10-31": -1.411, "2005-09-30": 67.865, "2005-07-31": -1.511, "2005-06-30": -0.534, "2005-04-30": 1.575, "2005-03-31": "0.47000", "2005-01-31": "1.64600"}, "Net Total Equity Issued/Repurchased": {"2020-12-31": -98.6, "2020-09-30": -64.3, "2020-06-30": -243.6, "2020-03-31": "-104.30000", "2019-12-31": -55.7, "2019-09-30": -331.9, "2019-06-30": -27.3, "2019-03-31": "-1.10000", "2018-12-31": -41.4, "2018-09-30": 16.8, "2018-06-30": 15.2, "2018-03-31": "-75.60000", "2017-12-31": -241.1, "2017-09-30": -44.2, "2017-06-30": -157.5, "2017-03-31": "-20.80000", "2016-12-31": -21.5, "2016-09-30": -61, "2016-06-30": -18, "2016-03-31": "-293.00000", "2015-12-31": -121.141, "2015-09-30": -72.68, "2015-06-30": -16.735, "2015-03-31": "-35.14400", "2014-12-31": 16.468, "2014-09-30": -79.134, "2014-06-30": -134.681, "2014-03-31": "8.34700", "2013-12-31": 26.721, "2013-09-30": 20.983, "2013-06-30": -16.979, "2013-03-31": "-25.58000", "2012-12-31": -0.025, "2012-09-30": 24.632, "2012-06-30": 476.668, "2012-03-31": "15.82200", "2011-12-31": 11.234, "2011-09-30": 7.985, "2011-06-30": 6.861, "2011-03-31": "9.68500", "2010-12-31": 14.727, "2010-09-30": 9.016, "2010-06-30": 3.209, "2010-03-31": "10.59400", "2009-12-31": 6.784, "2009-09-30": 11.733, "2009-06-30": 6.601, "2009-03-31": "4.19900", "2008-12-31": 0.875, "2008-09-30": 13.92, "2008-06-30": 9.612, "2008-03-31": "4.48600", "2007-12-31": 15.305, "2007-09-30": 10.45, "2007-06-30": 9.838, "2007-03-31": "11.41200", "2006-12-31": 146.152, "2006-09-30": 1.344, "2006-06-30": 0.647, "2006-03-31": "5.40500", "2005-12-31": -66.454, "2005-10-31": -1.411, "2005-09-30": 67.865, "2005-07-31": -1.511, "2005-06-30": -0.534, "2005-04-30": 1.575, "2005-03-31": "0.47000", "2005-01-31": "1.64600"}, "Total Common And Preferred Stock Dividends Paid": {"2020-12-31": 0, "2020-09-30": 0, "2020-06-30": 0, "2020-03-31": "", "2019-12-31": 0, "2019-09-30": 0, "2019-06-30": 0, "2019-03-31": "", "2018-12-31": 0, "2018-09-30": 0, "2018-06-30": 0, "2018-03-31": "", "2017-12-31": 0, "2017-09-30": 0, "2017-06-30": 0, "2017-03-31": "", "2016-12-31": 0, "2016-09-30": 0, "2016-06-30": 0, "2016-03-31": "", "2015-12-31": 0, "2015-09-30": 0, "2015-06-30": 0, "2015-03-31": "", "2014-12-31": 0, "2014-09-30": 0, "2014-06-30": 0, "2014-03-31": "", "2013-12-31": 0, "2013-09-30": 0, "2013-06-30": 0, "2013-03-31": "", "2012-12-31": 0, "2012-09-30": 0, "2012-06-30": 0, "2012-03-31": "", "2011-12-31": 0, "2011-09-30": 0, "2011-06-30": 0, "2011-03-31": "", "2010-12-31": 0, "2010-09-30": 0, "2010-06-30": 0, "2010-03-31": "", "2009-12-31": 0, "2009-09-30": 0, "2009-06-30": 0, "2009-03-31": "", "2008-12-31": 0, "2008-09-30": 0, "2008-06-30": 0, "2008-03-31": "", "2007-12-31": 0, "2007-09-30": 0, "2007-06-30": 0, "2007-03-31": "", "2006-12-31": 0, "2006-09-30": 0, "2006-06-30": 0, "2006-03-31": "", "2005-12-31": 0, "2005-10-31": 0, "2005-09-30": 0, "2005-07-31": 0, "2005-06-30": 0, "2005-04-30": 0, "2005-03-31": "", "2005-01-31": ""}, "Financial Activities - Other": {"2020-12-31": 57.5, "2020-09-30": -10.5, "2020-06-30": -16.2, "2020-03-31": "-1.30000", "2019-12-31": 28.6, "2019-09-30": -1.3, "2019-06-30": -1.1, "2019-03-31": "-1.30000", "2018-12-31": 44.5, "2018-09-30": -5.8, "2018-06-30": -8.2, "2018-03-31": "-4.10000", "2017-12-31": 59.4, "2017-09-30": -7.5, "2017-06-30": -5.8, "2017-03-31": "-4.10000", "2016-12-31": -67.7, "2016-09-30": 0, "2016-06-30": 4, "2016-03-31": "-4.00000", "2015-12-31": -16.446, "2015-09-30": -112.348, "2015-06-30": -91.424, "2015-03-31": "52.21800", "2014-12-31": -35.206, "2014-09-30": 31.74, "2014-06-30": 124.101, "2014-03-31": "130.36500", "2013-12-31": 9.795, "2013-09-30": 35.481, "2013-06-30": 35.946, "2013-03-31": "21.27200", "2012-12-31": -0.481, "2012-09-30": 5.68, "2012-06-30": 1.28, "2012-03-31": "-6.20000", "2011-12-31": 0.979, "2011-09-30": 0.774, "2011-06-30": 1.233, "2011-03-31": "0.29900", "2010-12-31": 0.744, "2010-09-30": -0.135, "2010-06-30": 0.399, "2010-03-31": "0.31300", "2009-12-31": 0.714, "2009-09-30": 0, "2009-06-30": 0, "2009-03-31": "", "2008-12-31": 0, "2008-09-30": 0, "2008-06-30": -0.312, "2008-03-31": "", "2007-12-31": 0, "2007-09-30": 0, "2007-06-30": 0, "2007-03-31": "", "2006-12-31": 0, "2006-09-30": 0, "2006-06-30": 0, "2006-03-31": "", "2005-12-31": 0, "2005-10-31": 0, "2005-09-30": 0, "2005-07-31": 0, "2005-06-30": 0, "2005-04-30": 0, "2005-03-31": "", "2005-01-31": ""}, "Cash Flow From Financial Activities": {"2020-12-31": -73.8, "2020-09-30": -107.4, "2020-06-30": -292.5, "2020-03-31": "-138.20000", "2019-12-31": -59.7, "2019-09-30": -365.9, "2019-06-30": -61.1, "2019-03-31": "-252.40000", "2018-12-31": 3.1, "2018-09-30": 11, "2018-06-30": 7, "2018-03-31": "-123.50000", "2017-12-31": -225.4, "2017-09-30": -95.5, "2017-06-30": -207, "2017-03-31": "-68.70000", "2016-12-31": -284.2, "2016-09-30": -61, "2016-06-30": -19, "2016-03-31": "-472.00000", "2015-12-31": -181.287, "2015-09-30": -185.028, "2015-06-30": 3346.341, "2015-03-31": "5.07400", "2014-12-31": -30.238, "2014-09-30": -59.394, "2014-06-30": -22.58, "2014-03-31": "119.21200", "2013-12-31": 24.516, "2013-09-30": 44.464, "2013-06-30": 6.967, "2013-03-31": "-4.30800", "2012-12-31": -12.506, "2012-09-30": -36.688, "2012-06-30": 350.948, "2012-03-31": "364.62200", "2011-12-31": 12.853, "2011-09-30": 8.409, "2011-06-30": -52.104, "2011-03-31": "69.89200", "2010-12-31": 15.85, "2010-09-30": 8.807, "2010-06-30": 3.474, "2010-03-31": "10.73600", "2009-12-31": -12.582, "2009-09-30": -12.343, "2009-06-30": 6.527, "2009-03-31": "4.12800", "2008-12-31": 0.804, "2008-09-30": 8.852, "2008-06-30": -3.77, "2008-03-31": "22.42200", "2007-12-31": 15.241, "2007-09-30": 28.386, "2007-06-30": 9.823, "2007-03-31": "11.39400", "2006-12-31": 145.928, "2006-09-30": 27.344, "2006-06-30": 0.647, "2006-03-31": "5.40500", "2005-12-31": -66.454, "2005-10-31": -26.653, "2005-09-30": 93.107, "2005-07-31": -26.753, "2005-06-30": -0.534, "2005-04-30": 1.575, "2005-03-31": "25.71200", "2005-01-31": "146.92900"}, "Net Cash Flow": {"2020-12-31": 706.1, "2020-09-30": -544.4, "2020-06-30": 517.1, "2020-03-31": "-367.80000", "2019-12-31": 520.6, "2019-09-30": 218.3, "2019-06-30": 438.4, "2019-03-31": "179.00000", "2018-12-31": 138.1, "2018-09-30": 498.3, "2018-06-30": 219.1, "2018-03-31": "-72.60000", "2017-12-31": 34.3, "2017-09-30": 8.3, "2017-06-30": -171.3, "2017-03-31": "-252.90000", "2016-12-31": 203.9, "2016-09-30": 164, "2016-06-30": -112, "2016-03-31": "-300.00000", "2015-12-31": -153.182, "2015-09-30": -158.842, "2015-06-30": 405.309, "2015-03-31": "-27.18500", "2014-12-31": 191.693, "2014-09-30": 140.119, "2014-06-30": 83.76, "2014-03-31": "-1.57200", "2013-12-31": -380.554, "2013-09-30": -26.053, "2013-06-30": -86.496, "2013-03-31": "33.45900", "2012-12-31": 83.975, "2012-09-30": 99.316, "2012-06-30": 446.822, "2012-03-31": "-181.47700", "2011-12-31": 102.711, "2011-09-30": 90.286, "2011-06-30": 58.438, "2011-03-31": "22.28500", "2010-12-31": 57.189, "2010-09-30": -2.148, "2010-06-30": 26.042, "2010-03-31": "28.89000", "2009-12-31": -8.123, "2009-09-30": 19.492, "2009-06-30": 6.764, "2009-03-31": "1.02700", "2008-12-31": 13.862, "2008-09-30": 18.049, "2008-06-30": 1.247, "2008-03-31": "9.53300", "2007-12-31": 3.821, "2007-09-30": -21.264, "2007-06-30": -24.228, "2007-03-31": "-29.83400", "2006-12-31": 126.845, "2006-09-30": -12.661, "2006-06-30": 40.695, "2006-03-31": "-31.68200", "2005-12-31": -16.041, "2005-10-31": -3.828, "2005-09-30": 19.869, "2005-07-31": -14.183, "2005-06-30": 92.266, "2005-04-30": -100.625, "2005-03-31": "22.54200", "2005-01-31": "63.79500"}, "Stock-Based Compensation": {"2020-12-31": 85.5, "2020-09-30": 70.6, "2020-06-30": 67.4, "2020-03-31": "57.60000", "2019-12-31": 60.2, "2019-09-30": 59.2, "2019-06-30": 60.9, "2019-03-31": "56.70000", "2018-12-31": 52.1, "2018-09-30": 45.7, "2018-06-30": 53.9, "2018-03-31": "51.30000", "2017-12-31": 70.8, "2017-09-30": 57.4, "2017-06-30": 61.2, "2017-03-31": "53.70000", "2016-12-31": 41.3, "2016-09-30": 46, "2016-06-30": 48, "2016-03-31": "57.00000", "2015-12-31": 66.247, "2015-09-30": 51.056, "2015-06-30": 67, "2015-03-31": "42.79700", "2014-12-31": 33.38, "2014-09-30": 28.366, "2014-06-30": 28.414, "2014-03-31": "23.84000", "2013-12-31": 19.794, "2013-09-30": 21.597, "2013-06-30": 17.957, "2013-03-31": "16.85500", "2012-12-31": 13.691, "2012-09-30": 14.016, "2012-06-30": 12.988, "2012-03-31": "13.31800", "2011-12-31": 10.337, "2011-09-30": 11.261, "2011-06-30": 11.834, "2011-03-31": "11.33100", "2010-12-31": 7.605, "2010-09-30": 8.379, "2010-06-30": 8.25, "2010-03-31": "8.10400", "2009-12-31": 6.878, "2009-09-30": 6.979, "2009-06-30": 6.948, "2009-03-31": "7.92600", "2008-12-31": 5.801, "2008-09-30": 5.99, "2008-06-30": 6.007, "2008-03-31": "5.88400", "2007-12-31": 5.639, "2007-09-30": 6.066, "2007-06-30": 5.34, "2007-03-31": "4.98000", "2006-12-31": 9.213, "2006-09-30": 4.561, "2006-06-30": 3.675, "2006-03-31": "3.16600", "2005-12-31": -2.436, "2005-10-31": 0.528, "2005-09-30": 1.908, "2005-07-31": -0.287, "2005-06-30": 0.082, "2005-04-30": 0.205, "2005-03-31": "", "2005-01-31": "0.01500"}, "Common Stock Dividends Paid": {"2020-12-31": 0, "2020-09-30": 0, "2020-06-30": 0, "2020-03-31": "", "2019-12-31": 0, "2019-09-30": 0, "2019-06-30": 0, "2019-03-31": "", "2018-12-31": 0, "2018-09-30": 0, "2018-06-30": 0, "2018-03-31": "", "2017-12-31": 0, "2017-09-30": 0, "2017-06-30": 0, "2017-03-31": "", "2016-12-31": 0, "2016-09-30": 0, "2016-06-30": 0, "2016-03-31": "", "2015-12-31": 0, "2015-09-30": 0, "2015-06-30": 0, "2015-03-31": "", "2014-12-31": 0, "2014-09-30": 0, "2014-06-30": 0, "2014-03-31": "", "2013-12-31": 0, "2013-09-30": 0, "2013-06-30": 0, "2013-03-31": "", "2012-12-31": 0, "2012-09-30": 0, "2012-06-30": 0, "2012-03-31": "", "2011-12-31": 0, "2011-09-30": 0, "2011-06-30": 0, "2011-03-31": "", "2010-12-31": 0, "2010-09-30": 0, "2010-06-30": 0, "2010-03-31": "", "2009-12-31": 0, "2009-09-30": 0, "2009-06-30": 0, "2009-03-31": "", "2008-12-31": 0, "2008-09-30": 0, "2008-06-30": 0, "2008-03-31": "", "2007-12-31": 0, "2007-09-30": 0, "2007-06-30": 0, "2007-03-31": "", "2006-12-31": 0, "2006-09-30": 0, "2006-06-30": 0, "2006-03-31": "", "2005-12-31": 0, "2005-10-31": 0, "2005-09-30": 0, "2005-07-31": 0, "2005-06-30": 0, "2005-04-30": 0, "2005-03-31": "", "2005-01-31": ""}}, "financial ratios": {"Current Ratio": {"2019-12-31": "4.25050", "2018-12-31": "2.88330", "2017-12-31": "3.10120", "2016-12-31": "3.13310", "2015-12-31": "3.40760", "2014-12-31": "4.60830", "2013-12-31": "3.75470", "2012-12-31": "4.15340", "2011-12-31": "4.13230", "2010-12-31": "4.66780", "2009-12-31": "4.38010", "2008-12-31": "3.28250", "2007-12-31": "5.42090", "2006-12-31": "8.51040", "2005-07-31": "8.13960"}, "Long-term Debt / Capital": {"2019-12-31": "0.17400", "2018-12-31": "0.23800", "2017-12-31": "0.25620", "2016-12-31": "0.26420", "2015-12-31": "0.29190", "2014-12-31": "0.03410", "2013-12-31": "0.03920", "2012-12-31": "0.04870", "2011-12-31": "", "2010-12-31": "0.00520", "2009-12-31": "0.01490", "2008-12-31": "0.36410", "2007-12-31": "0.65700", "2006-12-31": "0.58570", "2005-07-31": "0.68930"}, "Debt/Equity Ratio": {"2019-12-31": "0.22190", "2018-12-31": "0.34990", "2017-12-31": "0.36330", "2016-12-31": "0.37830", "2015-12-31": "0.43920", "2014-12-31": "0.04980", "2013-12-31": "0.06100", "2012-12-31": "0.07560", "2011-12-31": "", "2010-12-31": "0.00600", "2009-12-31": "0.01580", "2008-12-31": "0.58390", "2007-12-31": "1.91790", "2006-12-31": "1.41450", "2005-07-31": "2.21990"}, "Gross Margin": {"2019-12-31": "92.09590", "2018-12-31": "90.93970", "2017-12-31": "87.20960", "2016-12-31": "91.62480", "2015-12-31": "91.04840", "2014-12-31": "92.21130", "2013-12-31": "88.55470", "2012-12-31": "93.57760", "2011-12-31": "88.11130", "2010-12-31": "88.08830", "2009-12-31": "88.35080", "2008-12-31": "89.05210", "2007-12-31": "90.70530", "2006-12-31": "100.00000", "2005-07-31": "100.00000"}, "Operating Margin": {"2019-12-31": "42.48360", "2018-12-31": "6.52600", "2017-12-31": "17.66780", "2016-12-31": "21.64000", "2015-12-31": "20.61060", "2014-12-31": "38.89880", "2013-12-31": "34.03560", "2012-12-31": "35.65230", "2011-12-31": "29.46350", "2010-12-31": "27.84660", "2009-12-31": "22.50750", "2008-12-31": "13.35750", "2007-12-31": "-138.47390", "2006-12-31": "-8798.78100", "2005-07-31": "-10270.21000"}, "EBIT Margin": {"2019-12-31": "42.48360", "2018-12-31": "6.52600", "2017-12-31": "17.66780", "2016-12-31": "21.64000", "2015-12-31": "20.61060", "2014-12-31": "38.89880", "2013-12-31": "34.03560", "2012-12-31": "35.65230", "2011-12-31": "29.46350", "2010-12-31": "27.84660", "2009-12-31": "22.50750", "2008-12-31": "13.35750", "2007-12-31": "-138.47390", "2006-12-31": "-8798.78100", "2005-07-31": "-10270.21000"}, "EBITDA Margin": {"2019-12-31": "50.03310", "2018-12-31": "16.66340", "2017-12-31": "31.65500", "2016-12-31": "34.49310", "2015-12-31": "27.00850", "2014-12-31": "41.53980", "2013-12-31": "38.25450", "2012-12-31": "40.07760", "2011-12-31": "31.70900", "2010-12-31": "30.76590", "2009-12-31": "25.73220", "2008-12-31": "16.29380", "2007-12-31": "-131.63480", "2006-12-31": "-8560.91200", "2005-07-31": "-9912.31300"}, "Pre-Tax Profit Margin": {"2019-12-31": "43.65370", "2018-12-31": "5.86270", "2017-12-31": "15.42620", "2016-12-31": "18.68290", "2015-12-31": "19.12830", "2014-12-31": "39.03310", "2013-12-31": "33.92340", "2012-12-31": "35.05520", "2011-12-31": "29.31570", "2010-12-31": "27.54580", "2009-12-31": "21.53930", "2008-12-31": "13.40410", "2007-12-31": "-129.14180", "2006-12-31": "-8465.14700", "2005-07-31": "-10292.76000"}, "Net Profit Margin": {"2019-12-31": "48.17180", "2018-12-31": "1.87840", "2017-12-31": "12.48350", "2016-12-31": "12.95030", "2015-12-31": "5.54530", "2014-12-31": "29.40910", "2013-12-31": "16.30170", "2012-12-31": "22.46880", "2011-12-31": "22.37790", "2010-12-31": "17.93670", "2009-12-31": "76.30970", "2008-12-31": "12.79400", "2007-12-31": "-128.10760", "2006-12-31": "-8441.20700", "2005-07-31": "-10220.87000"}, "Asset Turnover": {"2019-12-31": "0.28450", "2018-12-31": "0.29650", "2017-12-31": "0.26140", "2016-12-31": "0.23270", "2015-12-31": "0.19880", "2014-12-31": "0.53170", "2013-12-31": "0.46760", "2012-12-31": "0.43390", "2011-12-31": "0.56170", "2010-12-31": "0.53450", "2009-12-31": "0.49190", "2008-12-31": "0.54260", "2007-12-31": "0.21550", "2006-12-31": "0.00470", "2005-07-31": "0.00430"}, "Inventory Turnover Ratio": {"2019-12-31": "0.62860", "2018-12-31": "0.79220", "2017-12-31": "0.98650", "2016-12-31": "0.68940", "2015-12-31": "0.80380", "2014-12-31": "0.98620", "2013-12-31": "1.73050", "2012-12-31": "0.77060", "2011-12-31": "1.14440", "2010-12-31": "1.03650", "2009-12-31": "1.10210", "2008-12-31": "0.56940", "2007-12-31": "0.20350", "2006-12-31": "", "2005-07-31": ""}, "Receiveable Turnover": {"2019-12-31": "4.01470", "2018-12-31": "4.47920", "2017-12-31": "4.88800", "2016-12-31": "4.74770", "2015-12-31": "4.88560", "2014-12-31": "5.16070", "2013-12-31": "3.67830", "2012-12-31": "3.83670", "2011-12-31": "3.20700", "2010-12-31": "3.20600", "2009-12-31": "3.40100", "2008-12-31": "3.47900", "2007-12-31": "1.55670", "2006-12-31": "", "2005-07-31": ""}, "Days Sales In Receivables": {"2019-12-31": "90.91540", "2018-12-31": "81.48710", "2017-12-31": "74.67330", "2016-12-31": "76.87950", "2015-12-31": "74.71010", "2014-12-31": "70.72700", "2013-12-31": "99.22960", "2012-12-31": "95.13440", "2011-12-31": "113.81360", "2010-12-31": "113.84860", "2009-12-31": "107.32110", "2008-12-31": "104.91640", "2007-12-31": "234.47020", "2006-12-31": "", "2005-07-31": ""}, "ROE - Return On Equity": {"2019-12-31": "21.33020", "2018-12-31": "0.84670", "2017-12-31": "4.98480", "2016-12-31": "4.59410", "2015-12-31": "1.74840", "2014-12-31": "19.89690", "2013-12-31": "10.61660", "2012-12-31": "12.92960", "2011-12-31": "15.45320", "2010-12-31": "11.28600", "2009-12-31": "42.87990", "2008-12-31": "13.42060", "2007-12-31": "-90.87590", "2006-12-31": "-105.48380", "2005-07-31": "-160.70400"}, "Return On Tangible Equity": {"2019-12-31": "83.19090", "2018-12-31": "15.94740", "2017-12-31": "-449.13790", "2016-12-31": "-61.75970", "2015-12-31": "-9.64600", "2014-12-31": "26.69760", "2013-12-31": "16.65660", "2012-12-31": "23.80340", "2011-12-31": "18.20040", "2010-12-31": "11.89620", "2009-12-31": "46.13320", "2008-12-31": "17.02380", "2007-12-31": "-114.41150", "2006-12-31": "-125.58270", "2005-07-31": "-227.90630"}, "ROA - Return On Assets": {"2019-12-31": "13.70390", "2018-12-31": "0.55700", "2017-12-31": "3.26360", "2016-12-31": "3.01360", "2015-12-31": "1.10250", "2014-12-31": "15.63560", "2013-12-31": "7.62260", "2012-12-31": "9.75000", "2011-12-31": "12.56960", "2010-12-31": "9.58760", "2009-12-31": "37.53380", "2008-12-31": "6.94150", "2007-12-31": "-27.60220", "2006-12-31": "-39.43010", "2005-07-31": "-43.82930"}, "ROI - Return On Investment": {"2019-12-31": "17.61810", "2018-12-31": "0.64520", "2017-12-31": "3.70750", "2016-12-31": "3.38040", "2015-12-31": "1.23800", "2014-12-31": "19.21830", "2013-12-31": "10.20020", "2012-12-31": "12.29930", "2011-12-31": "15.45320", "2010-12-31": "11.22780", "2009-12-31": "42.24040", "2008-12-31": "8.53420", "2007-12-31": "-31.17330", "2006-12-31": "-43.69820", "2005-07-31": "-49.92650"}, "Book Value Per Share": {"2019-12-31": "50.93450", "2018-12-31": "41.00810", "2017-12-31": "40.00500", "2016-12-31": "38.82890", "2015-12-31": "36.70670", "2014-12-31": "16.58840", "2013-12-31": "12.09450", "2012-12-31": "10.12300", "2011-12-31": "6.11520", "2010-12-31": "4.71660", "2009-12-31": "3.86720", "2008-12-31": "1.51580", "2007-12-31": "0.67090", "2006-12-31": "0.87770", "2005-07-31": "0.60010"}, "Operating Cash Flow Per Share": {"2019-12-31": 7.3769, "2018-12-31": -3.0518, "2017-12-31": 0.1491, "2016-12-31": 1.6729, "2015-12-31": -0.0409, "2014-12-31": 0.678, "2013-12-31": 0.4217, "2012-12-31": 0.6605, "2011-12-31": 0.5434, "2010-12-31": 0.2363, "2009-12-31": 0.3327, "2008-12-31": 1.2569, "2007-12-31": -0.0944, "2006-12-31": 0.0017, "2005-07-31": -0.8685}, "Free Cash Flow Per Share": {"2019-12-31": 7.6375, "2018-12-31": -2.4154, "2017-12-31": 0.0341, "2016-12-31": 1.5288, "2015-12-31": -0.6888, "2014-12-31": 0.1466, "2013-12-31": 0.385, "2012-12-31": 0.665, "2011-12-31": 0.4978, "2010-12-31": 0.362, "2009-12-31": 0.3589, "2008-12-31": 1.5099, "2007-12-31": -0.3171, "2006-12-31": -0.2228, "2005-07-31": -0.8952}}, "financial ratios, quarterly": {"Current Ratio": {"2020-09-30": "3.80750", "2020-06-30": "4.79230", "2020-03-31": "4.34880", "2019-12-31": "4.25050", "2019-09-30": "3.97840", "2019-06-30": "4.04120", "2019-03-31": "3.86800", "2018-12-31": "2.88330", "2018-09-30": "3.16180", "2018-06-30": "2.71550", "2018-03-31": "3.34610", "2017-12-31": "3.10120", "2017-09-30": "2.96500", "2017-06-30": "3.25820", "2017-03-31": "3.26520", "2016-12-31": "3.13310", "2016-09-30": "2.50840", "2016-06-30": "3.58590", "2016-03-31": "3.52460", "2015-12-31": "3.40760", "2015-09-30": "3.23430", "2015-06-30": "3.29350", "2015-03-31": "4.91520", "2014-12-31": "4.60830", "2014-09-30": "5.09390", "2014-06-30": "5.60520", "2014-03-31": "5.65970", "2013-12-31": "3.75470", "2013-09-30": "4.84380", "2013-06-30": "5.54040", "2013-03-31": "5.24110", "2012-12-31": "4.15340", "2012-09-30": "3.89670", "2012-06-30": "3.40160", "2012-03-31": "2.29570", "2011-12-31": "4.13230", "2011-09-30": "3.86930", "2011-06-30": "3.72990", "2011-03-31": "3.08150", "2010-12-31": "4.66780", "2010-09-30": "4.74440", "2010-06-30": "5.51150", "2010-03-31": "5.28130", "2009-12-31": "4.38010", "2009-09-30": "3.07700", "2009-06-30": "2.67590", "2009-03-31": "4.08600", "2008-12-31": "3.28250", "2008-09-30": "4.40520", "2008-06-30": "4.17550", "2008-03-31": "3.73280", "2007-12-31": "5.42090", "2007-09-30": "5.72920", "2007-06-30": "7.80500", "2007-03-31": "9.18500", "2006-12-31": "8.51040", "2006-09-30": "6.85940", "2006-06-30": "6.69710", "2006-03-31": "9.92950", "2005-12-31": "", "2005-10-31": "9.83550", "2005-09-30": "", "2005-07-31": "8.13960", "2005-06-30": "", "2005-04-30": "8.80390", "2005-03-31": "", "2005-01-31": "2.71900"}, "Long-term Debt / Capital": {"2020-09-30": "0.18130", "2020-06-30": "0.18060", "2020-03-31": "0.16630", "2019-12-31": "0.17400", "2019-09-30": "0.18840", "2019-06-30": "0.19350", "2019-03-31": "0.20280", "2018-12-31": "0.23800", "2018-09-30": "0.23990", "2018-06-30": "0.25020", "2018-03-31": "0.24950", "2017-12-31": "0.25620", "2017-09-30": "0.25710", "2017-06-30": "0.25770", "2017-03-31": "0.26030", "2016-12-31": "0.26420", "2016-09-30": "0.27050", "2016-06-30": "0.29110", "2016-03-31": "0.29570", "2015-12-31": "0.29190", "2015-09-30": "0.29630", "2015-06-30": "0.29030", "2015-03-31": "0.03160", "2014-12-31": "0.03410", "2014-09-30": "0.03360", "2014-06-30": "0.03130", "2014-03-31": "0.03010", "2013-12-31": "0.03920", "2013-09-30": "0.03650", "2013-06-30": "0.04150", "2013-03-31": "0.04610", "2012-12-31": "0.04870", "2012-09-30": "0.05690", "2012-06-30": "0.09330", "2012-03-31": "0.16910", "2011-12-31": "", "2011-09-30": "0.00030", "2011-06-30": "0.00040", "2011-03-31": "0.00050", "2010-12-31": "0.00520", "2010-09-30": "0.00490", "2010-06-30": "0.00510", "2010-03-31": "0.01240", "2009-12-31": "0.01490", "2009-09-30": "0.02380", "2009-06-30": "0.02510", "2009-03-31": "0.33970", "2008-12-31": "0.36410", "2008-09-30": "0.52790", "2008-06-30": "0.60820", "2008-03-31": "0.64570", "2007-12-31": "0.65700", "2007-09-30": "0.67750", "2007-06-30": "0.64710", "2007-03-31": "0.61800", "2006-12-31": "0.58570", "2006-09-30": "0.95340", "2006-06-30": "0.81380", "2006-03-31": "0.70360", "2005-12-31": "", "2005-10-31": "0.59640", "2005-09-30": "", "2005-07-31": "0.68930", "2005-06-30": "", "2005-04-30": "0.60400", "2005-03-31": "", "2005-01-31": "0.53510"}, "Debt/Equity Ratio": {"2020-09-30": "0.23400", "2020-06-30": "0.23240", "2020-03-31": "0.21030", "2019-12-31": "0.22190", "2019-09-30": "0.24440", "2019-06-30": "0.25240", "2019-03-31": "0.26750", "2018-12-31": "0.34990", "2018-09-30": "0.34960", "2018-06-30": "0.36550", "2018-03-31": "0.35080", "2017-12-31": "0.36330", "2017-09-30": "0.36480", "2017-06-30": "0.36880", "2017-03-31": "0.37070", "2016-12-31": "0.37830", "2016-09-30": "0.40880", "2016-06-30": "0.42040", "2016-03-31": "0.42430", "2015-12-31": "0.43920", "2015-09-30": "0.44220", "2015-06-30": "0.42440", "2015-03-31": "0.04560", "2014-12-31": "0.04980", "2014-09-30": "0.05010", "2014-06-30": "0.04890", "2014-03-31": "0.04880", "2013-12-31": "0.06100", "2013-09-30": "0.05830", "2013-06-30": "0.06500", "2013-03-31": "0.07130", "2012-12-31": "0.07560", "2012-09-30": "0.08600", "2012-06-30": "0.13030", "2012-03-31": "0.29260", "2011-12-31": "", "2011-09-30": "0.00160", "2011-06-30": "0.00220", "2011-03-31": "0.07240", "2010-12-31": "0.00600", "2010-09-30": "0.00610", "2010-06-30": "0.00550", "2010-03-31": "0.01300", "2009-12-31": "0.01580", "2009-09-30": "0.07230", "2009-06-30": "0.14040", "2009-03-31": "0.52470", "2008-12-31": "0.58390", "2008-09-30": "1.16000", "2008-06-30": "1.62970", "2008-03-31": "2.03360", "2007-12-31": "1.91790", "2007-09-30": "2.10350", "2007-06-30": "1.83680", "2007-03-31": "1.61860", "2006-12-31": "1.41450", "2006-09-30": "20.48870", "2006-06-30": "4.37300", "2006-03-31": "2.37580", "2005-12-31": "", "2005-10-31": "1.47880", "2005-09-30": "", "2005-07-31": "2.21990", "2005-06-30": "", "2005-04-30": "1.52650", "2005-03-31": "", "2005-01-31": "2.07210"}, "Gross Margin": {"2020-09-30": "90.89190", "2020-06-30": "89.96950", "2020-03-31": "92.26880", "2019-12-31": "91.74310", "2019-09-30": "92.46300", "2019-06-30": "91.75600", "2019-03-31": "92.47630", "2018-12-31": "91.42450", "2018-09-30": "91.17390", "2018-06-30": "90.88040", "2018-03-31": "90.16010", "2017-12-31": "84.10460", "2017-09-30": "81.72510", "2017-06-30": "90.84040", "2017-03-31": "92.06530", "2016-12-31": "91.78200", "2016-09-30": "91.11390", "2016-06-30": "92.03190", "2016-03-31": "91.58350", "2015-12-31": "91.77570", "2015-09-30": "91.89110", "2015-06-30": "91.82550", "2015-03-31": "88.43990", "2014-12-31": "91.73360", "2014-09-30": "90.65870", "2014-06-30": "92.26800", "2014-03-31": "94.18670", "2013-12-31": "88.33430", "2013-09-30": "87.17350", "2013-06-30": "89.36020", "2013-03-31": "89.59440", "2012-12-31": "89.65850", "2012-09-30": "106.86450", "2012-06-30": "88.49260", "2012-03-31": "88.44950", "2011-12-31": "87.34480", "2011-09-30": "88.54730", "2011-06-30": "88.29020", "2011-03-31": "88.42570", "2010-12-31": "87.03520", "2010-09-30": "88.34840", "2010-06-30": "89.09600", "2010-03-31": "88.09390", "2009-12-31": "88.34880", "2009-09-30": "88.40960", "2009-06-30": "88.82130", "2009-03-31": "87.74530", "2008-12-31": "91.19890", "2008-09-30": "88.30330", "2008-06-30": "88.00850", "2008-03-31": "88.02830", "2007-12-31": "89.98760", "2007-09-30": "90.25780", "2007-06-30": "89.06310", "2007-03-31": "98.65440", "2006-12-31": "100.00000", "2006-09-30": "100.00000", "2006-06-30": "100.00000", "2006-03-31": "100.00000", "2005-12-31": "", "2005-10-31": "100.00000", "2005-09-30": "100.00000", "2005-07-31": "72.41380", "2005-06-30": "100.00000", "2005-04-30": "100.00000", "2005-03-31": "100.00000", "2005-01-31": "100.00000"}, "Operating Margin": {"2020-09-30": "43.11070", "2020-06-30": "-94.84980", "2020-03-31": "48.13820", "2019-12-31": "39.08110", "2019-09-30": "41.96030", "2019-06-30": "44.26160", "2019-03-31": "45.31740", "2018-12-31": "3.87140", "2018-09-30": "34.93420", "2018-06-30": "-38.28710", "2018-03-31": "28.72490", "2017-12-31": "11.93800", "2017-09-30": "9.32370", "2017-06-30": "24.83840", "2017-03-31": "24.37900", "2016-12-31": "15.32910", "2016-09-30": "22.40300", "2016-06-30": "25.89640", "2016-03-31": "23.68050", "2015-12-31": "13.88990", "2015-09-30": "23.18620", "2015-06-30": "28.46260", "2015-03-31": "17.27490", "2014-12-31": "34.01270", "2014-09-30": "42.63000", "2014-06-30": "42.70270", "2014-03-31": "36.97440", "2013-12-31": "31.24440", "2013-09-30": "33.78450", "2013-06-30": "37.20460", "2013-03-31": "34.51100", "2012-12-31": "33.65590", "2012-09-30": "48.52140", "2012-06-30": "30.46930", "2012-03-31": "28.61810", "2011-12-31": "33.12110", "2011-09-30": "32.44300", "2011-06-30": "26.39970", "2011-03-31": "24.21840", "2010-12-31": "28.86980", "2010-09-30": "30.17120", "2010-06-30": "25.68860", "2010-03-31": "25.99980", "2009-12-31": "20.47470", "2009-09-30": "27.17290", "2009-06-30": "22.70860", "2009-03-31": "19.15540", "2008-12-31": "21.34780", "2008-09-30": "26.94640", "2008-06-30": "4.50810", "2008-03-31": "-11.42180", "2007-12-31": "-40.59600", "2007-09-30": "-99.02310", "2007-06-30": "-300.26650", "2007-03-31": "-551.29020", "2006-12-31": "-21747.88000", "2006-09-30": "-12571.48000", "2006-06-30": "-10189.97000", "2006-03-31": "-3722.91700", "2005-12-31": "", "2005-10-31": "-7890.86900", "2005-09-30": "-9848.69700", "2005-07-31": "-16565.52000", "2005-06-30": "-20780.84000", "2005-04-30": "-19633.78000", "2005-03-31": "-4332.92000", "2005-01-31": "-4228.24100"}, "EBIT Margin": {"2020-09-30": "43.11070", "2020-06-30": "-94.84980", "2020-03-31": "48.13820", "2019-12-31": "39.08110", "2019-09-30": "41.96030", "2019-06-30": "44.26160", "2019-03-31": "45.31740", "2018-12-31": "3.87140", "2018-09-30": "34.93420", "2018-06-30": "-38.28710", "2018-03-31": "28.72490", "2017-12-31": "11.93800", "2017-09-30": "9.32370", "2017-06-30": "24.83840", "2017-03-31": "24.37900", "2016-12-31": "15.32910", "2016-09-30": "22.40300", "2016-06-30": "25.89640", "2016-03-31": "23.68050", "2015-12-31": "13.88990", "2015-09-30": "23.18620", "2015-06-30": "28.46260", "2015-03-31": "17.27490", "2014-12-31": "34.01270", "2014-09-30": "42.63000", "2014-06-30": "42.70270", "2014-03-31": "36.97440", "2013-12-31": "31.24440", "2013-09-30": "33.78450", "2013-06-30": "37.20460", "2013-03-31": "34.51100", "2012-12-31": "33.65590", "2012-09-30": "48.52140", "2012-06-30": "30.46930", "2012-03-31": "28.61810", "2011-12-31": "33.12110", "2011-09-30": "32.44300", "2011-06-30": "26.39970", "2011-03-31": "24.21840", "2010-12-31": "28.86980", "2010-09-30": "30.17120", "2010-06-30": "25.68860", "2010-03-31": "25.99980", "2009-12-31": "20.47470", "2009-09-30": "27.17290", "2009-06-30": "22.70860", "2009-03-31": "19.15540", "2008-12-31": "21.34780", "2008-09-30": "26.94640", "2008-06-30": "4.50810", "2008-03-31": "-11.42180", "2007-12-31": "-40.59600", "2007-09-30": "-99.02310", "2007-06-30": "-300.26650", "2007-03-31": "-551.29020", "2006-12-31": "-21747.88000", "2006-09-30": "-12571.48000", "2006-06-30": "-10189.97000", "2006-03-31": "-3722.91700", "2005-12-31": "", "2005-10-31": "-7890.86900", "2005-09-30": "-9848.69700", "2005-07-31": "-8868.96500", "2005-06-30": "-20780.84000", "2005-04-30": "-19633.78000", "2005-03-31": "-4332.92000", "2005-01-31": "-4228.24100"}, "EBITDA Margin": {"2020-09-30": "", "2020-06-30": "", "2020-03-31": "", "2019-12-31": "", "2019-09-30": "", "2019-06-30": "", "2019-03-31": "", "2018-12-31": "", "2018-09-30": "", "2018-06-30": "", "2018-03-31": "", "2017-12-31": "", "2017-09-30": "", "2017-06-30": "", "2017-03-31": "", "2016-12-31": "", "2016-09-30": "", "2016-06-30": "", "2016-03-31": "", "2015-12-31": "", "2015-09-30": "", "2015-06-30": "", "2015-03-31": "", "2014-12-31": "", "2014-09-30": "", "2014-06-30": "", "2014-03-31": "", "2013-12-31": "", "2013-09-30": "", "2013-06-30": "", "2013-03-31": "", "2012-12-31": "", "2012-09-30": "", "2012-06-30": "", "2012-03-31": "", "2011-12-31": "", "2011-09-30": "", "2011-06-30": "", "2011-03-31": "", "2010-12-31": "", "2010-09-30": "", "2010-06-30": "", "2010-03-31": "", "2009-12-31": "", "2009-09-30": "", "2009-06-30": "", "2009-03-31": "", "2008-12-31": "", "2008-09-30": "", "2008-06-30": "", "2008-03-31": "", "2007-12-31": "", "2007-09-30": "", "2007-06-30": "", "2007-03-31": "", "2006-12-31": "", "2006-09-30": "", "2006-06-30": "", "2006-03-31": "", "2005-12-31": "", "2005-10-31": "", "2005-09-30": "", "2005-07-31": "", "2005-06-30": "", "2005-04-30": "", "2005-03-31": "", "2005-01-31": ""}, "Pre-Tax Profit Margin": {"2020-09-30": "41.97770", "2020-06-30": "-93.59690", "2020-03-31": "45.93020", "2019-12-31": "43.48770", "2019-09-30": "42.39570", "2019-06-30": "41.51090", "2019-03-31": "47.50960", "2018-12-31": "-2.91460", "2018-09-30": "33.32680", "2018-06-30": "-40.05740", "2018-03-31": "37.76990", "2017-12-31": "9.81640", "2017-09-30": "6.77450", "2017-06-30": "22.60330", "2017-03-31": "22.30910", "2016-12-31": "12.53760", "2016-09-30": "19.89990", "2016-06-30": "22.57640", "2016-03-31": "20.39940", "2015-12-31": "10.63100", "2015-09-30": "20.90480", "2015-06-30": "27.86690", "2015-03-31": "17.81430", "2014-12-31": "34.22030", "2014-09-30": "42.54900", "2014-06-30": "42.66310", "2014-03-31": "37.39940", "2013-12-31": "31.22300", "2013-09-30": "33.53800", "2013-06-30": "37.08900", "2013-03-31": "34.44290", "2012-12-31": "33.46690", "2012-09-30": "47.85710", "2012-06-30": "29.74750", "2012-03-31": "27.70730", "2011-12-31": "32.55330", "2011-09-30": "32.18720", "2011-06-30": "26.43360", "2011-03-31": "24.57530", "2010-12-31": "28.36850", "2010-09-30": "30.09630", "2010-06-30": "25.49630", "2010-03-31": "25.57710", "2009-12-31": "20.41950", "2009-09-30": "26.97320", "2009-06-30": "19.39600", "2009-03-31": "18.63490", "2008-12-31": "21.63720", "2008-09-30": "26.27970", "2008-06-30": "3.72400", "2008-03-31": "-9.50680", "2007-12-31": "-37.84930", "2007-09-30": "-91.19400", "2007-06-30": "-279.56130", "2007-03-31": "-518.96470", "2006-12-31": "-20932.45000", "2006-09-30": "-12152.85000", "2006-06-30": "-9809.73500", "2006-03-31": "-3556.90100", "2005-12-31": "", "2005-10-31": "-7651.95700", "2005-09-30": "-9619.01000", "2005-07-31": "-16258.62000", "2005-06-30": "-21091.02000", "2005-04-30": "-21656.96000", "2005-03-31": "-4745.13300", "2005-01-31": "-4361.98900"}, "Net Profit Margin": {"2020-09-30": "36.38820", "2020-06-30": "-73.93740", "2020-03-31": "38.59360", "2019-12-31": "64.22020", "2019-09-30": "37.02000", "2019-06-30": "38.21160", "2019-03-31": "51.55210", "2018-12-31": "-3.98650", "2018-09-30": "32.23580", "2018-06-30": "-43.77030", "2018-03-31": "26.75910", "2017-12-31": "3.29780", "2017-09-30": "9.07930", "2017-06-30": "18.10010", "2017-03-31": "19.56070", "2016-12-31": "11.23810", "2016-09-30": "11.76470", "2016-06-30": "15.93630", "2016-03-31": "13.12410", "2015-12-31": "9.50590", "2015-09-30": "-27.56480", "2015-06-30": "26.75450", "2015-03-31": "15.21210", "2014-12-31": "25.58100", "2014-09-30": "32.01520", "2014-06-30": "32.48710", "2014-03-31": "28.12380", "2013-12-31": "-4.29770", "2013-09-30": "23.42250", "2013-06-30": "25.90850", "2013-03-31": "24.25700", "2012-12-31": "25.26220", "2012-09-30": "31.33890", "2012-06-30": "13.19820", "2012-03-31": "18.55610", "2011-12-31": "21.16810", "2011-09-30": "32.13480", "2011-06-30": "18.71040", "2011-03-31": "16.15040", "2010-12-31": "16.95770", "2010-09-30": "19.68860", "2010-06-30": "17.30300", "2010-03-31": "17.80440", "2009-12-31": "214.30560", "2009-09-30": "26.04650", "2009-06-30": "18.21240", "2009-03-31": "17.84980", "2008-12-31": "19.81290", "2008-09-30": "25.73730", "2008-06-30": "3.98600", "2008-03-31": "-9.30960", "2007-12-31": "-36.41090", "2007-09-30": "-90.84120", "2007-06-30": "-278.63880", "2007-03-31": "-517.54000", "2006-12-31": "-20877.67000", "2006-09-30": "-12118.63000", "2006-06-30": "-9783.18700", "2006-03-31": "-3545.18200", "2005-12-31": "", "2005-10-31": "-7624.78300", "2005-09-30": "-9524.47900", "2005-07-31": "-16079.80000", "2005-06-30": "-21023.95000", "2005-04-30": "-21490.07000", "2005-03-31": "-4704.60200", "2005-01-31": "-4346.35800"}, "Asset Turnover": {"2020-09-30": "0.09050", "2020-06-30": "0.08650", "2020-03-31": "0.07960", "2019-12-31": "0.07890", "2019-09-30": "0.08530", "2019-06-30": "0.08260", "2019-03-31": "0.08150", "2018-12-31": "0.08100", "2018-09-30": "0.07410", "2018-06-30": "0.07750", "2018-03-31": "0.06730", "2017-12-31": "0.06700", "2017-09-30": "0.06300", "2017-06-30": "0.06770", "2017-03-31": "0.06470", "2016-12-31": "0.06270", "2016-09-30": "0.06010", "2016-06-30": "0.05780", "2016-03-31": "0.05480", "2015-12-31": "0.05350", "2015-09-30": "0.05070", "2015-06-30": "0.04830", "2015-03-31": "0.13600", "2014-12-31": "0.14270", "2014-09-30": "0.14270", "2014-06-30": "0.14420", "2014-03-31": "0.16770", "2013-12-31": "0.13320", "2013-09-30": "0.13130", "2013-06-30": "0.13150", "2013-03-31": "0.12620", "2012-12-31": "0.12260", "2012-09-30": "0.11740", "2012-06-30": "0.11180", "2012-03-31": "0.12130", "2011-12-31": "0.16320", "2011-09-30": "0.15640", "2011-06-30": "0.15740", "2011-03-31": "0.14390", "2010-12-31": "0.15410", "2010-09-30": "0.15020", "2010-06-30": "0.14150", "2010-03-31": "0.14070", "2009-12-31": "0.14070", "2009-09-30": "0.18590", "2009-06-30": "0.17910", "2009-03-31": "0.16530", "2008-12-31": "0.16210", "2008-09-30": "0.17780", "2008-06-30": "0.15710", "2008-03-31": "0.12540", "2007-12-31": "0.10130", "2007-09-30": "0.06890", "2007-06-30": "0.03290", "2007-03-31": "0.02050", "2006-12-31": "0.00060", "2006-09-30": "0.00120", "2006-06-30": "0.00160", "2006-03-31": "0.00320", "2005-12-31": "", "2005-10-31": "0.00160", "2005-09-30": "", "2005-07-31": "0.00080", "2005-06-30": "", "2005-04-30": "0.00050", "2005-03-31": "", "2005-01-31": "0.00130"}, "Inventory Turnover Ratio": {"2020-09-30": "0.19850", "2020-06-30": "0.25080", "2020-03-31": "0.19040", "2019-12-31": "0.18210", "2019-09-30": "0.16510", "2019-06-30": "0.20060", "2019-03-31": "0.17790", "2018-12-31": "0.20490", "2018-09-30": "0.20940", "2018-06-30": "0.20570", "2018-03-31": "0.20070", "2017-12-31": "0.31410", "2017-09-30": "0.35600", "2017-06-30": "0.20390", "2017-03-31": "0.17420", "2016-12-31": "0.18230", "2016-09-30": "0.19560", "2016-06-30": "0.18190", "2016-03-31": "0.20070", "2015-12-31": "0.19870", "2015-09-30": "0.22850", "2015-06-30": "0.22190", "2015-03-31": "0.39770", "2014-12-31": "0.28100", "2014-09-30": "0.37030", "2014-06-30": "0.27350", "2014-03-31": "0.26110", "2013-12-31": "0.50240", "2013-09-30": "0.48820", "2013-06-30": "0.34960", "2013-03-31": "0.34630", "2012-12-31": "0.35070", "2012-09-30": "-0.22420", "2012-06-30": "0.33590", "2012-03-31": "0.30430", "2011-12-31": "0.35380", "2011-09-30": "0.29840", "2011-06-30": "0.28910", "2011-03-31": "0.25840", "2010-12-31": "0.32530", "2010-09-30": "0.27300", "2010-06-30": "0.23760", "2010-03-31": "0.25200", "2009-12-31": "0.31530", "2009-09-30": "0.29010", "2009-06-30": "0.22670", "2009-03-31": "0.20180", "2008-12-31": "0.13670", "2008-09-30": "0.18000", "2008-06-30": "0.14860", "2008-03-31": "0.16520", "2007-12-31": "0.10300", "2007-09-30": "0.06690", "2007-06-30": "0.07140", "2007-03-31": "0.02730", "2006-12-31": "", "2006-09-30": "", "2006-06-30": "", "2006-03-31": "", "2005-12-31": "", "2005-10-31": "", "2005-09-30": "", "2005-07-31": "", "2005-06-30": "", "2005-04-30": "", "2005-03-31": "", "2005-01-31": ""}, "Receiveable Turnover": {"2020-09-30": "1.10550", "2020-06-30": "1.05280", "2020-03-31": "1.07400", "2019-12-31": "1.11350", "2019-09-30": "1.13150", "2019-06-30": "1.07090", "2019-03-31": "1.12210", "2018-12-31": "1.22390", "2018-09-30": "1.12780", "2018-06-30": "1.22410", "2018-03-31": "1.19850", "2017-12-31": "1.25220", "2017-09-30": "1.21860", "2017-06-30": "1.28550", "2017-03-31": "1.31760", "2016-12-31": "1.27940", "2016-09-30": "1.18050", "2016-06-30": "1.23590", "2016-03-31": "1.19570", "2015-12-31": "1.31490", "2015-09-30": "1.30140", "2015-06-30": "1.18730", "2015-03-31": "1.25100", "2014-12-31": "1.38540", "2014-09-30": "1.27190", "2014-06-30": "1.16290", "2014-03-31": "1.32070", "2013-12-31": "1.04780", "2013-09-30": "0.98880", "2013-06-30": "1.04170", "2013-03-31": "1.04640", "2012-12-31": "1.08430", "2012-09-30": "0.94470", "2012-06-30": "0.97170", "2012-03-31": "0.91520", "2011-12-31": "0.93150", "2011-09-30": "0.92210", "2011-06-30": "0.87300", "2011-03-31": "0.82760", "2010-12-31": "0.92440", "2010-09-30": "0.91880", "2010-06-30": "0.99060", "2010-03-31": "0.92830", "2009-12-31": "0.97290", "2009-09-30": "0.93760", "2009-06-30": "0.97160", "2009-03-31": "1.01600", "2008-12-31": "1.03920", "2008-09-30": "1.08180", "2008-06-30": "1.06090", "2008-03-31": "0.84990", "2007-12-31": "0.73160", "2007-09-30": "0.69910", "2007-06-30": "0.95040", "2007-03-31": "5.38530", "2006-12-31": "", "2006-09-30": "", "2006-06-30": "", "2006-03-31": "", "2005-12-31": "", "2005-10-31": "", "2005-09-30": "", "2005-07-31": "", "2005-06-30": "", "2005-04-30": "0.15840", "2005-03-31": "", "2005-01-31": "0.80430"}, "Days Sales In Receivables": {"2020-09-30": "81.41190", "2020-06-30": "85.48940", "2020-03-31": "83.79570", "2019-12-31": "80.82640", "2019-09-30": "79.54000", "2019-06-30": "84.03890", "2019-03-31": "80.20610", "2018-12-31": "73.53560", "2018-09-30": "79.80320", "2018-06-30": "73.52440", "2018-03-31": "75.09190", "2017-12-31": "71.87530", "2017-09-30": "73.85640", "2017-06-30": "70.01210", "2017-03-31": "68.30730", "2016-12-31": "70.34530", "2016-09-30": "76.23950", "2016-06-30": "72.82440", "2016-03-31": "75.26740", "2015-12-31": "68.44840", "2015-09-30": "69.15720", "2015-06-30": "75.79910", "2015-03-31": "71.94250", "2014-12-31": "64.96100", "2014-09-30": "70.75980", "2014-06-30": "77.39180", "2014-03-31": "68.14470", "2013-12-31": "85.89480", "2013-09-30": "91.02290", "2013-06-30": "86.39920", "2013-03-31": "86.00800", "2012-12-31": "83.00050", "2012-09-30": "95.27300", "2012-06-30": "92.62180", "2012-03-31": "98.33460", "2011-12-31": "96.61630", "2011-09-30": "97.60680", "2011-06-30": "103.09590", "2011-03-31": "108.74640", "2010-12-31": "97.36040", "2010-09-30": "97.95870", "2010-06-30": "90.85040", "2010-03-31": "96.95180", "2009-12-31": "92.50680", "2009-09-30": "95.98700", "2009-06-30": "92.63200", "2009-03-31": "88.58690", "2008-12-31": "86.60110", "2008-09-30": "83.19410", "2008-06-30": "84.83050", "2008-03-31": "105.89560", "2007-12-31": "123.01440", "2007-09-30": "128.73130", "2007-06-30": "94.69560", "2007-03-31": "16.71210", "2006-12-31": "", "2006-09-30": "", "2006-06-30": "", "2006-03-31": "", "2005-12-31": "", "2005-10-31": "", "2005-09-30": "", "2005-07-31": "", "2005-06-30": "", "2005-04-30": "568.01330", "2005-03-31": "", "2005-01-31": "111.90050"}, "ROE - Return On Equity": {"2020-09-30": "5.21990", "2020-06-30": "-10.18130", "2020-03-31": "4.74640", "2019-12-31": "7.88690", "2019-09-30": "4.51040", "2019-06-30": "4.52400", "2019-03-31": "6.05670", "2018-12-31": "-0.49100", "2018-09-30": "3.60860", "2018-06-30": "-5.21710", "2018-03-31": "2.73350", "2017-12-31": "0.33730", "2017-09-30": "0.87210", "2017-06-30": "1.86140", "2017-03-31": "1.92070", "2016-12-31": "1.07430", "2016-09-30": "1.10530", "2016-06-30": "1.46350", "2016-03-31": "1.14110", "2015-12-31": "0.80660", "2015-09-30": "-2.22660", "2015-06-30": "1.99020", "2015-03-31": "2.59670", "2014-12-31": "4.64620", "2014-09-30": "5.69100", "2014-06-30": "5.77790", "2014-03-31": "5.89990", "2013-12-31": "-0.79730", "2013-09-30": "3.98280", "2013-06-30": "4.33570", "2013-03-31": "3.93370", "2012-12-31": "4.10850", "2012-09-30": "4.92290", "2012-06-30": "2.07220", "2012-03-31": "3.74300", "2011-12-31": "4.24600", "2011-09-30": "6.21090", "2011-06-30": "3.64390", "2011-03-31": "2.97660", "2010-12-31": "3.07650", "2010-09-30": "3.43340", "2010-06-30": "2.74840", "2010-03-31": "2.81950", "2009-12-31": "34.44830", "2009-09-30": "6.25670", "2009-06-30": "4.34780", "2009-03-31": "5.28050", "2008-12-31": "6.20850", "2008-09-30": "11.33120", "2008-06-30": "1.87230", "2008-03-31": "-3.93280", "2007-12-31": "-12.13910", "2007-09-30": "-21.68420", "2007-06-30": "-28.22520", "2007-03-31": "-30.01040", "2006-12-31": "-31.48130", "2006-09-30": "-370.77850", "2006-06-30": "-96.58960", "2006-03-31": "-43.07050", "2005-12-31": "", "2005-10-31": "-34.52370", "2005-09-30": "", "2005-07-31": "-48.23630", "2005-06-30": "", "2005-04-30": "-32.97760", "2005-03-31": "", "2005-01-31": "-18.77930"}, "Return On Tangible Equity": {"2020-09-30": "19.81420", "2020-06-30": "-31.82750", "2020-03-31": "22.41070", "2019-12-31": "30.76020", "2019-09-30": "24.35800", "2019-06-30": "28.06230", "2019-03-31": "53.04040", "2018-12-31": "-9.24780", "2018-09-30": "79.03050", "2018-06-30": "716.93010", "2018-03-31": "123.80700", "2017-12-31": "-30.39510", "2017-09-30": "-62.40000", "2017-06-30": "-60.29200", "2017-03-31": "-42.10400", "2016-12-31": "-14.44260", "2016-09-30": "-9.39000", "2016-06-30": "-8.65880", "2016-03-31": "-5.69710", "2015-12-31": "-4.45020", "2015-09-30": "11.85110", "2015-06-30": "-13.31060", "2015-03-31": "3.41290", "2014-12-31": "6.23430", "2014-09-30": "7.82370", "2014-06-30": "8.21090", "2014-03-31": "8.64230", "2013-12-31": "-1.25090", "2013-09-30": "6.44770", "2013-06-30": "7.29600", "2013-03-31": "6.90310", "2012-12-31": "7.56380", "2012-09-30": "9.50020", "2012-06-30": "4.42980", "2012-03-31": "16.69830", "2011-12-31": "5.00080", "2011-09-30": "7.42680", "2011-06-30": "4.45760", "2011-03-31": "3.69080", "2010-12-31": "3.24290", "2010-09-30": "3.63580", "2010-06-30": "2.91880", "2010-03-31": "3.01160", "2009-12-31": "37.06190", "2009-09-30": "7.07100", "2009-06-30": "4.99700", "2009-03-31": "6.48580", "2008-12-31": "7.87530", "2008-09-30": "13.69060", "2008-06-30": "2.45750", "2008-03-31": "-5.47580", "2007-12-31": "-15.28300", "2007-09-30": "-27.63830", "2007-06-30": "-35.60120", "2007-03-31": "-36.73990", "2006-12-31": "-37.47980", "2006-09-30": "280.61300", "2006-06-30": "-230.60080", "2006-03-31": "-62.93660", "2005-12-31": "", "2005-10-31": "-42.96180", "2005-09-30": "", "2005-07-31": "-68.40750", "2005-06-30": "", "2005-04-30": "-41.36600", "2005-03-31": "", "2005-01-31": "-22.17510"}, "ROA - Return On Assets": {"2020-09-30": "3.29430", "2020-06-30": "-6.39460", "2020-03-31": "3.07240", "2019-12-31": "5.06710", "2019-09-30": "3.15630", "2019-06-30": "3.15630", "2019-03-31": "4.19940", "2018-12-31": "-0.32300", "2018-09-30": "2.39030", "2018-06-30": "-3.39060", "2018-03-31": "1.80110", "2017-12-31": "0.22090", "2017-09-30": "0.57170", "2017-06-30": "1.22470", "2017-03-31": "1.26610", "2016-12-31": "0.70470", "2016-09-30": "0.70710", "2016-06-30": "0.92100", "2016-03-31": "0.71860", "2015-12-31": "0.50870", "2015-09-30": "-1.39710", "2015-06-30": "1.29270", "2015-03-31": "2.06850", "2014-12-31": "3.65120", "2014-09-30": "4.56790", "2014-06-30": "4.68500", "2014-03-31": "4.71510", "2013-12-31": "-0.57240", "2013-09-30": "3.07510", "2013-06-30": "3.40590", "2013-03-31": "3.06110", "2012-12-31": "3.09820", "2012-09-30": "3.67890", "2012-06-30": "1.47530", "2012-03-31": "2.25100", "2011-12-31": "3.45370", "2011-09-30": "5.02440", "2011-06-30": "2.94560", "2011-03-31": "2.32390", "2010-12-31": "2.61350", "2010-09-30": "2.95810", "2010-06-30": "2.44750", "2010-03-31": "2.50480", "2009-12-31": "30.15350", "2009-09-30": "4.84250", "2009-06-30": "3.26260", "2009-03-31": "2.95050", "2008-12-31": "3.21120", "2008-09-30": "4.57520", "2008-06-30": "0.62610", "2008-03-31": "-1.16730", "2007-12-31": "-3.68710", "2007-09-30": "-6.25500", "2007-06-30": "-9.15630", "2007-03-31": "-10.62370", "2006-12-31": "-11.76780", "2006-09-30": "-15.10510", "2006-06-30": "-15.45570", "2006-03-31": "-11.44360", "2005-12-31": "", "2005-10-31": "-12.47740", "2005-09-30": "", "2005-07-31": "-13.15560", "2005-06-30": "", "2005-04-30": "-11.56540", "2005-03-31": "", "2005-01-31": "-5.75210"}, "ROI - Return On Investment": {"2020-09-30": "4.27330", "2020-06-30": "-8.34300", "2020-03-31": "3.95710", "2019-12-31": "6.51430", "2019-09-30": "3.66060", "2019-06-30": "3.64870", "2019-03-31": "4.82810", "2018-12-31": "-0.37410", "2018-09-30": "2.74280", "2018-06-30": "-3.91150", "2018-03-31": "2.05160", "2017-12-31": "0.25090", "2017-09-30": "0.64780", "2017-06-30": "1.38170", "2017-03-31": "1.42080", "2016-12-31": "0.79050", "2016-09-30": "0.80630", "2016-06-30": "1.03740", "2016-03-31": "0.80360", "2015-12-31": "0.57120", "2015-09-30": "-1.56690", "2015-06-30": "1.41240", "2015-03-31": "2.51450", "2014-12-31": "4.48780", "2014-09-30": "5.49980", "2014-06-30": "5.59720", "2014-03-31": "5.72210", "2013-12-31": "-0.76600", "2013-09-30": "3.83730", "2013-06-30": "4.15560", "2013-03-31": "3.75240", "2012-12-31": "3.90820", "2012-09-30": "4.64280", "2012-06-30": "1.87900", "2012-03-31": "3.10990", "2011-12-31": "4.24600", "2011-09-30": "6.20920", "2011-06-30": "3.64250", "2011-03-31": "2.97510", "2010-12-31": "3.06060", "2010-09-30": "3.41650", "2010-06-30": "2.73420", "2010-03-31": "2.78440", "2009-12-31": "33.93460", "2009-09-30": "6.10780", "2009-06-30": "4.23860", "2009-03-31": "3.48650", "2008-12-31": "3.94800", "2008-09-30": "5.34970", "2008-06-30": "0.73350", "2008-03-31": "-1.39330", "2007-12-31": "-4.16410", "2007-09-30": "-6.99350", "2007-06-30": "-9.95940", "2007-03-31": "-11.46310", "2006-12-31": "-13.04160", "2006-09-30": "-17.26580", "2006-06-30": "-17.98920", "2006-03-31": "-12.76640", "2005-12-31": "", "2005-10-31": "-13.93460", "2005-09-30": "", "2005-07-31": "-14.98580", "2005-06-30": "", "2005-04-30": "-13.05900", "2005-03-31": "", "2005-01-31": "-8.72980"}, "Book Value Per Share": {"2020-09-30": "50.57030", "2020-06-30": "48.10090", "2020-03-31": "53.13340", "2019-12-31": "50.93450", "2019-09-30": "46.84680", "2019-06-30": "45.33230", "2019-03-31": "43.29440", "2018-12-31": "41.00810", "2018-09-30": "41.10130", "2018-06-30": "39.35100", "2018-03-31": "40.95600", "2017-12-31": "40.00500", "2017-09-30": "40.10760", "2017-06-30": "39.62050", "2017-03-31": "39.53570", "2016-12-31": "38.82890", "2016-09-30": "37.97970", "2016-06-30": "36.56760", "2016-03-31": "35.95990", "2015-12-31": "36.70670", "2015-09-30": "36.51950", "2015-06-30": "37.84170", "2015-03-31": "17.61500", "2014-12-31": "16.58840", "2014-09-30": "15.74910", "2014-06-30": "14.56070", "2014-03-31": "13.62770", "2013-12-31": "12.09450", "2013-09-30": "12.01210", "2013-06-30": "11.32750", "2013-03-31": "10.71550", "2012-12-31": "10.12300", "2012-09-30": "9.63520", "2012-06-30": "9.07210", "2012-03-31": "6.48850", "2011-12-31": "6.11520", "2011-09-30": "5.71080", "2011-06-30": "5.17590", "2011-03-31": "4.87770", "2010-12-31": "4.71660", "2010-09-30": "4.46520", "2010-06-30": "4.37690", "2010-03-31": "4.12270", "2009-12-31": "3.86720", "2009-09-30": "2.41500", "2009-06-30": "2.19710", "2009-03-31": "1.67100", "2008-12-31": "1.51580", "2008-09-30": "1.11520", "2008-06-30": "0.82240", "2008-03-31": "0.70740", "2007-12-31": "0.67090", "2007-09-30": "0.62000", "2007-06-30": "0.65510", "2007-03-31": "0.75140", "2006-12-31": "0.87770", "2006-09-30": "0.06790", "2006-06-30": "0.27180", "2006-03-31": "0.50270", "2005-12-31": "", "2005-10-31": "0.82330", "2005-09-30": "", "2005-07-31": "0.60010", "2005-06-30": "", "2005-04-30": "0.87690", "2005-03-31": "", "2005-01-31": "1.16670"}, "Operating Cash Flow Per Share": {"2020-09-30": 3.7299, "2020-06-30": 3.6035, "2020-03-31": "2.46900", "2019-12-31": 2.291, "2019-09-30": 2.6914, "2019-06-30": 2.3857, "2019-03-31": "1.90640", "2018-12-31": 0.3722, "2018-09-30": 1.7253, "2018-06-30": -1.5379, "2018-03-31": "1.33800", "2017-12-31": 1.1383, "2017-09-30": 1.2036, "2017-06-30": 1.2463, "2017-03-31": "1.36120", "2016-12-31": 1.6897, "2016-09-30": 1.2832, "2016-06-30": 1.0609, "2016-03-31": "0.76650", "2015-12-31": 0.9865, "2015-09-30": 0.8637, "2015-06-30": 1.1632, "2015-03-31": "0.11400", "2014-12-31": 1.3968, "2014-09-30": 1.3989, "2014-06-30": 0.5265, "2014-03-31": "-0.15390", "2013-12-31": 1.0459, "2013-09-30": 0.7209, "2013-06-30": 0.4899, "2013-03-31": "0.23360", "2012-12-31": 0.549, "2012-09-30": 0.6856, "2012-06-30": 0.5112, "2012-03-31": "0.32280", "2011-12-31": 0.475, "2011-09-30": 0.3941, "2011-06-30": 0.411, "2011-03-31": "0.12800", "2010-12-31": 0.274, "2010-09-30": 0.2291, "2010-06-30": 0.2449, "2010-03-31": "0.11670", "2009-12-31": 0.1809, "2009-09-30": 0.211, "2009-06-30": 0.1486, "2009-03-31": "0.08790", "2008-12-31": 0.1713, "2008-09-30": 0.1061, "2008-06-30": 0.0933, "2008-03-31": "-0.07500", "2007-12-31": -0.1552, "2007-09-30": -0.2504, "2007-06-30": -0.2773, "2007-03-31": "-0.27830", "2006-12-31": -0.2116, "2006-09-30": -0.2485, "2006-06-30": -0.1801, "2006-03-31": "-0.22660", "2005-12-31": 0.258, "2005-10-31": 0.447, "2005-09-30": 0.1581, "2005-07-31": -0.3789, "2005-06-30": 0.0924, "2005-04-30": -0.3479, "2005-03-31": "-0.22870", "2005-01-31": "-0.37010"}, "Free Cash Flow Per Share": {"2020-09-30": 3.6809, "2020-06-30": 3.5749, "2020-03-31": "2.41420", "2019-12-31": 2.1582, "2019-09-30": 2.503, "2019-06-30": 2.1783, "2019-03-31": "1.74680", "2018-12-31": 0.183, "2018-09-30": 1.547, "2018-06-30": -1.8214, "2018-03-31": "1.04020", "2017-12-31": 0.7478, "2017-09-30": 0.7871, "2017-06-30": 0.797, "2017-03-31": "1.03230", "2016-12-31": 1.2195, "2016-09-30": 0.8628, "2016-06-30": 0.7632, "2016-03-31": "0.48460", "2015-12-31": 0.5719, "2015-09-30": 0.5885, "2015-06-30": 0.8094, "2015-03-31": "-0.16850", "2014-12-31": 1.1353, "2014-09-30": 1.2858, "2014-06-30": 0.3108, "2014-03-31": "-0.24180", "2013-12-31": 1.0024, "2013-09-30": 0.6879, "2013-06-30": 0.4472, "2013-03-31": "0.20600", "2012-12-31": 0.5098, "2012-09-30": 0.6554, "2012-06-30": 0.4899, "2012-03-31": "0.30340", "2011-12-31": 0.4398, "2011-09-30": 0.3662, "2011-06-30": 0.3712, "2011-03-31": "0.11630", "2010-12-31": 0.253, "2010-09-30": 0.2108, "2010-06-30": 0.2278, "2010-03-31": "0.10410", "2009-12-31": 0.1297, "2009-09-30": 0.1691, "2009-06-30": 0.0824, "2009-03-31": "0.05250", "2008-12-31": 0.1017, "2008-09-30": 0.0629, "2008-06-30": 0.0382, "2008-03-31": "-0.12800", "2007-12-31": -0.2473, "2007-09-30": -0.3636, "2007-06-30": -0.4313, "2007-03-31": "-0.39290", "2006-12-31": -0.301, "2006-09-30": -0.389, "2006-06-30": -0.1975, "2006-03-31": "-0.23050", "2005-12-31": 0.2589, "2005-10-31": 0.4663, "2005-09-30": 0.1645, "2005-07-31": -0.3856, "2005-06-30": 0.095, "2005-04-30": -0.3601, "2005-03-31": "-0.23900", "2005-01-31": "-0.37910"}}, "revenue": {"Alexion Pharmaceuticals Annual Revenue (Millions of US $)": {"2020": "$6,070", "2019": "$4,991", "2018": "$4,131", "2017": "$3,551", "2016": "$3,084", "2015": "$2,604", "2014": "$2,234", "2013": "$1,551", "2012": "$1,134", "2011": "$783", "2010": "$541", "2009": "$387", "2008": "$259", "2007": "$72", "2006": "$2", "2005": "$1"}, "Alexion Pharmaceuticals Quarterly Revenue (Millions of US $)": {"2020-12-31": "$1,592", "2020-09-30": "$1,589", "2020-06-30": "$1,445", "2020-03-31": "$1,445", "2019-12-31": "$1,384", "2019-09-30": "$1,263", "2019-06-30": "$1,203", "2019-03-31": "$1,140", "2018-12-31": "$1,129", "2018-09-30": "$1,027", "2018-06-30": "$1,045", "2018-03-31": "$931", "2017-12-31": "$910", "2017-09-30": "$859", "2017-06-30": "$913", "2017-03-31": "$870", "2016-12-31": "$831", "2016-09-30": "$799", "2016-06-30": "$753", "2016-03-31": "$701", "2015-12-31": "$701", "2015-09-30": "$667", "2015-06-30": "$636", "2015-03-31": "$600", "2014-12-31": "$600", "2014-09-30": "$555", "2014-06-30": "$512", "2014-03-31": "$567", "2013-12-31": "$442", "2013-09-30": "$400", "2013-06-30": "$370", "2013-03-31": "$339", "2012-12-31": "$321", "2012-09-30": "$294", "2012-06-30": "$275", "2012-03-31": "$245", "2011-12-31": "$228", "2011-09-30": "$204", "2011-06-30": "$186", "2011-03-31": "$166", "2010-12-31": "$156", "2010-09-30": "$142", "2010-06-30": "$126", "2010-03-31": "$118", "2009-12-31": "$111", "2009-09-30": "$103", "2009-06-30": "$92", "2009-03-31": "$81", "2008-12-31": "$77", "2008-09-30": "$77", "2008-06-30": "$60", "2008-03-31": "$46", "2007-12-31": "$34", "2007-09-30": "$22", "2007-06-30": "$10", "2007-03-31": "$6", "2006-12-31": "$0", "2006-09-30": "$0", "2006-06-30": "$0", "2006-03-31": "$1", "2005-12-31": "", "2005-10-31": "$0", "2005-09-30": "$0", "2005-07-31": "$0", "2005-06-30": "$0", "2005-04-30": "$0", "2005-03-31": "$1", "2005-01-31": "$1"}}, "gross-profit": {"Alexion Pharmaceuticals Annual Gross Profit (Millions of US $)": {"2020": "$5,516", "2019": "$4,597", "2018": "$3,757", "2017": "$3,097", "2016": "$2,826", "2015": "$2,371", "2014": "$2,060", "2013": "$1,374", "2012": "$1,061", "2011": "$690", "2010": "$477", "2009": "$342", "2008": "$231", "2007": "$65", "2006": "$2", "2005": "$1"}, "Alexion Pharmaceuticals Quarterly Gross Profit (Millions of US $)": {"2020-12-31": "$1,440", "2020-09-30": "$1,444", "2020-06-30": "$1,300", "2020-03-31": "$1,333", "2019-12-31": "$1,270", "2019-09-30": "$1,168", "2019-06-30": "$1,104", "2019-03-31": "$1,055", "2018-12-31": "$1,032", "2018-09-30": "$936", "2018-06-30": "$950", "2018-03-31": "$839", "2017-12-31": "$765", "2017-09-30": "$702", "2017-06-30": "$829", "2017-03-31": "$801", "2016-12-31": "$763", "2016-09-30": "$728", "2016-06-30": "$693", "2016-03-31": "$642", "2015-12-31": "$643", "2015-09-30": "$613", "2015-06-30": "$584", "2015-03-31": "$531", "2014-12-31": "$550", "2014-09-30": "$503", "2014-06-30": "$473", "2014-03-31": "$534", "2013-12-31": "$390", "2013-09-30": "$349", "2013-06-30": "$331", "2013-03-31": "$304", "2012-12-31": "$287", "2012-09-30": "$314", "2012-06-30": "$243", "2012-03-31": "$216", "2011-12-31": "$199", "2011-09-30": "$181", "2011-06-30": "$164", "2011-03-31": "$147", "2010-12-31": "$136", "2010-09-30": "$125", "2010-06-30": "$112", "2010-03-31": "$104", "2009-12-31": "$98", "2009-09-30": "$91", "2009-06-30": "$82", "2009-03-31": "$71", "2008-12-31": "$71", "2008-09-30": "$68", "2008-06-30": "$52", "2008-03-31": "$40", "2007-12-31": "$30", "2007-09-30": "$20", "2007-06-30": "$9", "2007-03-31": "$6", "2006-12-31": "$0", "2006-09-30": "$0", "2006-06-30": "$0", "2006-03-31": "$1", "2005-12-31": "", "2005-10-31": "$0", "2005-09-30": "$0", "2005-07-31": "$0", "2005-06-30": "$0", "2005-04-30": "$0", "2005-03-31": "$1", "2005-01-31": "$1"}}, "operating-income": {"Alexion Pharmaceuticals Annual Operating Income (Millions of US $)": {"2020": "$632", "2019": "$2,120", "2018": "$270", "2017": "$627", "2016": "$667", "2015": "$537", "2014": "$869", "2013": "$528", "2012": "$404", "2011": "$231", "2010": "$151", "2009": "$87", "2008": "$35", "2007": "$-100", "2006": "$-137", "2005": "$-109"}, "Alexion Pharmaceuticals Quarterly Operating Income (Millions of US $)": {"2020-12-31": "$622", "2020-09-30": "$685", "2020-06-30": "$-1,370", "2020-03-31": "$696", "2019-12-31": "$541", "2019-09-30": "$530", "2019-06-30": "$533", "2019-03-31": "$517", "2018-12-31": "$44", "2018-09-30": "$359", "2018-06-30": "$-400", "2018-03-31": "$267", "2017-12-31": "$109", "2017-09-30": "$80", "2017-06-30": "$227", "2017-03-31": "$212", "2016-12-31": "$127", "2016-09-30": "$179", "2016-06-30": "$195", "2016-03-31": "$166", "2015-12-31": "$97", "2015-09-30": "$155", "2015-06-30": "$181", "2015-03-31": "$104", "2014-12-31": "$204", "2014-09-30": "$237", "2014-06-30": "$219", "2014-03-31": "$210", "2013-12-31": "$138", "2013-09-30": "$135", "2013-06-30": "$138", "2013-03-31": "$117", "2012-12-31": "$108", "2012-09-30": "$143", "2012-06-30": "$84", "2012-03-31": "$70", "2011-12-31": "$75", "2011-09-30": "$66", "2011-06-30": "$49", "2011-03-31": "$40", "2010-12-31": "$45", "2010-09-30": "$43", "2010-06-30": "$32", "2010-03-31": "$31", "2009-12-31": "$23", "2009-09-30": "$28", "2009-06-30": "$21", "2009-03-31": "$16", "2008-12-31": "$17", "2008-09-30": "$21", "2008-06-30": "$3", "2008-03-31": "$-5", "2007-12-31": "$-14", "2007-09-30": "$-22", "2007-06-30": "$-29", "2007-03-31": "$-35", "2006-12-31": "$-41", "2006-09-30": "$-33", "2006-06-30": "$-35", "2006-03-31": "$-29", "2005-12-31": "", "2005-10-31": "$-36", "2005-09-30": "$-38", "2005-07-31": "$-34", "2005-06-30": "$-35", "2005-04-30": "$-30", "2005-03-31": "$-24", "2005-01-31": "$-24"}}, "ebitda": {"Alexion Pharmaceuticals Annual EBITDA (Millions of US $)": {"2019": "$2,497", "2018": "$675", "2017": "$1,124", "2016": "$1,064", "2015": "$703", "2014": "$928", "2013": "$593", "2012": "$455", "2011": "$248", "2010": "$166", "2009": "$100", "2008": "$42", "2007": "$-95", "2006": "$-133", "2005": "$-105"}, "Alexion Pharmaceuticals Quarterly EBITDA (Millions of US $)": {"2020-09-30": "$760", "2020-06-30": "$773", "2020-03-31": "$785", "2019-12-31": "$632", "2019-09-30": "$623", "2019-06-30": "$629", "2019-03-31": "$614", "2018-12-31": "$142", "2018-09-30": "$464", "2018-06-30": "$-300", "2018-03-31": "$369", "2017-12-31": "$294", "2017-09-30": "$160", "2017-06-30": "$359", "2017-03-31": "$312", "2016-12-31": "$229", "2016-09-30": "$279", "2016-06-30": "$293", "2016-03-31": "$263", "2015-12-31": "$191", "2015-09-30": "$204", "2015-06-30": "$190", "2015-03-31": "$117", "2014-12-31": "$219", "2014-09-30": "$250", "2014-06-30": "$233", "2014-03-31": "$226", "2013-12-31": "$183", "2013-09-30": "$143", "2013-06-30": "$144", "2013-03-31": "$123", "2012-12-31": "$114", "2012-09-30": "$175", "2012-06-30": "$89", "2012-03-31": "$76", "2011-12-31": "$80", "2011-09-30": "$70", "2011-06-30": "$54", "2011-03-31": "$45", "2010-12-31": "$48", "2010-09-30": "$47", "2010-06-30": "$37", "2010-03-31": "$35", "2009-12-31": "$26", "2009-09-30": "$31", "2009-06-30": "$24", "2009-03-31": "$19", "2008-12-31": "$19", "2008-09-30": "$23", "2008-06-30": "$5", "2008-03-31": "$-4", "2007-12-31": "$-12", "2007-09-30": "$-21", "2007-06-30": "$-28", "2007-03-31": "$-34", "2006-12-31": "$-40", "2006-09-30": "$-32", "2006-06-30": "$-34", "2006-03-31": "$-28", "2005-12-31": "", "2005-10-31": "$-35", "2005-09-30": "$-37", "2005-07-31": "$-33", "2005-06-30": "$-34", "2005-04-30": "$-29", "2005-03-31": "$-23", "2005-01-31": "$-22"}}, "net-income": {"Alexion Pharmaceuticals Annual Net Income (Millions of US $)": {"2020": "$603", "2019": "$2,404", "2018": "$78", "2017": "$443", "2016": "$399", "2015": "$144", "2014": "$657", "2013": "$253", "2012": "$255", "2011": "$175", "2010": "$97", "2009": "$295", "2008": "$33", "2007": "$-92", "2006": "$-132", "2005": "$-109"}, "Alexion Pharmaceuticals Quarterly Net Income (Millions of US $)": {"2020-12-31": "$536", "2020-09-30": "$578", "2020-06-30": "$-1,068", "2020-03-31": "$558", "2019-12-31": "$889", "2019-09-30": "$468", "2019-06-30": "$460", "2019-03-31": "$588", "2018-12-31": "$-45", "2018-09-30": "$331", "2018-06-30": "$-457", "2018-03-31": "$249", "2017-12-31": "$30", "2017-09-30": "$78", "2017-06-30": "$165", "2017-03-31": "$170", "2016-12-31": "$93", "2016-09-30": "$94", "2016-06-30": "$120", "2016-03-31": "$92", "2015-12-31": "$67", "2015-09-30": "$-184", "2015-06-30": "$170", "2015-03-31": "$91", "2014-12-31": "$153", "2014-09-30": "$178", "2014-06-30": "$166", "2014-03-31": "$159", "2013-12-31": "$-19", "2013-09-30": "$94", "2013-06-30": "$96", "2013-03-31": "$82", "2012-12-31": "$81", "2012-09-30": "$92", "2012-06-30": "$36", "2012-03-31": "$45", "2011-12-31": "$48", "2011-09-30": "$66", "2011-06-30": "$35", "2011-03-31": "$27", "2010-12-31": "$26", "2010-09-30": "$28", "2010-06-30": "$22", "2010-03-31": "$21", "2009-12-31": "$237", "2009-09-30": "$27", "2009-06-30": "$17", "2009-03-31": "$15", "2008-12-31": "$15", "2008-09-30": "$20", "2008-06-30": "$2", "2008-03-31": "$-4", "2007-12-31": "$-12", "2007-09-30": "$-20", "2007-06-30": "$-27", "2007-03-31": "$-33", "2006-12-31": "$-39", "2006-09-30": "$-32", "2006-06-30": "$-33", "2006-03-31": "$-27", "2005-12-31": "", "2005-10-31": "$-35", "2005-09-30": "$-37", "2005-07-31": "$-33", "2005-06-30": "$-35", "2005-04-30": "$-32", "2005-03-31": "$-27", "2005-01-31": "$-24"}}, "eps-earnings-per-share-diluted": {"Alexion Pharmaceuticals Annual EPS": {"2020": "$2.72", "2019": "$10.70", "2018": "$0.35", "2017": "$1.97", "2016": "$1.76", "2015": "$0.67", "2014": "$3.26", "2013": "$1.27", "2012": "$1.28", "2011": "$0.91", "2010": "$0.52", "2009": "$1.63", "2008": "$0.20", "2007": "$-0.64", "2006": "$-1.04", "2005": "$-0.98"}, "Alexion Pharmaceuticals Quarterly EPS": {"2020-12-31": "$2.42", "2020-09-30": "$2.62", "2020-06-30": "$-4.84", "2020-03-31": "$2.50", "2019-12-31": "$3.97", "2019-09-30": "$2.08", "2019-06-30": "$2.04", "2019-03-31": "$2.61", "2018-12-31": "$-0.18", "2018-09-30": "$1.47", "2018-06-30": "$-2.05", "2018-03-31": "$1.11", "2017-12-31": "$0.14", "2017-09-30": "$0.35", "2017-06-30": "$0.73", "2017-03-31": "$0.75", "2016-12-31": "$0.40", "2016-09-30": "$0.42", "2016-06-30": "$0.53", "2016-03-31": "$0.41", "2015-12-31": "$0.20", "2015-09-30": "$-0.81", "2015-06-30": "$0.83", "2015-03-31": "$0.45", "2014-12-31": "$0.76", "2014-09-30": "$0.88", "2014-06-30": "$0.83", "2014-03-31": "$0.79", "2013-12-31": "$-0.09", "2013-09-30": "$0.47", "2013-06-30": "$0.48", "2013-03-31": "$0.41", "2012-12-31": "$0.41", "2012-09-30": "$0.46", "2012-06-30": "$0.18", "2012-03-31": "$0.23", "2011-12-31": "$0.25", "2011-09-30": "$0.34", "2011-06-30": "$0.18", "2011-03-31": "$0.14", "2010-12-31": "$0.14", "2010-09-30": "$0.15", "2010-06-30": "$0.12", "2010-03-31": "$0.12", "2009-12-31": "$1.31", "2009-09-30": "$0.15", "2009-06-30": "$0.10", "2009-03-31": "$0.08", "2008-12-31": "$0.10", "2008-09-30": "$0.12", "2008-06-30": "$0.02", "2008-03-31": "$-0.03", "2007-12-31": "$-0.08", "2007-09-30": "$-0.14", "2007-06-30": "$-0.19", "2007-03-31": "$-0.23", "2006-12-31": "$-0.30", "2006-09-30": "$-0.26", "2006-06-30": "$-0.27", "2006-03-31": "$-0.22", "2005-12-31": "$0.00", "2005-10-31": "$-0.29", "2005-09-30": "$-0.31", "2005-07-31": "$-0.29", "2005-06-30": "$-0.31", "2005-04-30": "$-0.29", "2005-03-31": "$-0.24", "2005-01-31": "$-0.22"}}, "shares-outstanding": {"Alexion Pharmaceuticals Annual Shares Outstanding (Millions of Shares)": {"2020": "222", "2019": "225", "2018": "225", "2017": "225", "2016": "226", "2015": "216", "2014": "202", "2013": "200", "2012": "199", "2011": "192", "2010": "186", "2009": "181", "2008": "180", "2007": "145", "2006": "127", "2005": "111"}, "Alexion Pharmaceuticals Quarterly Shares Outstanding (Millions of Shares)": {"2020-12-31": "221", "2020-09-30": "221", "2020-06-30": "221", "2020-03-31": "223", "2019-12-31": "225", "2019-09-30": "225", "2019-06-30": "226", "2019-03-31": "226", "2018-12-31": "225", "2018-09-30": "225", "2018-06-30": "223", "2018-03-31": "224", "2017-12-31": "225", "2017-09-30": "225", "2017-06-30": "226", "2017-03-31": "226", "2016-12-31": "226", "2016-09-30": "226", "2016-06-30": "226", "2016-03-31": "227", "2015-12-31": "216", "2015-09-30": "226", "2015-06-30": "205", "2015-03-31": "202", "2014-12-31": "202", "2014-09-30": "201", "2014-06-30": "202", "2014-03-31": "202", "2013-12-31": "200", "2013-09-30": "200", "2013-06-30": "199", "2013-03-31": "199", "2012-12-31": "199", "2012-09-30": "201", "2012-06-30": "197", "2012-03-31": "195", "2011-12-31": "192", "2011-09-30": "192", "2011-06-30": "191", "2011-03-31": "190", "2010-12-31": "186", "2010-09-30": "186", "2010-06-30": "185", "2010-03-31": "184", "2009-12-31": "181", "2009-09-30": "182", "2009-06-30": "180", "2009-03-31": "181", "2008-12-31": "180", "2008-09-30": "180", "2008-06-30": "158", "2008-03-31": "150", "2007-12-31": "145", "2007-09-30": "147", "2007-06-30": "144", "2007-03-31": "141", "2006-12-31": "127", "2006-09-30": "125", "2006-06-30": "125", "2006-03-31": "124", "2005-12-31": "", "2005-10-31": "121", "2005-09-30": "118", "2005-07-31": "112", "2005-06-30": "112", "2005-04-30": "112", "2005-03-31": "112", "2005-01-31": "111"}}, "total-assets": {"Alexion Pharmaceuticals Annual Total Assets (Millions of US $)": {"2019": "$17,545", "2018": "$13,932", "2017": "$13,583", "2016": "$13,253", "2015": "$13,097", "2014": "$4,202", "2013": "$3,318", "2012": "$2,614", "2011": "$1,395", "2010": "$1,012", "2009": "$786", "2008": "$478", "2007": "$334", "2006": "$334", "2005": "$248"}, "Alexion Pharmaceuticals Quarterly Total Assets (Millions of US $)": {"2020-09-30": "$17,548", "2020-06-30": "$16,703", "2020-03-31": "$18,149", "2019-12-31": "$17,545", "2019-09-30": "$14,815", "2019-06-30": "$14,568", "2019-03-31": "$14,000", "2018-12-31": "$13,932", "2018-09-30": "$13,844", "2018-06-30": "$13,490", "2018-03-31": "$13,830", "2017-12-31": "$13,583", "2017-09-30": "$13,643", "2017-06-30": "$13,489", "2017-03-31": "$13,435", "2016-12-31": "$13,253", "2016-09-30": "$13,293", "2016-06-30": "$13,029", "2016-03-31": "$12,802", "2015-12-31": "$13,097", "2015-09-30": "$13,153", "2015-06-30": "$13,168", "2015-03-31": "$4,415", "2014-12-31": "$4,202", "2014-09-30": "$3,891", "2014-06-30": "$3,554", "2014-03-31": "$3,380", "2013-12-31": "$3,318", "2013-09-30": "$3,050", "2013-06-30": "$2,815", "2013-03-31": "$2,686", "2012-12-31": "$2,614", "2012-09-30": "$2,506", "2012-06-30": "$2,458", "2012-03-31": "$2,017", "2011-12-31": "$1,395", "2011-09-30": "$1,305", "2011-06-30": "$1,180", "2011-03-31": "$1,155", "2010-12-31": "$1,012", "2010-09-30": "$942", "2010-06-30": "$890", "2010-03-31": "$836", "2009-12-31": "$786", "2009-09-30": "$552", "2009-06-30": "$515", "2009-03-31": "$492", "2008-12-31": "$478", "2008-09-30": "$430", "2008-06-30": "$379", "2008-03-31": "$364", "2007-12-31": "$334", "2007-09-30": "$321", "2007-06-30": "$297", "2007-03-31": "$308", "2006-12-31": "$334", "2006-09-30": "$211", "2006-06-30": "$215", "2006-03-31": "$238", "2005-12-31": "$263", "2005-10-31": "$281", "2005-09-30": "$0", "2005-07-31": "$248", "2005-06-30": "$0", "2005-04-30": "$281", "2005-03-31": "$0", "2005-01-31": "$425"}}, "cash-on-hand": {"Alexion Pharmaceuticals Annual Cash on Hand (Millions of US $)": {"2019": "$2,750", "2018": "$1,564", "2017": "$1,474", "2016": "$1,293", "2015": "$1,385", "2014": "$1,962", "2013": "$1,515", "2012": "$990", "2011": "$541", "2010": "$362", "2009": "$176", "2008": "$138", "2007": "$106", "2006": "$217", "2005": "$195"}, "Alexion Pharmaceuticals Quarterly Cash on Hand (Millions of US $)": {"2020-09-30": "$2,297", "2020-06-30": "$2,852", "2020-03-31": "$2,363", "2019-12-31": "$2,750", "2019-09-30": "$2,216", "2019-06-30": "$2,090", "2019-03-31": "$1,655", "2018-12-31": "$1,564", "2018-09-30": "$1,535", "2018-06-30": "$1,177", "2018-03-31": "$1,591", "2017-12-31": "$1,474", "2017-09-30": "$1,529", "2017-06-30": "$1,444", "2017-03-31": "$1,462", "2016-12-31": "$1,293", "2016-09-30": "$1,313", "2016-06-30": "$1,180", "2016-03-31": "$1,028", "2015-12-31": "$1,385", "2015-09-30": "$1,458", "2015-06-30": "$1,494", "2015-03-31": "$1,925", "2014-12-31": "$1,962", "2014-09-30": "$1,782", "2014-06-30": "$1,594", "2014-03-31": "$1,557", "2013-12-31": "$1,515", "2013-09-30": "$1,303", "2013-06-30": "$1,119", "2013-03-31": "$1,023", "2012-12-31": "$990", "2012-09-30": "$906", "2012-06-30": "$806", "2012-03-31": "$359", "2011-12-31": "$541", "2011-09-30": "$445", "2011-06-30": "$368", "2011-03-31": "$349", "2010-12-31": "$362", "2010-09-30": "$299", "2010-06-30": "$249", "2010-03-31": "$205", "2009-12-31": "$176", "2009-09-30": "$166", "2009-06-30": "$146", "2009-03-31": "$139", "2008-12-31": "$138", "2008-09-30": "$126", "2008-06-30": "$108", "2008-03-31": "$107", "2007-12-31": "$106", "2007-09-30": "$112", "2007-06-30": "$143", "2007-03-31": "$184", "2006-12-31": "$217", "2006-09-30": "$144", "2006-06-30": "$165", "2006-03-31": "$189", "2005-12-31": "$212", "2005-10-31": "$231", "2005-09-30": "", "2005-07-31": "$195", "2005-06-30": "", "2005-04-30": "$227", "2005-03-31": "", "2005-01-31": "$371"}}, "long-term-debt": {"Alexion Pharmaceuticals Annual Long Term Debt (Millions of US $)": {"2019": "$2,375", "2018": "$2,863", "2017": "$3,064", "2016": "$3,122", "2015": "$3,405", "2014": "$117", "2013": "$97", "2012": "$101", "2011": "$", "2010": "$4", "2009": "$10", "2008": "$141", "2007": "$194", "2006": "$176", "2005": "$150"}, "Alexion Pharmaceuticals Quarterly Long Term Debt (Millions of US $)": {"2020-09-30": "$2,453", "2020-06-30": "$2,312", "2020-03-31": "$2,343", "2019-12-31": "$2,375", "2019-09-30": "$2,407", "2019-06-30": "$2,438", "2019-03-31": "$2,470", "2018-12-31": "$2,863", "2018-09-30": "$2,895", "2018-06-30": "$2,926", "2018-03-31": "$3,029", "2017-12-31": "$3,064", "2017-09-30": "$3,096", "2017-06-30": "$3,081", "2017-03-31": "$3,116", "2016-12-31": "$3,122", "2016-09-30": "$3,154", "2016-06-30": "$3,368", "2016-03-31": "$3,386", "2015-12-31": "$3,405", "2015-09-30": "$3,475", "2015-06-30": "$3,498", "2015-03-31": "$115", "2014-12-31": "$117", "2014-09-30": "$109", "2014-06-30": "$93", "2014-03-31": "$84", "2013-12-31": "$97", "2013-09-30": "$89", "2013-06-30": "$96", "2013-03-31": "$101", "2012-12-31": "$101", "2012-09-30": "$113", "2012-06-30": "$180", "2012-03-31": "$247", "2011-12-31": "", "2011-09-30": "$0", "2011-06-30": "$0", "2011-03-31": "$0", "2010-12-31": "$4", "2010-09-30": "$4", "2010-06-30": "$4", "2010-03-31": "$9", "2009-12-31": "$10", "2009-09-30": "$10", "2009-06-30": "$10", "2009-03-31": "$141", "2008-12-31": "$141", "2008-09-30": "$194", "2008-06-30": "$197", "2008-03-31": "$197", "2007-12-31": "$194", "2007-09-30": "$195", "2007-06-30": "$177", "2007-03-31": "$176", "2006-12-31": "$176", "2006-09-30": "$176", "2006-06-30": "$150", "2006-03-31": "$150", "2005-12-31": "$150", "2005-10-31": "$150", "2005-09-30": "", "2005-07-31": "$150", "2005-06-30": "", "2005-04-30": "$150", "2005-03-31": "", "2005-01-31": "$150"}}, "total-liabilities": {"Alexion Pharmaceuticals Annual Total Liabilities (Millions of US $)": {"2019": "$6,273", "2018": "$4,767", "2017": "$4,690", "2016": "$4,560", "2015": "$4,838", "2014": "$900", "2013": "$936", "2012": "$643", "2011": "$260", "2010": "$152", "2009": "$98", "2008": "$231", "2007": "$233", "2006": "$209", "2005": "$180"}, "Alexion Pharmaceuticals Quarterly Total Liabilities (Millions of US $)": {"2020-09-30": "$6,474", "2020-06-30": "$6,212", "2020-03-31": "$6,401", "2019-12-31": "$6,273", "2019-09-30": "$4,448", "2019-06-30": "$4,404", "2019-03-31": "$4,293", "2018-12-31": "$4,767", "2018-09-30": "$4,674", "2018-06-30": "$4,723", "2018-03-31": "$4,718", "2017-12-31": "$4,690", "2017-09-30": "$4,699", "2017-06-30": "$4,614", "2017-03-31": "$4,579", "2016-12-31": "$4,560", "2016-09-30": "$4,789", "2016-06-30": "$4,830", "2016-03-31": "$4,740", "2015-12-31": "$4,838", "2015-09-30": "$4,900", "2015-06-30": "$4,615", "2015-03-31": "$898", "2014-12-31": "$900", "2014-09-30": "$768", "2014-06-30": "$672", "2014-03-31": "$679", "2013-12-31": "$936", "2013-09-30": "$695", "2013-06-30": "$604", "2013-03-31": "$596", "2012-12-31": "$643", "2012-09-30": "$633", "2012-06-30": "$708", "2012-03-31": "$804", "2011-12-31": "$260", "2011-09-30": "$249", "2011-06-30": "$226", "2011-03-31": "$253", "2010-12-31": "$152", "2010-09-30": "$130", "2010-06-30": "$97", "2010-03-31": "$93", "2009-12-31": "$98", "2009-09-30": "$125", "2009-06-30": "$129", "2009-03-31": "$217", "2008-12-31": "$231", "2008-09-30": "$257", "2008-06-30": "$252", "2008-03-31": "$256", "2007-12-31": "$233", "2007-09-30": "$228", "2007-06-30": "$201", "2007-03-31": "$199", "2006-12-31": "$209", "2006-09-30": "$202", "2006-06-30": "$180", "2006-03-31": "$175", "2005-12-31": "$181", "2005-10-31": "$180", "2005-09-30": "", "2005-07-31": "$180", "2005-06-30": "", "2005-04-30": "$182", "2005-03-31": "", "2005-01-31": "$295"}}, "total-share-holder-equity": {"Alexion Pharmaceuticals Annual Share Holder Equity (Millions of US $)": {"2019": "$11,272", "2018": "$9,165", "2017": "$8,893", "2016": "$8,694", "2015": "$8,259", "2014": "$3,302", "2013": "$2,382", "2012": "$1,971", "2011": "$1,134", "2010": "$860", "2009": "$688", "2008": "$247", "2007": "$102", "2006": "$125", "2005": "$68"}, "Alexion Pharmaceuticals Quarterly Share Holder Equity (Millions of US $)": {"2020-09-30": "$11,075", "2020-06-30": "$10,491", "2020-03-31": "$11,748", "2019-12-31": "$11,272", "2019-09-30": "$10,367", "2019-06-30": "$10,164", "2019-03-31": "$9,707", "2018-12-31": "$9,165", "2018-09-30": "$9,170", "2018-06-30": "$8,767", "2018-03-31": "$9,113", "2017-12-31": "$8,893", "2017-09-30": "$8,944", "2017-06-30": "$8,875", "2017-03-31": "$8,856", "2016-12-31": "$8,694", "2016-09-30": "$8,504", "2016-06-30": "$8,199", "2016-03-31": "$8,062", "2015-12-31": "$8,259", "2015-09-30": "$8,253", "2015-06-30": "$8,553", "2015-03-31": "$3,517", "2014-12-31": "$3,302", "2014-09-30": "$3,123", "2014-06-30": "$2,882", "2014-03-31": "$2,701", "2013-12-31": "$2,382", "2013-09-30": "$2,355", "2013-06-30": "$2,212", "2013-03-31": "$2,090", "2012-12-31": "$1,971", "2012-09-30": "$1,872", "2012-06-30": "$1,750", "2012-03-31": "$1,213", "2011-12-31": "$1,134", "2011-09-30": "$1,056", "2011-06-30": "$954", "2011-03-31": "$901", "2010-12-31": "$860", "2010-09-30": "$812", "2010-06-30": "$792", "2010-03-31": "$742", "2009-12-31": "$688", "2009-09-30": "$427", "2009-06-30": "$386", "2009-03-31": "$275", "2008-12-31": "$247", "2008-09-30": "$174", "2008-06-30": "$127", "2008-03-31": "$108", "2007-12-31": "$102", "2007-09-30": "$93", "2007-06-30": "$96", "2007-03-31": "$109", "2006-12-31": "$125", "2006-09-30": "$9", "2006-06-30": "$34", "2006-03-31": "$63", "2005-12-31": "$82", "2005-10-31": "$102", "2005-09-30": "", "2005-07-31": "$68", "2005-06-30": "", "2005-04-30": "$98", "2005-03-31": "", "2005-01-31": "$130"}}, "profit-margins": {"current": "9.94%"}, "gross margin": {"2020-12-31": "90.87%", "2020-09-30": "91.20%", "2020-06-30": "91.58%", "2020-03-31": "92.07%", "2019-12-31": "92.12%", "2019-09-30": "92.06%", "2019-06-30": "91.73%", "2019-03-31": "91.52%", "2018-12-31": "90.92%", "2018-09-30": "89.19%", "2018-06-30": "86.94%", "2018-03-31": "86.77%", "2017-12-31": "87.19%", "2017-09-30": "89.12%", "2017-06-30": "91.44%", "2017-03-31": "91.76%", "2016-12-31": "91.63%", "2016-09-30": "91.60%", "2016-06-30": "91.81%", "2016-03-31": "91.76%", "2015-12-31": "91.05%", "2015-09-30": "91.01%", "2015-06-30": "90.67%", "2015-03-31": "90.74%", "2014-12-31": "92.21%", "2014-09-30": "91.52%", "2014-06-30": "90.89%", "2014-03-31": "90.16%", "2013-12-31": "88.59%", "2013-09-30": "88.88%", "2013-06-30": "93.35%", "2013-03-31": "93.41%", "2012-12-31": "93.39%", "2012-09-30": "93.28%", "2012-06-30": "88.13%", "2012-03-31": "88.06%", "2011-12-31": "88.14%", "2011-09-30": "88.20%", "2011-06-30": "88.00%", "2011-03-31": "88.14%", "2010-12-31": "88.01%", "2010-09-30": "88.33%", "2010-06-30": "88.43%", "2010-03-31": "88.44%", "2009-12-31": "88.37%", "2009-09-30": "89.24%", "2009-06-30": "89.30%", "2009-03-31": "88.81%", "2008-12-31": "88.85%", "2008-09-30": "87.56%", "2008-06-30": "87.65%", "2008-03-31": "88.39%", "2007-12-31": "90.28%", "2007-09-30": "92.11%", "2007-06-30": "93.75%", "2007-03-31": "100.00%", "2006-12-31": "100.00%", "2006-06-30": "100.00%", "2006-03-31": "100.00%", "2005-10-31": "nan%", "2005-09-30": "nan%", "2005-07-31": "100.00%", "2005-06-30": "100.00%"}, "operating margin": {"2020-12-31": "10.43%", "2020-09-30": "9.41%", "2020-06-30": "7.17%", "2020-03-31": "43.44%", "2019-12-31": "42.51%", "2019-09-30": "34.30%", "2019-06-30": "32.30%", "2019-03-31": "11.98%", "2018-12-31": "6.53%", "2018-09-30": "8.56%", "2018-06-30": "1.50%", "2018-03-31": "18.90%", "2017-12-31": "17.68%", "2017-09-30": "18.60%", "2017-06-30": "21.83%", "2017-03-31": "21.92%", "2016-12-31": "21.63%", "2016-09-30": "21.56%", "2016-06-30": "21.72%", "2016-03-31": "22.14%", "2015-12-31": "20.62%", "2015-09-30": "25.73%", "2015-06-30": "30.36%", "2015-03-31": "33.70%", "2014-12-31": "38.94%", "2014-09-30": "38.73%", "2014-06-30": "36.54%", "2014-03-31": "34.91%", "2013-12-31": "34.04%", "2013-09-30": "34.83%", "2013-06-30": "38.22%", "2013-03-31": "36.78%", "2012-12-31": "35.68%", "2012-09-30": "35.70%", "2012-06-30": "30.99%", "2012-03-31": "30.13%", "2011-12-31": "29.34%", "2011-09-30": "28.09%", "2011-06-30": "27.23%", "2011-03-31": "27.12%", "2010-12-31": "27.86%", "2010-09-30": "25.96%", "2010-06-30": "24.89%", "2010-03-31": "24.29%", "2009-12-31": "22.74%", "2009-09-30": "23.23%", "2009-06-30": "22.94%", "2009-03-31": "19.32%", "2008-12-31": "13.85%", "2008-09-30": "2.30%", "2008-06-30": "-23.46%", "2008-03-31": "-62.50%", "2007-12-31": "-138.89%", "2007-09-30": "-334.21%", "2007-06-30": "-862.50%", "2007-03-31": "-2400.00%", "2006-12-31": "-13800.00%", "2006-06-30": "-10000.00%", "2006-03-31": "-10300.00%", "2005-10-31": "inf%", "2005-09-30": "inf%", "2005-07-31": "-12300.00%", "2005-06-30": "-5650.00%"}, "ebitda margin": {"2020-09-30": "50.32%", "2020-06-30": "50.80%", "2020-03-31": "50.41%", "2019-12-31": "50.06%", "2019-09-30": "42.41%", "2019-06-30": "41.10%", "2019-03-31": "21.19%", "2018-12-31": "16.34%", "2018-09-30": "21.13%", "2018-06-30": "13.94%", "2018-03-31": "32.69%", "2017-12-31": "31.64%", "2017-09-30": "30.49%", "2017-06-30": "34.54%", "2017-03-31": "34.21%", "2016-12-31": "34.50%", "2016-09-30": "34.73%", "2016-06-30": "33.70%", "2016-03-31": "31.35%", "2015-12-31": "26.96%", "2015-09-30": "29.17%", "2015-06-30": "32.46%", "2015-03-31": "36.13%", "2014-12-31": "41.54%", "2014-09-30": "42.97%", "2014-06-30": "40.86%", "2014-03-31": "39.12%", "2013-12-31": "38.23%", "2013-09-30": "36.64%", "2013-06-30": "41.99%", "2013-03-31": "40.76%", "2012-12-31": "40.00%", "2012-09-30": "40.31%", "2012-06-30": "33.09%", "2012-03-31": "32.44%", "2011-12-31": "31.76%", "2011-09-30": "30.48%", "2011-06-30": "29.85%", "2011-03-31": "30.00%", "2010-12-31": "30.81%", "2010-09-30": "29.18%", "2010-06-30": "28.17%", "2010-03-31": "27.36%", "2009-12-31": "25.84%", "2009-09-30": "26.35%", "2009-06-30": "25.99%", "2009-03-31": "22.37%", "2008-12-31": "16.54%", "2008-09-30": "5.53%", "2008-06-30": "-19.75%", "2008-03-31": "-58.04%", "2007-12-31": "-131.94%", "2007-09-30": "-323.68%", "2007-06-30": "-837.50%", "2007-03-31": "-2333.33%", "2006-12-31": "-13400.00%", "2006-06-30": "-9700.00%", "2006-03-31": "-10000.00%", "2005-10-31": "inf%", "2005-09-30": "inf%", "2005-07-31": "-11900.00%", "2005-06-30": "-5400.00%"}, "pre tax profit margin": {"2020-12-31": "9.39%", "2020-09-30": "9.91%", "2020-06-30": "8.13%", "2020-03-31": "43.47%", "2019-12-31": "43.69%", "2019-09-30": "32.63%", "2019-06-30": "30.03%", "2019-03-31": "9.95%", "2018-12-31": "5.86%", "2018-09-30": "9.30%", "2018-06-30": "2.14%", "2018-03-31": "19.51%", "2017-12-31": "15.40%", "2017-09-30": "16.18%", "2017-06-30": "19.43%", "2017-03-31": "19.27%", "2016-12-31": "18.68%", "2016-09-30": "18.52%", "2016-06-30": "18.67%", "2016-03-31": "19.74%", "2015-12-31": "19.12%", "2015-09-30": "25.09%", "2015-06-30": "30.32%", "2015-03-31": "33.83%", "2014-12-31": "39.03%", "2014-09-30": "38.78%", "2014-06-30": "36.60%", "2014-03-31": "34.91%", "2013-12-31": "33.91%", "2013-09-30": "34.62%", "2013-06-30": "37.92%", "2013-03-31": "36.37%", "2012-12-31": "35.07%", "2012-09-30": "35.03%", "2012-06-30": "30.46%", "2012-03-31": "29.78%", "2011-12-31": "29.34%", "2011-09-30": "28.09%", "2011-06-30": "27.23%", "2011-03-31": "27.12%", "2010-12-31": "27.49%", "2010-09-30": "25.75%", "2010-06-30": "24.67%", "2010-03-31": "23.35%", "2009-12-31": "21.71%", "2009-09-30": "22.10%", "2009-06-30": "21.41%", "2009-03-31": "18.31%", "2008-12-31": "13.46%", "2008-09-30": "2.30%", "2008-06-30": "-21.60%", "2008-03-31": "-57.14%", "2007-12-31": "-129.17%", "2007-09-30": "-313.16%", "2007-06-30": "-818.75%", "2007-03-31": "-2283.33%", "2006-12-31": "-13100.00%", "2006-06-30": "-9500.00%", "2006-03-31": "-9900.00%", "2005-10-31": "inf%", "2005-09-30": "inf%", "2005-07-31": "-12800.00%", "2005-06-30": "-6000.00%"}, "net profit margin": {"2020-12-31": "9.95%", "2020-09-30": "16.32%", "2020-06-30": "15.30%", "2020-03-31": "44.85%", "2019-12-31": "48.20%", "2019-09-30": "31.07%", "2019-06-30": "29.65%", "2019-03-31": "9.61%", "2018-12-31": "1.89%", "2018-09-30": "3.91%", "2018-06-30": "-2.67%", "2018-03-31": "14.45%", "2017-12-31": "12.47%", "2017-09-30": "14.57%", "2017-06-30": "15.29%", "2017-03-31": "14.66%", "2016-12-31": "12.94%", "2016-09-30": "12.63%", "2016-06-30": "3.37%", "2016-03-31": "5.36%", "2015-12-31": "5.53%", "2015-09-30": "9.19%", "2015-06-30": "24.76%", "2015-03-31": "25.94%", "2014-12-31": "29.36%", "2014-09-30": "23.31%", "2014-06-30": "20.82%", "2014-03-31": "18.55%", "2013-12-31": "16.31%", "2013-09-30": "24.69%", "2013-06-30": "26.51%", "2013-03-31": "23.68%", "2012-12-31": "22.38%", "2012-09-30": "21.21%", "2012-06-30": "20.48%", "2012-03-31": "22.48%", "2011-12-31": "22.45%", "2011-09-30": "21.63%", "2011-06-30": "17.85%", "2011-03-31": "17.46%", "2010-12-31": "17.90%", "2010-09-30": "61.97%", "2010-06-30": "67.03%", "2010-03-31": "71.23%", "2009-12-31": "76.49%", "2009-09-30": "20.96%", "2009-06-30": "20.49%", "2009-03-31": "17.63%", "2008-12-31": "12.69%", "2008-09-30": "2.76%", "2008-06-30": "-20.99%", "2008-03-31": "-56.25%", "2007-12-31": "-127.78%", "2007-09-30": "-313.16%", "2007-06-30": "-818.75%", "2007-03-31": "-2283.33%", "2006-12-31": "-13100.00%", "2006-06-30": "-9500.00%", "2006-03-31": "-9900.00%", "2005-10-31": "inf%", "2005-09-30": "inf%", "2005-07-31": "-12700.00%", "2005-06-30": "-5900.00%"}, "pe ratio": {"current": "13.29", "2021-02-11": "552.11", "2020-12-31": "558.00", "2020-09-30": "26.74", "2020-06-30": "30.01", "2020-03-31": "8.45", "2019-12-31": "10.08", "2019-09-30": "15.00", "2019-06-30": "22.13", "2019-03-31": "73.87", "2018-12-31": "295.03", "2018-09-30": "210.62", "2018-06-30": "0.00", "2018-03-31": "48.04", "2017-12-31": "61.02", "2017-09-30": "62.63", "2017-06-30": "52.67", "2017-03-31": "58.01", "2016-12-31": "69.91", "2016-09-30": "75.18", "2016-06-30": "291.90", "2016-03-31": "193.36", "2015-12-31": "250.99", "2015-09-30": "126.99", "2015-06-30": "61.91", "2015-03-31": "59.35", "2014-12-31": "56.76", "2014-09-30": "69.09", "2014-06-30": "78.52", "2014-03-31": "92.76", "2013-12-31": "105.46", "2013-09-30": "66.00", "2013-06-30": "52.71", "2013-03-31": "63.54", "2012-12-31": "73.81", "2012-09-30": "102.14", "2012-06-30": "99.30", "2012-03-31": "92.86", "2011-12-31": "78.57", "2011-09-30": "80.08", "2011-06-30": "77.10", "2011-03-31": "89.71", "2010-12-31": "76.71", "2010-09-30": "19.15", "2010-06-30": "15.28", "2010-03-31": "16.48", "2009-12-31": "15.11", "2009-09-30": "54.99", "2009-06-30": "54.81", "2009-03-31": "63.83", "2008-12-31": "96.51", "2008-09-30": "982.50", "2008-06-30": "0.00", "2008-03-31": "0.00", "2007-12-31": "0.00", "2007-09-30": "0.00", "2007-06-30": "0.00", "2007-03-31": "0.00", "2006-12-31": "0.00"}, "price sales": {"2021-02-11": "5.64", "2020-12-31": "5.70", "2020-09-30": "4.33", "2020-06-30": "4.52", "2020-03-31": "3.80", "2019-12-31": "4.88", "2019-09-30": "4.65", "2019-06-30": "6.55", "2019-03-31": "6.99", "2018-12-31": "5.28", "2018-09-30": "7.96", "2018-06-30": "7.43", "2018-03-31": "6.94", "2017-12-31": "7.59", "2017-09-30": "9.12", "2017-06-30": "8.06", "2017-03-31": "8.43", "2016-12-31": "8.98", "2016-09-30": "9.28", "2016-06-30": "9.26", "2016-03-31": "11.24", "2015-12-31": "15.54", "2015-09-30": "13.02", "2015-06-30": "15.31", "2015-03-31": "15.42", "2014-12-31": "16.70", "2014-09-30": "16.07", "2014-06-30": "16.33", "2014-03-31": "17.13", "2013-12-31": "17.09", "2013-09-30": "16.18", "2013-06-30": "13.90", "2013-03-31": "14.92", "2012-12-31": "16.36", "2012-09-30": "21.58", "2012-06-30": "20.26", "2012-03-31": "20.74", "2011-12-31": "17.47", "2011-09-30": "17.11", "2011-06-30": "13.66", "2011-03-31": "15.66", "2010-12-31": "13.81", "2010-09-30": "11.96", "2010-06-30": "10.27", "2010-03-31": "11.69", "2009-12-31": "11.43", "2009-09-30": "11.40", "2009-06-30": "11.32", "2009-03-31": "11.20", "2008-12-31": "11.77", "2008-09-30": "14.66", "2008-06-30": "17.02", "2008-03-31": "19.62", "2007-12-31": "37.80", "2007-09-30": "61.56", "2007-06-30": "97.16", "2007-03-31": "212.12", "2006-12-31": "807.99"}, "price book": {"current": "2.92", "2021-02-11": "3.06", "2020-09-30": "2.26", "2020-06-30": "2.33", "2020-03-31": "1.69", "2019-12-31": "2.12", "2019-09-30": "2.09", "2019-06-30": "2.89", "2019-03-31": "3.12", "2018-12-31": "2.37", "2018-09-30": "3.38", "2018-06-30": "3.15", "2018-03-31": "2.72", "2017-12-31": "2.99", "2017-09-30": "3.50", "2017-06-30": "3.07", "2017-03-31": "3.07", "2016-12-31": "3.15", "2016-09-30": "3.23", "2016-06-30": "3.19", "2016-03-31": "3.87", "2015-12-31": "5.20", "2015-09-30": "4.28", "2015-06-30": "4.78", "2015-03-31": "9.84", "2014-12-31": "11.15", "2014-09-30": "10.53", "2014-06-30": "10.73", "2014-03-31": "11.16", "2013-12-31": "10.99", "2013-09-30": "9.67", "2013-06-30": "8.14", "2013-03-31": "8.60", "2012-12-31": "9.26", "2012-09-30": "11.87", "2012-06-30": "10.95", "2012-03-31": "14.31", "2011-12-31": "11.69", "2011-09-30": "11.22", "2011-06-30": "9.09", "2011-03-31": "10.12", "2010-12-31": "8.54", "2010-09-30": "7.21", "2010-06-30": "5.85", "2010-03-31": "6.59", "2009-12-31": "6.31", "2009-09-30": "9.22", "2009-06-30": "9.36", "2009-03-31": "11.27", "2008-12-31": "11.94", "2008-09-30": "17.62", "2008-06-30": "22.04", "2008-03-31": "20.96", "2007-12-31": "27.96", "2007-09-30": "26.27", "2007-06-30": "17.20", "2007-03-31": "14.39", "2006-12-31": "11.50", "2006-09-30": "125.11", "2006-06-30": "33.22", "2006-03-31": "17.61"}, "price fcf": {"2021-02-11": "", "2020-09-30": "$11.83", "2020-06-30": "$10.65", "2020-03-31": "$9.25", "2019-12-31": "$8.59", "2019-09-30": "$6.61", "2019-06-30": "$5.66", "2019-03-31": "$1.66", "2018-12-31": "$0.95", "2018-09-30": "$1.51", "2018-06-30": "$0.75", "2018-03-31": "$3.37", "2017-12-31": "$3.36", "2017-09-30": "$3.84", "2017-06-30": "$3.91", "2017-03-31": "$3.88", "2016-12-31": "$3.33", "2016-09-30": "$2.68", "2016-06-30": "$2.41", "2016-03-31": "$2.45", "2015-12-31": "$1.80", "2015-09-30": "$2.36", "2015-06-30": "$3.06", "2015-03-31": "$2.56", "2014-12-31": "$2.49", "2014-09-30": "$2.36", "2014-06-30": "$1.76", "2014-03-31": "$1.90", "2013-12-31": "$2.34", "2013-09-30": "$1.85", "2013-06-30": "$1.82", "2013-03-31": "$1.86", "2012-12-31": "$1.96", "2012-09-30": "$1.89", "2012-06-30": "$1.60", "2012-03-31": "$1.48", "2011-12-31": "$1.29", "2011-09-30": "$1.11", "2011-06-30": "$0.95", "2011-03-31": "$0.81", "2010-12-31": "$0.80", "2010-09-30": "$0.67", "2010-06-30": "$0.63", "2010-03-31": "$0.49", "2009-12-31": "$0.43", "2009-09-30": "$0.41", "2009-06-30": "$0.30", "2009-03-31": "$0.26", "2008-12-31": "$0.07", "2008-09-30": "$-0.27", "2008-06-30": "$-0.70", "2008-03-31": "$-1.17", "2007-12-31": "$-1.44", "2007-09-30": "$-1.49", "2007-06-30": "$-1.51", "2007-03-31": "$-1.28", "2006-12-31": "$-1.12"}, "net worth": {"value": "$34.11B"}, "current ratio": {"current": "3.59", "2020-12-31": "3.59", "2020-09-30": "3.81", "2020-06-30": "4.79", "2020-03-31": "4.35", "2019-12-31": "4.25", "2019-09-30": "3.98", "2019-06-30": "4.04", "2019-03-31": "3.87", "2018-12-31": "2.88", "2018-09-30": "3.16", "2018-06-30": "2.72", "2018-03-31": "3.35", "2017-12-31": "3.10", "2017-09-30": "2.97", "2017-06-30": "3.26", "2017-03-31": "3.27", "2016-12-31": "3.13", "2016-09-30": "2.51", "2016-06-30": "3.59", "2016-03-31": "3.53", "2015-12-31": "3.41", "2015-09-30": "3.23", "2015-06-30": "3.29", "2015-03-31": "4.92", "2014-12-31": "4.61", "2014-09-30": "5.09", "2014-06-30": "5.61", "2014-03-31": "5.66", "2013-12-31": "3.76", "2013-09-30": "4.84", "2013-06-30": "5.54", "2013-03-31": "5.24", "2012-12-31": "4.15", "2012-09-30": "3.90", "2012-06-30": "3.40", "2012-03-31": "2.30", "2011-12-31": "4.13", "2011-09-30": "3.87", "2011-06-30": "3.73", "2011-03-31": "3.08", "2010-12-31": "4.67", "2010-09-30": "4.74", "2010-06-30": "5.51", "2010-03-31": "5.28", "2009-12-31": "4.38", "2009-09-30": "3.08", "2009-06-30": "2.68", "2009-03-31": "4.09", "2008-12-31": "3.28", "2008-09-30": "4.41", "2008-06-30": "4.18", "2008-03-31": "3.73", "2007-12-31": "5.42", "2007-09-30": "5.73", "2007-06-30": "7.81", "2007-03-31": "9.19", "2006-12-31": "8.51", "2006-09-30": "6.86", "2006-06-30": "6.70", "2006-03-31": "9.93", "2005-12-31": "8.57", "2005-10-31": "9.84", "2005-09-30": "0.00", "2005-07-31": "8.14", "2005-06-30": "0.00", "2005-04-30": "8.80", "2005-03-31": "0.00", "2005-01-31": "2.72"}, "quick ratio": {"2020-12-31": "3.11", "2020-09-30": "3.26", "2020-06-30": "4.28", "2020-03-31": "3.83", "2019-12-31": "3.73", "2019-09-30": "3.45", "2019-06-30": "3.56", "2019-03-31": "3.36", "2018-12-31": "2.48", "2018-09-30": "2.74", "2018-06-30": "2.27", "2018-03-31": "2.86", "2017-12-31": "2.62", "2017-09-30": "2.51", "2017-06-30": "2.78", "2017-03-31": "2.79", "2016-12-31": "2.68", "2016-09-30": "2.16", "2016-06-30": "3.09", "2016-03-31": "3.04", "2015-12-31": "3.00", "2015-09-30": "2.93", "2015-06-30": "2.99", "2015-03-31": "4.62", "2014-12-31": "4.32", "2014-09-30": "4.82", "2014-06-30": "5.26", "2014-03-31": "5.34", "2013-12-31": "3.58", "2013-09-30": "4.58", "2013-06-30": "5.17", "2013-03-31": "4.90", "2012-12-31": "3.89", "2012-09-30": "3.65", "2012-06-30": "3.15", "2012-03-31": "2.03", "2011-12-31": "3.78", "2011-09-30": "3.50", "2011-06-30": "3.33", "2011-03-31": "2.74", "2010-12-31": "4.22", "2010-09-30": "4.23", "2010-06-30": "4.86", "2010-03-31": "4.60", "2009-12-31": "3.90", "2009-09-30": "2.70", "2009-06-30": "2.27", "2009-03-31": "3.38", "2008-12-31": "2.69", "2008-09-30": "3.60", "2008-06-30": "3.30", "2008-03-31": "3.17", "2007-12-31": "4.55", "2007-09-30": "4.76", "2007-06-30": "7.18", "2007-03-31": "9.05", "2006-12-31": "8.43", "2006-09-30": "0.00", "2006-06-30": "0.00", "2006-03-31": "0.00", "2005-12-31": "0.00", "2005-10-31": "0.00", "2005-09-30": "0.00", "2005-07-31": "0.00", "2005-06-30": "0.00", "2005-04-30": "0.00", "2005-03-31": "0.00", "2005-01-31": "0.00"}, "debt equity ratio": {"current": "0.21", "2020-12-31": "0.55", "2020-09-30": "0.59", "2020-06-30": "0.59", "2020-03-31": "0.55", "2019-12-31": "0.56", "2019-09-30": "0.43", "2019-06-30": "0.43", "2019-03-31": "0.44", "2018-12-31": "0.52", "2018-09-30": "0.51", "2018-06-30": "0.54", "2018-03-31": "0.52", "2017-12-31": "0.53", "2017-09-30": "0.53", "2017-06-30": "0.52", "2017-03-31": "0.52", "2016-12-31": "0.52", "2016-09-30": "0.56", "2016-06-30": "0.59", "2016-03-31": "0.59", "2015-12-31": "0.59", "2015-09-30": "0.59", "2015-06-30": "0.54", "2015-03-31": "0.26", "2014-12-31": "0.27", "2014-09-30": "0.25", "2014-06-30": "0.23", "2014-03-31": "0.25", "2013-12-31": "0.39", "2013-09-30": "0.30", "2013-06-30": "0.27", "2013-03-31": "0.29", "2012-12-31": "0.33", "2012-09-30": "0.34", "2012-06-30": "0.41", "2012-03-31": "0.66", "2011-12-31": "0.23", "2011-09-30": "0.24", "2011-06-30": "0.24", "2011-03-31": "0.28", "2010-12-31": "0.18", "2010-09-30": "0.16", "2010-06-30": "0.12", "2010-03-31": "0.13", "2009-12-31": "0.14", "2009-09-30": "0.29", "2009-06-30": "0.33", "2009-03-31": "0.79", "2008-12-31": "0.93", "2008-09-30": "1.48", "2008-06-30": "1.99", "2008-03-31": "2.37", "2007-12-31": "2.29", "2007-09-30": "2.47", "2007-06-30": "2.08", "2007-03-31": "1.83", "2006-12-31": "1.68", "2006-09-30": "23.55", "2006-06-30": "5.25", "2006-03-31": "2.76", "2005-12-31": "2.21", "2005-10-31": "1.77", "2005-09-30": "0.00", "2005-07-31": "2.67", "2005-06-30": "0.00", "2005-04-30": "1.85", "2005-03-31": "0.00", "2005-01-31": "2.27"}, "return on equity": {"2020-12-31": "5.37%", "2020-09-30": "8.59%", "2020-06-30": "7.72%", "2020-03-31": "21.81%", "2019-12-31": "23.18%", "2019-09-30": "14.93%", "2019-06-30": "13.97%", "2019-03-31": "4.53%", "2018-12-31": "0.86%", "2018-09-30": "1.70%", "2018-06-30": "-1.12%", "2018-03-31": "5.83%", "2017-12-31": "4.98%", "2017-09-30": "5.72%", "2017-06-30": "5.98%", "2017-03-31": "5.57%", "2016-12-31": "4.77%", "2016-09-30": "4.52%", "2016-06-30": "1.16%", "2016-03-31": "1.75%", "2015-12-31": "2.02%", "2015-09-30": "3.89%", "2015-06-30": "12.80%", "2015-03-31": "18.34%", "2014-12-31": "21.85%", "2014-09-30": "17.46%", "2014-06-30": "15.50%", "2014-03-31": "13.68%", "2013-12-31": "11.20%", "2013-09-30": "16.37%", "2013-06-30": "17.24%", "2013-03-31": "15.15%", "2012-12-31": "14.93%", "2012-09-30": "14.81%", "2012-06-30": "15.14%", "2012-03-31": "17.81%", "2011-12-31": "17.40%", "2011-09-30": "16.34%", "2011-06-30": "13.16%", "2011-03-31": "12.24%", "2010-12-31": "12.10%", "2010-09-30": "40.61%", "2010-06-30": "46.36%", "2010-03-31": "53.86%", "2009-12-31": "66.67%", "2009-09-30": "22.17%", "2009-06-30": "24.77%", "2009-03-31": "25.27%", "2008-12-31": "20.12%", "2008-09-30": "4.70%", "2008-06-30": "-31.63%", "2008-03-31": "-63.16%", "2007-12-31": "-92.00%", "2007-09-30": "-112.53%", "2007-06-30": "-154.57%", "2007-03-31": "-197.83%", "2006-12-31": "-226.84%", "2006-06-30": "-135.23%", "2006-03-31": "-160.32%", "2005-10-31": "-329.41%", "2005-09-30": "-330.12%", "2005-07-31": "-306.02%", "2005-06-30": "-207.02%"}, "return on assets": {"2020-12-31": "3.43%", "2020-09-30": "5.47%", "2020-06-30": "5.04%", "2020-03-31": "14.60%", "2019-12-31": "15.79%", "2019-09-30": "10.27%", "2019-06-30": "9.47%", "2019-03-31": "3.02%", "2018-12-31": "0.57%", "2018-09-30": "1.12%", "2018-06-30": "-0.73%", "2018-03-31": "3.83%", "2017-12-31": "3.27%", "2017-09-30": "3.76%", "2017-06-30": "3.90%", "2017-03-31": "3.60%", "2016-12-31": "3.05%", "2016-09-30": "2.86%", "2016-06-30": "0.73%", "2016-03-31": "1.11%", "2015-12-31": "1.31%", "2015-09-30": "2.63%", "2015-06-30": "9.22%", "2015-03-31": "14.64%", "2014-12-31": "17.46%", "2014-09-30": "13.69%", "2014-06-30": "12.03%", "2014-03-31": "10.51%", "2013-12-31": "8.53%", "2013-09-30": "12.65%", "2013-06-30": "13.22%", "2013-03-31": "11.34%", "2012-12-31": "10.59%", "2012-09-30": "10.55%", "2012-06-30": "10.87%", "2012-03-31": "13.16%", "2011-12-31": "13.98%", "2011-09-30": "13.24%", "2011-06-30": "10.82%", "2011-03-31": "10.30%", "2010-12-31": "10.54%", "2010-09-30": "35.67%", "2010-06-30": "40.08%", "2010-03-31": "44.92%", "2009-12-31": "50.49%", "2009-09-30": "14.53%", "2009-06-30": "13.99%", "2009-03-31": "11.69%", "2008-12-31": "8.00%", "2008-09-30": "1.59%", "2008-06-30": "-9.73%", "2008-03-31": "-19.15%", "2007-12-31": "-29.21%", "2007-09-30": "-37.78%", "2007-06-30": "-45.57%", "2007-03-31": "-51.31%", "2006-12-31": "-52.51%", "2006-06-30": "-38.11%", "2006-03-31": "-50.64%", "2005-10-31": "-105.86%", "2005-09-30": "-103.59%", "2005-07-31": "-96.03%", "2005-06-30": "-66.86%"}, "return on investments": {"2020-12-31": "4.65%", "2020-09-30": "4.08%", "2020-06-30": "2.98%", "2020-03-31": "17.32%", "2019-12-31": "16.57%", "2019-09-30": "13.10%", "2019-06-30": "11.89%", "2019-03-31": "4.34%", "2018-12-31": "2.25%", "2018-09-30": "2.80%", "2018-06-30": "0.47%", "2018-03-31": "5.68%", "2017-12-31": "5.24%", "2017-09-30": "5.41%", "2017-06-30": "6.29%", "2017-03-31": "6.07%", "2016-12-31": "5.74%", "2016-09-30": "5.50%", "2016-06-30": "5.28%", "2016-03-31": "5.11%", "2015-12-31": "5.50%", "2015-09-30": "8.36%", "2015-06-30": "13.00%", "2015-03-31": "23.05%", "2014-12-31": "28.04%", "2014-09-30": "28.04%", "2014-06-30": "26.28%", "2014-03-31": "24.80%", "2013-12-31": "22.42%", "2013-09-30": "22.10%", "2013-06-30": "23.66%", "2013-03-31": "22.11%", "2012-12-31": "21.75%", "2012-09-30": "27.68%", "2012-06-30": "26.54%", "2012-03-31": "29.97%", "2011-12-31": "31.59%", "2011-09-30": "21.19%", "2011-06-30": "20.02%", "2011-03-31": "18.95%", "2010-12-31": "18.71%", "2010-09-30": "16.85%", "2010-06-30": "16.98%", "2010-03-31": "18.03%", "2009-12-31": "18.06%", "2009-09-30": "20.02%", "2009-06-30": "19.13%", "2009-03-31": "15.24%", "2008-12-31": "10.40%", "2008-09-30": "1.55%", "2008-06-30": "-12.54%", "2008-03-31": "-24.12%", "2007-12-31": "-35.06%", "2007-09-30": "-44.33%", "2007-06-30": "-52.87%", "2007-03-31": "-60.31%", "2006-12-31": "-62.51%", "2006-06-30": "-45.40%", "2006-03-31": "-59.11%", "2005-10-31": "-121.70%", "2005-09-30": "-117.60%", "2005-07-31": "-105.58%", "2005-06-30": "-85.61%"}, "return on tangible equity": {"2020-09-30": "32.85%", "2020-06-30": "31.80%", "2020-03-31": "106.30%", "2019-12-31": "127.30%", "2019-09-30": "114.16%", "2019-06-30": "146.07%", "2019-03-31": "85.54%", "2018-12-31": "29.91%", "2018-09-30": "133.92%", "2018-06-30": "459.77%", "2018-03-31": "-703.03%", "2017-12-31": "-196.45%", "2017-09-30": "-139.59%", "2017-06-30": "-89.77%", "2017-03-31": "-55.50%", "2016-12-31": "-34.33%", "2016-09-30": "-27.13%", "2016-06-30": "-6.28%", "2016-03-31": "-9.76%", "2015-12-31": "-34.89%", "2015-09-30": "39.88%", "2015-06-30": "38.63%", "2015-03-31": "24.92%", "2014-12-31": "30.49%", "2014-09-30": "25.27%", "2014-06-30": "23.37%", "2014-03-31": "21.53%", "2013-12-31": "18.47%", "2013-09-30": "28.07%", "2013-06-30": "30.88%", "2013-03-31": "28.74%", "2012-12-31": "32.45%", "2012-09-30": "29.24%", "2012-06-30": "26.57%", "2012-03-31": "26.79%", "2011-12-31": "21.00%", "2011-09-30": "19.22%", "2011-06-30": "15.02%", "2011-03-31": "13.48%", "2010-12-31": "12.83%", "2010-09-30": "43.26%", "2010-06-30": "49.94%", "2010-03-31": "58.96%", "2009-12-31": "75.03%", "2009-09-30": "26.13%", "2009-06-30": "29.81%", "2009-03-31": "31.52%", "2008-12-31": "25.68%", "2008-09-30": "6.00%", "2008-06-30": "-41.34%", "2008-03-31": "-81.82%", "2007-12-31": "-115.36%", "2007-09-30": "-138.78%", "2007-06-30": "-202.32%", "2007-03-31": "-278.17%", "2006-12-31": "-347.02%", "2006-06-30": "-189.05%", "2006-03-31": "-211.76%", "2005-10-31": "-430.77%", "2005-09-30": "-434.92%", "2005-07-31": "-403.17%", "2005-06-30": "-251.06%"}, "dividend yield history": {"last payout": "$0.00", "last yield": "0.00%"}}