{"ticker": "AMZN", "price": {"title": "Amazon Historical Annual Stock Price Data", "value": 3352.15, "historical": {"2021": {"Average Stock Price": "3229.9783", "Year Open": "3186.6300", "Year High": "3380.0000", "Year Low": "3104.2500", "Year Close": "3352.1500", "Annual % Change": "2.92%"}, "2020": {"Average Stock Price": "2680.8551", "Year Open": "1898.0100", "Year High": "3531.4500", "Year Low": "1676.6100", "Year Close": "3256.9300", "Annual % Change": "76.26%"}, "2019": {"Average Stock Price": "1789.1929", "Year Open": "1539.1300", "Year High": "2020.9900", "Year Low": "1500.2800", "Year Close": "1847.8400", "Annual % Change": "23.03%"}, "2018": {"Average Stock Price": "1641.7262", "Year Open": "1189.0100", "Year High": "2039.5100", "Year Low": "1189.0100", "Year Close": "1501.9700", "Annual % Change": "28.43%"}, "2017": {"Average Stock Price": "968.1670", "Year Open": "753.6700", "Year High": "1195.8300", "Year Low": "753.6700", "Year Close": "1169.4700", "Annual % Change": "55.96%"}, "2016": {"Average Stock Price": "699.5231", "Year Open": "636.9900", "Year High": "844.3600", "Year Low": "482.0700", "Year Close": "749.8700", "Annual % Change": "10.95%"}, "2015": {"Average Stock Price": "478.1373", "Year Open": "308.5200", "Year High": "693.9700", "Year Low": "286.9500", "Year Close": "675.8900", "Annual % Change": "117.78%"}, "2014": {"Average Stock Price": "332.5510", "Year Open": "397.9700", "Year High": "407.0500", "Year Low": "287.0600", "Year Close": "310.3500", "Annual % Change": "-22.18%"}, "2013": {"Average Stock Price": "298.0322", "Year Open": "257.3100", "Year High": "404.3900", "Year Low": "248.2300", "Year Close": "398.7900", "Annual % Change": "58.96%"}, "2012": {"Average Stock Price": "220.3037", "Year Open": "179.0300", "Year High": "261.6800", "Year Low": "175.9300", "Year Close": "250.8700", "Annual % Change": "44.93%"}, "2011": {"Average Stock Price": "196.6720", "Year Open": "184.2200", "Year High": "246.7100", "Year Low": "160.9700", "Year Close": "173.1000", "Annual % Change": "-3.83%"}, "2010": {"Average Stock Price": "139.1404", "Year Open": "133.9000", "Year High": "184.7600", "Year Low": "108.6100", "Year Close": "180.0000", "Annual % Change": "33.81%"}, "2009": {"Average Stock Price": "87.2811", "Year Open": "54.3600", "Year High": "142.2500", "Year Low": "48.4400", "Year Close": "134.5200", "Annual % Change": "162.32%"}, "2008": {"Average Stock Price": "69.8800", "Year Open": "96.2500", "Year High": "96.2500", "Year Low": "35.0300", "Year Close": "51.2800", "Annual % Change": "-44.65%"}, "2007": {"Average Stock Price": "67.2261", "Year Open": "38.7000", "Year High": "100.8200", "Year Low": "36.4300", "Year Close": "92.6400", "Annual % Change": "134.77%"}, "2006": {"Average Stock Price": "35.9104", "Year Open": "47.5800", "Year High": "47.8700", "Year Low": "26.0700", "Year Close": "39.4600", "Annual % Change": "-16.31%"}, "2005": {"Average Stock Price": "39.8969", "Year Open": "44.5200", "Year High": "49.5000", "Year Low": "31.7200", "Year Close": "47.1500", "Annual % Change": "6.46%"}, "2004": {"Average Stock Price": "43.5652", "Year Open": "51.9000", "Year High": "57.1800", "Year Low": "33.8300", "Year Close": "44.2900", "Annual % Change": "-15.83%"}, "2003": {"Average Stock Price": "37.7364", "Year Open": "19.5700", "Year High": "59.9100", "Year Low": "19.5700", "Year Close": "52.6200", "Annual % Change": "178.56%"}, "2002": {"Average Stock Price": "16.4817", "Year Open": "10.9600", "Year High": "24.2500", "Year Low": "9.1300", "Year Close": "18.8900", "Annual % Change": "74.58%"}, "2001": {"Average Stock Price": "12.2008", "Year Open": "13.8800", "Year High": "21.8800", "Year Low": "5.9700", "Year Close": "10.8200", "Annual % Change": "-30.46%"}, "2000": {"Average Stock Price": "46.5500", "Year Open": "89.3800", "Year High": "89.3800", "Year Low": "15.1900", "Year Close": "15.5600", "Annual % Change": "-79.56%"}, "1999": {"Average Stock Price": "69.0657", "Year Open": "59.1500", "Year High": "106.7000", "Year Low": "42.7500", "Year Close": "76.1300", "Annual % Change": "42.17%"}, "1998": {"Average Stock Price": "15.6647", "Year Open": "4.9583", "Year High": "58.6500", "Year Low": "4.2608", "Year Close": "53.5500", "Annual % Change": "966.56%"}}}, "market cap": {"value": "$1000B"}, "income statement": {"Revenue": {"2020-12-31": "386064.00000", "2019-12-31": "280522.00000", "2018-12-31": "232887.00000", "2017-12-31": "177866.00000", "2016-12-31": "135987.00000", "2015-12-31": "107006.00000", "2014-12-31": "88988.00000", "2013-12-31": "74452.00000", "2012-12-31": "61093.00000", "2011-12-31": "48077.00000", "2010-12-31": "34204.00000", "2009-12-31": "24509.00000", "2008-12-31": "19166.00000", "2007-12-31": "14835.00000", "2006-12-31": "10711.00000", "2005-12-31": "8490.00000"}, "Cost Of Goods Sold": {"2020-12-31": "233307.00000", "2019-12-31": "165536.00000", "2018-12-31": "139156.00000", "2017-12-31": "111934.00000", "2016-12-31": "88265.00000", "2015-12-31": "71651.00000", "2014-12-31": "62752.00000", "2013-12-31": "54181.00000", "2012-12-31": "45971.00000", "2011-12-31": "37288.00000", "2010-12-31": "26561.00000", "2009-12-31": "18978.00000", "2008-12-31": "14896.00000", "2007-12-31": "11482.00000", "2006-12-31": "8255.00000", "2005-12-31": "6451.00000"}, "Gross Profit": {"2020-12-31": "152757.00000", "2019-12-31": "114986.00000", "2018-12-31": "93731.00000", "2017-12-31": "65932.00000", "2016-12-31": "47722.00000", "2015-12-31": "35355.00000", "2014-12-31": "26236.00000", "2013-12-31": "20271.00000", "2012-12-31": "15122.00000", "2011-12-31": "10789.00000", "2010-12-31": "7643.00000", "2009-12-31": "5531.00000", "2008-12-31": "4270.00000", "2007-12-31": "3353.00000", "2006-12-31": "2456.00000", "2005-12-31": "2039.00000"}, "Research And Development Expenses": {"2020-12-31": "42740.00000", "2019-12-31": "35931.00000", "2018-12-31": "28837.00000", "2017-12-31": "22620.00000", "2016-12-31": "16085.00000", "2015-12-31": "12540.00000", "2014-12-31": "9275.00000", "2013-12-31": "6565.00000", "2012-12-31": "4564.00000", "2011-12-31": "2909.00000", "2010-12-31": "1734.00000", "2009-12-31": "1240.00000", "2008-12-31": "1033.00000", "2007-12-31": "818.00000", "2006-12-31": "662.00000", "2005-12-31": "451.00000"}, "SG&A Expenses": {"2020-12-31": "87193.00000", "2019-12-31": "64313.00000", "2018-12-31": "52177.00000", "2017-12-31": "38992.00000", "2016-12-31": "27284.00000", "2015-12-31": "20411.00000", "2014-12-31": "16650.00000", "2013-12-31": "12847.00000", "2012-12-31": "9723.00000", "2011-12-31": "6864.00000", "2010-12-31": "4397.00000", "2009-12-31": "3060.00000", "2008-12-31": "2419.00000", "2007-12-31": "1871.00000", "2006-12-31": "1395.00000", "2005-12-31": "1109.00000"}, "Other Operating Income Or Expenses": {"2020-12-31": "75.00000", "2019-12-31": "-201.00000", "2018-12-31": "-296.00000", "2017-12-31": "-214.00000", "2016-12-31": "-167.00000", "2015-12-31": "-171.00000", "2014-12-31": "-133.00000", "2013-12-31": "-114.00000", "2012-12-31": "-159.00000", "2011-12-31": "-154.00000", "2010-12-31": "-106.00000", "2009-12-31": "-102.00000", "2008-12-31": "24.00000", "2007-12-31": "-9.00000", "2006-12-31": "-10.00000", "2005-12-31": "-47.00000"}, "Operating Expenses": {"2020-12-31": "363165.00000", "2019-12-31": "265981.00000", "2018-12-31": "220466.00000", "2017-12-31": "173760.00000", "2016-12-31": "131801.00000", "2015-12-31": "104773.00000", "2014-12-31": "88810.00000", "2013-12-31": "73707.00000", "2012-12-31": "60417.00000", "2011-12-31": "47215.00000", "2010-12-31": "32798.00000", "2009-12-31": "23380.00000", "2008-12-31": "18324.00000", "2007-12-31": "14180.00000", "2006-12-31": "10322.00000", "2005-12-31": "8058.00000"}, "Operating Income": {"2020-12-31": "22899.00000", "2019-12-31": "14541.00000", "2018-12-31": "12421.00000", "2017-12-31": "4106.00000", "2016-12-31": "4186.00000", "2015-12-31": "2233.00000", "2014-12-31": "178.00000", "2013-12-31": "745.00000", "2012-12-31": "676.00000", "2011-12-31": "862.00000", "2010-12-31": "1406.00000", "2009-12-31": "1129.00000", "2008-12-31": "842.00000", "2007-12-31": "655.00000", "2006-12-31": "389.00000", "2005-12-31": "432.00000"}, "Total Non-Operating Income/Expense": {"2020-12-31": "1279.00000", "2019-12-31": "-565.00000", "2018-12-31": "-1160.00000", "2017-12-31": "-300.00000", "2016-12-31": "-294.00000", "2015-12-31": "-665.00000", "2014-12-31": "-289.00000", "2013-12-31": "-239.00000", "2012-12-31": "-132.00000", "2011-12-31": "72.00000", "2010-12-31": "91.00000", "2009-12-31": "32.00000", "2008-12-31": "59.00000", "2007-12-31": "5.00000", "2006-12-31": "-12.00000", "2005-12-31": "-4.00000"}, "Pre-Tax Income": {"2020-12-31": "24178.00000", "2019-12-31": "13976.00000", "2018-12-31": "11261.00000", "2017-12-31": "3806.00000", "2016-12-31": "3892.00000", "2015-12-31": "1568.00000", "2014-12-31": "-111.00000", "2013-12-31": "506.00000", "2012-12-31": "544.00000", "2011-12-31": "934.00000", "2010-12-31": "1497.00000", "2009-12-31": "1161.00000", "2008-12-31": "901.00000", "2007-12-31": "660.00000", "2006-12-31": "377.00000", "2005-12-31": "428.00000"}, "Income Taxes": {"2020-12-31": "2863.00000", "2019-12-31": "2374.00000", "2018-12-31": "1197.00000", "2017-12-31": "769.00000", "2016-12-31": "1425.00000", "2015-12-31": "950.00000", "2014-12-31": "167.00000", "2013-12-31": "161.00000", "2012-12-31": "428.00000", "2011-12-31": "291.00000", "2010-12-31": "352.00000", "2009-12-31": "253.00000", "2008-12-31": "247.00000", "2007-12-31": "184.00000", "2006-12-31": "187.00000", "2005-12-31": "95.00000"}, "Income After Taxes": {"2020-12-31": "21315.00000", "2019-12-31": "11602.00000", "2018-12-31": "10064.00000", "2017-12-31": "3037.00000", "2016-12-31": "2467.00000", "2015-12-31": "618.00000", "2014-12-31": "-278.00000", "2013-12-31": "345.00000", "2012-12-31": "116.00000", "2011-12-31": "643.00000", "2010-12-31": "1145.00000", "2009-12-31": "908.00000", "2008-12-31": "654.00000", "2007-12-31": "476.00000", "2006-12-31": "190.00000", "2005-12-31": "333.00000"}, "Other Income": {"2020-12-31": "", "2019-12-31": "", "2018-12-31": "", "2017-12-31": "", "2016-12-31": "", "2015-12-31": "", "2014-12-31": "", "2013-12-31": "", "2012-12-31": "", "2011-12-31": "", "2010-12-31": "", "2009-12-31": "", "2008-12-31": "", "2007-12-31": "", "2006-12-31": "", "2005-12-31": ""}, "Income From Continuous Operations": {"2020-12-31": "21331.00000", "2019-12-31": "11588.00000", "2018-12-31": "10073.00000", "2017-12-31": "3033.00000", "2016-12-31": "2371.00000", "2015-12-31": "596.00000", "2014-12-31": "-241.00000", "2013-12-31": "274.00000", "2012-12-31": "-39.00000", "2011-12-31": "631.00000", "2010-12-31": "1152.00000", "2009-12-31": "902.00000", "2008-12-31": "645.00000", "2007-12-31": "476.00000", "2006-12-31": "190.00000", "2005-12-31": "333.00000"}, "Income From Discontinued Operations": {"2020-12-31": "", "2019-12-31": "", "2018-12-31": "", "2017-12-31": "", "2016-12-31": "", "2015-12-31": "", "2014-12-31": "", "2013-12-31": "", "2012-12-31": "", "2011-12-31": "", "2010-12-31": "", "2009-12-31": "", "2008-12-31": "", "2007-12-31": "", "2006-12-31": "", "2005-12-31": ""}, "Net Income": {"2020-12-31": "21331.00000", "2019-12-31": "11588.00000", "2018-12-31": "10073.00000", "2017-12-31": "3033.00000", "2016-12-31": "2371.00000", "2015-12-31": "596.00000", "2014-12-31": "-241.00000", "2013-12-31": "274.00000", "2012-12-31": "-39.00000", "2011-12-31": "631.00000", "2010-12-31": "1152.00000", "2009-12-31": "902.00000", "2008-12-31": "645.00000", "2007-12-31": "476.00000", "2006-12-31": "190.00000", "2005-12-31": "359.00000"}, "EBITDA": {"2020-12-31": "48150.00000", "2019-12-31": "36330.00000", "2018-12-31": "27762.00000", "2017-12-31": "15584.00000", "2016-12-31": "12302.00000", "2015-12-31": "8514.00000", "2014-12-31": "4924.00000", "2013-12-31": "3998.00000", "2012-12-31": "2835.00000", "2011-12-31": "1945.00000", "2010-12-31": "1974.00000", "2009-12-31": "1507.00000", "2008-12-31": "1129.00000", "2007-12-31": "901.00000", "2006-12-31": "594.00000", "2005-12-31": "553.00000"}, "EBIT": {"2020-12-31": "22899.00000", "2019-12-31": "14541.00000", "2018-12-31": "12421.00000", "2017-12-31": "4106.00000", "2016-12-31": "4186.00000", "2015-12-31": "2233.00000", "2014-12-31": "178.00000", "2013-12-31": "745.00000", "2012-12-31": "676.00000", "2011-12-31": "862.00000", "2010-12-31": "1406.00000", "2009-12-31": "1129.00000", "2008-12-31": "842.00000", "2007-12-31": "655.00000", "2006-12-31": "389.00000", "2005-12-31": "432.00000"}, "Basic Shares Outstanding": {"2020-12-31": "500.00000", "2019-12-31": "494.00000", "2018-12-31": "487.00000", "2017-12-31": "480.00000", "2016-12-31": "474.00000", "2015-12-31": "467.00000", "2014-12-31": "462.00000", "2013-12-31": "457.00000", "2012-12-31": "453.00000", "2011-12-31": "453.00000", "2010-12-31": "447.00000", "2009-12-31": "433.00000", "2008-12-31": "423.00000", "2007-12-31": "413.00000", "2006-12-31": "416.00000", "2005-12-31": "412.00000"}, "Shares Outstanding": {"2020-12-31": "510.00000", "2019-12-31": "504.00000", "2018-12-31": "500.00000", "2017-12-31": "493.00000", "2016-12-31": "484.00000", "2015-12-31": "477.00000", "2014-12-31": "462.00000", "2013-12-31": "465.00000", "2012-12-31": "453.00000", "2011-12-31": "461.00000", "2010-12-31": "456.00000", "2009-12-31": "442.00000", "2008-12-31": "432.00000", "2007-12-31": "424.00000", "2006-12-31": "424.00000", "2005-12-31": "426.00000"}, "Basic EPS": {"2020-12-31": "42.64000", "2019-12-31": "23.46000", "2018-12-31": "20.68000", "2017-12-31": "6.32000", "2016-12-31": "5.01000", "2015-12-31": "1.28000", "2014-12-31": "-0.52000", "2013-12-31": "0.60000", "2012-12-31": "-0.09000", "2011-12-31": "1.39000", "2010-12-31": "2.58000", "2009-12-31": "2.08000", "2008-12-31": "1.52000", "2007-12-31": "1.15000", "2006-12-31": "0.46000", "2005-12-31": "0.87000"}, "EPS - Earnings Per Share": {"2020-12-31": "41.83000", "2019-12-31": "23.01000", "2018-12-31": "20.14000", "2017-12-31": "6.15000", "2016-12-31": "4.90000", "2015-12-31": "1.25000", "2014-12-31": "-0.52000", "2013-12-31": "0.59000", "2012-12-31": "-0.09000", "2011-12-31": "1.37000", "2010-12-31": "2.53000", "2009-12-31": "2.04000", "2008-12-31": "1.49000", "2007-12-31": "1.12000", "2006-12-31": "0.45000", "2005-12-31": "0.84000"}}, "income statement, quarterly": {"Revenue": {"2020-12-31": "125555.00000", "2020-09-30": "96145.00000", "2020-06-30": "88912.00000", "2020-03-31": "75452.00000", "2019-12-31": "87437.00000", "2019-09-30": "69981.00000", "2019-06-30": "63404.00000", "2019-03-31": "59700.00000", "2018-12-31": "72383.00000", "2018-09-30": "56576.00000", "2018-06-30": "52886.00000", "2018-03-31": "51042.00000", "2017-12-31": "60453.00000", "2017-09-30": "43744.00000", "2017-06-30": "37955.00000", "2017-03-31": "35714.00000", "2016-12-31": "43741.00000", "2016-09-30": "32714.00000", "2016-06-30": "30404.00000", "2016-03-31": "29128.00000", "2015-12-31": "35746.00000", "2015-09-30": "25358.00000", "2015-06-30": "23185.00000", "2015-03-31": "22717.00000", "2014-12-31": "29328.00000", "2014-09-30": "20579.00000", "2014-06-30": "19340.00000", "2014-03-31": "19741.00000", "2013-12-31": "25586.00000", "2013-09-30": "17092.00000", "2013-06-30": "15704.00000", "2013-03-31": "16070.00000", "2012-12-31": "21268.00000", "2012-09-30": "13806.00000", "2012-06-30": "12834.00000", "2012-03-31": "13185.00000", "2011-12-31": "17431.00000", "2011-09-30": "10876.00000", "2011-06-30": "9913.00000", "2011-03-31": "9857.00000", "2010-12-31": "12947.00000", "2010-09-30": "7560.00000", "2010-06-30": "6566.00000", "2010-03-31": "7131.00000", "2009-12-31": "9520.00000", "2009-09-30": "5449.00000", "2009-06-30": "4651.00000", "2009-03-31": "4889.00000", "2008-12-31": "6704.00000", "2008-09-30": "4264.00000", "2008-06-30": "4063.00000", "2008-03-31": "4135.00000", "2007-12-31": "5672.00000", "2007-09-30": "3262.00000", "2007-06-30": "2886.00000", "2007-03-31": "3015.00000", "2006-12-31": "3986.00000", "2006-09-30": "2307.00000", "2006-06-30": "2139.00000", "2006-03-31": "2279.00000", "2005-12-31": "2977.00000", "2005-09-30": "1858.00000", "2005-06-30": "1753.00000", "2005-03-31": "1902.00000"}, "Cost Of Goods Sold": {"2020-12-31": "79284.00000", "2020-09-30": "57106.00000", "2020-06-30": "52660.00000", "2020-03-31": "44257.00000", "2019-12-31": "53977.00000", "2019-09-30": "41302.00000", "2019-06-30": "36337.00000", "2019-03-31": "33920.00000", "2018-12-31": "44786.00000", "2018-09-30": "33003.00000", "2018-06-30": "30632.00000", "2018-03-31": "30735.00000", "2017-12-31": "38494.00000", "2017-09-30": "27549.00000", "2017-06-30": "23451.00000", "2017-03-31": "22440.00000", "2016-12-31": "28959.00000", "2016-09-30": "21260.00000", "2016-06-30": "19180.00000", "2016-03-31": "18866.00000", "2015-12-31": "24341.00000", "2015-09-30": "16755.00000", "2015-06-30": "15160.00000", "2015-03-31": "15395.00000", "2014-12-31": "20671.00000", "2014-09-30": "14627.00000", "2014-06-30": "13399.00000", "2014-03-31": "14055.00000", "2013-12-31": "18805.00000", "2013-09-30": "12366.00000", "2013-06-30": "11209.00000", "2013-03-31": "11801.00000", "2012-12-31": "16137.00000", "2012-09-30": "10319.00000", "2012-06-30": "9488.00000", "2012-03-31": "10027.00000", "2011-12-31": "13830.00000", "2011-09-30": "8325.00000", "2011-06-30": "7525.00000", "2011-03-31": "7608.00000", "2010-12-31": "10317.00000", "2010-09-30": "5786.00000", "2010-06-30": "4957.00000", "2010-03-31": "5501.00000", "2009-12-31": "7543.00000", "2009-09-30": "4176.00000", "2009-06-30": "3518.00000", "2009-03-31": "3741.00000", "2008-12-31": "5356.00000", "2008-09-30": "3265.00000", "2008-06-30": "3096.00000", "2008-03-31": "3179.00000", "2007-12-31": "4501.00000", "2007-09-30": "2500.00000", "2007-06-30": "2185.00000", "2007-03-31": "2296.00000", "2006-12-31": "3135.00000", "2006-09-30": "1758.00000", "2006-06-30": "1630.00000", "2006-03-31": "1732.00000", "2005-12-31": "2309.00000", "2005-09-30": "1395.00000", "2005-06-30": "1303.00000", "2005-03-31": "1444.00000"}, "Gross Profit": {"2020-12-31": "46271.00000", "2020-09-30": "39039.00000", "2020-06-30": "36252.00000", "2020-03-31": "31195.00000", "2019-12-31": "33460.00000", "2019-09-30": "28679.00000", "2019-06-30": "27067.00000", "2019-03-31": "25780.00000", "2018-12-31": "27597.00000", "2018-09-30": "23573.00000", "2018-06-30": "22254.00000", "2018-03-31": "20307.00000", "2017-12-31": "21959.00000", "2017-09-30": "16195.00000", "2017-06-30": "14504.00000", "2017-03-31": "13274.00000", "2016-12-31": "14782.00000", "2016-09-30": "11454.00000", "2016-06-30": "11224.00000", "2016-03-31": "10262.00000", "2015-12-31": "11405.00000", "2015-09-30": "8603.00000", "2015-06-30": "8025.00000", "2015-03-31": "7322.00000", "2014-12-31": "8657.00000", "2014-09-30": "5952.00000", "2014-06-30": "5941.00000", "2014-03-31": "5686.00000", "2013-12-31": "6781.00000", "2013-09-30": "4726.00000", "2013-06-30": "4495.00000", "2013-03-31": "4269.00000", "2012-12-31": "5131.00000", "2012-09-30": "3487.00000", "2012-06-30": "3346.00000", "2012-03-31": "3158.00000", "2011-12-31": "3601.00000", "2011-09-30": "2551.00000", "2011-06-30": "2388.00000", "2011-03-31": "2249.00000", "2010-12-31": "2630.00000", "2010-09-30": "1774.00000", "2010-06-30": "1609.00000", "2010-03-31": "1630.00000", "2009-12-31": "1977.00000", "2009-09-30": "1273.00000", "2009-06-30": "1133.00000", "2009-03-31": "1148.00000", "2008-12-31": "1348.00000", "2008-09-30": "999.00000", "2008-06-30": "967.00000", "2008-03-31": "956.00000", "2007-12-31": "1171.00000", "2007-09-30": "762.00000", "2007-06-30": "701.00000", "2007-03-31": "719.00000", "2006-12-31": "851.00000", "2006-09-30": "549.00000", "2006-06-30": "509.00000", "2006-03-31": "547.00000", "2005-12-31": "668.00000", "2005-09-30": "463.00000", "2005-06-30": "450.00000", "2005-03-31": "458.00000"}, "Research And Development Expenses": {"2020-12-31": "12051.00000", "2020-09-30": "10976.00000", "2020-06-30": "10388.00000", "2020-03-31": "9325.00000", "2019-12-31": "9739.00000", "2019-09-30": "9200.00000", "2019-06-30": "9065.00000", "2019-03-31": "7927.00000", "2018-12-31": "7669.00000", "2018-09-30": "7162.00000", "2018-06-30": "7247.00000", "2018-03-31": "6759.00000", "2017-12-31": "6314.00000", "2017-09-30": "5944.00000", "2017-06-30": "5549.00000", "2017-03-31": "4813.00000", "2016-12-31": "4544.00000", "2016-09-30": "4135.00000", "2016-06-30": "3880.00000", "2016-03-31": "3526.00000", "2015-12-31": "3569.00000", "2015-09-30": "3197.00000", "2015-06-30": "3020.00000", "2015-03-31": "2754.00000", "2014-12-31": "2635.00000", "2014-09-30": "2423.00000", "2014-06-30": "2226.00000", "2014-03-31": "1991.00000", "2013-12-31": "1862.00000", "2013-09-30": "1734.00000", "2013-06-30": "1586.00000", "2013-03-31": "1383.00000", "2012-12-31": "1345.00000", "2012-09-30": "1192.00000", "2012-06-30": "1082.00000", "2012-03-31": "945.00000", "2011-12-31": "863.00000", "2011-09-30": "769.00000", "2011-06-30": "698.00000", "2011-03-31": "579.00000", "2010-12-31": "518.00000", "2010-09-30": "442.00000", "2010-06-30": "408.00000", "2010-03-31": "366.00000", "2009-12-31": "351.00000", "2009-09-30": "315.00000", "2009-06-30": "299.00000", "2009-03-31": "275.00000", "2008-12-31": "277.00000", "2008-09-30": "264.00000", "2008-06-30": "258.00000", "2008-03-31": "234.00000", "2007-12-31": "222.00000", "2007-09-30": "209.00000", "2007-06-30": "201.00000", "2007-03-31": "186.00000", "2006-12-31": "177.00000", "2006-09-30": "172.00000", "2006-06-30": "167.00000", "2006-03-31": "146.00000", "2005-12-31": "132.00000", "2005-09-30": "121.00000", "2005-06-30": "106.00000", "2005-03-31": "92.00000"}, "SG&A Expenses": {"2020-12-31": "27844.00000", "2020-09-30": "21807.00000", "2020-06-30": "19731.00000", "2020-03-31": "17811.00000", "2019-12-31": "19776.00000", "2019-09-30": "16267.00000", "2019-06-30": "14832.00000", "2019-03-31": "13438.00000", "2018-12-31": "16056.00000", "2018-09-30": "12619.00000", "2018-06-30": "11944.00000", "2018-03-31": "11558.00000", "2017-12-31": "13460.00000", "2017-09-30": "9859.00000", "2017-06-30": "8261.00000", "2017-03-31": "7412.00000", "2016-12-31": "8948.00000", "2016-09-30": "6712.00000", "2016-06-30": "6004.00000", "2016-03-31": "5620.00000", "2015-12-31": "6692.00000", "2015-09-30": "4957.00000", "2015-06-30": "4493.00000", "2015-03-31": "4269.00000", "2014-12-31": "5392.00000", "2014-09-30": "4042.00000", "2014-06-30": "3702.00000", "2014-03-31": "3514.00000", "2013-12-31": "4369.00000", "2013-09-30": "3006.00000", "2013-06-30": "2798.00000", "2013-03-31": "2674.00000", "2012-12-31": "3343.00000", "2012-09-30": "2280.00000", "2012-06-30": "2125.00000", "2012-03-31": "1975.00000", "2011-12-31": "2435.00000", "2011-09-30": "1666.00000", "2011-06-30": "1448.00000", "2011-03-31": "1315.00000", "2010-12-31": "1609.00000", "2010-09-30": "1038.00000", "2010-06-30": "906.00000", "2010-03-31": "844.00000", "2009-12-31": "1129.00000", "2009-09-30": "698.00000", "2009-06-30": "615.00000", "2009-03-31": "618.00000", "2008-12-31": "790.00000", "2008-09-30": "574.00000", "2008-06-30": "537.00000", "2008-03-31": "518.00000", "2007-12-31": "675.00000", "2007-09-30": "427.00000", "2007-06-30": "381.00000", "2007-03-31": "388.00000", "2006-12-31": "476.00000", "2006-09-30": "335.00000", "2006-06-30": "292.00000", "2006-03-31": "292.00000", "2005-12-31": "367.00000", "2005-09-30": "247.00000", "2005-06-30": "238.00000", "2005-03-31": "257.00000"}, "Other Operating Income Or Expenses": {"2020-12-31": "497.00000", "2020-09-30": "-62.00000", "2020-06-30": "-290.00000", "2020-03-31": "-70.00000", "2019-12-31": "-65.00000", "2019-09-30": "-55.00000", "2019-06-30": "-86.00000", "2019-03-31": "5.00000", "2018-12-31": "-85.00000", "2018-09-30": "-68.00000", "2018-06-30": "-80.00000", "2018-03-31": "-63.00000", "2017-12-31": "-59.00000", "2017-09-30": "-45.00000", "2017-06-30": "-66.00000", "2017-03-31": "-44.00000", "2016-12-31": "-35.00000", "2016-09-30": "-32.00000", "2016-06-30": "-55.00000", "2016-03-31": "-45.00000", "2015-12-31": "-36.00000", "2015-09-30": "-43.00000", "2015-06-30": "-48.00000", "2015-03-31": "-44.00000", "2014-12-31": "-39.00000", "2014-09-30": "-31.00000", "2014-06-30": "-28.00000", "2014-03-31": "-35.00000", "2013-12-31": "-40.00000", "2013-09-30": "-11.00000", "2013-06-30": "-32.00000", "2013-03-31": "-31.00000", "2012-12-31": "-38.00000", "2012-09-30": "-43.00000", "2012-06-30": "-32.00000", "2012-03-31": "-46.00000", "2011-12-31": "-43.00000", "2011-09-30": "-37.00000", "2011-06-30": "-41.00000", "2011-03-31": "-33.00000", "2010-12-31": "-29.00000", "2010-09-30": "-26.00000", "2010-06-30": "-25.00000", "2010-03-31": "-26.00000", "2009-12-31": "-22.00000", "2009-09-30": "-9.00000", "2009-06-30": "-60.00000", "2009-03-31": "-11.00000", "2008-12-31": "-8.00000", "2008-09-30": "-7.00000", "2008-06-30": "45.00000", "2008-03-31": "-6.00000", "2007-12-31": "-3.00000", "2007-09-30": "-3.00000", "2007-06-30": "-3.00000", "2007-03-31": "", "2006-12-31": "-2.00000", "2006-09-30": "-2.00000", "2006-06-30": "-3.00000", "2006-03-31": "-3.00000", "2005-12-31": "-4.00000", "2005-09-30": "-40.00000", "2005-06-30": "-2.00000", "2005-03-31": "-1.00000"}, "Operating Expenses": {"2020-12-31": "118682.00000", "2020-09-30": "89951.00000", "2020-06-30": "83069.00000", "2020-03-31": "71463.00000", "2019-12-31": "83557.00000", "2019-09-30": "66824.00000", "2019-06-30": "60320.00000", "2019-03-31": "55280.00000", "2018-12-31": "68596.00000", "2018-09-30": "52852.00000", "2018-06-30": "49903.00000", "2018-03-31": "49115.00000", "2017-12-31": "58327.00000", "2017-09-30": "43397.00000", "2017-06-30": "37327.00000", "2017-03-31": "34709.00000", "2016-12-31": "42486.00000", "2016-09-30": "32139.00000", "2016-06-30": "29119.00000", "2016-03-31": "28057.00000", "2015-12-31": "34638.00000", "2015-09-30": "24952.00000", "2015-06-30": "22721.00000", "2015-03-31": "22462.00000", "2014-12-31": "28737.00000", "2014-09-30": "21123.00000", "2014-06-30": "19355.00000", "2014-03-31": "19595.00000", "2013-12-31": "25076.00000", "2013-09-30": "17117.00000", "2013-06-30": "15625.00000", "2013-03-31": "15889.00000", "2012-12-31": "20863.00000", "2012-09-30": "13834.00000", "2012-06-30": "12727.00000", "2012-03-31": "12993.00000", "2011-12-31": "17171.00000", "2011-09-30": "10797.00000", "2011-06-30": "9712.00000", "2011-03-31": "9535.00000", "2010-12-31": "12473.00000", "2010-09-30": "7292.00000", "2010-06-30": "6296.00000", "2010-03-31": "6737.00000", "2009-12-31": "9045.00000", "2009-09-30": "5198.00000", "2009-06-30": "4492.00000", "2009-03-31": "4645.00000", "2008-12-31": "6431.00000", "2008-09-30": "4110.00000", "2008-06-30": "3846.00000", "2008-03-31": "3937.00000", "2007-12-31": "5401.00000", "2007-09-30": "3139.00000", "2007-06-30": "2770.00000", "2007-03-31": "2870.00000", "2006-12-31": "3790.00000", "2006-09-30": "2267.00000", "2006-06-30": "2092.00000", "2006-03-31": "2173.00000", "2005-12-31": "2812.00000", "2005-09-30": "1803.00000", "2005-06-30": "1649.00000", "2005-03-31": "1794.00000"}, "Operating Income": {"2020-12-31": "6873.00000", "2020-09-30": "6194.00000", "2020-06-30": "5843.00000", "2020-03-31": "3989.00000", "2019-12-31": "3880.00000", "2019-09-30": "3157.00000", "2019-06-30": "3084.00000", "2019-03-31": "4420.00000", "2018-12-31": "3787.00000", "2018-09-30": "3724.00000", "2018-06-30": "2983.00000", "2018-03-31": "1927.00000", "2017-12-31": "2126.00000", "2017-09-30": "347.00000", "2017-06-30": "628.00000", "2017-03-31": "1005.00000", "2016-12-31": "1255.00000", "2016-09-30": "575.00000", "2016-06-30": "1285.00000", "2016-03-31": "1071.00000", "2015-12-31": "1108.00000", "2015-09-30": "406.00000", "2015-06-30": "464.00000", "2015-03-31": "255.00000", "2014-12-31": "591.00000", "2014-09-30": "-544.00000", "2014-06-30": "-15.00000", "2014-03-31": "146.00000", "2013-12-31": "510.00000", "2013-09-30": "-25.00000", "2013-06-30": "79.00000", "2013-03-31": "181.00000", "2012-12-31": "405.00000", "2012-09-30": "-28.00000", "2012-06-30": "107.00000", "2012-03-31": "192.00000", "2011-12-31": "260.00000", "2011-09-30": "79.00000", "2011-06-30": "201.00000", "2011-03-31": "322.00000", "2010-12-31": "474.00000", "2010-09-30": "268.00000", "2010-06-30": "270.00000", "2010-03-31": "394.00000", "2009-12-31": "475.00000", "2009-09-30": "251.00000", "2009-06-30": "159.00000", "2009-03-31": "244.00000", "2008-12-31": "273.00000", "2008-09-30": "154.00000", "2008-06-30": "217.00000", "2008-03-31": "198.00000", "2007-12-31": "271.00000", "2007-09-30": "123.00000", "2007-06-30": "116.00000", "2007-03-31": "145.00000", "2006-12-31": "196.00000", "2006-09-30": "40.00000", "2006-06-30": "47.00000", "2006-03-31": "106.00000", "2005-12-31": "165.00000", "2005-09-30": "55.00000", "2005-06-30": "104.00000", "2005-03-31": "108.00000"}, "Total Non-Operating Income/Expense": {"2020-12-31": "892.00000", "2020-09-30": "615.00000", "2020-06-30": "378.00000", "2020-03-31": "-606.00000", "2019-12-31": "174.00000", "2019-09-30": "-525.00000", "2019-06-30": "-195.00000", "2019-03-31": "-19.00000", "2018-12-31": "-437.00000", "2018-09-30": "-334.00000", "2018-06-30": "-378.00000", "2018-03-31": "-11.00000", "2017-12-31": "-255.00000", "2017-09-30": "-31.00000", "2017-06-30": "38.00000", "2017-03-31": "-52.00000", "2016-12-31": "-89.00000", "2016-09-30": "-84.00000", "2016-06-30": "-106.00000", "2016-03-31": "-15.00000", "2015-12-31": "-170.00000", "2015-09-30": "-159.00000", "2015-06-30": "-102.00000", "2015-03-31": "-234.00000", "2014-12-31": "-161.00000", "2014-09-30": "-90.00000", "2014-06-30": "-12.00000", "2014-03-31": "-26.00000", "2013-12-31": "-59.00000", "2013-09-30": "-18.00000", "2013-06-30": "-62.00000", "2013-03-31": "-100.00000", "2012-12-31": "-69.00000", "2012-09-30": "6.00000", "2012-06-30": "39.00000", "2012-03-31": "-108.00000", "2011-12-31": "12.00000", "2011-09-30": "51.00000", "2011-06-30": "24.00000", "2011-03-31": "-15.00000", "2010-12-31": "33.00000", "2010-09-30": "24.00000", "2010-06-30": "27.00000", "2010-03-31": "7.00000", "2009-12-31": "-3.00000", "2009-09-30": "11.00000", "2009-06-30": "20.00000", "2009-03-31": "4.00000", "2008-12-31": "31.00000", "2008-09-30": "28.00000", "2008-06-30": "-9.00000", "2008-03-31": "9.00000", "2007-12-31": "10.00000", "2007-09-30": "1.00000", "2007-06-30": "-5.00000", "2007-03-31": "-1.00000", "2006-12-31": "-7.00000", "2006-09-30": "-2.00000", "2006-06-30": "7.00000", "2006-03-31": "-10.00000", "2005-12-31": "-4.00000", "2005-09-30": "-4.00000", "2005-06-30": "4.00000", "2005-03-31": ""}, "Pre-Tax Income": {"2020-12-31": "7765.00000", "2020-09-30": "6809.00000", "2020-06-30": "6221.00000", "2020-03-31": "3383.00000", "2019-12-31": "4054.00000", "2019-09-30": "2632.00000", "2019-06-30": "2889.00000", "2019-03-31": "4401.00000", "2018-12-31": "3350.00000", "2018-09-30": "3390.00000", "2018-06-30": "2605.00000", "2018-03-31": "1916.00000", "2017-12-31": "1871.00000", "2017-09-30": "316.00000", "2017-06-30": "666.00000", "2017-03-31": "953.00000", "2016-12-31": "1166.00000", "2016-09-30": "491.00000", "2016-06-30": "1179.00000", "2016-03-31": "1056.00000", "2015-12-31": "938.00000", "2015-09-30": "247.00000", "2015-06-30": "362.00000", "2015-03-31": "21.00000", "2014-12-31": "430.00000", "2014-09-30": "-634.00000", "2014-06-30": "-27.00000", "2014-03-31": "120.00000", "2013-12-31": "451.00000", "2013-09-30": "-43.00000", "2013-06-30": "17.00000", "2013-03-31": "81.00000", "2012-12-31": "336.00000", "2012-09-30": "-22.00000", "2012-06-30": "146.00000", "2012-03-31": "84.00000", "2011-12-31": "272.00000", "2011-09-30": "130.00000", "2011-06-30": "225.00000", "2011-03-31": "307.00000", "2010-12-31": "507.00000", "2010-09-30": "292.00000", "2010-06-30": "297.00000", "2010-03-31": "401.00000", "2009-12-31": "472.00000", "2009-09-30": "262.00000", "2009-06-30": "179.00000", "2009-03-31": "248.00000", "2008-12-31": "304.00000", "2008-09-30": "182.00000", "2008-06-30": "208.00000", "2008-03-31": "207.00000", "2007-12-31": "281.00000", "2007-09-30": "124.00000", "2007-06-30": "111.00000", "2007-03-31": "144.00000", "2006-12-31": "189.00000", "2006-09-30": "38.00000", "2006-06-30": "54.00000", "2006-03-31": "96.00000", "2005-12-31": "161.00000", "2005-09-30": "51.00000", "2005-06-30": "108.00000", "2005-03-31": "108.00000"}, "Income Taxes": {"2020-12-31": "566.00000", "2020-09-30": "569.00000", "2020-06-30": "984.00000", "2020-03-31": "744.00000", "2019-12-31": "787.00000", "2019-09-30": "494.00000", "2019-06-30": "257.00000", "2019-03-31": "836.00000", "2018-12-31": "328.00000", "2018-09-30": "508.00000", "2018-06-30": "74.00000", "2018-03-31": "287.00000", "2017-12-31": "15.00000", "2017-09-30": "58.00000", "2017-06-30": "467.00000", "2017-03-31": "229.00000", "2016-12-31": "414.00000", "2016-09-30": "229.00000", "2016-06-30": "307.00000", "2016-03-31": "475.00000", "2015-12-31": "452.00000", "2015-09-30": "161.00000", "2015-06-30": "266.00000", "2015-03-31": "71.00000", "2014-12-31": "205.00000", "2014-09-30": "-205.00000", "2014-06-30": "94.00000", "2014-03-31": "73.00000", "2013-12-31": "178.00000", "2013-09-30": "-12.00000", "2013-06-30": "13.00000", "2013-03-31": "-18.00000", "2012-12-31": "193.00000", "2012-09-30": "83.00000", "2012-06-30": "109.00000", "2012-03-31": "43.00000", "2011-12-31": "86.00000", "2011-09-30": "67.00000", "2011-06-30": "49.00000", "2011-03-31": "89.00000", "2010-12-31": "85.00000", "2010-09-30": "79.00000", "2010-06-30": "88.00000", "2010-03-31": "100.00000", "2009-12-31": "85.00000", "2009-09-30": "60.00000", "2009-06-30": "39.00000", "2009-03-31": "69.00000", "2008-12-31": "80.00000", "2008-09-30": "59.00000", "2008-06-30": "46.00000", "2008-03-31": "62.00000", "2007-12-31": "74.00000", "2007-09-30": "44.00000", "2007-06-30": "33.00000", "2007-03-31": "33.00000", "2006-12-31": "91.00000", "2006-09-30": "19.00000", "2006-06-30": "32.00000", "2006-03-31": "45.00000", "2005-12-31": "-38.00000", "2005-09-30": "21.00000", "2005-06-30": "56.00000", "2005-03-31": "56.00000"}, "Income After Taxes": {"2020-12-31": "7199.00000", "2020-09-30": "6240.00000", "2020-06-30": "5237.00000", "2020-03-31": "2639.00000", "2019-12-31": "3267.00000", "2019-09-30": "2138.00000", "2019-06-30": "2632.00000", "2019-03-31": "3565.00000", "2018-12-31": "3022.00000", "2018-09-30": "2882.00000", "2018-06-30": "2531.00000", "2018-03-31": "1629.00000", "2017-12-31": "1856.00000", "2017-09-30": "258.00000", "2017-06-30": "199.00000", "2017-03-31": "724.00000", "2016-12-31": "752.00000", "2016-09-30": "262.00000", "2016-06-30": "872.00000", "2016-03-31": "581.00000", "2015-12-31": "486.00000", "2015-09-30": "86.00000", "2015-06-30": "96.00000", "2015-03-31": "-50.00000", "2014-12-31": "225.00000", "2014-09-30": "-429.00000", "2014-06-30": "-121.00000", "2014-03-31": "47.00000", "2013-12-31": "273.00000", "2013-09-30": "-31.00000", "2013-06-30": "4.00000", "2013-03-31": "99.00000", "2012-12-31": "143.00000", "2012-09-30": "-105.00000", "2012-06-30": "37.00000", "2012-03-31": "41.00000", "2011-12-31": "186.00000", "2011-09-30": "63.00000", "2011-06-30": "176.00000", "2011-03-31": "218.00000", "2010-12-31": "422.00000", "2010-09-30": "213.00000", "2010-06-30": "209.00000", "2010-03-31": "301.00000", "2009-12-31": "387.00000", "2009-09-30": "202.00000", "2009-06-30": "140.00000", "2009-03-31": "179.00000", "2008-12-31": "224.00000", "2008-09-30": "123.00000", "2008-06-30": "162.00000", "2008-03-31": "145.00000", "2007-12-31": "207.00000", "2007-09-30": "80.00000", "2007-06-30": "78.00000", "2007-03-31": "111.00000", "2006-12-31": "98.00000", "2006-09-30": "19.00000", "2006-06-30": "22.00000", "2006-03-31": "51.00000", "2005-12-31": "199.00000", "2005-09-30": "30.00000", "2005-06-30": "52.00000", "2005-03-31": "52.00000"}, "Other Income": {"2020-12-31": "", "2020-09-30": "", "2020-06-30": "", "2020-03-31": "", "2019-12-31": "", "2019-09-30": "", "2019-06-30": "", "2019-03-31": "", "2018-12-31": "", "2018-09-30": "", "2018-06-30": "", "2018-03-31": "", "2017-12-31": "", "2017-09-30": "", "2017-06-30": "", "2017-03-31": "", "2016-12-31": "", "2016-09-30": "", "2016-06-30": "", "2016-03-31": "", "2015-12-31": "", "2015-09-30": "", "2015-06-30": "", "2015-03-31": "", "2014-12-31": "", "2014-09-30": "", "2014-06-30": "", "2014-03-31": "", "2013-12-31": "", "2013-09-30": "", "2013-06-30": "", "2013-03-31": "", "2012-12-31": "", "2012-09-30": "", "2012-06-30": "", "2012-03-31": "", "2011-12-31": "", "2011-09-30": "", "2011-06-30": "", "2011-03-31": "", "2010-12-31": "", "2010-09-30": "", "2010-06-30": "", "2010-03-31": "", "2009-12-31": "", "2009-09-30": "", "2009-06-30": "", "2009-03-31": "", "2008-12-31": "", "2008-09-30": "", "2008-06-30": "", "2008-03-31": "", "2007-12-31": "", "2007-09-30": "", "2007-06-30": "", "2007-03-31": "", "2006-12-31": "", "2006-09-30": "", "2006-06-30": "", "2006-03-31": "", "2005-12-31": "", "2005-09-30": "", "2005-06-30": "", "2005-03-31": ""}, "Income From Continuous Operations": {"2020-12-31": "7222.00000", "2020-09-30": "6331.00000", "2020-06-30": "5243.00000", "2020-03-31": "2535.00000", "2019-12-31": "3268.00000", "2019-09-30": "2134.00000", "2019-06-30": "2625.00000", "2019-03-31": "3561.00000", "2018-12-31": "3027.00000", "2018-09-30": "2883.00000", "2018-06-30": "2534.00000", "2018-03-31": "1629.00000", "2017-12-31": "1856.00000", "2017-09-30": "256.00000", "2017-06-30": "197.00000", "2017-03-31": "724.00000", "2016-12-31": "749.00000", "2016-09-30": "252.00000", "2016-06-30": "857.00000", "2016-03-31": "513.00000", "2015-12-31": "482.00000", "2015-09-30": "79.00000", "2015-06-30": "92.00000", "2015-03-31": "-57.00000", "2014-12-31": "214.00000", "2014-09-30": "-437.00000", "2014-06-30": "-126.00000", "2014-03-31": "108.00000", "2013-12-31": "240.00000", "2013-09-30": "-41.00000", "2013-06-30": "-7.00000", "2013-03-31": "82.00000", "2012-12-31": "98.00000", "2012-09-30": "-274.00000", "2012-06-30": "7.00000", "2012-03-31": "130.00000", "2011-12-31": "176.00000", "2011-09-30": "63.00000", "2011-06-30": "191.00000", "2011-03-31": "201.00000", "2010-12-31": "415.00000", "2010-09-30": "231.00000", "2010-06-30": "207.00000", "2010-03-31": "299.00000", "2009-12-31": "384.00000", "2009-09-30": "199.00000", "2009-06-30": "142.00000", "2009-03-31": "177.00000", "2008-12-31": "226.00000", "2008-09-30": "118.00000", "2008-06-30": "158.00000", "2008-03-31": "143.00000", "2007-12-31": "207.00000", "2007-09-30": "80.00000", "2007-06-30": "78.00000", "2007-03-31": "111.00000", "2006-12-31": "98.00000", "2006-09-30": "19.00000", "2006-06-30": "22.00000", "2006-03-31": "51.00000", "2005-12-31": "199.00000", "2005-09-30": "30.00000", "2005-06-30": "52.00000", "2005-03-31": "52.00000"}, "Income From Discontinued Operations": {"2020-12-31": "", "2020-09-30": "", "2020-06-30": "", "2020-03-31": "", "2019-12-31": "", "2019-09-30": "", "2019-06-30": "", "2019-03-31": "", "2018-12-31": "", "2018-09-30": "", "2018-06-30": "", "2018-03-31": "", "2017-12-31": "", "2017-09-30": "", "2017-06-30": "", "2017-03-31": "", "2016-12-31": "", "2016-09-30": "", "2016-06-30": "", "2016-03-31": "", "2015-12-31": "", "2015-09-30": "", "2015-06-30": "", "2015-03-31": "", "2014-12-31": "", "2014-09-30": "", "2014-06-30": "", "2014-03-31": "", "2013-12-31": "", "2013-09-30": "", "2013-06-30": "", "2013-03-31": "", "2012-12-31": "", "2012-09-30": "", "2012-06-30": "", "2012-03-31": "", "2011-12-31": "", "2011-09-30": "", "2011-06-30": "", "2011-03-31": "", "2010-12-31": "", "2010-09-30": "", "2010-06-30": "", "2010-03-31": "", "2009-12-31": "", "2009-09-30": "", "2009-06-30": "", "2009-03-31": "", "2008-12-31": "", "2008-09-30": "", "2008-06-30": "", "2008-03-31": "", "2007-12-31": "", "2007-09-30": "", "2007-06-30": "", "2007-03-31": "", "2006-12-31": "", "2006-09-30": "", "2006-06-30": "", "2006-03-31": "", "2005-12-31": "", "2005-09-30": "", "2005-06-30": "", "2005-03-31": ""}, "Net Income": {"2020-12-31": "7222.00000", "2020-09-30": "6331.00000", "2020-06-30": "5243.00000", "2020-03-31": "2535.00000", "2019-12-31": "3268.00000", "2019-09-30": "2134.00000", "2019-06-30": "2625.00000", "2019-03-31": "3561.00000", "2018-12-31": "3027.00000", "2018-09-30": "2883.00000", "2018-06-30": "2534.00000", "2018-03-31": "1629.00000", "2017-12-31": "1856.00000", "2017-09-30": "256.00000", "2017-06-30": "197.00000", "2017-03-31": "724.00000", "2016-12-31": "749.00000", "2016-09-30": "252.00000", "2016-06-30": "857.00000", "2016-03-31": "513.00000", "2015-12-31": "482.00000", "2015-09-30": "79.00000", "2015-06-30": "92.00000", "2015-03-31": "-57.00000", "2014-12-31": "214.00000", "2014-09-30": "-437.00000", "2014-06-30": "-126.00000", "2014-03-31": "108.00000", "2013-12-31": "240.00000", "2013-09-30": "-41.00000", "2013-06-30": "-7.00000", "2013-03-31": "82.00000", "2012-12-31": "98.00000", "2012-09-30": "-274.00000", "2012-06-30": "7.00000", "2012-03-31": "130.00000", "2011-12-31": "176.00000", "2011-09-30": "63.00000", "2011-06-30": "191.00000", "2011-03-31": "201.00000", "2010-12-31": "415.00000", "2010-09-30": "231.00000", "2010-06-30": "207.00000", "2010-03-31": "299.00000", "2009-12-31": "384.00000", "2009-09-30": "199.00000", "2009-06-30": "142.00000", "2009-03-31": "177.00000", "2008-12-31": "226.00000", "2008-09-30": "118.00000", "2008-06-30": "158.00000", "2008-03-31": "143.00000", "2007-12-31": "207.00000", "2007-09-30": "80.00000", "2007-06-30": "78.00000", "2007-03-31": "111.00000", "2006-12-31": "98.00000", "2006-09-30": "19.00000", "2006-06-30": "22.00000", "2006-03-31": "51.00000", "2005-12-31": "199.00000", "2005-09-30": "30.00000", "2005-06-30": "52.00000", "2005-03-31": "78.00000"}, "EBITDA": {"2020-12-31": "14491.00000", "2020-09-30": "12717.00000", "2020-06-30": "11591.00000", "2020-03-31": "9351.00000", "2019-12-31": "10050.00000", "2019-09-30": "8720.00000", "2019-06-30": "8286.00000", "2019-03-31": "9274.00000", "2018-12-31": "8049.00000", "2018-09-30": "7502.00000", "2018-06-30": "6613.00000", "2018-03-31": "5598.00000", "2017-12-31": "5624.00000", "2017-09-30": "3259.00000", "2017-06-30": "3261.00000", "2017-03-31": "3440.00000", "2016-12-31": "3552.00000", "2016-09-30": "2658.00000", "2016-06-30": "3194.00000", "2016-03-31": "2898.00000", "2015-12-31": "2860.00000", "2015-09-30": "2005.00000", "2015-06-30": "1968.00000", "2015-03-31": "1681.00000", "2014-12-31": "1971.00000", "2014-09-30": "703.00000", "2014-06-30": "1094.00000", "2014-03-31": "1156.00000", "2013-12-31": "1472.00000", "2013-09-30": "809.00000", "2013-06-30": "836.00000", "2013-03-31": "881.00000", "2012-12-31": "1067.00000", "2012-09-30": "527.00000", "2012-06-30": "592.00000", "2012-03-31": "649.00000", "2011-12-31": "619.00000", "2011-09-30": "357.00000", "2011-06-30": "445.00000", "2011-03-31": "524.00000", "2010-12-31": "643.00000", "2010-09-30": "418.00000", "2010-06-30": "400.00000", "2010-03-31": "513.00000", "2009-12-31": "587.00000", "2009-09-30": "346.00000", "2009-06-30": "243.00000", "2009-03-31": "331.00000", "2008-12-31": "350.00000", "2008-09-30": "230.00000", "2008-06-30": "286.00000", "2008-03-31": "263.00000", "2007-12-31": "334.00000", "2007-09-30": "184.00000", "2007-06-30": "176.00000", "2007-03-31": "207.00000", "2006-12-31": "255.00000", "2006-09-30": "103.00000", "2006-06-30": "90.00000", "2006-03-31": "146.00000", "2005-12-31": "201.00000", "2005-09-30": "85.00000", "2005-06-30": "131.00000", "2005-03-31": "136.00000"}, "EBIT": {"2020-12-31": "6873.00000", "2020-09-30": "6194.00000", "2020-06-30": "5843.00000", "2020-03-31": "3989.00000", "2019-12-31": "3880.00000", "2019-09-30": "3157.00000", "2019-06-30": "3084.00000", "2019-03-31": "4420.00000", "2018-12-31": "3787.00000", "2018-09-30": "3724.00000", "2018-06-30": "2983.00000", "2018-03-31": "1927.00000", "2017-12-31": "2126.00000", "2017-09-30": "347.00000", "2017-06-30": "628.00000", "2017-03-31": "1005.00000", "2016-12-31": "1255.00000", "2016-09-30": "575.00000", "2016-06-30": "1285.00000", "2016-03-31": "1071.00000", "2015-12-31": "1108.00000", "2015-09-30": "406.00000", "2015-06-30": "464.00000", "2015-03-31": "255.00000", "2014-12-31": "591.00000", "2014-09-30": "-544.00000", "2014-06-30": "-15.00000", "2014-03-31": "146.00000", "2013-12-31": "510.00000", "2013-09-30": "-25.00000", "2013-06-30": "79.00000", "2013-03-31": "181.00000", "2012-12-31": "405.00000", "2012-09-30": "-28.00000", "2012-06-30": "107.00000", "2012-03-31": "192.00000", "2011-12-31": "260.00000", "2011-09-30": "79.00000", "2011-06-30": "201.00000", "2011-03-31": "322.00000", "2010-12-31": "474.00000", "2010-09-30": "268.00000", "2010-06-30": "270.00000", "2010-03-31": "394.00000", "2009-12-31": "475.00000", "2009-09-30": "251.00000", "2009-06-30": "159.00000", "2009-03-31": "244.00000", "2008-12-31": "273.00000", "2008-09-30": "154.00000", "2008-06-30": "217.00000", "2008-03-31": "198.00000", "2007-12-31": "271.00000", "2007-09-30": "123.00000", "2007-06-30": "116.00000", "2007-03-31": "145.00000", "2006-12-31": "196.00000", "2006-09-30": "40.00000", "2006-06-30": "47.00000", "2006-03-31": "106.00000", "2005-12-31": "165.00000", "2005-09-30": "55.00000", "2005-06-30": "104.00000", "2005-03-31": "108.00000"}, "Basic Shares Outstanding": {"2020-12-31": "500.00000", "2020-09-30": "501.00000", "2020-06-30": "500.00000", "2020-03-31": "498.00000", "2019-12-31": "494.00000", "2019-09-30": "495.00000", "2019-06-30": "493.00000", "2019-03-31": "491.00000", "2018-12-31": "487.00000", "2018-09-30": "488.00000", "2018-06-30": "486.00000", "2018-03-31": "484.00000", "2017-12-31": "480.00000", "2017-09-30": "481.00000", "2017-06-30": "479.00000", "2017-03-31": "477.00000", "2016-12-31": "474.00000", "2016-09-30": "474.00000", "2016-06-30": "473.00000", "2016-03-31": "471.00000", "2015-12-31": "467.00000", "2015-09-30": "468.00000", "2015-06-30": "467.00000", "2015-03-31": "465.00000", "2014-12-31": "462.00000", "2014-09-30": "463.00000", "2014-06-30": "461.00000", "2014-03-31": "460.00000", "2013-12-31": "457.00000", "2013-09-30": "457.00000", "2013-06-30": "456.00000", "2013-03-31": "455.00000", "2012-12-31": "453.00000", "2012-09-30": "452.00000", "2012-06-30": "451.00000", "2012-03-31": "453.00000", "2011-12-31": "453.00000", "2011-09-30": "454.00000", "2011-06-30": "453.00000", "2011-03-31": "451.00000", "2010-12-31": "447.00000", "2010-09-30": "448.00000", "2010-06-30": "447.00000", "2010-03-31": "445.00000", "2009-12-31": "433.00000", "2009-09-30": "432.00000", "2009-06-30": "431.00000", "2009-03-31": "429.00000", "2008-12-31": "423.00000", "2008-09-30": "427.00000", "2008-06-30": "420.00000", "2008-03-31": "417.00000", "2007-12-31": "413.00000", "2007-09-30": "414.00000", "2007-06-30": "412.00000", "2007-03-31": "412.00000", "2006-12-31": "416.00000", "2006-09-30": "417.00000", "2006-06-30": "418.00000", "2006-03-31": "417.00000", "2005-12-31": "412.00000", "2005-09-30": "413.00000", "2005-06-30": "411.00000", "2005-03-31": "410.00000"}, "Shares Outstanding": {"2020-12-31": "510.00000", "2020-09-30": "512.00000", "2020-06-30": "509.00000", "2020-03-31": "506.00000", "2019-12-31": "504.00000", "2019-09-30": "504.00000", "2019-06-30": "503.00000", "2019-03-31": "502.00000", "2018-12-31": "500.00000", "2018-09-30": "501.00000", "2018-06-30": "500.00000", "2018-03-31": "498.00000", "2017-12-31": "493.00000", "2017-09-30": "494.00000", "2017-06-30": "492.00000", "2017-03-31": "490.00000", "2016-12-31": "484.00000", "2016-09-30": "485.00000", "2016-06-30": "483.00000", "2016-03-31": "481.00000", "2015-12-31": "477.00000", "2015-09-30": "478.00000", "2015-06-30": "476.00000", "2015-03-31": "465.00000", "2014-12-31": "462.00000", "2014-09-30": "463.00000", "2014-06-30": "461.00000", "2014-03-31": "468.00000", "2013-12-31": "465.00000", "2013-09-30": "457.00000", "2013-06-30": "456.00000", "2013-03-31": "463.00000", "2012-12-31": "453.00000", "2012-09-30": "452.00000", "2012-06-30": "458.00000", "2012-03-31": "460.00000", "2011-12-31": "461.00000", "2011-09-30": "461.00000", "2011-06-30": "460.00000", "2011-03-31": "459.00000", "2010-12-31": "456.00000", "2010-09-30": "456.00000", "2010-06-30": "455.00000", "2010-03-31": "454.00000", "2009-12-31": "442.00000", "2009-09-30": "441.00000", "2009-06-30": "440.00000", "2009-03-31": "437.00000", "2008-12-31": "432.00000", "2008-09-30": "436.00000", "2008-06-30": "430.00000", "2008-03-31": "426.00000", "2007-12-31": "424.00000", "2007-09-30": "425.00000", "2007-06-30": "423.00000", "2007-03-31": "420.00000", "2006-12-31": "424.00000", "2006-09-30": "424.00000", "2006-06-30": "426.00000", "2006-03-31": "426.00000", "2005-12-31": "426.00000", "2005-09-30": "428.00000", "2005-06-30": "425.00000", "2005-03-31": "424.00000"}, "Basic EPS": {"2020-12-31": "14.42000", "2020-09-30": "12.63000", "2020-06-30": "10.50000", "2020-03-31": "5.09000", "2019-12-31": "6.59000", "2019-09-30": "4.31000", "2019-06-30": "5.32000", "2019-03-31": "7.24000", "2018-12-31": "6.20000", "2018-09-30": "5.91000", "2018-06-30": "5.21000", "2018-03-31": "3.36000", "2017-12-31": "3.86000", "2017-09-30": "0.53000", "2017-06-30": "0.41000", "2017-03-31": "1.52000", "2016-12-31": "1.58000", "2016-09-30": "0.53000", "2016-06-30": "1.81000", "2016-03-31": "1.09000", "2015-12-31": "1.03000", "2015-09-30": "0.17000", "2015-06-30": "0.20000", "2015-03-31": "-0.12000", "2014-12-31": "0.47000", "2014-09-30": "-0.95000", "2014-06-30": "-0.27000", "2014-03-31": "0.23000", "2013-12-31": "0.53000", "2013-09-30": "-0.09000", "2013-06-30": "-0.02000", "2013-03-31": "0.18000", "2012-12-31": "0.20000", "2012-09-30": "-0.60000", "2012-06-30": "0.02000", "2012-03-31": "0.29000", "2011-12-31": "0.39000", "2011-09-30": "0.14000", "2011-06-30": "0.42000", "2011-03-31": "0.44000", "2010-12-31": "0.94000", "2010-09-30": "0.51000", "2010-06-30": "0.46000", "2010-03-31": "0.67000", "2009-12-31": "0.88000", "2009-09-30": "0.46000", "2009-06-30": "0.33000", "2009-03-31": "0.41000", "2008-12-31": "0.52000", "2008-09-30": "0.28000", "2008-06-30": "0.38000", "2008-03-31": "0.34000", "2007-12-31": "0.50000", "2007-09-30": "0.19000", "2007-06-30": "0.19000", "2007-03-31": "0.27000", "2006-12-31": "0.24000", "2006-09-30": "0.05000", "2006-06-30": "0.05000", "2006-03-31": "0.12000", "2005-12-31": "0.48000", "2005-09-30": "0.07000", "2005-06-30": "0.13000", "2005-03-31": "0.19000"}, "EPS - Earnings Per Share": {"2020-12-31": "14.15000", "2020-09-30": "12.37000", "2020-06-30": "10.30000", "2020-03-31": "5.01000", "2019-12-31": "6.47000", "2019-09-30": "4.23000", "2019-06-30": "5.22000", "2019-03-31": "7.09000", "2018-12-31": "6.05000", "2018-09-30": "5.75000", "2018-06-30": "5.07000", "2018-03-31": "3.27000", "2017-12-31": "3.75000", "2017-09-30": "0.52000", "2017-06-30": "0.40000", "2017-03-31": "1.48000", "2016-12-31": "1.53000", "2016-09-30": "0.52000", "2016-06-30": "1.78000", "2016-03-31": "1.07000", "2015-12-31": "1.01000", "2015-09-30": "0.17000", "2015-06-30": "0.19000", "2015-03-31": "-0.12000", "2014-12-31": "0.47000", "2014-09-30": "-0.95000", "2014-06-30": "-0.27000", "2014-03-31": "0.23000", "2013-12-31": "0.52000", "2013-09-30": "-0.09000", "2013-06-30": "-0.02000", "2013-03-31": "0.18000", "2012-12-31": "0.22000", "2012-09-30": "-0.60000", "2012-06-30": "0.01000", "2012-03-31": "0.28000", "2011-12-31": "0.38000", "2011-09-30": "0.14000", "2011-06-30": "0.41000", "2011-03-31": "0.44000", "2010-12-31": "0.91000", "2010-09-30": "0.51000", "2010-06-30": "0.45000", "2010-03-31": "0.66000", "2009-12-31": "0.86000", "2009-09-30": "0.45000", "2009-06-30": "0.32000", "2009-03-31": "0.41000", "2008-12-31": "0.51000", "2008-09-30": "0.27000", "2008-06-30": "0.37000", "2008-03-31": "0.34000", "2007-12-31": "0.48000", "2007-09-30": "0.19000", "2007-06-30": "0.19000", "2007-03-31": "0.26000", "2006-12-31": "0.23000", "2006-09-30": "0.05000", "2006-06-30": "0.05000", "2006-03-31": "0.12000", "2005-12-31": "0.47000", "2005-09-30": "0.07000", "2005-06-30": "0.12000", "2005-03-31": "0.18000"}}, "balance sheet": {"Cash On Hand": {"2020-12-31": "84396.00000", "2019-12-31": "55021.00000", "2018-12-31": "41250.00000", "2017-12-31": "30986.00000", "2016-12-31": "25981.00000", "2015-12-31": "19808.00000", "2014-12-31": "17416.00000", "2013-12-31": "12447.00000", "2012-12-31": "11448.00000", "2011-12-31": "9576.00000", "2010-12-31": "8762.00000", "2009-12-31": "6366.00000", "2008-12-31": "3727.00000", "2007-12-31": "3112.00000", "2006-12-31": "2019.00000", "2005-12-31": "2000.00000"}, "Receivables": {"2020-12-31": "24542.00000", "2019-12-31": "20816.00000", "2018-12-31": "16677.00000", "2017-12-31": "13164.00000", "2016-12-31": "8339.00000", "2015-12-31": "5654.00000", "2014-12-31": "5612.00000", "2013-12-31": "4767.00000", "2012-12-31": "3817.00000", "2011-12-31": "2571.00000", "2010-12-31": "1587.00000", "2009-12-31": "988.00000", "2008-12-31": "827.00000", "2007-12-31": "705.00000", "2006-12-31": "399.00000", "2005-12-31": "274.00000"}, "Inventory": {"2020-12-31": "23795.00000", "2019-12-31": "20497.00000", "2018-12-31": "17174.00000", "2017-12-31": "16047.00000", "2016-12-31": "11461.00000", "2015-12-31": "10243.00000", "2014-12-31": "8299.00000", "2013-12-31": "7411.00000", "2012-12-31": "6031.00000", "2011-12-31": "4992.00000", "2010-12-31": "3202.00000", "2009-12-31": "2171.00000", "2008-12-31": "1399.00000", "2007-12-31": "1200.00000", "2006-12-31": "877.00000", "2005-12-31": "566.00000"}, "Pre-Paid Expenses": {"2020-12-31": "", "2019-12-31": "", "2018-12-31": "", "2017-12-31": "", "2016-12-31": "", "2015-12-31": "", "2014-12-31": "", "2013-12-31": "", "2012-12-31": "", "2011-12-31": "", "2010-12-31": "", "2009-12-31": "", "2008-12-31": "", "2007-12-31": "", "2006-12-31": "", "2005-12-31": ""}, "Other Current Assets": {"2020-12-31": "", "2019-12-31": "", "2018-12-31": "", "2017-12-31": "", "2016-12-31": "", "2015-12-31": "", "2014-12-31": "", "2013-12-31": "", "2012-12-31": "", "2011-12-31": "", "2010-12-31": "", "2009-12-31": "", "2008-12-31": "", "2007-12-31": "", "2006-12-31": "", "2005-12-31": ""}, "Total Current Assets": {"2020-12-31": "132733.00000", "2019-12-31": "96334.00000", "2018-12-31": "75101.00000", "2017-12-31": "60197.00000", "2016-12-31": "45781.00000", "2015-12-31": "35705.00000", "2014-12-31": "31327.00000", "2013-12-31": "24625.00000", "2012-12-31": "21296.00000", "2011-12-31": "17490.00000", "2010-12-31": "13747.00000", "2009-12-31": "9797.00000", "2008-12-31": "6157.00000", "2007-12-31": "5164.00000", "2006-12-31": "3373.00000", "2005-12-31": "2929.00000"}, "Property, Plant, And Equipment": {"2020-12-31": "113114.00000", "2019-12-31": "72705.00000", "2018-12-31": "61797.00000", "2017-12-31": "48866.00000", "2016-12-31": "29114.00000", "2015-12-31": "21838.00000", "2014-12-31": "16967.00000", "2013-12-31": "10949.00000", "2012-12-31": "7060.00000", "2011-12-31": "4417.00000", "2010-12-31": "2414.00000", "2009-12-31": "1290.00000", "2008-12-31": "854.00000", "2007-12-31": "543.00000", "2006-12-31": "457.00000", "2005-12-31": "348.00000"}, "Long-Term Investments": {"2020-12-31": "", "2019-12-31": "", "2018-12-31": "", "2017-12-31": "", "2016-12-31": "", "2015-12-31": "", "2014-12-31": "", "2013-12-31": "", "2012-12-31": "", "2011-12-31": "", "2010-12-31": "", "2009-12-31": "", "2008-12-31": "", "2007-12-31": "", "2006-12-31": "", "2005-12-31": ""}, "Goodwill And Intangible Assets": {"2020-12-31": "15017.00000", "2019-12-31": "14754.00000", "2018-12-31": "14548.00000", "2017-12-31": "13350.00000", "2016-12-31": "3784.00000", "2015-12-31": "3759.00000", "2014-12-31": "3319.00000", "2013-12-31": "2655.00000", "2012-12-31": "2552.00000", "2011-12-31": "1955.00000", "2010-12-31": "1349.00000", "2009-12-31": "1234.00000", "2008-12-31": "438.00000", "2007-12-31": "222.00000", "2006-12-31": "195.00000", "2005-12-31": "159.00000"}, "Other Long-Term Assets": {"2020-12-31": "22778.00000", "2019-12-31": "16314.00000", "2018-12-31": "11202.00000", "2017-12-31": "8897.00000", "2016-12-31": "4723.00000", "2015-12-31": "3445.00000", "2014-12-31": "2892.00000", "2013-12-31": "1930.00000", "2012-12-31": "1647.00000", "2011-12-31": "1388.00000", "2010-12-31": "1265.00000", "2009-12-31": "1474.00000", "2008-12-31": "720.00000", "2007-12-31": "296.00000", "2006-12-31": "139.00000", "2005-12-31": "37.00000"}, "Total Long-Term Assets": {"2020-12-31": "188462.00000", "2019-12-31": "128914.00000", "2018-12-31": "87547.00000", "2017-12-31": "71113.00000", "2016-12-31": "37621.00000", "2015-12-31": "29042.00000", "2014-12-31": "23178.00000", "2013-12-31": "15534.00000", "2012-12-31": "11259.00000", "2011-12-31": "7788.00000", "2010-12-31": "5050.00000", "2009-12-31": "4016.00000", "2008-12-31": "2157.00000", "2007-12-31": "1321.00000", "2006-12-31": "990.00000", "2005-12-31": "767.00000"}, "Total Assets": {"2020-12-31": "321195.00000", "2019-12-31": "225248.00000", "2018-12-31": "162648.00000", "2017-12-31": "131310.00000", "2016-12-31": "83402.00000", "2015-12-31": "64747.00000", "2014-12-31": "54505.00000", "2013-12-31": "40159.00000", "2012-12-31": "32555.00000", "2011-12-31": "25278.00000", "2010-12-31": "18797.00000", "2009-12-31": "13813.00000", "2008-12-31": "8314.00000", "2007-12-31": "6485.00000", "2006-12-31": "4363.00000", "2005-12-31": "3696.00000"}, "Total Current Liabilities": {"2020-12-31": "126385.00000", "2019-12-31": "87812.00000", "2018-12-31": "68391.00000", "2017-12-31": "57883.00000", "2016-12-31": "43816.00000", "2015-12-31": "33887.00000", "2014-12-31": "28089.00000", "2013-12-31": "22980.00000", "2012-12-31": "19002.00000", "2011-12-31": "14896.00000", "2010-12-31": "10372.00000", "2009-12-31": "7364.00000", "2008-12-31": "4746.00000", "2007-12-31": "3714.00000", "2006-12-31": "2532.00000", "2005-12-31": "1899.00000"}, "Long Term Debt": {"2020-12-31": "31816.00000", "2019-12-31": "23414.00000", "2018-12-31": "23495.00000", "2017-12-31": "24743.00000", "2016-12-31": "7694.00000", "2015-12-31": "8227.00000", "2014-12-31": "8265.00000", "2013-12-31": "3191.00000", "2012-12-31": "3084.00000", "2011-12-31": "255.00000", "2010-12-31": "1561.00000", "2009-12-31": "", "2008-12-31": "409.00000", "2007-12-31": "1282.00000", "2006-12-31": "1247.00000", "2005-12-31": "1480.00000"}, "Other Non-Current Liabilities": {"2020-12-31": "17017.00000", "2019-12-31": "12171.00000", "2018-12-31": "17563.00000", "2017-12-31": "20975.00000", "2016-12-31": "12607.00000", "2015-12-31": "9249.00000", "2014-12-31": "7410.00000", "2013-12-31": "4242.00000", "2012-12-31": "2277.00000", "2011-12-31": "2370.00000", "2010-12-31": "", "2009-12-31": "1192.00000", "2008-12-31": "487.00000", "2007-12-31": "292.00000", "2006-12-31": "153.00000", "2005-12-31": "71.00000"}, "Total Long Term Liabilities": {"2020-12-31": "101406.00000", "2019-12-31": "75376.00000", "2018-12-31": "50708.00000", "2017-12-31": "45718.00000", "2016-12-31": "20301.00000", "2015-12-31": "17476.00000", "2014-12-31": "15675.00000", "2013-12-31": "7433.00000", "2012-12-31": "5361.00000", "2011-12-31": "2625.00000", "2010-12-31": "1561.00000", "2009-12-31": "1192.00000", "2008-12-31": "896.00000", "2007-12-31": "1574.00000", "2006-12-31": "1400.00000", "2005-12-31": "1551.00000"}, "Total Liabilities": {"2020-12-31": "227791.00000", "2019-12-31": "163188.00000", "2018-12-31": "119099.00000", "2017-12-31": "103601.00000", "2016-12-31": "64117.00000", "2015-12-31": "51363.00000", "2014-12-31": "43764.00000", "2013-12-31": "30413.00000", "2012-12-31": "24363.00000", "2011-12-31": "17521.00000", "2010-12-31": "11933.00000", "2009-12-31": "8556.00000", "2008-12-31": "5642.00000", "2007-12-31": "5288.00000", "2006-12-31": "3932.00000", "2005-12-31": "3450.00000"}, "Common Stock Net": {"2020-12-31": "5.00000", "2019-12-31": "5.00000", "2018-12-31": "5.00000", "2017-12-31": "5.00000", "2016-12-31": "5.00000", "2015-12-31": "5.00000", "2014-12-31": "5.00000", "2013-12-31": "5.00000", "2012-12-31": "5.00000", "2011-12-31": "5.00000", "2010-12-31": "5.00000", "2009-12-31": "5.00000", "2008-12-31": "4.00000", "2007-12-31": "4.00000", "2006-12-31": "4.00000", "2005-12-31": "4.00000"}, "Retained Earnings (Accumulated Deficit)": {"2020-12-31": "52551.00000", "2019-12-31": "31220.00000", "2018-12-31": "19625.00000", "2017-12-31": "8636.00000", "2016-12-31": "4916.00000", "2015-12-31": "2545.00000", "2014-12-31": "1949.00000", "2013-12-31": "2190.00000", "2012-12-31": "1916.00000", "2011-12-31": "1955.00000", "2010-12-31": "1324.00000", "2009-12-31": "172.00000", "2008-12-31": "-730.00000", "2007-12-31": "-1375.00000", "2006-12-31": "-1837.00000", "2005-12-31": "-2027.00000"}, "Comprehensive Income": {"2020-12-31": "-180.00000", "2019-12-31": "-986.00000", "2018-12-31": "-1035.00000", "2017-12-31": "-484.00000", "2016-12-31": "-985.00000", "2015-12-31": "-723.00000", "2014-12-31": "-511.00000", "2013-12-31": "-185.00000", "2012-12-31": "-239.00000", "2011-12-31": "-316.00000", "2010-12-31": "-190.00000", "2009-12-31": "-56.00000", "2008-12-31": "-123.00000", "2007-12-31": "5.00000", "2006-12-31": "-1.00000", "2005-12-31": "6.00000"}, "Other Share Holders Equity": {"2020-12-31": "", "2019-12-31": "", "2018-12-31": "", "2017-12-31": "", "2016-12-31": "", "2015-12-31": "", "2014-12-31": "", "2013-12-31": "", "2012-12-31": "", "2011-12-31": "", "2010-12-31": "", "2009-12-31": "", "2008-12-31": "", "2007-12-31": "", "2006-12-31": "", "2005-12-31": ""}, "Share Holder Equity": {"2020-12-31": "93404.00000", "2019-12-31": "62060.00000", "2018-12-31": "43549.00000", "2017-12-31": "27709.00000", "2016-12-31": "19285.00000", "2015-12-31": "13384.00000", "2014-12-31": "10741.00000", "2013-12-31": "9746.00000", "2012-12-31": "8192.00000", "2011-12-31": "7757.00000", "2010-12-31": "6864.00000", "2009-12-31": "5257.00000", "2008-12-31": "2672.00000", "2007-12-31": "1197.00000", "2006-12-31": "431.00000", "2005-12-31": "246.00000"}, "Total Liabilities And Share Holders Equity": {"2020-12-31": "321195.00000", "2019-12-31": "225248.00000", "2018-12-31": "162648.00000", "2017-12-31": "131310.00000", "2016-12-31": "83402.00000", "2015-12-31": "64747.00000", "2014-12-31": "54505.00000", "2013-12-31": "40159.00000", "2012-12-31": "32555.00000", "2011-12-31": "25278.00000", "2010-12-31": "18797.00000", "2009-12-31": "13813.00000", "2008-12-31": "8314.00000", "2007-12-31": "6485.00000", "2006-12-31": "4363.00000", "2005-12-31": "3696.00000"}}, "balance sheet, quarterly": {"Cash On Hand": {"2020-12-31": "84396.00000", "2020-09-30": "68402.00000", "2020-06-30": "71391.00000", "2020-03-31": "49292.00000", "2019-12-31": "55021.00000", "2019-09-30": "43401.00000", "2019-06-30": "41463.00000", "2019-03-31": "37020.00000", "2018-12-31": "41250.00000", "2018-09-30": "29765.00000", "2018-06-30": "27050.00000", "2018-03-31": "24963.00000", "2017-12-31": "30986.00000", "2017-09-30": "24310.00000", "2017-06-30": "21451.00000", "2017-03-31": "21531.00000", "2016-12-31": "25981.00000", "2016-09-30": "18347.00000", "2016-06-30": "16540.00000", "2016-03-31": "15859.00000", "2015-12-31": "19808.00000", "2015-09-30": "14428.00000", "2015-06-30": "14001.00000", "2015-03-31": "13781.00000", "2014-12-31": "17416.00000", "2014-09-30": "6883.00000", "2014-06-30": "7986.00000", "2014-03-31": "8666.00000", "2013-12-31": "12447.00000", "2013-09-30": "7689.00000", "2013-06-30": "7463.00000", "2013-03-31": "7895.00000", "2012-12-31": "11448.00000", "2012-09-30": "5248.00000", "2012-06-30": "4970.00000", "2012-03-31": "5715.00000", "2011-12-31": "9576.00000", "2011-09-30": "6326.00000", "2011-06-30": "6355.00000", "2011-03-31": "6881.00000", "2010-12-31": "8762.00000", "2010-09-30": "5885.00000", "2010-06-30": "5108.00000", "2010-03-31": "5063.00000", "2009-12-31": "6366.00000", "2009-09-30": "4001.00000", "2009-06-30": "3212.00000", "2009-03-31": "2730.00000", "2008-12-31": "3727.00000", "2008-09-30": "2324.00000", "2008-06-30": "2380.00000", "2008-03-31": "2151.00000", "2007-12-31": "3112.00000", "2007-09-30": "1909.00000", "2007-06-30": "1665.00000", "2007-03-31": "1420.00000", "2006-12-31": "2019.00000", "2006-09-30": "1219.00000", "2006-06-30": "1419.00000", "2006-03-31": "1334.00000", "2005-12-31": "2000.00000", "2005-09-30": "1419.00000", "2005-06-30": "1325.00000", "2005-03-31": "1151.00000"}, "Receivables": {"2020-12-31": "24542.00000", "2020-09-30": "20832.00000", "2020-06-30": "19918.00000", "2020-03-31": "17836.00000", "2019-12-31": "20816.00000", "2019-09-30": "16887.00000", "2019-06-30": "16747.00000", "2019-03-31": "15979.00000", "2018-12-31": "16677.00000", "2018-09-30": "14258.00000", "2018-06-30": "12607.00000", "2018-03-31": "12026.00000", "2017-12-31": "13164.00000", "2017-09-30": "10557.00000", "2017-06-30": "8046.00000", "2017-03-31": "7329.00000", "2016-12-31": "8339.00000", "2016-09-30": "6566.00000", "2016-06-30": "6092.00000", "2016-03-31": "5072.00000", "2015-12-31": "5654.00000", "2015-09-30": "5440.00000", "2015-06-30": "4920.00000", "2015-03-31": "4772.00000", "2014-12-31": "5612.00000", "2014-09-30": "4373.00000", "2014-06-30": "4125.00000", "2014-03-31": "3945.00000", "2013-12-31": "4767.00000", "2013-09-30": "3057.00000", "2013-06-30": "2861.00000", "2013-03-31": "2516.00000", "2012-12-31": "3817.00000", "2012-09-30": "2392.00000", "2012-06-30": "2035.00000", "2012-03-31": "1813.00000", "2011-12-31": "2571.00000", "2011-09-30": "1496.00000", "2011-06-30": "1438.00000", "2011-03-31": "1304.00000", "2010-12-31": "1587.00000", "2010-09-30": "959.00000", "2010-06-30": "805.00000", "2010-03-31": "815.00000", "2009-12-31": "988.00000", "2009-09-30": "671.00000", "2009-06-30": "584.00000", "2009-03-31": "587.00000", "2008-12-31": "827.00000", "2008-09-30": "597.00000", "2008-06-30": "586.00000", "2008-03-31": "581.00000", "2007-12-31": "705.00000", "2007-09-30": "474.00000", "2007-06-30": "384.00000", "2007-03-31": "358.00000", "2006-12-31": "399.00000", "2006-09-30": "281.00000", "2006-06-30": "225.00000", "2006-03-31": "228.00000", "2005-12-31": "274.00000", "2005-09-30": "188.00000", "2005-06-30": "155.00000", "2005-03-31": "171.00000"}, "Inventory": {"2020-12-31": "23795.00000", "2020-09-30": "23735.00000", "2020-06-30": "19599.00000", "2020-03-31": "18857.00000", "2019-12-31": "20497.00000", "2019-09-30": "18766.00000", "2019-06-30": "18580.00000", "2019-03-31": "16432.00000", "2018-12-31": "17174.00000", "2018-09-30": "15862.00000", "2018-06-30": "14824.00000", "2018-03-31": "13840.00000", "2017-12-31": "16047.00000", "2017-09-30": "13711.00000", "2017-06-30": "11510.00000", "2017-03-31": "10600.00000", "2016-12-31": "11461.00000", "2016-09-30": "10696.00000", "2016-06-30": "9588.00000", "2016-03-31": "9582.00000", "2015-12-31": "10243.00000", "2015-09-30": "8981.00000", "2015-06-30": "7470.00000", "2015-03-31": "7369.00000", "2014-12-31": "8299.00000", "2014-09-30": "7316.00000", "2014-06-30": "6644.00000", "2014-03-31": "6716.00000", "2013-12-31": "7411.00000", "2013-09-30": "6068.00000", "2013-06-30": "5420.00000", "2013-03-31": "5395.00000", "2012-12-31": "6031.00000", "2012-09-30": "5065.00000", "2012-06-30": "4380.00000", "2012-03-31": "4255.00000", "2011-12-31": "4992.00000", "2011-09-30": "3770.00000", "2011-06-30": "3229.00000", "2011-03-31": "2888.00000", "2010-12-31": "3202.00000", "2010-09-30": "2515.00000", "2010-06-30": "1940.00000", "2010-03-31": "1820.00000", "2009-12-31": "2171.00000", "2009-09-30": "1617.00000", "2009-06-30": "1325.00000", "2009-03-31": "1266.00000", "2008-12-31": "1399.00000", "2008-09-30": "1315.00000", "2008-06-30": "1107.00000", "2008-03-31": "1077.00000", "2007-12-31": "1200.00000", "2007-09-30": "970.00000", "2007-06-30": "735.00000", "2007-03-31": "754.00000", "2006-12-31": "877.00000", "2006-09-30": "736.00000", "2006-06-30": "521.00000", "2006-03-31": "538.00000", "2005-12-31": "566.00000", "2005-09-30": "456.00000", "2005-06-30": "383.00000", "2005-03-31": "403.00000"}, "Pre-Paid Expenses": {"2020-12-31": "", "2020-09-30": "", "2020-06-30": "", "2020-03-31": "", "2019-12-31": "", "2019-09-30": "", "2019-06-30": "", "2019-03-31": "", "2018-12-31": "", "2018-09-30": "", "2018-06-30": "", "2018-03-31": "", "2017-12-31": "", "2017-09-30": "", "2017-06-30": "", "2017-03-31": "", "2016-12-31": "", "2016-09-30": "", "2016-06-30": "", "2016-03-31": "", "2015-12-31": "", "2015-09-30": "", "2015-06-30": "", "2015-03-31": "", "2014-12-31": "", "2014-09-30": "", "2014-06-30": "", "2014-03-31": "", "2013-12-31": "", "2013-09-30": "", "2013-06-30": "", "2013-03-31": "", "2012-12-31": "", "2012-09-30": "", "2012-06-30": "", "2012-03-31": "", "2011-12-31": "", "2011-09-30": "", "2011-06-30": "", "2011-03-31": "", "2010-12-31": "", "2010-09-30": "", "2010-06-30": "", "2010-03-31": "", "2009-12-31": "", "2009-09-30": "", "2009-06-30": "", "2009-03-31": "", "2008-12-31": "", "2008-09-30": "", "2008-06-30": "", "2008-03-31": "", "2007-12-31": "", "2007-09-30": "", "2007-06-30": "", "2007-03-31": "", "2006-12-31": "", "2006-09-30": "", "2006-06-30": "", "2006-03-31": "", "2005-12-31": "", "2005-09-30": "", "2005-06-30": "", "2005-03-31": ""}, "Other Current Assets": {"2020-12-31": "", "2020-09-30": "", "2020-06-30": "", "2020-03-31": "", "2019-12-31": "", "2019-09-30": "", "2019-06-30": "", "2019-03-31": "", "2018-12-31": "", "2018-09-30": "", "2018-06-30": "", "2018-03-31": "", "2017-12-31": "", "2017-09-30": "", "2017-06-30": "", "2017-03-31": "", "2016-12-31": "", "2016-09-30": "", "2016-06-30": "", "2016-03-31": "", "2015-12-31": "", "2015-09-30": "", "2015-06-30": "", "2015-03-31": "", "2014-12-31": "", "2014-09-30": "", "2014-06-30": "", "2014-03-31": "", "2013-12-31": "", "2013-09-30": "", "2013-06-30": "", "2013-03-31": "", "2012-12-31": "", "2012-09-30": "", "2012-06-30": "", "2012-03-31": "", "2011-12-31": "", "2011-09-30": "", "2011-06-30": "", "2011-03-31": "", "2010-12-31": "", "2010-09-30": "", "2010-06-30": "", "2010-03-31": "", "2009-12-31": "", "2009-09-30": "", "2009-06-30": "", "2009-03-31": "", "2008-12-31": "", "2008-09-30": "", "2008-06-30": "", "2008-03-31": "", "2007-12-31": "", "2007-09-30": "", "2007-06-30": "", "2007-03-31": "", "2006-12-31": "", "2006-09-30": "", "2006-06-30": "", "2006-03-31": "", "2005-12-31": "", "2005-09-30": "", "2005-06-30": "", "2005-03-31": ""}, "Total Current Assets": {"2020-12-31": "132733.00000", "2020-09-30": "112969.00000", "2020-06-30": "110908.00000", "2020-03-31": "85985.00000", "2019-12-31": "96334.00000", "2019-09-30": "79054.00000", "2019-06-30": "76790.00000", "2019-03-31": "69431.00000", "2018-12-31": "75101.00000", "2018-09-30": "59885.00000", "2018-06-30": "54481.00000", "2018-03-31": "50829.00000", "2017-12-31": "60197.00000", "2017-09-30": "48578.00000", "2017-06-30": "41007.00000", "2017-03-31": "39460.00000", "2016-12-31": "45781.00000", "2016-09-30": "35609.00000", "2016-06-30": "32220.00000", "2016-03-31": "30513.00000", "2015-12-31": "35705.00000", "2015-09-30": "28849.00000", "2015-06-30": "26391.00000", "2015-03-31": "25922.00000", "2014-12-31": "31327.00000", "2014-09-30": "18572.00000", "2014-06-30": "18755.00000", "2014-03-31": "19327.00000", "2013-12-31": "24625.00000", "2013-09-30": "17334.00000", "2013-06-30": "16285.00000", "2013-03-31": "16313.00000", "2012-12-31": "21296.00000", "2012-09-30": "13118.00000", "2012-06-30": "11793.00000", "2012-03-31": "12154.00000", "2011-12-31": "17490.00000", "2011-09-30": "11904.00000", "2011-06-30": "11279.00000", "2011-03-31": "11288.00000", "2010-12-31": "13747.00000", "2010-09-30": "9559.00000", "2010-06-30": "8118.00000", "2010-03-31": "7964.00000", "2009-12-31": "9797.00000", "2009-09-30": "6369.00000", "2009-06-30": "5304.00000", "2009-03-31": "4775.00000", "2008-12-31": "6157.00000", "2008-09-30": "4430.00000", "2008-06-30": "4236.00000", "2008-03-31": "3965.00000", "2007-12-31": "5164.00000", "2007-09-30": "3424.00000", "2007-06-30": "2859.00000", "2007-03-31": "2600.00000", "2006-12-31": "3373.00000", "2006-09-30": "2315.00000", "2006-06-30": "2231.00000", "2006-03-31": "2186.00000", "2005-12-31": "2929.00000", "2005-09-30": "2121.00000", "2005-06-30": "1926.00000", "2005-03-31": "1793.00000"}, "Property, Plant, And Equipment": {"2020-12-31": "113114.00000", "2020-09-30": "99981.00000", "2020-06-30": "86517.00000", "2020-03-31": "77779.00000", "2019-12-31": "72705.00000", "2019-09-30": "67662.00000", "2019-06-30": "64723.00000", "2019-03-31": "61048.00000", "2018-12-31": "61797.00000", "2018-09-30": "58019.00000", "2018-06-30": "54768.00000", "2018-03-31": "52331.00000", "2017-12-31": "48866.00000", "2017-09-30": "45335.00000", "2017-06-30": "37083.00000", "2017-03-31": "32632.00000", "2016-12-31": "29114.00000", "2016-09-30": "27177.00000", "2016-06-30": "25190.00000", "2016-03-31": "23308.00000", "2015-12-31": "21838.00000", "2015-09-30": "20636.00000", "2015-06-30": "19479.00000", "2015-03-31": "17736.00000", "2014-12-31": "16967.00000", "2014-09-30": "15702.00000", "2014-06-30": "14089.00000", "2014-03-31": "12267.00000", "2013-12-31": "10949.00000", "2013-09-30": "9991.00000", "2013-06-30": "8789.00000", "2013-03-31": "7674.00000", "2012-12-31": "7060.00000", "2012-09-30": "5662.00000", "2012-06-30": "5097.00000", "2012-03-31": "4653.00000", "2011-12-31": "4417.00000", "2011-09-30": "3999.00000", "2011-06-30": "3470.00000", "2011-03-31": "2902.00000", "2010-12-31": "2414.00000", "2010-09-30": "2099.00000", "2010-06-30": "1704.00000", "2010-03-31": "1436.00000", "2009-12-31": "1290.00000", "2009-09-30": "1086.00000", "2009-06-30": "981.00000", "2009-03-31": "889.00000", "2008-12-31": "854.00000", "2008-09-30": "731.00000", "2008-06-30": "651.00000", "2008-03-31": "594.00000", "2007-12-31": "543.00000", "2007-09-30": "491.00000", "2007-06-30": "443.00000", "2007-03-31": "442.00000", "2006-12-31": "457.00000", "2006-09-30": "449.00000", "2006-06-30": "405.00000", "2006-03-31": "361.00000", "2005-12-31": "348.00000", "2005-09-30": "322.00000", "2005-06-30": "267.00000", "2005-03-31": "245.00000"}, "Long-Term Investments": {"2020-12-31": "", "2020-09-30": "", "2020-06-30": "", "2020-03-31": "", "2019-12-31": "", "2019-09-30": "", "2019-06-30": "", "2019-03-31": "", "2018-12-31": "", "2018-09-30": "", "2018-06-30": "", "2018-03-31": "", "2017-12-31": "", "2017-09-30": "", "2017-06-30": "", "2017-03-31": "", "2016-12-31": "", "2016-09-30": "", "2016-06-30": "", "2016-03-31": "", "2015-12-31": "", "2015-09-30": "", "2015-06-30": "", "2015-03-31": "", "2014-12-31": "", "2014-09-30": "", "2014-06-30": "", "2014-03-31": "", "2013-12-31": "", "2013-09-30": "", "2013-06-30": "", "2013-03-31": "", "2012-12-31": "", "2012-09-30": "", "2012-06-30": "", "2012-03-31": "", "2011-12-31": "", "2011-09-30": "", "2011-06-30": "", "2011-03-31": "", "2010-12-31": "", "2010-09-30": "", "2010-06-30": "", "2010-03-31": "", "2009-12-31": "", "2009-09-30": "", "2009-06-30": "", "2009-03-31": "", "2008-12-31": "", "2008-09-30": "", "2008-06-30": "", "2008-03-31": "", "2007-12-31": "", "2007-09-30": "", "2007-06-30": "", "2007-03-31": "", "2006-12-31": "", "2006-09-30": "", "2006-06-30": "", "2006-03-31": "", "2005-12-31": "", "2005-09-30": "", "2005-06-30": "", "2005-03-31": ""}, "Goodwill And Intangible Assets": {"2020-12-31": "15017.00000", "2020-09-30": "14960.00000", "2020-06-30": "14751.00000", "2020-03-31": "14739.00000", "2019-12-31": "14754.00000", "2019-09-30": "14734.00000", "2019-06-30": "14727.00000", "2019-03-31": "14708.00000", "2018-12-31": "14548.00000", "2018-09-30": "14553.00000", "2018-06-30": "13944.00000", "2018-03-31": "13388.00000", "2017-12-31": "13350.00000", "2017-09-30": "13271.00000", "2017-06-30": "4254.00000", "2017-03-31": "3823.00000", "2016-12-31": "3784.00000", "2016-09-30": "3815.00000", "2016-06-30": "3774.00000", "2016-03-31": "3785.00000", "2015-12-31": "3759.00000", "2015-09-30": "3529.00000", "2015-06-30": "3523.00000", "2015-03-31": "3491.00000", "2014-12-31": "3319.00000", "2014-09-30": "3332.00000", "2014-06-30": "2677.00000", "2014-03-31": "2653.00000", "2013-12-31": "2655.00000", "2013-09-30": "2635.00000", "2013-06-30": "2614.00000", "2013-03-31": "2535.00000", "2012-12-31": "2552.00000", "2012-09-30": "2540.00000", "2012-06-30": "2521.00000", "2012-03-31": "1970.00000", "2011-12-31": "1955.00000", "2011-09-30": "1934.00000", "2011-06-30": "1909.00000", "2011-03-31": "1513.00000", "2010-12-31": "1349.00000", "2010-09-30": "1277.00000", "2010-06-30": "1229.00000", "2010-03-31": "1234.00000", "2009-12-31": "1234.00000", "2009-09-30": "457.00000", "2009-06-30": "451.00000", "2009-03-31": "433.00000", "2008-12-31": "438.00000", "2008-09-30": "405.00000", "2008-06-30": "400.00000", "2008-03-31": "392.00000", "2007-12-31": "222.00000", "2007-09-30": "218.00000", "2007-06-30": "214.00000", "2007-03-31": "196.00000", "2006-12-31": "195.00000", "2006-09-30": "194.00000", "2006-06-30": "193.00000", "2006-03-31": "193.00000", "2005-12-31": "159.00000", "2005-09-30": "159.00000", "2005-06-30": "154.00000", "2005-03-31": "149.00000"}, "Other Long-Term Assets": {"2020-12-31": "22778.00000", "2020-09-30": "20150.00000", "2020-06-30": "17601.00000", "2020-03-31": "16456.00000", "2019-12-31": "16314.00000", "2019-09-30": "14535.00000", "2019-06-30": "13462.00000", "2019-03-31": "12783.00000", "2018-12-31": "11202.00000", "2018-09-30": "11238.00000", "2018-06-30": "10907.00000", "2018-03-31": "9814.00000", "2017-12-31": "8897.00000", "2017-09-30": "8083.00000", "2017-06-30": "5437.00000", "2017-03-31": "5054.00000", "2016-12-31": "4723.00000", "2016-09-30": "4296.00000", "2016-06-30": "3892.00000", "2016-03-31": "3522.00000", "2015-12-31": "3445.00000", "2015-09-30": "3216.00000", "2015-06-30": "3047.00000", "2015-03-31": "2926.00000", "2014-12-31": "2892.00000", "2014-09-30": "2813.00000", "2014-06-30": "2377.00000", "2014-03-31": "2117.00000", "2013-12-31": "1930.00000", "2013-09-30": "1773.00000", "2013-06-30": "1807.00000", "2013-03-31": "1732.00000", "2012-12-31": "1647.00000", "2012-09-30": "1476.00000", "2012-06-30": "1585.00000", "2012-03-31": "1535.00000", "2011-12-31": "1388.00000", "2011-09-30": "1190.00000", "2011-06-30": "1253.00000", "2011-03-31": "1151.00000", "2010-12-31": "1265.00000", "2010-09-30": "1184.00000", "2010-06-30": "1317.00000", "2010-03-31": "1392.00000", "2009-12-31": "1474.00000", "2009-09-30": "854.00000", "2009-06-30": "821.00000", "2009-03-31": "765.00000", "2008-12-31": "720.00000", "2008-09-30": "722.00000", "2008-06-30": "751.00000", "2008-03-31": "652.00000", "2007-12-31": "296.00000", "2007-09-30": "254.00000", "2007-06-30": "244.00000", "2007-03-31": "198.00000", "2006-12-31": "139.00000", "2006-09-30": "130.00000", "2006-06-30": "128.00000", "2006-03-31": "45.00000", "2005-12-31": "37.00000", "2005-09-30": "40.00000", "2005-06-30": "48.00000", "2005-03-31": "46.00000"}, "Total Long-Term Assets": {"2020-12-31": "188462.00000", "2020-09-30": "169210.00000", "2020-06-30": "147406.00000", "2020-03-31": "135253.00000", "2019-12-31": "128914.00000", "2019-09-30": "120045.00000", "2019-06-30": "114561.00000", "2019-03-31": "108671.00000", "2018-12-31": "87547.00000", "2018-09-30": "83810.00000", "2018-06-30": "79619.00000", "2018-03-31": "75533.00000", "2017-12-31": "71113.00000", "2017-09-30": "66689.00000", "2017-06-30": "46774.00000", "2017-03-31": "41509.00000", "2016-12-31": "37621.00000", "2016-09-30": "35288.00000", "2016-06-30": "32856.00000", "2016-03-31": "30615.00000", "2015-12-31": "29042.00000", "2015-09-30": "27381.00000", "2015-06-30": "26049.00000", "2015-03-31": "24153.00000", "2014-12-31": "23178.00000", "2014-09-30": "21847.00000", "2014-06-30": "19143.00000", "2014-03-31": "17037.00000", "2013-12-31": "15534.00000", "2013-09-30": "14527.00000", "2013-06-30": "13338.00000", "2013-03-31": "12064.00000", "2012-12-31": "11259.00000", "2012-09-30": "9716.00000", "2012-06-30": "9229.00000", "2012-03-31": "8185.00000", "2011-12-31": "7788.00000", "2011-09-30": "7150.00000", "2011-06-30": "6662.00000", "2011-03-31": "5594.00000", "2010-12-31": "5050.00000", "2010-09-30": "4603.00000", "2010-06-30": "4279.00000", "2010-03-31": "4078.00000", "2009-12-31": "4016.00000", "2009-09-30": "2603.00000", "2009-06-30": "2371.00000", "2009-03-31": "2205.00000", "2008-12-31": "2157.00000", "2008-09-30": "2136.00000", "2008-06-30": "2086.00000", "2008-03-31": "1918.00000", "2007-12-31": "1321.00000", "2007-09-30": "1194.00000", "2007-06-30": "1125.00000", "2007-03-31": "1061.00000", "2006-12-31": "990.00000", "2006-09-30": "953.00000", "2006-06-30": "934.00000", "2006-03-31": "804.00000", "2005-12-31": "767.00000", "2005-09-30": "711.00000", "2005-06-30": "675.00000", "2005-03-31": "679.00000"}, "Total Assets": {"2020-12-31": "321195.00000", "2020-09-30": "282179.00000", "2020-06-30": "258314.00000", "2020-03-31": "221238.00000", "2019-12-31": "225248.00000", "2019-09-30": "199099.00000", "2019-06-30": "191351.00000", "2019-03-31": "178102.00000", "2018-12-31": "162648.00000", "2018-09-30": "143695.00000", "2018-06-30": "134100.00000", "2018-03-31": "126362.00000", "2017-12-31": "131310.00000", "2017-09-30": "115267.00000", "2017-06-30": "87781.00000", "2017-03-31": "80969.00000", "2016-12-31": "83402.00000", "2016-09-30": "70897.00000", "2016-06-30": "65076.00000", "2016-03-31": "61128.00000", "2015-12-31": "64747.00000", "2015-09-30": "56230.00000", "2015-06-30": "52440.00000", "2015-03-31": "50075.00000", "2014-12-31": "54505.00000", "2014-09-30": "40419.00000", "2014-06-30": "37898.00000", "2014-03-31": "36364.00000", "2013-12-31": "40159.00000", "2013-09-30": "31861.00000", "2013-06-30": "29623.00000", "2013-03-31": "28377.00000", "2012-12-31": "32555.00000", "2012-09-30": "22834.00000", "2012-06-30": "21022.00000", "2012-03-31": "20339.00000", "2011-12-31": "25278.00000", "2011-09-30": "19054.00000", "2011-06-30": "17941.00000", "2011-03-31": "16882.00000", "2010-12-31": "18797.00000", "2010-09-30": "14162.00000", "2010-06-30": "12397.00000", "2010-03-31": "12042.00000", "2009-12-31": "13813.00000", "2009-09-30": "8972.00000", "2009-06-30": "7675.00000", "2009-03-31": "6980.00000", "2008-12-31": "8314.00000", "2008-09-30": "6566.00000", "2008-06-30": "6322.00000", "2008-03-31": "5883.00000", "2007-12-31": "6485.00000", "2007-09-30": "4618.00000", "2007-06-30": "3984.00000", "2007-03-31": "3661.00000", "2006-12-31": "4363.00000", "2006-09-30": "3268.00000", "2006-06-30": "3165.00000", "2006-03-31": "2990.00000", "2005-12-31": "3696.00000", "2005-09-30": "2832.00000", "2005-06-30": "2601.00000", "2005-03-31": "2472.00000"}, "Total Current Liabilities": {"2020-12-31": "126385.00000", "2020-09-30": "101912.00000", "2020-06-30": "93896.00000", "2020-03-31": "79711.00000", "2019-12-31": "87812.00000", "2019-09-30": "72136.00000", "2019-06-30": "69678.00000", "2019-03-31": "63695.00000", "2018-12-31": "68391.00000", "2018-09-30": "55324.00000", "2018-06-30": "50801.00000", "2018-03-31": "48045.00000", "2017-12-31": "57883.00000", "2017-09-30": "47072.00000", "2017-06-30": "40520.00000", "2017-03-31": "37399.00000", "2016-12-31": "43816.00000", "2016-09-30": "33498.00000", "2016-06-30": "29587.00000", "2016-03-31": "28187.00000", "2015-12-31": "33887.00000", "2015-09-30": "26657.00000", "2015-06-30": "23912.00000", "2015-03-31": "23177.00000", "2014-12-31": "28089.00000", "2014-09-30": "20842.00000", "2014-06-30": "18751.00000", "2014-03-31": "18357.00000", "2013-12-31": "22980.00000", "2013-09-30": "16135.00000", "2013-06-30": "14735.00000", "2013-03-31": "14332.00000", "2012-12-31": "19002.00000", "2012-09-30": "12605.00000", "2012-06-30": "10964.00000", "2012-03-31": "10488.00000", "2011-12-31": "14896.00000", "2011-09-30": "8978.00000", "2011-06-30": "8045.00000", "2011-03-31": "7730.00000", "2010-12-31": "10372.00000", "2010-09-30": "6375.00000", "2010-06-30": "5250.00000", "2010-03-31": "5193.00000", "2009-12-31": "7364.00000", "2009-09-30": "4537.00000", "2009-06-30": "3636.00000", "2009-03-31": "3410.00000", "2008-12-31": "4746.00000", "2008-09-30": "3144.00000", "2008-06-30": "3216.00000", "2008-03-31": "3551.00000", "2007-12-31": "3714.00000", "2007-09-30": "2319.00000", "2007-06-30": "1936.00000", "2007-03-31": "1847.00000", "2006-12-31": "2532.00000", "2006-09-30": "1768.00000", "2006-06-30": "1458.00000", "2006-03-31": "1407.00000", "2005-12-31": "1899.00000", "2005-09-30": "1313.00000", "2005-06-30": "1144.00000", "2005-03-31": "1073.00000"}, "Long Term Debt": {"2020-12-31": "31816.00000", "2020-09-30": "32929.00000", "2020-06-30": "33128.00000", "2020-03-31": "23437.00000", "2019-12-31": "23414.00000", "2019-09-30": "22472.00000", "2019-06-30": "23329.00000", "2019-03-31": "23322.00000", "2018-12-31": "23495.00000", "2018-09-30": "24684.00000", "2018-06-30": "24638.00000", "2018-03-31": "24640.00000", "2017-12-31": "24743.00000", "2017-09-30": "24710.00000", "2017-06-30": "7683.00000", "2017-03-31": "7691.00000", "2016-12-31": "7694.00000", "2016-09-30": "8205.00000", "2016-06-30": "8212.00000", "2016-03-31": "8219.00000", "2015-12-31": "8227.00000", "2015-09-30": "8243.00000", "2015-06-30": "8250.00000", "2015-03-31": "8257.00000", "2014-12-31": "8265.00000", "2014-09-30": "3099.00000", "2014-06-30": "3119.00000", "2014-03-31": "3147.00000", "2013-12-31": "3191.00000", "2013-09-30": "3043.00000", "2013-06-30": "3042.00000", "2013-03-31": "3040.00000", "2012-12-31": "3084.00000", "2012-09-30": "2676.00000", "2012-06-30": "2553.00000", "2012-03-31": "2580.00000", "2011-12-31": "255.00000", "2011-09-30": "2310.00000", "2011-06-30": "2131.00000", "2011-03-31": "1805.00000", "2010-12-31": "1561.00000", "2010-09-30": "164.00000", "2010-06-30": "132.00000", "2010-03-31": "131.00000", "2009-12-31": "", "2009-09-30": "116.00000", "2009-06-30": "109.00000", "2009-03-31": "74.00000", "2008-12-31": "409.00000", "2008-09-30": "393.00000", "2008-06-30": "433.00000", "2008-03-31": "467.00000", "2007-12-31": "1282.00000", "2007-09-30": "1273.00000", "2007-06-30": "1256.00000", "2007-03-31": "1251.00000", "2006-12-31": "1247.00000", "2006-09-30": "1304.00000", "2006-06-30": "1324.00000", "2006-03-31": "1259.00000", "2005-12-31": "1480.00000", "2005-09-30": "1513.00000", "2005-06-30": "1521.00000", "2005-03-31": "1561.00000"}, "Other Non-Current Liabilities": {"2020-12-31": "17017.00000", "2020-09-30": "15974.00000", "2020-06-30": "14764.00000", "2020-03-31": "12518.00000", "2019-12-31": "12171.00000", "2019-09-30": "10925.00000", "2019-06-30": "10149.00000", "2019-03-31": "9400.00000", "2018-12-31": "17563.00000", "2018-09-30": "24562.00000", "2018-06-30": "23666.00000", "2018-03-31": "22214.00000", "2017-12-31": "20975.00000", "2017-09-30": "18827.00000", "2017-06-30": "16364.00000", "2017-03-31": "14205.00000", "2016-12-31": "12607.00000", "2016-09-30": "11412.00000", "2016-06-30": "10739.00000", "2016-03-31": "9966.00000", "2015-12-31": "9249.00000", "2015-09-30": "8900.00000", "2015-06-30": "8510.00000", "2015-03-31": "7768.00000", "2014-12-31": "7410.00000", "2014-09-30": "6142.00000", "2014-06-30": "5426.00000", "2014-03-31": "4532.00000", "2013-12-31": "4242.00000", "2013-09-30": "3596.00000", "2013-06-30": "3113.00000", "2013-03-31": "2573.00000", "2012-12-31": "2277.00000", "2012-09-30": "", "2012-06-30": "", "2012-03-31": "", "2011-12-31": "2370.00000", "2011-09-30": "", "2011-06-30": "", "2011-03-31": "", "2010-12-31": "", "2010-09-30": "1226.00000", "2010-06-30": "1158.00000", "2010-03-31": "1100.00000", "2009-12-31": "1192.00000", "2009-09-30": "734.00000", "2009-06-30": "674.00000", "2009-03-31": "578.00000", "2008-12-31": "487.00000", "2008-09-30": "502.00000", "2008-06-30": "443.00000", "2008-03-31": "395.00000", "2007-12-31": "292.00000", "2007-09-30": "265.00000", "2007-06-30": "242.00000", "2007-03-31": "210.00000", "2006-12-31": "153.00000", "2006-09-30": "", "2006-06-30": "", "2006-03-31": "", "2005-12-31": "71.00000", "2005-09-30": "", "2005-06-30": "", "2005-03-31": ""}, "Total Long Term Liabilities": {"2020-12-31": "101406.00000", "2020-09-30": "97492.00000", "2020-06-30": "90690.00000", "2020-03-31": "76255.00000", "2019-12-31": "75376.00000", "2019-09-30": "70455.00000", "2019-06-30": "68612.00000", "2019-03-31": "65997.00000", "2018-12-31": "50708.00000", "2018-09-30": "49246.00000", "2018-06-30": "48304.00000", "2018-03-31": "46854.00000", "2017-12-31": "45718.00000", "2017-09-30": "43537.00000", "2017-06-30": "24047.00000", "2017-03-31": "21896.00000", "2016-12-31": "20301.00000", "2016-09-30": "19617.00000", "2016-06-30": "18951.00000", "2016-03-31": "18185.00000", "2015-12-31": "17476.00000", "2015-09-30": "17143.00000", "2015-06-30": "16760.00000", "2015-03-31": "16025.00000", "2014-12-31": "15675.00000", "2014-09-30": "9241.00000", "2014-06-30": "8545.00000", "2014-03-31": "7679.00000", "2013-12-31": "7433.00000", "2013-09-30": "6639.00000", "2013-06-30": "6155.00000", "2013-03-31": "5613.00000", "2012-12-31": "5361.00000", "2012-09-30": "2676.00000", "2012-06-30": "2553.00000", "2012-03-31": "2580.00000", "2011-12-31": "2625.00000", "2011-09-30": "2310.00000", "2011-06-30": "2131.00000", "2011-03-31": "1805.00000", "2010-12-31": "1561.00000", "2010-09-30": "1390.00000", "2010-06-30": "1290.00000", "2010-03-31": "1231.00000", "2009-12-31": "1192.00000", "2009-09-30": "850.00000", "2009-06-30": "783.00000", "2009-03-31": "652.00000", "2008-12-31": "896.00000", "2008-09-30": "895.00000", "2008-06-30": "876.00000", "2008-03-31": "862.00000", "2007-12-31": "1574.00000", "2007-09-30": "1538.00000", "2007-06-30": "1498.00000", "2007-03-31": "1461.00000", "2006-12-31": "1400.00000", "2006-09-30": "1304.00000", "2006-06-30": "1324.00000", "2006-03-31": "1259.00000", "2005-12-31": "1551.00000", "2005-09-30": "1513.00000", "2005-06-30": "1521.00000", "2005-03-31": "1561.00000"}, "Total Liabilities": {"2020-12-31": "227791.00000", "2020-09-30": "199404.00000", "2020-06-30": "184586.00000", "2020-03-31": "155966.00000", "2019-12-31": "163188.00000", "2019-09-30": "142591.00000", "2019-06-30": "138290.00000", "2019-03-31": "129692.00000", "2018-12-31": "119099.00000", "2018-09-30": "104570.00000", "2018-06-30": "99105.00000", "2018-03-31": "94899.00000", "2017-12-31": "103601.00000", "2017-09-30": "90609.00000", "2017-06-30": "64567.00000", "2017-03-31": "59295.00000", "2016-12-31": "64117.00000", "2016-09-30": "53115.00000", "2016-06-30": "48538.00000", "2016-03-31": "46372.00000", "2015-12-31": "51363.00000", "2015-09-30": "43800.00000", "2015-06-30": "40672.00000", "2015-03-31": "39202.00000", "2014-12-31": "43764.00000", "2014-09-30": "30083.00000", "2014-06-30": "27296.00000", "2014-03-31": "26036.00000", "2013-12-31": "30413.00000", "2013-09-30": "22774.00000", "2013-06-30": "20890.00000", "2013-03-31": "19945.00000", "2012-12-31": "24363.00000", "2012-09-30": "15281.00000", "2012-06-30": "13517.00000", "2012-03-31": "13068.00000", "2011-12-31": "17521.00000", "2011-09-30": "11288.00000", "2011-06-30": "10176.00000", "2011-03-31": "9535.00000", "2010-12-31": "11933.00000", "2010-09-30": "7765.00000", "2010-06-30": "6540.00000", "2010-03-31": "6424.00000", "2009-12-31": "8556.00000", "2009-09-30": "5387.00000", "2009-06-30": "4419.00000", "2009-03-31": "4062.00000", "2008-12-31": "5642.00000", "2008-09-30": "4039.00000", "2008-06-30": "4092.00000", "2008-03-31": "4413.00000", "2007-12-31": "5288.00000", "2007-09-30": "3857.00000", "2007-06-30": "3434.00000", "2007-03-31": "3308.00000", "2006-12-31": "3932.00000", "2006-09-30": "3072.00000", "2006-06-30": "2782.00000", "2006-03-31": "2666.00000", "2005-12-31": "3450.00000", "2005-09-30": "2826.00000", "2005-06-30": "2665.00000", "2005-03-31": "2634.00000"}, "Common Stock Net": {"2020-12-31": "5.00000", "2020-09-30": "5.00000", "2020-06-30": "5.00000", "2020-03-31": "5.00000", "2019-12-31": "5.00000", "2019-09-30": "5.00000", "2019-06-30": "5.00000", "2019-03-31": "5.00000", "2018-12-31": "5.00000", "2018-09-30": "5.00000", "2018-06-30": "5.00000", "2018-03-31": "5.00000", "2017-12-31": "5.00000", "2017-09-30": "5.00000", "2017-06-30": "5.00000", "2017-03-31": "5.00000", "2016-12-31": "5.00000", "2016-09-30": "5.00000", "2016-06-30": "5.00000", "2016-03-31": "5.00000", "2015-12-31": "5.00000", "2015-09-30": "5.00000", "2015-06-30": "5.00000", "2015-03-31": "5.00000", "2014-12-31": "5.00000", "2014-09-30": "5.00000", "2014-06-30": "5.00000", "2014-03-31": "5.00000", "2013-12-31": "5.00000", "2013-09-30": "5.00000", "2013-06-30": "5.00000", "2013-03-31": "5.00000", "2012-12-31": "5.00000", "2012-09-30": "5.00000", "2012-06-30": "5.00000", "2012-03-31": "5.00000", "2011-12-31": "5.00000", "2011-09-30": "5.00000", "2011-06-30": "5.00000", "2011-03-31": "5.00000", "2010-12-31": "5.00000", "2010-09-30": "5.00000", "2010-06-30": "5.00000", "2010-03-31": "5.00000", "2009-12-31": "5.00000", "2009-09-30": "4.00000", "2009-06-30": "4.00000", "2009-03-31": "4.00000", "2008-12-31": "4.00000", "2008-09-30": "4.00000", "2008-06-30": "4.00000", "2008-03-31": "4.00000", "2007-12-31": "4.00000", "2007-09-30": "4.00000", "2007-06-30": "4.00000", "2007-03-31": "4.00000", "2006-12-31": "4.00000", "2006-09-30": "4.00000", "2006-06-30": "4.00000", "2006-03-31": "4.00000", "2005-12-31": "4.00000", "2005-09-30": "4.00000", "2005-06-30": "4.00000", "2005-03-31": "4.00000"}, "Retained Earnings (Accumulated Deficit)": {"2020-12-31": "52551.00000", "2020-09-30": "45329.00000", "2020-06-30": "38998.00000", "2020-03-31": "33755.00000", "2019-12-31": "31220.00000", "2019-09-30": "27952.00000", "2019-06-30": "25818.00000", "2019-03-31": "23193.00000", "2018-12-31": "19625.00000", "2018-09-30": "16616.00000", "2018-06-30": "13733.00000", "2018-03-31": "11199.00000", "2017-12-31": "8636.00000", "2017-09-30": "6779.00000", "2017-06-30": "6524.00000", "2017-03-31": "6327.00000", "2016-12-31": "4916.00000", "2016-09-30": "4167.00000", "2016-06-30": "3915.00000", "2016-03-31": "3058.00000", "2015-12-31": "2545.00000", "2015-09-30": "2063.00000", "2015-06-30": "1984.00000", "2015-03-31": "1892.00000", "2014-12-31": "1949.00000", "2014-09-30": "1735.00000", "2014-06-30": "2172.00000", "2014-03-31": "2298.00000", "2013-12-31": "2190.00000", "2013-09-30": "1950.00000", "2013-06-30": "1991.00000", "2013-03-31": "1998.00000", "2012-12-31": "1916.00000", "2012-09-30": "1818.00000", "2012-06-30": "2092.00000", "2012-03-31": "2085.00000", "2011-12-31": "1955.00000", "2011-09-30": "1778.00000", "2011-06-30": "1715.00000", "2011-03-31": "1525.00000", "2010-12-31": "1324.00000", "2010-09-30": "908.00000", "2010-06-30": "678.00000", "2010-03-31": "471.00000", "2009-12-31": "172.00000", "2009-09-30": "-212.00000", "2009-06-30": "-411.00000", "2009-03-31": "-553.00000", "2008-12-31": "-730.00000", "2008-09-30": "-955.00000", "2008-06-30": "-1074.00000", "2008-03-31": "-1232.00000", "2007-12-31": "-1375.00000", "2007-09-30": "-1581.00000", "2007-06-30": "-1661.00000", "2007-03-31": "-1740.00000", "2006-12-31": "-1837.00000", "2006-09-30": "-1934.00000", "2006-06-30": "-1953.00000", "2006-03-31": "-1976.00000", "2005-12-31": "-2027.00000", "2005-09-30": "-2226.00000", "2005-06-30": "-2256.00000", "2005-03-31": "-2308.00000"}, "Comprehensive Income": {"2020-12-31": "-180.00000", "2020-09-30": "-1029.00000", "2020-06-30": "-1455.00000", "2020-03-31": "-2063.00000", "2019-12-31": "-986.00000", "2019-09-30": "-1429.00000", "2019-06-30": "-960.00000", "2019-03-31": "-1010.00000", "2018-12-31": "-1035.00000", "2018-09-30": "-1034.00000", "2018-06-30": "-934.00000", "2018-03-31": "-467.00000", "2017-12-31": "-484.00000", "2017-09-30": "-501.00000", "2017-06-30": "-607.00000", "2017-03-31": "-797.00000", "2016-12-31": "-985.00000", "2016-09-30": "-521.00000", "2016-06-30": "-571.00000", "2016-03-31": "-614.00000", "2015-12-31": "-723.00000", "2015-09-30": "-675.00000", "2015-06-30": "-617.00000", "2015-03-31": "-752.00000", "2014-12-31": "-511.00000", "2014-09-30": "-394.00000", "2014-06-30": "-143.00000", "2014-03-31": "-157.00000", "2013-12-31": "-185.00000", "2013-09-30": "-206.00000", "2013-06-30": "-319.00000", "2013-03-31": "-319.00000", "2012-12-31": "-239.00000", "2012-09-30": "-296.00000", "2012-06-30": "-328.00000", "2012-03-31": "-174.00000", "2011-12-31": "-316.00000", "2011-09-30": "-241.00000", "2011-06-30": "-30.00000", "2011-03-31": "-66.00000", "2010-12-31": "-190.00000", "2010-09-30": "-131.00000", "2010-06-30": "-282.00000", "2010-03-31": "-145.00000", "2009-12-31": "-56.00000", "2009-09-30": "-35.00000", "2009-06-30": "-58.00000", "2009-03-31": "-143.00000", "2008-12-31": "-123.00000", "2008-09-30": "-73.00000", "2008-06-30": "6.00000", "2008-03-31": "7.00000", "2007-12-31": "5.00000", "2007-09-30": "11.00000", "2007-06-30": "3.00000", "2007-03-31": "3.00000", "2006-12-31": "-1.00000", "2006-09-30": "1.00000", "2006-06-30": "-2.00000", "2006-03-31": "9.00000", "2005-12-31": "6.00000", "2005-09-30": "13.00000", "2005-06-30": "27.00000", "2005-03-31": "24.00000"}, "Other Share Holders Equity": {"2020-12-31": "", "2020-09-30": "", "2020-06-30": "", "2020-03-31": "", "2019-12-31": "", "2019-09-30": "", "2019-06-30": "", "2019-03-31": "", "2018-12-31": "", "2018-09-30": "", "2018-06-30": "", "2018-03-31": "", "2017-12-31": "", "2017-09-30": "", "2017-06-30": "", "2017-03-31": "", "2016-12-31": "", "2016-09-30": "", "2016-06-30": "", "2016-03-31": "", "2015-12-31": "", "2015-09-30": "", "2015-06-30": "", "2015-03-31": "", "2014-12-31": "", "2014-09-30": "", "2014-06-30": "", "2014-03-31": "", "2013-12-31": "", "2013-09-30": "", "2013-06-30": "", "2013-03-31": "", "2012-12-31": "", "2012-09-30": "", "2012-06-30": "", "2012-03-31": "", "2011-12-31": "", "2011-09-30": "", "2011-06-30": "", "2011-03-31": "", "2010-12-31": "", "2010-09-30": "", "2010-06-30": "", "2010-03-31": "", "2009-12-31": "", "2009-09-30": "", "2009-06-30": "", "2009-03-31": "", "2008-12-31": "", "2008-09-30": "", "2008-06-30": "", "2008-03-31": "", "2007-12-31": "", "2007-09-30": "", "2007-06-30": "", "2007-03-31": "", "2006-12-31": "", "2006-09-30": "", "2006-06-30": "", "2006-03-31": "", "2005-12-31": "", "2005-09-30": "", "2005-06-30": "", "2005-03-31": ""}, "Share Holder Equity": {"2020-12-31": "93404.00000", "2020-09-30": "82775.00000", "2020-06-30": "73728.00000", "2020-03-31": "65272.00000", "2019-12-31": "62060.00000", "2019-09-30": "56508.00000", "2019-06-30": "53061.00000", "2019-03-31": "48410.00000", "2018-12-31": "43549.00000", "2018-09-30": "39125.00000", "2018-06-30": "34995.00000", "2018-03-31": "31463.00000", "2017-12-31": "27709.00000", "2017-09-30": "24658.00000", "2017-06-30": "23214.00000", "2017-03-31": "21674.00000", "2016-12-31": "19285.00000", "2016-09-30": "17782.00000", "2016-06-30": "16538.00000", "2016-03-31": "14756.00000", "2015-12-31": "13384.00000", "2015-09-30": "12430.00000", "2015-06-30": "11768.00000", "2015-03-31": "10873.00000", "2014-12-31": "10741.00000", "2014-09-30": "10336.00000", "2014-06-30": "10602.00000", "2014-03-31": "10328.00000", "2013-12-31": "9746.00000", "2013-09-30": "9087.00000", "2013-06-30": "8733.00000", "2013-03-31": "8432.00000", "2012-12-31": "8192.00000", "2012-09-30": "7553.00000", "2012-06-30": "7505.00000", "2012-03-31": "7271.00000", "2011-12-31": "7757.00000", "2011-09-30": "7766.00000", "2011-06-30": "7765.00000", "2011-03-31": "7347.00000", "2010-12-31": "6864.00000", "2010-09-30": "6397.00000", "2010-06-30": "5857.00000", "2010-03-31": "5618.00000", "2009-12-31": "5257.00000", "2009-09-30": "3585.00000", "2009-06-30": "3256.00000", "2009-03-31": "2918.00000", "2008-12-31": "2672.00000", "2008-09-30": "2527.00000", "2008-06-30": "2230.00000", "2008-03-31": "1470.00000", "2007-12-31": "1197.00000", "2007-09-30": "761.00000", "2007-06-30": "550.00000", "2007-03-31": "353.00000", "2006-12-31": "431.00000", "2006-09-30": "196.00000", "2006-06-30": "383.00000", "2006-03-31": "324.00000", "2005-12-31": "246.00000", "2005-09-30": "6.00000", "2005-06-30": "-64.00000", "2005-03-31": "-162.00000"}, "Total Liabilities And Share Holders Equity": {"2020-12-31": "321195.00000", "2020-09-30": "282179.00000", "2020-06-30": "258314.00000", "2020-03-31": "221238.00000", "2019-12-31": "225248.00000", "2019-09-30": "199099.00000", "2019-06-30": "191351.00000", "2019-03-31": "178102.00000", "2018-12-31": "162648.00000", "2018-09-30": "143695.00000", "2018-06-30": "134100.00000", "2018-03-31": "126362.00000", "2017-12-31": "131310.00000", "2017-09-30": "115267.00000", "2017-06-30": "87781.00000", "2017-03-31": "80969.00000", "2016-12-31": "83402.00000", "2016-09-30": "70897.00000", "2016-06-30": "65076.00000", "2016-03-31": "61128.00000", "2015-12-31": "64747.00000", "2015-09-30": "56230.00000", "2015-06-30": "52440.00000", "2015-03-31": "50075.00000", "2014-12-31": "54505.00000", "2014-09-30": "40419.00000", "2014-06-30": "37898.00000", "2014-03-31": "36364.00000", "2013-12-31": "40159.00000", "2013-09-30": "31861.00000", "2013-06-30": "29623.00000", "2013-03-31": "28377.00000", "2012-12-31": "32555.00000", "2012-09-30": "22834.00000", "2012-06-30": "21022.00000", "2012-03-31": "20339.00000", "2011-12-31": "25278.00000", "2011-09-30": "19054.00000", "2011-06-30": "17941.00000", "2011-03-31": "16882.00000", "2010-12-31": "18797.00000", "2010-09-30": "14162.00000", "2010-06-30": "12397.00000", "2010-03-31": "12042.00000", "2009-12-31": "13813.00000", "2009-09-30": "8972.00000", "2009-06-30": "7675.00000", "2009-03-31": "6980.00000", "2008-12-31": "8314.00000", "2008-09-30": "6566.00000", "2008-06-30": "6322.00000", "2008-03-31": "5883.00000", "2007-12-31": "6485.00000", "2007-09-30": "4618.00000", "2007-06-30": "3984.00000", "2007-03-31": "3661.00000", "2006-12-31": "4363.00000", "2006-09-30": "3268.00000", "2006-06-30": "3165.00000", "2006-03-31": "2990.00000", "2005-12-31": "3696.00000", "2005-09-30": "2832.00000", "2005-06-30": "2601.00000", "2005-03-31": "2472.00000"}}, "cash flow statement": {"Net Income/Loss": {"2020-12-31": "21331.00000", "2019-12-31": "11588.00000", "2018-12-31": "10073.00000", "2017-12-31": "3033.00000", "2016-12-31": "2371.00000", "2015-12-31": "596.00000", "2014-12-31": "-241.00000", "2013-12-31": "274.00000", "2012-12-31": "-39.00000", "2011-12-31": "631.00000", "2010-12-31": "1152.00000", "2009-12-31": "902.00000", "2008-12-31": "645.00000", "2007-12-31": "476.00000", "2006-12-31": "190.00000", "2005-12-31": "359.00000"}, "Total Depreciation And Amortization - Cash Flow": {"2020-12-31": "25251.00000", "2019-12-31": "21789.00000", "2018-12-31": "15341.00000", "2017-12-31": "11478.00000", "2016-12-31": "8116.00000", "2015-12-31": "6281.00000", "2014-12-31": "4746.00000", "2013-12-31": "3253.00000", "2012-12-31": "2159.00000", "2011-12-31": "1083.00000", "2010-12-31": "568.00000", "2009-12-31": "378.00000", "2008-12-31": "287.00000", "2007-12-31": "246.00000", "2006-12-31": "205.00000", "2005-12-31": "121.00000"}, "Other Non-Cash Items": {"2020-12-31": "6072.00000", "2019-12-31": "7411.00000", "2018-12-31": "6078.00000", "2017-12-31": "3894.00000", "2016-12-31": "2709.00000", "2015-12-31": "2450.00000", "2014-12-31": "1234.00000", "2013-12-31": "1067.00000", "2012-12-31": "383.00000", "2011-12-31": "571.00000", "2010-12-31": "88.00000", "2009-12-31": "298.00000", "2008-12-31": "75.00000", "2007-12-31": "-158.00000", "2006-12-31": "13.00000", "2005-12-31": "86.00000"}, "Total Non-Cash Items": {"2020-12-31": "31323.00000", "2019-12-31": "29200.00000", "2018-12-31": "21419.00000", "2017-12-31": "15372.00000", "2016-12-31": "10825.00000", "2015-12-31": "8731.00000", "2014-12-31": "5980.00000", "2013-12-31": "4320.00000", "2012-12-31": "2542.00000", "2011-12-31": "1654.00000", "2010-12-31": "656.00000", "2009-12-31": "676.00000", "2008-12-31": "362.00000", "2007-12-31": "88.00000", "2006-12-31": "218.00000", "2005-12-31": "207.00000"}, "Change In Accounts Receivable": {"2020-12-31": "-8169.00000", "2019-12-31": "-7681.00000", "2018-12-31": "-4615.00000", "2017-12-31": "-4780.00000", "2016-12-31": "-3436.00000", "2015-12-31": "-1755.00000", "2014-12-31": "-1039.00000", "2013-12-31": "-846.00000", "2012-12-31": "-861.00000", "2011-12-31": "-866.00000", "2010-12-31": "-295.00000", "2009-12-31": "-481.00000", "2008-12-31": "-218.00000", "2007-12-31": "-255.00000", "2006-12-31": "-103.00000", "2005-12-31": "-84.00000"}, "Change In Inventories": {"2020-12-31": "-2849.00000", "2019-12-31": "-3278.00000", "2018-12-31": "-1314.00000", "2017-12-31": "-3583.00000", "2016-12-31": "-1426.00000", "2015-12-31": "-2187.00000", "2014-12-31": "-1193.00000", "2013-12-31": "-1410.00000", "2012-12-31": "-999.00000", "2011-12-31": "-1777.00000", "2010-12-31": "-1019.00000", "2009-12-31": "-531.00000", "2008-12-31": "-232.00000", "2007-12-31": "-303.00000", "2006-12-31": "-282.00000", "2005-12-31": "-104.00000"}, "Change In Accounts Payable": {"2020-12-31": "17480.00000", "2019-12-31": "8193.00000", "2018-12-31": "3263.00000", "2017-12-31": "7100.00000", "2016-12-31": "5030.00000", "2015-12-31": "4294.00000", "2014-12-31": "1759.00000", "2013-12-31": "1888.00000", "2012-12-31": "2070.00000", "2011-12-31": "2997.00000", "2010-12-31": "2373.00000", "2009-12-31": "1859.00000", "2008-12-31": "812.00000", "2007-12-31": "928.00000", "2006-12-31": "402.00000", "2005-12-31": "274.00000"}, "Change In Assets/Liabilities": {"2020-12-31": "1265.00000", "2019-12-31": "1711.00000", "2018-12-31": "1151.00000", "2017-12-31": "738.00000", "2016-12-31": "1955.00000", "2015-12-31": "1292.00000", "2014-12-31": "741.00000", "2013-12-31": "399.00000", "2012-12-31": "275.00000", "2011-12-31": "43.00000", "2010-12-31": "-218.00000", "2009-12-31": "465.00000", "2008-12-31": "105.00000", "2007-12-31": "33.00000", "2006-12-31": "26.00000", "2005-12-31": "7.00000"}, "Total Change In Assets/Liabilities": {"2020-12-31": "13481.00000", "2019-12-31": "-2438.00000", "2018-12-31": "-1043.00000", "2017-12-31": "-242.00000", "2016-12-31": "3847.00000", "2015-12-31": "2557.00000", "2014-12-31": "974.00000", "2013-12-31": "767.00000", "2012-12-31": "1523.00000", "2011-12-31": "1464.00000", "2010-12-31": "1581.00000", "2009-12-31": "1612.00000", "2008-12-31": "714.00000", "2007-12-31": "832.00000", "2006-12-31": "284.00000", "2005-12-31": "160.00000"}, "Cash Flow From Operating Activities": {"2020-12-31": "66064.00000", "2019-12-31": "38514.00000", "2018-12-31": "30723.00000", "2017-12-31": "18365.00000", "2016-12-31": "17203.00000", "2015-12-31": "12039.00000", "2014-12-31": "6842.00000", "2013-12-31": "5475.00000", "2012-12-31": "4180.00000", "2011-12-31": "3903.00000", "2010-12-31": "3495.00000", "2009-12-31": "3293.00000", "2008-12-31": "1697.00000", "2007-12-31": "1405.00000", "2006-12-31": "702.00000", "2005-12-31": "733.00000"}, "Net Change In Property, Plant, And Equipment": {"2020-12-31": "-35044.00000", "2019-12-31": "-12689.00000", "2018-12-31": "-11323.00000", "2017-12-31": "-10058.00000", "2016-12-31": "-6737.00000", "2015-12-31": "-4589.00000", "2014-12-31": "-4893.00000", "2013-12-31": "-3444.00000", "2012-12-31": "-3785.00000", "2011-12-31": "-1811.00000", "2010-12-31": "-979.00000", "2009-12-31": "-373.00000", "2008-12-31": "-333.00000", "2007-12-31": "-224.00000", "2006-12-31": "-216.00000", "2005-12-31": "-204.00000"}, "Net Change In Intangible Assets": {"2020-12-31": "", "2019-12-31": "", "2018-12-31": "", "2017-12-31": "", "2016-12-31": "", "2015-12-31": "", "2014-12-31": "", "2013-12-31": "", "2012-12-31": "", "2011-12-31": "", "2010-12-31": "", "2009-12-31": "", "2008-12-31": "", "2007-12-31": "", "2006-12-31": "", "2005-12-31": ""}, "Net Acquisitions/Divestitures": {"2020-12-31": "-2325.00000", "2019-12-31": "-2461.00000", "2018-12-31": "-2186.00000", "2017-12-31": "-13972.00000", "2016-12-31": "-116.00000", "2015-12-31": "-795.00000", "2014-12-31": "-979.00000", "2013-12-31": "-312.00000", "2012-12-31": "-745.00000", "2011-12-31": "-705.00000", "2010-12-31": "-352.00000", "2009-12-31": "-40.00000", "2008-12-31": "-494.00000", "2007-12-31": "-75.00000", "2006-12-31": "-32.00000", "2005-12-31": "-24.00000"}, "Net Change In Short-term Investments": {"2020-12-31": "", "2019-12-31": "", "2018-12-31": "", "2017-12-31": "", "2016-12-31": "", "2015-12-31": "", "2014-12-31": "", "2013-12-31": "", "2012-12-31": "", "2011-12-31": "", "2010-12-31": "", "2009-12-31": "", "2008-12-31": "", "2007-12-31": "", "2006-12-31": "", "2005-12-31": ""}, "Net Change In Long-Term Investments": {"2020-12-31": "-22242.00000", "2019-12-31": "-9131.00000", "2018-12-31": "1140.00000", "2017-12-31": "-3054.00000", "2016-12-31": "-2663.00000", "2015-12-31": "-1066.00000", "2014-12-31": "807.00000", "2013-12-31": "-520.00000", "2012-12-31": "935.00000", "2011-12-31": "586.00000", "2010-12-31": "-2029.00000", "2009-12-31": "-1924.00000", "2008-12-31": "-372.00000", "2007-12-31": "341.00000", "2006-12-31": "-85.00000", "2005-12-31": "-550.00000"}, "Net Change In Investments - Total": {"2020-12-31": "-22242.00000", "2019-12-31": "-9131.00000", "2018-12-31": "1140.00000", "2017-12-31": "-3054.00000", "2016-12-31": "-2663.00000", "2015-12-31": "-1066.00000", "2014-12-31": "807.00000", "2013-12-31": "-520.00000", "2012-12-31": "935.00000", "2011-12-31": "586.00000", "2010-12-31": "-2029.00000", "2009-12-31": "-1924.00000", "2008-12-31": "-372.00000", "2007-12-31": "341.00000", "2006-12-31": "-85.00000", "2005-12-31": "-550.00000"}, "Investing Activities - Other": {"2020-12-31": "", "2019-12-31": "", "2018-12-31": "", "2017-12-31": "", "2016-12-31": "", "2015-12-31": "", "2014-12-31": "", "2013-12-31": "", "2012-12-31": "", "2011-12-31": "", "2010-12-31": "", "2009-12-31": "", "2008-12-31": "", "2007-12-31": "", "2006-12-31": "", "2005-12-31": ""}, "Cash Flow From Investing Activities": {"2020-12-31": "-59611.00000", "2019-12-31": "-24281.00000", "2018-12-31": "-12369.00000", "2017-12-31": "-27084.00000", "2016-12-31": "-9516.00000", "2015-12-31": "-6450.00000", "2014-12-31": "-5065.00000", "2013-12-31": "-4276.00000", "2012-12-31": "-3595.00000", "2011-12-31": "-1930.00000", "2010-12-31": "-3360.00000", "2009-12-31": "-2337.00000", "2008-12-31": "-1199.00000", "2007-12-31": "42.00000", "2006-12-31": "-333.00000", "2005-12-31": "-778.00000"}, "Net Long-Term Debt": {"2020-12-31": "-1723.00000", "2019-12-31": "-9950.00000", "2018-12-31": "-7759.00000", "2017-12-31": "9928.00000", "2016-12-31": "-3716.00000", "2015-12-31": "-3882.00000", "2014-12-31": "4426.00000", "2013-12-31": "-617.00000", "2012-12-31": "2790.00000", "2011-12-31": "-267.00000", "2010-12-31": "-78.00000", "2009-12-31": "-385.00000", "2008-12-31": "-257.00000", "2007-12-31": "41.00000", "2006-12-31": "-285.00000", "2005-12-31": "-259.00000"}, "Net Current Debt": {"2020-12-31": "619.00000", "2019-12-31": "-116.00000", "2018-12-31": "73.00000", "2017-12-31": "", "2016-12-31": "", "2015-12-31": "", "2014-12-31": "", "2013-12-31": "", "2012-12-31": "", "2011-12-31": "", "2010-12-31": "", "2009-12-31": "", "2008-12-31": "", "2007-12-31": "", "2006-12-31": "", "2005-12-31": ""}, "Debt Issuance/Retirement Net - Total": {"2020-12-31": "-1104.00000", "2019-12-31": "-10066.00000", "2018-12-31": "-7686.00000", "2017-12-31": "9928.00000", "2016-12-31": "-3716.00000", "2015-12-31": "-3882.00000", "2014-12-31": "4426.00000", "2013-12-31": "-617.00000", "2012-12-31": "2790.00000", "2011-12-31": "-267.00000", "2010-12-31": "-78.00000", "2009-12-31": "-385.00000", "2008-12-31": "-257.00000", "2007-12-31": "41.00000", "2006-12-31": "-285.00000", "2005-12-31": "-259.00000"}, "Net Common Equity Issued/Repurchased": {"2020-12-31": "", "2019-12-31": "", "2018-12-31": "", "2017-12-31": "", "2016-12-31": "", "2015-12-31": "", "2014-12-31": "", "2013-12-31": "", "2012-12-31": "-960.00000", "2011-12-31": "-277.00000", "2010-12-31": "", "2009-12-31": "", "2008-12-31": "-100.00000", "2007-12-31": "-248.00000", "2006-12-31": "-217.00000", "2005-12-31": "59.00000"}, "Net Total Equity Issued/Repurchased": {"2020-12-31": "", "2019-12-31": "", "2018-12-31": "", "2017-12-31": "", "2016-12-31": "", "2015-12-31": "", "2014-12-31": "", "2013-12-31": "", "2012-12-31": "-960.00000", "2011-12-31": "-277.00000", "2010-12-31": "", "2009-12-31": "", "2008-12-31": "-100.00000", "2007-12-31": "-248.00000", "2006-12-31": "-217.00000", "2005-12-31": "59.00000"}, "Total Common And Preferred Stock Dividends Paid": {"2020-12-31": "", "2019-12-31": "", "2018-12-31": "", "2017-12-31": "", "2016-12-31": "", "2015-12-31": "", "2014-12-31": "", "2013-12-31": "", "2012-12-31": "", "2011-12-31": "", "2010-12-31": "", "2009-12-31": "", "2008-12-31": "", "2007-12-31": "", "2006-12-31": "", "2005-12-31": ""}, "Financial Activities - Other": {"2020-12-31": "", "2019-12-31": "", "2018-12-31": "", "2017-12-31": "", "2016-12-31": "", "2015-12-31": "", "2014-12-31": "6.00000", "2013-12-31": "78.00000", "2012-12-31": "429.00000", "2011-12-31": "62.00000", "2010-12-31": "259.00000", "2009-12-31": "105.00000", "2008-12-31": "159.00000", "2007-12-31": "257.00000", "2006-12-31": "102.00000", "2005-12-31": "7.00000"}, "Cash Flow From Financial Activities": {"2020-12-31": "-1104.00000", "2019-12-31": "-10066.00000", "2018-12-31": "-7686.00000", "2017-12-31": "9928.00000", "2016-12-31": "-3716.00000", "2015-12-31": "-3882.00000", "2014-12-31": "4432.00000", "2013-12-31": "-539.00000", "2012-12-31": "2259.00000", "2011-12-31": "-482.00000", "2010-12-31": "181.00000", "2009-12-31": "-280.00000", "2008-12-31": "-198.00000", "2007-12-31": "50.00000", "2006-12-31": "-400.00000", "2005-12-31": "-193.00000"}, "Net Cash Flow": {"2020-12-31": "5967.00000", "2019-12-31": "4237.00000", "2018-12-31": "10317.00000", "2017-12-31": "1922.00000", "2016-12-31": "3759.00000", "2015-12-31": "1333.00000", "2014-12-31": "5899.00000", "2013-12-31": "574.00000", "2012-12-31": "2815.00000", "2011-12-31": "1492.00000", "2010-12-31": "333.00000", "2009-12-31": "675.00000", "2008-12-31": "230.00000", "2007-12-31": "1517.00000", "2006-12-31": "9.00000", "2005-12-31": "-290.00000"}, "Stock-Based Compensation": {"2020-12-31": "9208.00000", "2019-12-31": "6864.00000", "2018-12-31": "5418.00000", "2017-12-31": "4215.00000", "2016-12-31": "2975.00000", "2015-12-31": "2119.00000", "2014-12-31": "1497.00000", "2013-12-31": "1134.00000", "2012-12-31": "833.00000", "2011-12-31": "557.00000", "2010-12-31": "424.00000", "2009-12-31": "341.00000", "2008-12-31": "275.00000", "2007-12-31": "185.00000", "2006-12-31": "101.00000", "2005-12-31": "87.00000"}, "Common Stock Dividends Paid": {"2020-12-31": "", "2019-12-31": "", "2018-12-31": "", "2017-12-31": "", "2016-12-31": "", "2015-12-31": "", "2014-12-31": "", "2013-12-31": "", "2012-12-31": "", "2011-12-31": "", "2010-12-31": "", "2009-12-31": "", "2008-12-31": "", "2007-12-31": "", "2006-12-31": "", "2005-12-31": ""}}, "cash flow statement, quarterly": {"Net Income/Loss": {"2020-12-31": 7222, "2020-09-30": 6331, "2020-06-30": 5243, "2020-03-31": "2535.00000", "2019-12-31": 3268, "2019-09-30": 2134, "2019-06-30": 2625, "2019-03-31": "3561.00000", "2018-12-31": 3027, "2018-09-30": 2883, "2018-06-30": 2534, "2018-03-31": "1629.00000", "2017-12-31": 1857, "2017-09-30": 255, "2017-06-30": 197, "2017-03-31": "724.00000", "2016-12-31": 749, "2016-09-30": 252, "2016-06-30": 857, "2016-03-31": "513.00000", "2015-12-31": 482, "2015-09-30": 79, "2015-06-30": 92, "2015-03-31": "-57.00000", "2014-12-31": 214, "2014-09-30": -437, "2014-06-30": -126, "2014-03-31": "108.00000", "2013-12-31": 240, "2013-09-30": -41, "2013-06-30": -7, "2013-03-31": "82.00000", "2012-12-31": 98, "2012-09-30": -274, "2012-06-30": 7, "2012-03-31": "130.00000", "2011-12-31": 177, "2011-09-30": 63, "2011-06-30": 190, "2011-03-31": "201.00000", "2010-12-31": 416, "2010-09-30": 231, "2010-06-30": 206, "2010-03-31": "299.00000", "2009-12-31": 384, "2009-09-30": 199, "2009-06-30": 142, "2009-03-31": "177.00000", "2008-12-31": 225, "2008-09-30": 119, "2008-06-30": 158, "2008-03-31": "143.00000", "2007-12-31": 207, "2007-09-30": 80, "2007-06-30": 78, "2007-03-31": "111.00000", "2006-12-31": 97, "2006-09-30": 20, "2006-06-30": 22, "2006-03-31": "51.00000", "2005-12-31": 199, "2005-09-30": 30, "2005-06-30": 52, "2005-03-31": "78.00000"}, "Total Depreciation And Amortization - Cash Flow": {"2020-12-31": 7618, "2020-09-30": 6523, "2020-06-30": 5748, "2020-03-31": "5362.00000", "2019-12-31": 6170, "2019-09-30": 5563, "2019-06-30": 5202, "2019-03-31": "4854.00000", "2018-12-31": 4262, "2018-09-30": 3778, "2018-06-30": 3630, "2018-03-31": "3671.00000", "2017-12-31": 3498, "2017-09-30": 2912, "2017-06-30": 2633, "2017-03-31": "2435.00000", "2016-12-31": 2297, "2016-09-30": 2083, "2016-06-30": 1909, "2016-03-31": "1827.00000", "2015-12-31": 1752, "2015-09-30": 1599, "2015-06-30": 1504, "2015-03-31": "1426.00000", "2014-12-31": 1380, "2014-09-30": 1247, "2014-06-30": 1109, "2014-03-31": "1010.00000", "2013-12-31": 962, "2013-09-30": 834, "2013-06-30": 757, "2013-03-31": "700.00000", "2012-12-31": 662, "2012-09-30": 555, "2012-06-30": 485, "2012-03-31": "457.00000", "2011-12-31": 359, "2011-09-30": 278, "2011-06-30": 244, "2011-03-31": "202.00000", "2010-12-31": 169, "2010-09-30": 150, "2010-06-30": 130, "2010-03-31": "119.00000", "2009-12-31": 112, "2009-09-30": 95, "2009-06-30": 84, "2009-03-31": "87.00000", "2008-12-31": 77, "2008-09-30": 76, "2008-06-30": 69, "2008-03-31": "65.00000", "2007-12-31": 63, "2007-09-30": 61, "2007-06-30": 60, "2007-03-31": "62.00000", "2006-12-31": 59, "2006-09-30": 63, "2006-06-30": 43, "2006-03-31": "40.00000", "2005-12-31": 36, "2005-09-30": 30, "2005-06-30": 27, "2005-03-31": "28.00000"}, "Other Non-Cash Items": {"2020-12-31": -401, "2020-09-30": 1532, "2020-06-30": 2297, "2020-03-31": "2644.00000", "2019-12-31": 1529, "2019-09-30": 2259, "2019-06-30": 2069, "2019-03-31": "1554.00000", "2018-12-31": 1787, "2018-09-30": 1712, "2018-06-30": 1440, "2018-03-31": "1139.00000", "2017-12-31": 867, "2017-09-30": 881, "2017-06-30": 1416, "2017-03-31": "730.00000", "2016-12-31": 626, "2016-09-30": 672, "2016-06-30": 906, "2016-03-31": "505.00000", "2015-12-31": 1087, "2015-09-30": 445, "2015-06-30": 443, "2015-03-31": "475.00000", "2014-12-31": 789, "2014-09-30": 147, "2014-06-30": 333, "2014-03-31": "-35.00000", "2013-12-31": 190, "2013-09-30": 299, "2013-06-30": 361, "2013-03-31": "217.00000", "2012-12-31": -52, "2012-09-30": 268, "2012-06-30": 72, "2012-03-31": "95.00000", "2011-12-31": 210, "2011-09-30": 132, "2011-06-30": 111, "2011-03-31": "118.00000", "2010-12-31": 128, "2010-09-30": -20, "2010-06-30": 5, "2010-03-31": "-25.00000", "2009-12-31": 48, "2009-09-30": 175, "2009-06-30": 57, "2009-03-31": "18.00000", "2008-12-31": 104, "2008-09-30": -25, "2008-06-30": 29, "2008-03-31": "-33.00000", "2007-12-31": -207, "2007-09-30": 19, "2007-06-30": 15, "2007-03-31": "15.00000", "2006-12-31": -26, "2006-09-30": 25, "2006-06-30": -6, "2006-03-31": "20.00000", "2005-12-31": -41, "2005-09-30": 43, "2005-06-30": 54, "2005-03-31": "30.00000"}, "Total Non-Cash Items": {"2020-12-31": 7217, "2020-09-30": 8055, "2020-06-30": 8045, "2020-03-31": "8006.00000", "2019-12-31": 7699, "2019-09-30": 7822, "2019-06-30": 7271, "2019-03-31": "6408.00000", "2018-12-31": 6049, "2018-09-30": 5490, "2018-06-30": 5070, "2018-03-31": "4810.00000", "2017-12-31": 4365, "2017-09-30": 3793, "2017-06-30": 4049, "2017-03-31": "3165.00000", "2016-12-31": 2923, "2016-09-30": 2755, "2016-06-30": 2815, "2016-03-31": "2332.00000", "2015-12-31": 2839, "2015-09-30": 2044, "2015-06-30": 1947, "2015-03-31": "1901.00000", "2014-12-31": 2169, "2014-09-30": 1394, "2014-06-30": 1442, "2014-03-31": "975.00000", "2013-12-31": 1152, "2013-09-30": 1133, "2013-06-30": 1118, "2013-03-31": "917.00000", "2012-12-31": 610, "2012-09-30": 823, "2012-06-30": 557, "2012-03-31": "552.00000", "2011-12-31": 569, "2011-09-30": 410, "2011-06-30": 355, "2011-03-31": "320.00000", "2010-12-31": 297, "2010-09-30": 130, "2010-06-30": 135, "2010-03-31": "94.00000", "2009-12-31": 160, "2009-09-30": 270, "2009-06-30": 141, "2009-03-31": "105.00000", "2008-12-31": 181, "2008-09-30": 51, "2008-06-30": 98, "2008-03-31": "32.00000", "2007-12-31": -144, "2007-09-30": 80, "2007-06-30": 75, "2007-03-31": "77.00000", "2006-12-31": 33, "2006-09-30": 88, "2006-06-30": 37, "2006-03-31": "60.00000", "2005-12-31": -5, "2005-09-30": 73, "2005-06-30": 81, "2005-03-31": "58.00000"}, "Change In Accounts Receivable": {"2020-12-31": -4561, "2020-09-30": -2016, "2020-06-30": -2854, "2020-03-31": "1262.00000", "2019-12-31": -3905, "2019-09-30": -1182, "2019-06-30": -2193, "2019-03-31": "-401.00000", "2018-12-31": -1395, "2018-09-30": -2884, "2018-06-30": -1365, "2018-03-31": "1029.00000", "2017-12-31": -2764, "2017-09-30": -1759, "2017-06-30": -1222, "2017-03-31": "965.00000", "2016-12-31": -1993, "2016-09-30": -671, "2016-06-30": -1184, "2016-03-31": "412.00000", "2015-12-31": -1178, "2015-09-30": -588, "2015-06-30": -430, "2015-03-31": "441.00000", "2014-12-31": -1105, "2014-09-30": -362, "2014-06-30": -299, "2014-03-31": "727.00000", "2013-12-31": -1239, "2013-09-30": -125, "2013-06-30": -211, "2013-03-31": "729.00000", "2012-12-31": -1025, "2012-09-30": -416, "2012-06-30": -166, "2012-03-31": "746.00000", "2011-12-31": -1077, "2011-09-30": -75, "2011-06-30": -73, "2011-03-31": "359.00000", "2010-12-31": -643, "2010-09-30": -64, "2010-06-30": -42, "2010-03-31": "454.00000", "2009-12-31": -509, "2009-09-30": -155, "2009-06-30": 16, "2009-03-31": "167.00000", "2008-12-31": -324, "2008-09-30": -9, "2008-06-30": -24, "2008-03-31": "139.00000", "2007-12-31": -238, "2007-09-30": -73, "2007-06-30": -10, "2007-03-31": "66.00000", "2006-12-31": -116, "2006-09-30": -53, "2006-06-30": 16, "2006-03-31": "50.00000", "2005-12-31": -90, "2005-09-30": -13, "2005-06-30": 9, "2005-03-31": "10.00000"}, "Change In Inventories": {"2020-12-31": 329, "2020-09-30": -3898, "2020-06-30": -672, "2020-03-31": "1392.00000", "2019-12-31": -1516, "2019-09-30": -381, "2019-06-30": -2100, "2019-03-31": "719.00000", "2018-12-31": -1350, "2018-09-30": -1094, "2018-06-30": -1090, "2018-03-31": "2220.00000", "2017-12-31": -2255, "2017-09-30": -1593, "2017-06-30": -682, "2017-03-31": "947.00000", "2016-12-31": -1043, "2016-09-30": -1095, "2016-06-30": -57, "2016-03-31": "769.00000", "2015-12-31": -1343, "2015-09-30": -1537, "2015-06-30": -28, "2015-03-31": "721.00000", "2014-12-31": -1139, "2014-09-30": -845, "2014-06-30": 92, "2014-03-31": "699.00000", "2013-12-31": -1330, "2013-09-30": -585, "2013-06-30": -30, "2013-03-31": "535.00000", "2012-12-31": -974, "2012-09-30": -647, "2012-06-30": -125, "2012-03-31": "747.00000", "2011-12-31": -1260, "2011-09-30": -586, "2011-06-30": -274, "2011-03-31": "343.00000", "2010-12-31": -693, "2010-09-30": -506, "2010-06-30": -141, "2010-03-31": "321.00000", "2009-12-31": -339, "2009-09-30": -276, "2009-06-30": -23, "2009-03-31": "107.00000", "2008-12-31": -102, "2008-09-30": -243, "2008-06-30": -35, "2008-03-31": "148.00000", "2007-12-31": -231, "2007-09-30": -223, "2007-06-30": 25, "2007-03-31": "126.00000", "2006-12-31": -127, "2006-09-30": -218, "2006-06-30": 30, "2006-03-31": "33.00000", "2005-12-31": -114, "2005-09-30": -75, "2005-06-30": 13, "2005-03-31": "72.00000"}, "Change In Accounts Payable": {"2020-12-31": 13249, "2020-09-30": 3658, "2020-06-30": 8617, "2020-03-31": "-8044.00000", "2019-12-31": 10683, "2019-09-30": 226, "2019-06-30": 3668, "2019-03-31": "-6384.00000", "2018-12-31": 6881, "2018-09-30": 3895, "2018-06-30": 2703, "2018-03-31": "-10216.00000", "2017-12-31": 8903, "2017-09-30": 2974, "2017-06-30": 2088, "2017-03-31": "-6865.00000", "2016-12-31": 7282, "2016-09-30": 2541, "2016-06-30": 977, "2016-03-31": "-5770.00000", "2015-12-31": 6140, "2015-09-30": 2030, "2015-06-30": 373, "2015-03-31": "-4249.00000", "2014-12-31": 5053, "2014-09-30": 1724, "2014-06-30": -343, "2014-03-31": "-4675.00000", "2013-12-31": 5128, "2013-09-30": 947, "2013-06-30": 0, "2013-03-31": "-4187.00000", "2012-12-31": 4926, "2012-09-30": 1222, "2012-06-30": 180, "2012-03-31": "-4258.00000", "2011-12-31": 4684, "2011-09-30": 848, "2011-06-30": 114, "2011-03-31": "-2649.00000", "2010-12-31": 3451, "2010-09-30": 894, "2010-06-30": -80, "2010-03-31": "-1892.00000", "2009-12-31": 2231, "2009-09-30": 701, "2009-06-30": 56, "2009-03-31": "-1129.00000", "2008-12-31": 1336, "2008-09-30": 362, "2008-06-30": 117, "2008-03-31": "-1003.00000", "2007-12-31": 1144, "2007-09-30": 304, "2007-06-30": 82, "2007-03-31": "-602.00000", "2006-12-31": 589, "2006-09-30": 251, "2006-06-30": 4, "2006-03-31": "-442.00000", "2005-12-31": 498, "2005-09-30": 146, "2005-06-30": 55, "2005-03-31": "-425.00000"}, "Change In Assets/Liabilities": {"2020-12-31": 333, "2020-09-30": 78, "2020-06-30": 247, "2020-03-31": "607.00000", "2019-12-31": 486, "2019-09-30": -53, "2019-06-30": 390, "2019-03-31": "888.00000", "2018-12-31": 528, "2018-09-30": 0, "2018-06-30": -283, "2018-03-31": "906.00000", "2017-12-31": 135, "2017-09-30": 184, "2017-06-30": -388, "2017-03-31": "807.00000", "2016-12-31": 714, "2016-09-30": 405, "2016-06-30": 132, "2016-03-31": "704.00000", "2015-12-31": 118, "2015-09-30": 406, "2015-06-30": 128, "2015-03-31": "640.00000", "2014-12-31": 39, "2014-09-30": 258, "2014-06-30": 84, "2014-03-31": "360.00000", "2013-12-31": -2, "2013-09-30": 122, "2013-06-30": 55, "2013-03-31": "224.00000", "2012-12-31": -1, "2012-09-30": 99, "2012-06-30": 49, "2012-03-31": "128.00000", "2011-12-31": 58, "2011-09-30": -11, "2011-06-30": 6, "2011-03-31": "-10.00000", "2010-12-31": -78, "2010-09-30": -48, "2010-06-30": -53, "2010-03-31": "-39.00000", "2009-12-31": 230, "2009-09-30": 54, "2009-06-30": 82, "2009-03-31": "99.00000", "2008-12-31": 39, "2008-09-30": 35, "2008-06-30": 16, "2008-03-31": "15.00000", "2007-12-31": 7, "2007-09-30": 9, "2007-06-30": 16, "2007-03-31": "1.00000", "2006-12-31": 20, "2006-09-30": 4, "2006-06-30": -4, "2006-03-31": "6.00000", "2005-12-31": -1, "2005-09-30": -2, "2005-06-30": 6, "2005-03-31": "4.00000"}, "Total Change In Assets/Liabilities": {"2020-12-31": 16479, "2020-09-30": -2490, "2020-06-30": 7036, "2020-03-31": "-7544.00000", "2019-12-31": 8642, "2019-09-30": -2111, "2019-06-30": -859, "2019-03-31": "-8110.00000", "2018-12-31": 7329, "2018-09-30": 154, "2018-06-30": -240, "2018-03-31": "-8286.00000", "2017-12-31": 6080, "2017-09-30": -315, "2017-06-30": -457, "2017-03-31": "-5550.00000", "2016-12-31": 7215, "2016-09-30": 1621, "2016-06-30": -148, "2016-03-31": "-4841.00000", "2015-12-31": 5575, "2015-09-30": 454, "2015-06-30": -85, "2015-03-31": "-3387.00000", "2014-12-31": 4296, "2014-09-30": 779, "2014-06-30": -481, "2014-03-31": "-3620.00000", "2013-12-31": 4146, "2013-09-30": 286, "2013-06-30": -263, "2013-03-31": "-3402.00000", "2012-12-31": 4337, "2012-09-30": 355, "2012-06-30": -3, "2012-03-31": "-3166.00000", "2011-12-31": 3481, "2011-09-30": 286, "2011-06-30": -163, "2011-03-31": "-2140.00000", "2010-12-31": 2746, "2010-09-30": 468, "2010-06-30": -116, "2010-03-31": "-1517.00000", "2009-12-31": 2044, "2009-09-30": 321, "2009-06-30": 125, "2009-03-31": "-878.00000", "2008-12-31": 1157, "2008-09-30": 247, "2008-06-30": 136, "2008-03-31": "-826.00000", "2007-12-31": 1082, "2007-09-30": 74, "2007-06-30": 143, "2007-03-31": "-467.00000", "2006-12-31": 613, "2006-09-30": 20, "2006-06-30": 68, "2006-03-31": "-417.00000", "2005-12-31": 432, "2005-09-30": 50, "2005-06-30": 109, "2005-03-31": "-431.00000"}, "Cash Flow From Operating Activities": {"2020-12-31": 30431, "2020-09-30": 11964, "2020-06-30": 20605, "2020-03-31": "3064.00000", "2019-12-31": 19659, "2019-09-30": 7892, "2019-06-30": 9117, "2019-03-31": "1846.00000", "2018-12-31": 16477, "2018-09-30": 8588, "2018-06-30": 7449, "2018-03-31": "-1791.00000", "2017-12-31": 12358, "2017-09-30": 3777, "2017-06-30": 3849, "2017-03-31": "-1619.00000", "2016-12-31": 10919, "2016-09-30": 4659, "2016-06-30": 3578, "2016-03-31": "-1953.00000", "2015-12-31": 8931, "2015-09-30": 2610, "2015-06-30": 1997, "2015-03-31": "-1499.00000", "2014-12-31": 6715, "2014-09-30": 1767, "2014-06-30": 862, "2014-03-31": "-2502.00000", "2013-12-31": 5578, "2013-09-30": 1389, "2013-06-30": 880, "2013-03-31": "-2372.00000", "2012-12-31": 5081, "2012-09-30": 943, "2012-06-30": 594, "2012-03-31": "-2438.00000", "2011-12-31": 4269, "2011-09-30": 797, "2011-06-30": 423, "2011-03-31": "-1586.00000", "2010-12-31": 3488, "2010-09-30": 855, "2010-06-30": 250, "2010-03-31": "-1098.00000", "2009-12-31": 2611, "2009-09-30": 799, "2009-06-30": 468, "2009-03-31": "-585.00000", "2008-12-31": 1571, "2008-09-30": 424, "2008-06-30": 347, "2008-03-31": "-645.00000", "2007-12-31": 1148, "2007-09-30": 237, "2007-06-30": 299, "2007-03-31": "-279.00000", "2006-12-31": 744, "2006-09-30": 131, "2006-06-30": 130, "2006-03-31": "-303.00000", "2005-12-31": 630, "2005-09-30": 153, "2005-06-30": 244, "2005-03-31": "-294.00000"}, "Net Change In Property, Plant, And Equipment": {"2020-12-31": -13194, "2020-09-30": -9808, "2020-06-30": -6614, "2020-03-31": "-5428.00000", "2019-12-31": -3940, "2019-09-30": -3385, "2019-06-30": -2643, "2019-03-31": "-2721.00000", "2018-12-31": -3120, "2018-09-30": -2527, "2018-06-30": -2949, "2018-03-31": "-2727.00000", "2017-12-31": -3036, "2017-09-30": -2660, "2017-06-30": -2501, "2017-03-31": "-1861.00000", "2016-12-31": -2006, "2016-09-30": -1841, "2016-06-30": -1711, "2016-03-31": "-1179.00000", "2015-12-31": -1309, "2015-09-30": -1196, "2015-06-30": -1213, "2015-03-31": "-871.00000", "2014-12-31": -1145, "2014-09-30": -1378, "2014-06-30": -1290, "2014-03-31": "-1080.00000", "2013-12-31": -879, "2013-09-30": -1039, "2013-06-30": -856, "2013-03-31": "-670.00000", "2012-12-31": -2026, "2012-09-30": -716, "2012-06-30": -657, "2012-03-31": "-386.00000", "2011-12-31": -550, "2011-09-30": -530, "2011-06-30": -433, "2011-03-31": "-298.00000", "2010-12-31": -328, "2010-09-30": -315, "2010-06-30": -196, "2010-03-31": "-140.00000", "2009-12-31": -137, "2009-09-30": -103, "2009-06-30": -78, "2009-03-31": "-55.00000", "2008-12-31": -102, "2008-09-30": -101, "2008-06-30": -69, "2008-03-31": "-61.00000", "2007-12-31": -73, "2007-09-30": -69, "2007-06-30": -48, "2007-03-31": "-34.00000", "2006-12-31": -50, "2006-09-30": -62, "2006-06-30": -58, "2006-03-31": "-46.00000", "2005-12-31": -55, "2005-09-30": -76, "2005-06-30": -47, "2005-03-31": "-26.00000"}, "Net Change In Intangible Assets": {"2020-12-31": 0, "2020-09-30": 0, "2020-06-30": 0, "2020-03-31": "", "2019-12-31": 0, "2019-09-30": 0, "2019-06-30": 0, "2019-03-31": "", "2018-12-31": 0, "2018-09-30": 0, "2018-06-30": 0, "2018-03-31": "", "2017-12-31": 0, "2017-09-30": 0, "2017-06-30": 0, "2017-03-31": "", "2016-12-31": 0, "2016-09-30": 0, "2016-06-30": 0, "2016-03-31": "", "2015-12-31": 0, "2015-09-30": 0, "2015-06-30": 0, "2015-03-31": "", "2014-12-31": 0, "2014-09-30": 0, "2014-06-30": 0, "2014-03-31": "", "2013-12-31": 0, "2013-09-30": 0, "2013-06-30": 0, "2013-03-31": "", "2012-12-31": 0, "2012-09-30": 0, "2012-06-30": 0, "2012-03-31": "", "2011-12-31": 0, "2011-09-30": 0, "2011-06-30": 0, "2011-03-31": "", "2010-12-31": 0, "2010-09-30": 0, "2010-06-30": 0, "2010-03-31": "", "2009-12-31": 0, "2009-09-30": 0, "2009-06-30": 0, "2009-03-31": "", "2008-12-31": 0, "2008-09-30": 0, "2008-06-30": 0, "2008-03-31": "", "2007-12-31": 0, "2007-09-30": 0, "2007-06-30": 0, "2007-03-31": "", "2006-12-31": 0, "2006-09-30": 0, "2006-06-30": 0, "2006-03-31": "", "2005-12-31": 0, "2005-09-30": 0, "2005-06-30": 0, "2005-03-31": ""}, "Net Acquisitions/Divestitures": {"2020-12-31": -380, "2020-09-30": -1735, "2020-06-30": -119, "2020-03-31": "-91.00000", "2019-12-31": -777, "2019-09-30": -399, "2019-06-30": -116, "2019-03-31": "-1169.00000", "2018-12-31": -331, "2018-09-30": -976, "2018-06-30": -866, "2018-03-31": "-13.00000", "2017-12-31": -81, "2017-09-30": -13213, "2017-06-30": -633, "2017-03-31": "-45.00000", "2016-12-31": -3, "2016-09-30": -83, "2016-06-30": -14, "2016-03-31": "-16.00000", "2015-12-31": -317, "2015-09-30": -104, "2015-06-30": -9, "2015-03-31": "-365.00000", "2014-12-31": -53, "2014-09-30": -860, "2014-06-30": -66, "2014-03-31": "", "2013-12-31": -60, "2013-09-30": -1, "2013-06-30": -148, "2013-03-31": "-103.00000", "2012-12-31": -34, "2012-09-30": -38, "2012-06-30": -623, "2012-03-31": "-50.00000", "2011-12-31": -49, "2011-09-30": -48, "2011-06-30": -469, "2011-03-31": "-139.00000", "2010-12-31": -270, "2010-09-30": -42, "2010-06-30": -21, "2010-03-31": "-19.00000", "2009-12-31": 0, "2009-09-30": -5, "2009-06-30": -20, "2009-03-31": "-15.00000", "2008-12-31": -86, "2008-09-30": -8, "2008-06-30": -45, "2008-03-31": "-355.00000", "2007-12-31": -28, "2007-09-30": -25, "2007-06-30": -21, "2007-03-31": "-1.00000", "2006-12-31": -2, "2006-09-30": -2, "2006-06-30": 0, "2006-03-31": "-28.00000", "2005-12-31": 0, "2005-09-30": -4, "2005-06-30": -5, "2005-03-31": "-15.00000"}, "Net Change In Short-term Investments": {"2020-12-31": 0, "2020-09-30": 0, "2020-06-30": 0, "2020-03-31": "", "2019-12-31": 0, "2019-09-30": 0, "2019-06-30": 0, "2019-03-31": "", "2018-12-31": 0, "2018-09-30": 0, "2018-06-30": 0, "2018-03-31": "", "2017-12-31": 0, "2017-09-30": 0, "2017-06-30": 0, "2017-03-31": "", "2016-12-31": 0, "2016-09-30": 0, "2016-06-30": 0, "2016-03-31": "", "2015-12-31": 0, "2015-09-30": 0, "2015-06-30": 0, "2015-03-31": "", "2014-12-31": 0, "2014-09-30": 0, "2014-06-30": 0, "2014-03-31": "", "2013-12-31": 0, "2013-09-30": 0, "2013-06-30": 0, "2013-03-31": "", "2012-12-31": 0, "2012-09-30": 0, "2012-06-30": 0, "2012-03-31": "", "2011-12-31": 0, "2011-09-30": 0, "2011-06-30": 0, "2011-03-31": "", "2010-12-31": 0, "2010-09-30": 0, "2010-06-30": 0, "2010-03-31": "", "2009-12-31": 0, "2009-09-30": 0, "2009-06-30": 0, "2009-03-31": "", "2008-12-31": 0, "2008-09-30": 0, "2008-06-30": 0, "2008-03-31": "", "2007-12-31": 0, "2007-09-30": 0, "2007-06-30": 0, "2007-03-31": "", "2006-12-31": 0, "2006-09-30": 0, "2006-06-30": 0, "2006-03-31": "", "2005-12-31": 0, "2005-09-30": 0, "2005-06-30": 0, "2005-03-31": ""}, "Net Change In Long-Term Investments": {"2020-12-31": -3463, "2020-09-30": -4333, "2020-06-30": -11071, "2020-03-31": "-3375.00000", "2019-12-31": 1181, "2019-09-30": -1289, "2019-06-30": -4790, "2019-03-31": "-4233.00000", "2018-12-31": -121, "2018-09-30": -2069, "2018-06-30": 1123, "2018-03-31": "2207.00000", "2017-12-31": 1136, "2017-09-30": -2606, "2017-06-30": -2140, "2017-03-31": "556.00000", "2016-12-31": -1805, "2016-09-30": -646, "2016-06-30": -714, "2016-03-31": "502.00000", "2015-12-31": -224, "2015-09-30": -77, "2015-06-30": -154, "2015-03-31": "-611.00000", "2014-12-31": -1267, "2014-09-30": 1292, "2014-06-30": 626, "2014-03-31": "156.00000", "2013-12-31": 95, "2013-09-30": -23, "2013-06-30": -415, "2013-03-31": "-177.00000", "2012-12-31": -1022, "2012-09-30": 385, "2012-06-30": 686, "2012-03-31": "886.00000", "2011-12-31": -870, "2011-09-30": 678, "2011-06-30": -49, "2011-03-31": "827.00000", "2010-12-31": -617, "2010-09-30": -771, "2010-06-30": -258, "2010-03-31": "-383.00000", "2009-12-31": -1471, "2009-09-30": -194, "2009-06-30": -182, "2009-03-31": "-77.00000", "2008-12-31": -176, "2008-09-30": 102, "2008-06-30": -187, "2008-03-31": "-111.00000", "2007-12-31": -38, "2007-09-30": 128, "2007-06-30": -19, "2007-03-31": "270.00000", "2006-12-31": -471, "2006-09-30": 211, "2006-06-30": 17, "2006-03-31": "158.00000", "2005-12-31": -176, "2005-09-30": -126, "2005-06-30": -92, "2005-03-31": "-156.00000"}, "Net Change In Investments - Total": {"2020-12-31": -3463, "2020-09-30": -4333, "2020-06-30": -11071, "2020-03-31": "-3375.00000", "2019-12-31": 1181, "2019-09-30": -1289, "2019-06-30": -4790, "2019-03-31": "-4233.00000", "2018-12-31": -121, "2018-09-30": -2069, "2018-06-30": 1123, "2018-03-31": "2207.00000", "2017-12-31": 1136, "2017-09-30": -2606, "2017-06-30": -2140, "2017-03-31": "556.00000", "2016-12-31": -1805, "2016-09-30": -646, "2016-06-30": -714, "2016-03-31": "502.00000", "2015-12-31": -224, "2015-09-30": -77, "2015-06-30": -154, "2015-03-31": "-611.00000", "2014-12-31": -1267, "2014-09-30": 1292, "2014-06-30": 626, "2014-03-31": "156.00000", "2013-12-31": 95, "2013-09-30": -23, "2013-06-30": -415, "2013-03-31": "-177.00000", "2012-12-31": -1022, "2012-09-30": 385, "2012-06-30": 686, "2012-03-31": "886.00000", "2011-12-31": -870, "2011-09-30": 678, "2011-06-30": -49, "2011-03-31": "827.00000", "2010-12-31": -617, "2010-09-30": -771, "2010-06-30": -258, "2010-03-31": "-383.00000", "2009-12-31": -1471, "2009-09-30": -194, "2009-06-30": -182, "2009-03-31": "-77.00000", "2008-12-31": -176, "2008-09-30": 102, "2008-06-30": -187, "2008-03-31": "-111.00000", "2007-12-31": -38, "2007-09-30": 128, "2007-06-30": -19, "2007-03-31": "270.00000", "2006-12-31": -471, "2006-09-30": 211, "2006-06-30": 17, "2006-03-31": "158.00000", "2005-12-31": -176, "2005-09-30": -126, "2005-06-30": -92, "2005-03-31": "-156.00000"}, "Investing Activities - Other": {"2020-12-31": 0, "2020-09-30": 0, "2020-06-30": 0, "2020-03-31": "", "2019-12-31": 0, "2019-09-30": 0, "2019-06-30": 0, "2019-03-31": "", "2018-12-31": 0, "2018-09-30": 0, "2018-06-30": 0, "2018-03-31": "", "2017-12-31": 0, "2017-09-30": 0, "2017-06-30": 0, "2017-03-31": "", "2016-12-31": 0, "2016-09-30": 0, "2016-06-30": 0, "2016-03-31": "", "2015-12-31": 0, "2015-09-30": 0, "2015-06-30": 0, "2015-03-31": "", "2014-12-31": 0, "2014-09-30": 0, "2014-06-30": 0, "2014-03-31": "", "2013-12-31": 0, "2013-09-30": 0, "2013-06-30": 0, "2013-03-31": "", "2012-12-31": 0, "2012-09-30": 0, "2012-06-30": 0, "2012-03-31": "", "2011-12-31": 0, "2011-09-30": 0, "2011-06-30": 0, "2011-03-31": "", "2010-12-31": 0, "2010-09-30": 0, "2010-06-30": 0, "2010-03-31": "", "2009-12-31": 0, "2009-09-30": 0, "2009-06-30": 0, "2009-03-31": "", "2008-12-31": 0, "2008-09-30": 0, "2008-06-30": 0, "2008-03-31": "", "2007-12-31": 0, "2007-09-30": 0, "2007-06-30": 0, "2007-03-31": "", "2006-12-31": 0, "2006-09-30": 0, "2006-06-30": 0, "2006-03-31": "", "2005-12-31": 0, "2005-09-30": 0, "2005-06-30": 0, "2005-03-31": ""}, "Cash Flow From Investing Activities": {"2020-12-31": -17037, "2020-09-30": -15876, "2020-06-30": -17804, "2020-03-31": "-8894.00000", "2019-12-31": -3536, "2019-09-30": -5073, "2019-06-30": -7549, "2019-03-31": "-8123.00000", "2018-12-31": -3572, "2018-09-30": -5572, "2018-06-30": -2692, "2018-03-31": "-533.00000", "2017-12-31": -1981, "2017-09-30": -18479, "2017-06-30": -5274, "2017-03-31": "-1350.00000", "2016-12-31": -3814, "2016-09-30": -2570, "2016-06-30": -2439, "2016-03-31": "-693.00000", "2015-12-31": -1850, "2015-09-30": -1377, "2015-06-30": -1376, "2015-03-31": "-1847.00000", "2014-12-31": -2465, "2014-09-30": -946, "2014-06-30": -730, "2014-03-31": "-924.00000", "2013-12-31": -844, "2013-09-30": -1063, "2013-06-30": -1419, "2013-03-31": "-950.00000", "2012-12-31": -3082, "2012-09-30": -369, "2012-06-30": -594, "2012-03-31": "450.00000", "2011-12-31": -1469, "2011-09-30": 100, "2011-06-30": -951, "2011-03-31": "390.00000", "2010-12-31": -1215, "2010-09-30": -1128, "2010-06-30": -475, "2010-03-31": "-542.00000", "2009-12-31": -1608, "2009-09-30": -302, "2009-06-30": -280, "2009-03-31": "-147.00000", "2008-12-31": -364, "2008-09-30": -7, "2008-06-30": -301, "2008-03-31": "-527.00000", "2007-12-31": -139, "2007-09-30": 34, "2007-06-30": -88, "2007-03-31": "235.00000", "2006-12-31": -523, "2006-09-30": 147, "2006-06-30": -41, "2006-03-31": "84.00000", "2005-12-31": -231, "2005-09-30": -206, "2005-06-30": -144, "2005-03-31": "-197.00000"}, "Net Long-Term Debt": {"2020-12-31": -1960, "2020-09-30": -4067, "2020-06-30": 6895, "2020-03-31": "-2591.00000", "2019-12-31": -3437, "2019-09-30": -2034, "2019-06-30": -2102, "2019-03-31": "-2377.00000", "2018-12-31": -1834, "2018-09-30": -2369, "2018-06-30": -1392, "2018-03-31": "-2164.00000", "2017-12-31": -2571, "2017-09-30": 14662, "2017-06-30": -1275, "2017-03-31": "-888.00000", "2016-12-31": -568, "2016-09-30": -1000, "2016-06-30": -1152, "2016-03-31": "-996.00000", "2015-12-31": -1597, "2015-09-30": -824, "2015-06-30": -787, "2015-03-31": "-674.00000", "2014-12-31": 5324, "2014-09-30": -413, "2014-06-30": -189, "2014-03-31": "-296.00000", "2013-12-31": -21, "2013-09-30": -230, "2013-06-30": -209, "2013-03-31": "-157.00000", "2012-12-31": 2927, "2012-09-30": -34, "2012-06-30": -18, "2012-03-31": "-85.00000", "2011-12-31": -57, "2011-09-30": -82, "2011-06-30": -106, "2011-03-31": "-22.00000", "2010-12-31": -66, "2010-09-30": 19, "2010-06-30": -32, "2010-03-31": "1.00000", "2009-12-31": -103, "2009-09-30": 80, "2009-06-30": -22, "2009-03-31": "-340.00000", "2008-12-31": 36, "2008-09-30": -293, "2008-06-30": -26, "2008-03-31": "26.00000", "2007-12-31": 83, "2007-09-30": 4, "2007-06-30": -29, "2007-03-31": "-17.00000", "2006-12-31": 10, "2006-09-30": -30, "2006-06-30": 45, "2006-03-31": "-310.00000", "2005-12-31": 0, "2005-09-30": 7, "2005-06-30": -1, "2005-03-31": "-265.00000"}, "Net Current Debt": {"2020-12-31": 144, "2020-09-30": -38, "2020-06-30": 513, "2020-03-31": "", "2019-12-31": -134, "2019-09-30": 74, "2019-06-30": -56, "2019-03-31": "", "2018-12-31": 73, "2018-09-30": 0, "2018-06-30": 0, "2018-03-31": "", "2017-12-31": 0, "2017-09-30": 0, "2017-06-30": 0, "2017-03-31": "", "2016-12-31": 0, "2016-09-30": 0, "2016-06-30": 0, "2016-03-31": "", "2015-12-31": 0, "2015-09-30": 0, "2015-06-30": 0, "2015-03-31": "", "2014-12-31": 0, "2014-09-30": 0, "2014-06-30": 0, "2014-03-31": "", "2013-12-31": 0, "2013-09-30": 0, "2013-06-30": 0, "2013-03-31": "", "2012-12-31": 0, "2012-09-30": 0, "2012-06-30": 0, "2012-03-31": "", "2011-12-31": 0, "2011-09-30": 0, "2011-06-30": 0, "2011-03-31": "", "2010-12-31": 0, "2010-09-30": 0, "2010-06-30": 0, "2010-03-31": "", "2009-12-31": 0, "2009-09-30": 0, "2009-06-30": 0, "2009-03-31": "", "2008-12-31": 0, "2008-09-30": 0, "2008-06-30": 0, "2008-03-31": "", "2007-12-31": 0, "2007-09-30": 0, "2007-06-30": 0, "2007-03-31": "", "2006-12-31": 0, "2006-09-30": 0, "2006-06-30": 0, "2006-03-31": "", "2005-12-31": 0, "2005-09-30": 0, "2005-06-30": 0, "2005-03-31": ""}, "Debt Issuance/Retirement Net - Total": {"2020-12-31": -1816, "2020-09-30": -4105, "2020-06-30": 7408, "2020-03-31": "-2591.00000", "2019-12-31": -3571, "2019-09-30": -1960, "2019-06-30": -2158, "2019-03-31": "-2377.00000", "2018-12-31": -1761, "2018-09-30": -2369, "2018-06-30": -1392, "2018-03-31": "-2164.00000", "2017-12-31": -2571, "2017-09-30": 14662, "2017-06-30": -1275, "2017-03-31": "-888.00000", "2016-12-31": -568, "2016-09-30": -1000, "2016-06-30": -1152, "2016-03-31": "-996.00000", "2015-12-31": -1597, "2015-09-30": -824, "2015-06-30": -787, "2015-03-31": "-674.00000", "2014-12-31": 5324, "2014-09-30": -413, "2014-06-30": -189, "2014-03-31": "-296.00000", "2013-12-31": -21, "2013-09-30": -230, "2013-06-30": -209, "2013-03-31": "-157.00000", "2012-12-31": 2927, "2012-09-30": -34, "2012-06-30": -18, "2012-03-31": "-85.00000", "2011-12-31": -57, "2011-09-30": -82, "2011-06-30": -106, "2011-03-31": "-22.00000", "2010-12-31": -66, "2010-09-30": 19, "2010-06-30": -32, "2010-03-31": "1.00000", "2009-12-31": -103, "2009-09-30": 80, "2009-06-30": -22, "2009-03-31": "-340.00000", "2008-12-31": 36, "2008-09-30": -293, "2008-06-30": -26, "2008-03-31": "26.00000", "2007-12-31": 83, "2007-09-30": 4, "2007-06-30": -29, "2007-03-31": "-17.00000", "2006-12-31": 10, "2006-09-30": -30, "2006-06-30": 45, "2006-03-31": "-310.00000", "2005-12-31": 0, "2005-09-30": 7, "2005-06-30": -1, "2005-03-31": "-265.00000"}, "Net Common Equity Issued/Repurchased": {"2020-12-31": 0, "2020-09-30": 0, "2020-06-30": 0, "2020-03-31": "", "2019-12-31": 0, "2019-09-30": 0, "2019-06-30": 0, "2019-03-31": "", "2018-12-31": 0, "2018-09-30": 0, "2018-06-30": 0, "2018-03-31": "", "2017-12-31": 0, "2017-09-30": 0, "2017-06-30": 0, "2017-03-31": "", "2016-12-31": 0, "2016-09-30": 0, "2016-06-30": 0, "2016-03-31": "", "2015-12-31": 0, "2015-09-30": 0, "2015-06-30": 0, "2015-03-31": "", "2014-12-31": 0, "2014-09-30": 0, "2014-06-30": 0, "2014-03-31": "", "2013-12-31": 0, "2013-09-30": 0, "2013-06-30": 0, "2013-03-31": "", "2012-12-31": 0, "2012-09-30": 0, "2012-06-30": 0, "2012-03-31": "-960.00000", "2011-12-31": -277, "2011-09-30": 0, "2011-06-30": 0, "2011-03-31": "", "2010-12-31": 0, "2010-09-30": 0, "2010-06-30": 0, "2010-03-31": "", "2009-12-31": 0, "2009-09-30": 0, "2009-06-30": 0, "2009-03-31": "", "2008-12-31": -100, "2008-09-30": 0, "2008-06-30": -2, "2008-03-31": "2.00000", "2007-12-31": -79, "2007-09-30": 35, "2007-06-30": 35, "2007-03-31": "-239.00000", "2006-12-31": 18, "2006-09-30": -248, "2006-06-30": 6, "2006-03-31": "7.00000", "2005-12-31": 21, "2005-09-30": 21, "2005-06-30": 9, "2005-03-31": "8.00000"}, "Net Total Equity Issued/Repurchased": {"2020-12-31": 0, "2020-09-30": 0, "2020-06-30": 0, "2020-03-31": "", "2019-12-31": 0, "2019-09-30": 0, "2019-06-30": 0, "2019-03-31": "", "2018-12-31": 0, "2018-09-30": 0, "2018-06-30": 0, "2018-03-31": "", "2017-12-31": 0, "2017-09-30": 0, "2017-06-30": 0, "2017-03-31": "", "2016-12-31": 0, "2016-09-30": 0, "2016-06-30": 0, "2016-03-31": "", "2015-12-31": 0, "2015-09-30": 0, "2015-06-30": 0, "2015-03-31": "", "2014-12-31": 0, "2014-09-30": 0, "2014-06-30": 0, "2014-03-31": "", "2013-12-31": 0, "2013-09-30": 0, "2013-06-30": 0, "2013-03-31": "", "2012-12-31": 0, "2012-09-30": 0, "2012-06-30": 0, "2012-03-31": "-960.00000", "2011-12-31": -277, "2011-09-30": 0, "2011-06-30": 0, "2011-03-31": "", "2010-12-31": 0, "2010-09-30": 0, "2010-06-30": 0, "2010-03-31": "", "2009-12-31": 0, "2009-09-30": 0, "2009-06-30": 0, "2009-03-31": "", "2008-12-31": -100, "2008-09-30": 0, "2008-06-30": -2, "2008-03-31": "2.00000", "2007-12-31": -79, "2007-09-30": 35, "2007-06-30": 35, "2007-03-31": "-239.00000", "2006-12-31": 18, "2006-09-30": -248, "2006-06-30": 6, "2006-03-31": "7.00000", "2005-12-31": 21, "2005-09-30": 21, "2005-06-30": 9, "2005-03-31": "8.00000"}, "Total Common And Preferred Stock Dividends Paid": {"2020-12-31": 0, "2020-09-30": 0, "2020-06-30": 0, "2020-03-31": "", "2019-12-31": 0, "2019-09-30": 0, "2019-06-30": 0, "2019-03-31": "", "2018-12-31": 0, "2018-09-30": 0, "2018-06-30": 0, "2018-03-31": "", "2017-12-31": 0, "2017-09-30": 0, "2017-06-30": 0, "2017-03-31": "", "2016-12-31": 0, "2016-09-30": 0, "2016-06-30": 0, "2016-03-31": "", "2015-12-31": 0, "2015-09-30": 0, "2015-06-30": 0, "2015-03-31": "", "2014-12-31": 0, "2014-09-30": 0, "2014-06-30": 0, "2014-03-31": "", "2013-12-31": 0, "2013-09-30": 0, "2013-06-30": 0, "2013-03-31": "", "2012-12-31": 0, "2012-09-30": 0, "2012-06-30": 0, "2012-03-31": "", "2011-12-31": 0, "2011-09-30": 0, "2011-06-30": 0, "2011-03-31": "", "2010-12-31": 0, "2010-09-30": 0, "2010-06-30": 0, "2010-03-31": "", "2009-12-31": 0, "2009-09-30": 0, "2009-06-30": 0, "2009-03-31": "", "2008-12-31": 0, "2008-09-30": 0, "2008-06-30": 0, "2008-03-31": "", "2007-12-31": 0, "2007-09-30": 0, "2007-06-30": 0, "2007-03-31": "", "2006-12-31": 0, "2006-09-30": 0, "2006-06-30": 0, "2006-03-31": "", "2005-12-31": 0, "2005-09-30": 0, "2005-06-30": 0, "2005-03-31": ""}, "Financial Activities - Other": {"2020-12-31": 0, "2020-09-30": 0, "2020-06-30": 0, "2020-03-31": "", "2019-12-31": 0, "2019-09-30": 0, "2019-06-30": 0, "2019-03-31": "", "2018-12-31": 0, "2018-09-30": 0, "2018-06-30": 0, "2018-03-31": "", "2017-12-31": 0, "2017-09-30": 0, "2017-06-30": 0, "2017-03-31": "", "2016-12-31": 0, "2016-09-30": 0, "2016-06-30": 0, "2016-03-31": "", "2015-12-31": -212, "2015-09-30": 95, "2015-06-30": 95, "2015-03-31": "22.00000", "2014-12-31": -115, "2014-09-30": 0, "2014-06-30": 0, "2014-03-31": "121.00000", "2013-12-31": 78, "2013-09-30": 0, "2013-06-30": 0, "2013-03-31": "", "2012-12-31": 239, "2012-09-30": 65, "2012-06-30": 85, "2012-03-31": "40.00000", "2011-12-31": 1, "2011-09-30": 0, "2011-06-30": 15, "2011-03-31": "46.00000", "2010-12-31": 23, "2010-09-30": 75, "2010-06-30": 75, "2010-03-31": "86.00000", "2009-12-31": 52, "2009-09-30": -17, "2009-06-30": 21, "2009-03-31": "49.00000", "2008-12-31": -1, "2008-09-30": 54, "2008-06-30": 42, "2008-03-31": "64.00000", "2007-12-31": 164, "2007-09-30": 33, "2007-06-30": 36, "2007-03-31": "24.00000", "2006-12-31": 64, "2006-09-30": 9, "2006-06-30": 22, "2006-03-31": "7.00000", "2005-12-31": 3, "2005-09-30": 2, "2005-06-30": 1, "2005-03-31": "1.00000"}, "Cash Flow From Financial Activities": {"2020-12-31": -1816, "2020-09-30": -4105, "2020-06-30": 7408, "2020-03-31": "-2591.00000", "2019-12-31": -3571, "2019-09-30": -1960, "2019-06-30": -2158, "2019-03-31": "-2377.00000", "2018-12-31": -1761, "2018-09-30": -2369, "2018-06-30": -1392, "2018-03-31": "-2164.00000", "2017-12-31": -2571, "2017-09-30": 14662, "2017-06-30": -1275, "2017-03-31": "-888.00000", "2016-12-31": -568, "2016-09-30": -1000, "2016-06-30": -1152, "2016-03-31": "-996.00000", "2015-12-31": -1809, "2015-09-30": -729, "2015-06-30": -692, "2015-03-31": "-652.00000", "2014-12-31": 5209, "2014-09-30": -413, "2014-06-30": -189, "2014-03-31": "-175.00000", "2013-12-31": 57, "2013-09-30": -230, "2013-06-30": -209, "2013-03-31": "-157.00000", "2012-12-31": 3166, "2012-09-30": 31, "2012-06-30": 67, "2012-03-31": "-1005.00000", "2011-12-31": -333, "2011-09-30": -82, "2011-06-30": -91, "2011-03-31": "24.00000", "2010-12-31": -43, "2010-09-30": 94, "2010-06-30": 43, "2010-03-31": "87.00000", "2009-12-31": -51, "2009-09-30": 63, "2009-06-30": -1, "2009-03-31": "-291.00000", "2008-12-31": -65, "2008-09-30": -239, "2008-06-30": 14, "2008-03-31": "92.00000", "2007-12-31": 168, "2007-09-30": 72, "2007-06-30": 42, "2007-03-31": "-232.00000", "2006-12-31": 92, "2006-09-30": -269, "2006-06-30": 73, "2006-03-31": "-296.00000", "2005-12-31": 24, "2005-09-30": 30, "2005-06-30": 9, "2005-03-31": "-256.00000"}, "Net Cash Flow": {"2020-12-31": 12175, "2020-09-30": -7640, "2020-06-30": 10337, "2020-03-31": "-8905.00000", "2019-12-31": 12856, "2019-09-30": 589, "2019-06-30": -542, "2019-03-31": "-8666.00000", "2018-12-31": 11141, "2018-09-30": 496, "2018-06-30": 2920, "2018-03-31": "-4240.00000", "2017-12-31": 7896, "2017-09-30": 109, "2017-06-30": -2450, "2017-03-31": "-3633.00000", "2016-12-31": 5993, "2016-09-30": 1135, "2016-06-30": 51, "2016-03-31": "-3420.00000", "2015-12-31": 5181, "2015-09-30": 440, "2015-06-30": 32, "2015-03-31": "-4320.00000", "2014-12-31": 9299, "2014-09-30": 201, "2014-06-30": -17, "2014-03-31": "-3584.00000", "2013-12-31": 4786, "2013-09-30": 168, "2013-06-30": -777, "2013-03-31": "-3603.00000", "2012-12-31": 5104, "2012-09-30": 645, "2012-06-30": 47, "2012-03-31": "-2981.00000", "2011-12-31": 2446, "2011-09-30": 776, "2011-06-30": -594, "2011-03-31": "-1136.00000", "2010-12-31": 2238, "2010-09-30": -90, "2010-06-30": -215, "2010-03-31": "-1600.00000", "2009-12-31": 930, "2009-09-30": 578, "2009-06-30": 235, "2009-03-31": "-1068.00000", "2008-12-31": 1119, "2008-09-30": 102, "2008-06-30": 52, "2008-03-31": "-1043.00000", "2007-12-31": 1173, "2007-09-30": 362, "2007-06-30": 256, "2007-03-31": "-274.00000", "2006-12-31": 329, "2006-09-30": 10, "2006-06-30": 176, "2006-03-31": "-506.00000", "2005-12-31": 413, "2005-09-30": -29, "2005-06-30": 96, "2005-03-31": "-770.00000"}, "Stock-Based Compensation": {"2020-12-31": 2562, "2020-09-30": 2288, "2020-06-30": 2601, "2020-03-31": "1757.00000", "2019-12-31": 1840, "2019-09-30": 1779, "2019-06-30": 1971, "2019-03-31": "1274.00000", "2018-12-31": 1417, "2018-09-30": 1350, "2018-06-30": 1469, "2018-03-31": "1182.00000", "2017-12-31": 1179, "2017-09-30": 1084, "2017-06-30": 1160, "2017-03-31": "792.00000", "2016-12-31": 887, "2016-09-30": 776, "2016-06-30": 768, "2016-03-31": "544.00000", "2015-12-31": 606, "2015-09-30": 544, "2015-06-30": 562, "2015-03-31": "407.00000", "2014-12-31": 408, "2014-09-30": 378, "2014-06-30": 390, "2014-03-31": "321.00000", "2013-12-31": 326, "2013-09-30": 282, "2013-06-30": 297, "2013-03-31": "229.00000", "2012-12-31": 236, "2012-09-30": 216, "2012-06-30": 221, "2012-03-31": "160.00000", "2011-12-31": 160, "2011-09-30": 143, "2011-06-30": 144, "2011-03-31": "110.00000", "2010-12-31": 120, "2010-09-30": 108, "2010-06-30": 109, "2010-03-31": "87.00000", "2009-12-31": 99, "2009-09-30": 90, "2009-06-30": 85, "2009-03-31": "67.00000", "2008-12-31": 78, "2008-09-30": 70, "2008-06-30": 73, "2008-03-31": "54.00000", "2007-12-31": 55, "2007-09-30": 50, "2007-06-30": 46, "2007-03-31": "34.00000", "2006-12-31": 30, "2006-09-30": 30, "2006-06-30": 30, "2006-03-31": "11.00000", "2005-12-31": 16, "2005-09-30": 26, "2005-06-30": 26, "2005-03-31": "19.00000"}, "Common Stock Dividends Paid": {"2020-12-31": 0, "2020-09-30": 0, "2020-06-30": 0, "2020-03-31": "", "2019-12-31": 0, "2019-09-30": 0, "2019-06-30": 0, "2019-03-31": "", "2018-12-31": 0, "2018-09-30": 0, "2018-06-30": 0, "2018-03-31": "", "2017-12-31": 0, "2017-09-30": 0, "2017-06-30": 0, "2017-03-31": "", "2016-12-31": 0, "2016-09-30": 0, "2016-06-30": 0, "2016-03-31": "", "2015-12-31": 0, "2015-09-30": 0, "2015-06-30": 0, "2015-03-31": "", "2014-12-31": 0, "2014-09-30": 0, "2014-06-30": 0, "2014-03-31": "", "2013-12-31": 0, "2013-09-30": 0, "2013-06-30": 0, "2013-03-31": "", "2012-12-31": 0, "2012-09-30": 0, "2012-06-30": 0, "2012-03-31": "", "2011-12-31": 0, "2011-09-30": 0, "2011-06-30": 0, "2011-03-31": "", "2010-12-31": 0, "2010-09-30": 0, "2010-06-30": 0, "2010-03-31": "", "2009-12-31": 0, "2009-09-30": 0, "2009-06-30": 0, "2009-03-31": "", "2008-12-31": 0, "2008-09-30": 0, "2008-06-30": 0, "2008-03-31": "", "2007-12-31": 0, "2007-09-30": 0, "2007-06-30": 0, "2007-03-31": "", "2006-12-31": 0, "2006-09-30": 0, "2006-06-30": 0, "2006-03-31": "", "2005-12-31": 0, "2005-09-30": 0, "2005-06-30": 0, "2005-03-31": ""}}, "financial ratios": {"Current Ratio": {"2020-12-31": "1.05020", "2019-12-31": "1.09700", "2018-12-31": "1.09810", "2017-12-31": "1.04000", "2016-12-31": "1.04480", "2015-12-31": "1.05360", "2014-12-31": "1.11530", "2013-12-31": "1.07160", "2012-12-31": "1.12070", "2011-12-31": "1.17410", "2010-12-31": "1.32540", "2009-12-31": "1.33040", "2008-12-31": "1.29730", "2007-12-31": "1.39040", "2006-12-31": "1.33210", "2005-12-31": "1.54240"}, "Long-term Debt / Capital": {"2020-12-31": "0.25410", "2019-12-31": "0.27390", "2018-12-31": "0.35040", "2017-12-31": "0.47170", "2016-12-31": "0.28520", "2015-12-31": "0.38070", "2014-12-31": "0.43490", "2013-12-31": "0.24670", "2012-12-31": "0.27350", "2011-12-31": "0.03180", "2010-12-31": "0.18530", "2009-12-31": "", "2008-12-31": "0.13270", "2007-12-31": "0.51710", "2006-12-31": "0.74310", "2005-12-31": "0.85750"}, "Debt/Equity Ratio": {"2020-12-31": "0.34060", "2019-12-31": "0.37730", "2018-12-31": "0.53950", "2017-12-31": "0.89300", "2016-12-31": "0.39900", "2015-12-31": "0.61470", "2014-12-31": "0.76950", "2013-12-31": "0.32740", "2012-12-31": "0.37650", "2011-12-31": "0.03290", "2010-12-31": "0.22740", "2009-12-31": "", "2008-12-31": "0.15310", "2007-12-31": "1.08520", "2006-12-31": "2.89330", "2005-12-31": "6.01630"}, "Gross Margin": {"2020-12-31": "39.56780", "2019-12-31": "40.99000", "2018-12-31": "40.24740", "2017-12-31": "37.06840", "2016-12-31": "35.09310", "2015-12-31": "33.04020", "2014-12-31": "29.48260", "2013-12-31": "27.22690", "2012-12-31": "24.75240", "2011-12-31": "22.44110", "2010-12-31": "22.34530", "2009-12-31": "22.56720", "2008-12-31": "22.27900", "2007-12-31": "22.60200", "2006-12-31": "22.92970", "2005-12-31": "24.01650"}, "Operating Margin": {"2020-12-31": "5.93140", "2019-12-31": "5.18360", "2018-12-31": "5.33350", "2017-12-31": "2.30850", "2016-12-31": "3.07820", "2015-12-31": "2.08680", "2014-12-31": "0.20000", "2013-12-31": "1.00060", "2012-12-31": "1.10650", "2011-12-31": "1.79300", "2010-12-31": "4.11060", "2009-12-31": "4.60650", "2008-12-31": "4.39320", "2007-12-31": "4.41520", "2006-12-31": "3.63180", "2005-12-31": "5.08830"}, "EBIT Margin": {"2020-12-31": "5.93140", "2019-12-31": "5.18360", "2018-12-31": "5.33350", "2017-12-31": "2.30850", "2016-12-31": "3.07820", "2015-12-31": "2.08680", "2014-12-31": "0.20000", "2013-12-31": "1.00060", "2012-12-31": "1.10650", "2011-12-31": "1.79300", "2010-12-31": "4.11060", "2009-12-31": "4.60650", "2008-12-31": "4.39320", "2007-12-31": "4.41520", "2006-12-31": "3.63180", "2005-12-31": "5.08830"}, "EBITDA Margin": {"2020-12-31": "12.47200", "2019-12-31": "12.95090", "2018-12-31": "11.92080", "2017-12-31": "8.76170", "2016-12-31": "9.04650", "2015-12-31": "7.95660", "2014-12-31": "5.53330", "2013-12-31": "5.36990", "2012-12-31": "4.64050", "2011-12-31": "4.04560", "2010-12-31": "5.77130", "2009-12-31": "6.14880", "2008-12-31": "5.89060", "2007-12-31": "6.07350", "2006-12-31": "5.54570", "2005-12-31": "6.51350"}, "Pre-Tax Profit Margin": {"2020-12-31": "6.26270", "2019-12-31": "4.98210", "2018-12-31": "4.83540", "2017-12-31": "2.13980", "2016-12-31": "2.86200", "2015-12-31": "1.46530", "2014-12-31": "-0.12470", "2013-12-31": "0.67960", "2012-12-31": "0.89040", "2011-12-31": "1.94270", "2010-12-31": "4.37670", "2009-12-31": "4.73700", "2008-12-31": "4.70100", "2007-12-31": "4.44890", "2006-12-31": "3.51970", "2005-12-31": "5.04120"}, "Net Profit Margin": {"2020-12-31": "5.52520", "2019-12-31": "4.13090", "2018-12-31": "4.32530", "2017-12-31": "1.70520", "2016-12-31": "1.74350", "2015-12-31": "0.55700", "2014-12-31": "-0.27080", "2013-12-31": "0.36800", "2012-12-31": "-0.06380", "2011-12-31": "1.31250", "2010-12-31": "3.36800", "2009-12-31": "3.68030", "2008-12-31": "3.36530", "2007-12-31": "3.20860", "2006-12-31": "1.77390", "2005-12-31": "4.22850"}, "Asset Turnover": {"2020-12-31": "1.20200", "2019-12-31": "1.24540", "2018-12-31": "1.43180", "2017-12-31": "1.35460", "2016-12-31": "1.63050", "2015-12-31": "1.65270", "2014-12-31": "1.63270", "2013-12-31": "1.85390", "2012-12-31": "1.87660", "2011-12-31": "1.90190", "2010-12-31": "1.81970", "2009-12-31": "1.77430", "2008-12-31": "2.30530", "2007-12-31": "2.28760", "2006-12-31": "2.45500", "2005-12-31": "2.29710"}, "Inventory Turnover Ratio": {"2020-12-31": "9.80490", "2019-12-31": "8.07610", "2018-12-31": "8.10270", "2017-12-31": "6.97540", "2016-12-31": "7.70130", "2015-12-31": "6.99510", "2014-12-31": "7.56140", "2013-12-31": "7.31090", "2012-12-31": "7.62250", "2011-12-31": "7.46960", "2010-12-31": "8.29510", "2009-12-31": "8.74160", "2008-12-31": "10.64760", "2007-12-31": "9.56830", "2006-12-31": "9.41280", "2005-12-31": "11.39750"}, "Receiveable Turnover": {"2020-12-31": "15.73080", "2019-12-31": "13.47630", "2018-12-31": "13.96460", "2017-12-31": "13.51160", "2016-12-31": "16.30740", "2015-12-31": "18.92570", "2014-12-31": "15.85670", "2013-12-31": "15.61820", "2012-12-31": "16.00550", "2011-12-31": "18.69970", "2010-12-31": "21.55260", "2009-12-31": "24.80670", "2008-12-31": "23.17530", "2007-12-31": "21.04260", "2006-12-31": "26.84460", "2005-12-31": "30.98540"}, "Days Sales In Receivables": {"2020-12-31": "23.20300", "2019-12-31": "27.08470", "2018-12-31": "26.13760", "2017-12-31": "27.01390", "2016-12-31": "22.38260", "2015-12-31": "19.28590", "2014-12-31": "23.01860", "2013-12-31": "23.37020", "2012-12-31": "22.80470", "2011-12-31": "19.51900", "2010-12-31": "16.93530", "2009-12-31": "14.71380", "2008-12-31": "15.74950", "2007-12-31": "17.34580", "2006-12-31": "13.59680", "2005-12-31": "11.77970"}, "ROE - Return On Equity": {"2020-12-31": "22.83740", "2019-12-31": "18.67230", "2018-12-31": "23.13030", "2017-12-31": "10.94590", "2016-12-31": "12.29450", "2015-12-31": "4.45310", "2014-12-31": "-2.24370", "2013-12-31": "2.81140", "2012-12-31": "-0.47610", "2011-12-31": "8.13460", "2010-12-31": "16.78320", "2009-12-31": "17.15810", "2008-12-31": "24.13920", "2007-12-31": "39.76610", "2006-12-31": "44.08350", "2005-12-31": "135.36590"}, "Return On Tangible Equity": {"2020-12-31": "27.21240", "2019-12-31": "24.49580", "2018-12-31": "34.73330", "2017-12-31": "21.12260", "2016-12-31": "15.29580", "2015-12-31": "6.19220", "2014-12-31": "-3.24710", "2013-12-31": "3.86410", "2012-12-31": "-0.69150", "2011-12-31": "10.87560", "2010-12-31": "20.88850", "2009-12-31": "22.42110", "2008-12-31": "28.87200", "2007-12-31": "48.82050", "2006-12-31": "80.50850", "2005-12-31": "382.75860"}, "ROA - Return On Assets": {"2020-12-31": "6.64110", "2019-12-31": "5.14460", "2018-12-31": "6.19310", "2017-12-31": "2.30980", "2016-12-31": "2.84290", "2015-12-31": "0.92050", "2014-12-31": "-0.44220", "2013-12-31": "0.68230", "2012-12-31": "-0.11980", "2011-12-31": "2.49620", "2010-12-31": "6.12860", "2009-12-31": "6.53010", "2008-12-31": "7.75800", "2007-12-31": "7.34000", "2006-12-31": "4.35480", "2005-12-31": "9.00970"}, "ROI - Return On Investment": {"2020-12-31": "17.03480", "2019-12-31": "13.55730", "2018-12-31": "15.02450", "2017-12-31": "5.78240", "2016-12-31": "8.78830", "2015-12-31": "2.75790", "2014-12-31": "-1.26800", "2013-12-31": "2.11800", "2012-12-31": "-0.34590", "2011-12-31": "7.87570", "2010-12-31": "13.67360", "2009-12-31": "17.15810", "2008-12-31": "20.93480", "2007-12-31": "19.20130", "2006-12-31": "11.32300", "2005-12-31": "19.29320"}, "Book Value Per Share": {"2020-12-31": "185.69380", "2019-12-31": "124.61850", "2018-12-31": "88.69450", "2017-12-31": "57.25000", "2016-12-31": "40.42980", "2015-12-31": "28.41610", "2014-12-31": "23.09890", "2013-12-31": "21.23310", "2012-12-31": "18.04410", "2011-12-31": "17.04840", "2010-12-31": "15.21950", "2009-12-31": "11.84010", "2008-12-31": "6.24300", "2007-12-31": "2.87740", "2006-12-31": "1.04110", "2005-12-31": "0.59130"}, "Operating Cash Flow Per Share": {"2020-12-31": 53.1206, "2019-12-31": 14.9707, "2018-12-31": 24.1945, "2017-12-31": 1.7081, "2016-12-31": 10.3044, "2015-12-31": 10.4295, "2014-12-31": 3.0353, "2013-12-31": 2.5468, "2012-12-31": 0.761, "2011-12-31": 0.8019, "2010-12-31": 0.2143, "2009-12-31": 3.522, "2008-12-31": 0.6145, "2007-12-31": 1.658, "2006-12-31": -0.065, "2005-12-31": 1.7207}, "Free Cash Flow Per Share": {"2020-12-31": 9.5834, "2019-12-31": 12.4401, "2018-12-31": 21.9501, "2017-12-31": -4.7741, "2016-12-31": 6.0055, "2015-12-31": 11.3999, "2014-12-31": -0.1491, "2013-12-31": 3.4957, "2012-12-31": -3.666, "2011-12-31": -0.9795, "2010-12-31": -1.0888, "2009-12-31": 3.4489, "2008-12-31": 0.372, "2007-12-31": 1.6392, "2006-12-31": -0.0956, "2005-12-31": 1.2418}}, "financial ratios, quarterly": {"Current Ratio": {"2020-12-31": "1.05020", "2020-09-30": "1.10850", "2020-06-30": "1.18120", "2020-03-31": "1.07870", "2019-12-31": "1.09700", "2019-09-30": "1.09590", "2019-06-30": "1.10210", "2019-03-31": "1.09010", "2018-12-31": "1.09810", "2018-09-30": "1.08240", "2018-06-30": "1.07240", "2018-03-31": "1.05790", "2017-12-31": "1.04000", "2017-09-30": "1.03200", "2017-06-30": "1.01200", "2017-03-31": "1.05510", "2016-12-31": "1.04480", "2016-09-30": "1.06300", "2016-06-30": "1.08900", "2016-03-31": "1.08250", "2015-12-31": "1.05360", "2015-09-30": "1.08220", "2015-06-30": "1.10370", "2015-03-31": "1.11840", "2014-12-31": "1.11530", "2014-09-30": "0.89110", "2014-06-30": "1.00020", "2014-03-31": "1.05280", "2013-12-31": "1.07160", "2013-09-30": "1.07430", "2013-06-30": "1.10520", "2013-03-31": "1.13820", "2012-12-31": "1.12070", "2012-09-30": "1.04070", "2012-06-30": "1.07560", "2012-03-31": "1.15880", "2011-12-31": "1.17410", "2011-09-30": "1.32590", "2011-06-30": "1.40200", "2011-03-31": "1.46030", "2010-12-31": "1.32540", "2010-09-30": "1.49950", "2010-06-30": "1.54630", "2010-03-31": "1.53360", "2009-12-31": "1.33040", "2009-09-30": "1.40380", "2009-06-30": "1.45870", "2009-03-31": "1.40030", "2008-12-31": "1.29730", "2008-09-30": "1.40900", "2008-06-30": "1.31720", "2008-03-31": "1.11660", "2007-12-31": "1.39040", "2007-09-30": "1.47650", "2007-06-30": "1.47680", "2007-03-31": "1.40770", "2006-12-31": "1.33210", "2006-09-30": "1.30940", "2006-06-30": "1.53020", "2006-03-31": "1.55370", "2005-12-31": "1.54240", "2005-09-30": "1.61540", "2005-06-30": "1.68360", "2005-03-31": "1.67100"}, "Long-term Debt / Capital": {"2020-12-31": "0.25410", "2020-09-30": "0.28460", "2020-06-30": "0.31000", "2020-03-31": "0.26420", "2019-12-31": "0.27390", "2019-09-30": "0.28450", "2019-06-30": "0.30540", "2019-03-31": "0.32510", "2018-12-31": "0.35040", "2018-09-30": "0.38680", "2018-06-30": "0.41320", "2018-03-31": "0.43920", "2017-12-31": "0.47170", "2017-09-30": "0.50050", "2017-06-30": "0.24870", "2017-03-31": "0.26190", "2016-12-31": "0.28520", "2016-09-30": "0.31570", "2016-06-30": "0.33180", "2016-03-31": "0.35770", "2015-12-31": "0.38070", "2015-09-30": "0.39870", "2015-06-30": "0.41210", "2015-03-31": "0.43160", "2014-12-31": "0.43490", "2014-09-30": "0.23070", "2014-06-30": "0.22730", "2014-03-31": "0.23350", "2013-12-31": "0.24670", "2013-09-30": "0.25090", "2013-06-30": "0.25830", "2013-03-31": "0.26500", "2012-12-31": "0.27350", "2012-09-30": "0.26160", "2012-06-30": "0.25380", "2012-03-31": "0.26190", "2011-12-31": "0.03180", "2011-09-30": "0.22930", "2011-06-30": "0.21530", "2011-03-31": "0.19720", "2010-12-31": "0.18530", "2010-09-30": "0.02500", "2010-06-30": "0.02200", "2010-03-31": "0.02280", "2009-12-31": "", "2009-09-30": "0.03130", "2009-06-30": "0.03240", "2009-03-31": "0.02470", "2008-12-31": "0.13270", "2008-09-30": "0.13460", "2008-06-30": "0.16260", "2008-03-31": "0.24110", "2007-12-31": "0.51710", "2007-09-30": "0.62590", "2007-06-30": "0.69550", "2007-03-31": "0.77990", "2006-12-31": "0.74310", "2006-09-30": "0.86930", "2006-06-30": "0.77560", "2006-03-31": "0.79530", "2005-12-31": "0.85750", "2005-09-30": "0.99610", "2005-06-30": "1.04390", "2005-03-31": "1.11580"}, "Debt/Equity Ratio": {"2020-12-31": "0.34060", "2020-09-30": "0.39780", "2020-06-30": "0.44930", "2020-03-31": "0.35910", "2019-12-31": "0.37730", "2019-09-30": "0.39770", "2019-06-30": "0.43970", "2019-03-31": "0.48180", "2018-12-31": "0.53950", "2018-09-30": "0.63090", "2018-06-30": "0.70400", "2018-03-31": "0.78310", "2017-12-31": "0.89300", "2017-09-30": "1.00210", "2017-06-30": "0.33100", "2017-03-31": "0.35480", "2016-12-31": "0.39900", "2016-09-30": "0.46140", "2016-06-30": "0.49660", "2016-03-31": "0.55700", "2015-12-31": "0.61470", "2015-09-30": "0.66320", "2015-06-30": "0.70110", "2015-03-31": "0.75940", "2014-12-31": "0.76950", "2014-09-30": "0.29980", "2014-06-30": "0.29420", "2014-03-31": "0.30470", "2013-12-31": "0.32740", "2013-09-30": "0.33490", "2013-06-30": "0.34830", "2013-03-31": "0.36050", "2012-12-31": "0.37650", "2012-09-30": "0.35430", "2012-06-30": "0.34020", "2012-03-31": "0.35480", "2011-12-31": "0.03290", "2011-09-30": "0.29750", "2011-06-30": "0.27440", "2011-03-31": "0.24570", "2010-12-31": "0.22740", "2010-09-30": "0.02560", "2010-06-30": "0.02250", "2010-03-31": "0.02330", "2009-12-31": "", "2009-09-30": "0.03240", "2009-06-30": "0.03350", "2009-03-31": "0.02540", "2008-12-31": "0.15310", "2008-09-30": "0.17210", "2008-06-30": "0.39190", "2008-03-31": "0.93400", "2007-12-31": "1.08520", "2007-09-30": "1.67280", "2007-06-30": "2.28360", "2007-03-31": "3.54390", "2006-12-31": "2.89330", "2006-09-30": "6.65310", "2006-06-30": "3.45690", "2006-03-31": "3.88580", "2005-12-31": "6.01630", "2005-09-30": "255.00000", "2005-06-30": "-23.89060", "2005-03-31": "-9.64810"}, "Gross Margin": {"2020-12-31": "36.85320", "2020-09-30": "40.60430", "2020-06-30": "40.77290", "2020-03-31": "41.34420", "2019-12-31": "38.26760", "2019-09-30": "40.98110", "2019-06-30": "42.68970", "2019-03-31": "43.18260", "2018-12-31": "38.12640", "2018-09-30": "41.66610", "2018-06-30": "42.07920", "2018-03-31": "39.78490", "2017-12-31": "36.32410", "2017-09-30": "37.02220", "2017-06-30": "38.21370", "2017-03-31": "37.16750", "2016-12-31": "33.79440", "2016-09-30": "35.01250", "2016-06-30": "36.91620", "2016-03-31": "35.23070", "2015-12-31": "31.90570", "2015-09-30": "33.92620", "2015-06-30": "34.61290", "2015-03-31": "32.23140", "2014-12-31": "29.51790", "2014-09-30": "28.92270", "2014-06-30": "30.71870", "2014-03-31": "28.80300", "2013-12-31": "26.50280", "2013-09-30": "27.65040", "2013-06-30": "28.62330", "2013-03-31": "26.56500", "2012-12-31": "24.12550", "2012-09-30": "25.25710", "2012-06-30": "26.07140", "2012-03-31": "23.95150", "2011-12-31": "20.65860", "2011-09-30": "23.45530", "2011-06-30": "24.08960", "2011-03-31": "22.81630", "2010-12-31": "20.31360", "2010-09-30": "23.46560", "2010-06-30": "24.50500", "2010-03-31": "22.85790", "2009-12-31": "20.76680", "2009-09-30": "23.36210", "2009-06-30": "24.36040", "2009-03-31": "23.48130", "2008-12-31": "20.10740", "2008-09-30": "23.42870", "2008-06-30": "23.80020", "2008-03-31": "23.11970", "2007-12-31": "20.64530", "2007-09-30": "23.35990", "2007-06-30": "24.28970", "2007-03-31": "23.84740", "2006-12-31": "21.34970", "2006-09-30": "23.79710", "2006-06-30": "23.79620", "2006-03-31": "24.00180", "2005-12-31": "22.43870", "2005-09-30": "24.91930", "2005-06-30": "25.67030", "2005-03-31": "24.07990"}, "Operating Margin": {"2020-12-31": "5.47410", "2020-09-30": "6.44240", "2020-06-30": "6.57170", "2020-03-31": "5.28680", "2019-12-31": "4.43750", "2019-09-30": "4.51120", "2019-06-30": "4.86400", "2019-03-31": "7.40370", "2018-12-31": "5.23190", "2018-09-30": "6.58230", "2018-06-30": "5.64040", "2018-03-31": "3.77530", "2017-12-31": "3.51680", "2017-09-30": "0.79330", "2017-06-30": "1.65460", "2017-03-31": "2.81400", "2016-12-31": "2.86920", "2016-09-30": "1.75770", "2016-06-30": "4.22640", "2016-03-31": "3.67690", "2015-12-31": "3.09960", "2015-09-30": "1.60110", "2015-06-30": "2.00130", "2015-03-31": "1.12250", "2014-12-31": "2.01510", "2014-09-30": "-2.64350", "2014-06-30": "-0.07760", "2014-03-31": "0.73960", "2013-12-31": "1.99330", "2013-09-30": "-0.14630", "2013-06-30": "0.50310", "2013-03-31": "1.12630", "2012-12-31": "1.90430", "2012-09-30": "-0.20280", "2012-06-30": "0.83370", "2012-03-31": "1.45620", "2011-12-31": "1.49160", "2011-09-30": "0.72640", "2011-06-30": "2.02760", "2011-03-31": "3.26670", "2010-12-31": "3.66110", "2010-09-30": "3.54500", "2010-06-30": "4.11210", "2010-03-31": "5.52520", "2009-12-31": "4.98950", "2009-09-30": "4.60640", "2009-06-30": "3.41860", "2009-03-31": "4.99080", "2008-12-31": "4.07220", "2008-09-30": "3.61160", "2008-06-30": "5.34090", "2008-03-31": "4.78840", "2007-12-31": "4.77790", "2007-09-30": "3.77070", "2007-06-30": "4.01940", "2007-03-31": "4.80930", "2006-12-31": "4.91720", "2006-09-30": "1.73390", "2006-06-30": "2.19730", "2006-03-31": "4.65120", "2005-12-31": "5.54250", "2005-09-30": "2.96020", "2005-06-30": "5.93270", "2005-03-31": "5.67820"}, "EBIT Margin": {"2020-12-31": "5.47410", "2020-09-30": "6.44240", "2020-06-30": "6.57170", "2020-03-31": "5.28680", "2019-12-31": "4.43750", "2019-09-30": "4.51120", "2019-06-30": "4.86400", "2019-03-31": "7.40370", "2018-12-31": "5.23190", "2018-09-30": "6.58230", "2018-06-30": "5.64040", "2018-03-31": "3.77530", "2017-12-31": "3.51680", "2017-09-30": "0.79330", "2017-06-30": "1.65460", "2017-03-31": "2.81400", "2016-12-31": "2.86920", "2016-09-30": "1.75770", "2016-06-30": "4.22640", "2016-03-31": "3.67690", "2015-12-31": "3.09960", "2015-09-30": "1.60110", "2015-06-30": "2.00130", "2015-03-31": "1.12250", "2014-12-31": "2.01510", "2014-09-30": "-2.64350", "2014-06-30": "-0.07760", "2014-03-31": "0.73960", "2013-12-31": "1.99330", "2013-09-30": "-0.14630", "2013-06-30": "0.50310", "2013-03-31": "1.12630", "2012-12-31": "1.90430", "2012-09-30": "-0.20280", "2012-06-30": "0.83370", "2012-03-31": "1.45620", "2011-12-31": "1.49160", "2011-09-30": "0.72640", "2011-06-30": "2.02760", "2011-03-31": "3.26670", "2010-12-31": "3.66110", "2010-09-30": "3.54500", "2010-06-30": "4.11210", "2010-03-31": "5.52520", "2009-12-31": "4.98950", "2009-09-30": "4.60640", "2009-06-30": "3.41860", "2009-03-31": "4.99080", "2008-12-31": "4.07220", "2008-09-30": "3.61160", "2008-06-30": "5.34090", "2008-03-31": "4.78840", "2007-12-31": "4.77790", "2007-09-30": "3.77070", "2007-06-30": "4.01940", "2007-03-31": "4.80930", "2006-12-31": "4.91720", "2006-09-30": "1.73390", "2006-06-30": "2.19730", "2006-03-31": "4.65120", "2005-12-31": "5.54250", "2005-09-30": "2.96020", "2005-06-30": "5.93270", "2005-03-31": "5.67820"}, "EBITDA Margin": {"2020-12-31": "", "2020-09-30": "", "2020-06-30": "", "2020-03-31": "", "2019-12-31": "", "2019-09-30": "", "2019-06-30": "", "2019-03-31": "", "2018-12-31": "", "2018-09-30": "", "2018-06-30": "", "2018-03-31": "", "2017-12-31": "", "2017-09-30": "", "2017-06-30": "", "2017-03-31": "", "2016-12-31": "", "2016-09-30": "", "2016-06-30": "", "2016-03-31": "", "2015-12-31": "", "2015-09-30": "", "2015-06-30": "", "2015-03-31": "", "2014-12-31": "", "2014-09-30": "", "2014-06-30": "", "2014-03-31": "", "2013-12-31": "", "2013-09-30": "", "2013-06-30": "", "2013-03-31": "", "2012-12-31": "", "2012-09-30": "", "2012-06-30": "", "2012-03-31": "", "2011-12-31": "", "2011-09-30": "", "2011-06-30": "", "2011-03-31": "", "2010-12-31": "", "2010-09-30": "", "2010-06-30": "", "2010-03-31": "", "2009-12-31": "", "2009-09-30": "", "2009-06-30": "", "2009-03-31": "", "2008-12-31": "", "2008-09-30": "", "2008-06-30": "", "2008-03-31": "", "2007-12-31": "", "2007-09-30": "", "2007-06-30": "", "2007-03-31": "", "2006-12-31": "", "2006-09-30": "", "2006-06-30": "", "2006-03-31": "", "2005-12-31": "", "2005-09-30": "", "2005-06-30": "", "2005-03-31": ""}, "Pre-Tax Profit Margin": {"2020-12-31": "6.18450", "2020-09-30": "7.08200", "2020-06-30": "6.99680", "2020-03-31": "4.48360", "2019-12-31": "4.63650", "2019-09-30": "3.76100", "2019-06-30": "4.55650", "2019-03-31": "7.37190", "2018-12-31": "4.62820", "2018-09-30": "5.99190", "2018-06-30": "4.92570", "2018-03-31": "3.75380", "2017-12-31": "3.09500", "2017-09-30": "0.72240", "2017-06-30": "1.75470", "2017-03-31": "2.66840", "2016-12-31": "2.66570", "2016-09-30": "1.50090", "2016-06-30": "3.87780", "2016-03-31": "3.62540", "2015-12-31": "2.62410", "2015-09-30": "0.97410", "2015-06-30": "1.56140", "2015-03-31": "0.09240", "2014-12-31": "1.46620", "2014-09-30": "-3.08080", "2014-06-30": "-0.13960", "2014-03-31": "0.60790", "2013-12-31": "1.76270", "2013-09-30": "-0.25160", "2013-06-30": "0.10830", "2013-03-31": "0.50400", "2012-12-31": "1.57980", "2012-09-30": "-0.15940", "2012-06-30": "1.13760", "2012-03-31": "0.63710", "2011-12-31": "1.56040", "2011-09-30": "1.19530", "2011-06-30": "2.26970", "2011-03-31": "3.11450", "2010-12-31": "3.91600", "2010-09-30": "3.86240", "2010-06-30": "4.52330", "2010-03-31": "5.62330", "2009-12-31": "4.95800", "2009-09-30": "4.80820", "2009-06-30": "3.84860", "2009-03-31": "5.07260", "2008-12-31": "4.53460", "2008-09-30": "4.26830", "2008-06-30": "5.11940", "2008-03-31": "5.00600", "2007-12-31": "4.95420", "2007-09-30": "3.80130", "2007-06-30": "3.84620", "2007-03-31": "4.77610", "2006-12-31": "4.74160", "2006-09-30": "1.64720", "2006-06-30": "2.52450", "2006-03-31": "4.21240", "2005-12-31": "5.40810", "2005-09-30": "2.74490", "2005-06-30": "6.16090", "2005-03-31": "5.67820"}, "Net Profit Margin": {"2020-12-31": "5.75210", "2020-09-30": "6.58480", "2020-06-30": "5.89680", "2020-03-31": "3.35980", "2019-12-31": "3.73750", "2019-09-30": "3.04940", "2019-06-30": "4.14010", "2019-03-31": "5.96480", "2018-12-31": "4.18190", "2018-09-30": "5.09580", "2018-06-30": "4.79140", "2018-03-31": "3.19150", "2017-12-31": "3.07020", "2017-09-30": "0.58520", "2017-06-30": "0.51900", "2017-03-31": "2.02720", "2016-12-31": "1.71240", "2016-09-30": "0.77030", "2016-06-30": "2.81870", "2016-03-31": "1.76120", "2015-12-31": "1.34840", "2015-09-30": "0.31150", "2015-06-30": "0.39680", "2015-03-31": "-0.25090", "2014-12-31": "0.72970", "2014-09-30": "-2.12350", "2014-06-30": "-0.65150", "2014-03-31": "0.54710", "2013-12-31": "0.93800", "2013-09-30": "-0.23990", "2013-06-30": "-0.04460", "2013-03-31": "0.51030", "2012-12-31": "0.46080", "2012-09-30": "-1.98460", "2012-06-30": "0.05450", "2012-03-31": "0.98600", "2011-12-31": "1.00970", "2011-09-30": "0.57930", "2011-06-30": "1.92680", "2011-03-31": "2.03920", "2010-12-31": "3.20540", "2010-09-30": "3.05560", "2010-06-30": "3.15260", "2010-03-31": "4.19300", "2009-12-31": "4.03360", "2009-09-30": "3.65200", "2009-06-30": "3.05310", "2009-03-31": "3.62040", "2008-12-31": "3.37110", "2008-09-30": "2.76740", "2008-06-30": "3.88880", "2008-03-31": "3.45830", "2007-12-31": "3.64950", "2007-09-30": "2.45250", "2007-06-30": "2.70270", "2007-03-31": "3.68160", "2006-12-31": "2.45860", "2006-09-30": "0.82360", "2006-06-30": "1.02850", "2006-03-31": "2.23780", "2005-12-31": "6.68460", "2005-09-30": "1.61460", "2005-06-30": "2.96630", "2005-03-31": "4.10090"}, "Asset Turnover": {"2020-12-31": "0.39090", "2020-09-30": "0.34070", "2020-06-30": "0.34420", "2020-03-31": "0.34100", "2019-12-31": "0.38820", "2019-09-30": "0.35150", "2019-06-30": "0.33130", "2019-03-31": "0.33520", "2018-12-31": "0.44500", "2018-09-30": "0.39370", "2018-06-30": "0.39440", "2018-03-31": "0.40390", "2017-12-31": "0.46040", "2017-09-30": "0.37950", "2017-06-30": "0.43240", "2017-03-31": "0.44110", "2016-12-31": "0.52450", "2016-09-30": "0.46140", "2016-06-30": "0.46720", "2016-03-31": "0.47650", "2015-12-31": "0.55210", "2015-09-30": "0.45100", "2015-06-30": "0.44210", "2015-03-31": "0.45370", "2014-12-31": "0.53810", "2014-09-30": "0.50910", "2014-06-30": "0.51030", "2014-03-31": "0.54290", "2013-12-31": "0.63710", "2013-09-30": "0.53650", "2013-06-30": "0.53010", "2013-03-31": "0.56630", "2012-12-31": "0.65330", "2012-09-30": "0.60460", "2012-06-30": "0.61050", "2012-03-31": "0.64830", "2011-12-31": "0.68960", "2011-09-30": "0.57080", "2011-06-30": "0.55250", "2011-03-31": "0.58390", "2010-12-31": "0.68880", "2010-09-30": "0.53380", "2010-06-30": "0.52960", "2010-03-31": "0.59220", "2009-12-31": "0.68920", "2009-09-30": "0.60730", "2009-06-30": "0.60600", "2009-03-31": "0.70040", "2008-12-31": "0.80640", "2008-09-30": "0.64940", "2008-06-30": "0.64270", "2008-03-31": "0.70290", "2007-12-31": "0.87460", "2007-09-30": "0.70640", "2007-06-30": "0.72440", "2007-03-31": "0.82350", "2006-12-31": "0.91360", "2006-09-30": "0.70590", "2006-06-30": "0.67580", "2006-03-31": "0.76220", "2005-12-31": "0.80550", "2005-09-30": "0.65610", "2005-06-30": "0.67400", "2005-03-31": "0.76940"}, "Inventory Turnover Ratio": {"2020-12-31": "3.33200", "2020-09-30": "2.40600", "2020-06-30": "2.68690", "2020-03-31": "2.34700", "2019-12-31": "2.63340", "2019-09-30": "2.20090", "2019-06-30": "1.95570", "2019-03-31": "2.06430", "2018-12-31": "2.60780", "2018-09-30": "2.08060", "2018-06-30": "2.06640", "2018-03-31": "2.22070", "2017-12-31": "2.39880", "2017-09-30": "2.00930", "2017-06-30": "2.03740", "2017-03-31": "2.11700", "2016-12-31": "2.52670", "2016-09-30": "1.98770", "2016-06-30": "2.00040", "2016-03-31": "1.96890", "2015-12-31": "2.37640", "2015-09-30": "1.86560", "2015-06-30": "2.02950", "2015-03-31": "2.08920", "2014-12-31": "2.49080", "2014-09-30": "1.99930", "2014-06-30": "2.01670", "2014-03-31": "2.09280", "2013-12-31": "2.53740", "2013-09-30": "2.03790", "2013-06-30": "2.06810", "2013-03-31": "2.18740", "2012-12-31": "2.67570", "2012-09-30": "2.03730", "2012-06-30": "2.16620", "2012-03-31": "2.35650", "2011-12-31": "2.77040", "2011-09-30": "2.20820", "2011-06-30": "2.33040", "2011-03-31": "2.63430", "2010-12-31": "3.22200", "2010-09-30": "2.30060", "2010-06-30": "2.55520", "2010-03-31": "3.02250", "2009-12-31": "3.47440", "2009-09-30": "2.58260", "2009-06-30": "2.65510", "2009-03-31": "2.95500", "2008-12-31": "3.82840", "2008-09-30": "2.48290", "2008-06-30": "2.79670", "2008-03-31": "2.95170", "2007-12-31": "3.75080", "2007-09-30": "2.57730", "2007-06-30": "2.97280", "2007-03-31": "3.04510", "2006-12-31": "3.57470", "2006-09-30": "2.38860", "2006-06-30": "3.12860", "2006-03-31": "3.21930", "2005-12-31": "4.07950", "2005-09-30": "3.05920", "2005-06-30": "3.40210", "2005-03-31": "3.58310"}, "Receiveable Turnover": {"2020-12-31": "5.11590", "2020-09-30": "4.61530", "2020-06-30": "4.46390", "2020-03-31": "4.23030", "2019-12-31": "4.20050", "2019-09-30": "4.14410", "2019-06-30": "3.78600", "2019-03-31": "3.73620", "2018-12-31": "4.34030", "2018-09-30": "3.96800", "2018-06-30": "4.19500", "2018-03-31": "4.24430", "2017-12-31": "4.59230", "2017-09-30": "4.14360", "2017-06-30": "4.71730", "2017-03-31": "4.87300", "2016-12-31": "5.24540", "2016-09-30": "4.98230", "2016-06-30": "4.99080", "2016-03-31": "5.74290", "2015-12-31": "6.32230", "2015-09-30": "4.66140", "2015-06-30": "4.71240", "2015-03-31": "4.76050", "2014-12-31": "5.22590", "2014-09-30": "4.70590", "2014-06-30": "4.68850", "2014-03-31": "5.00410", "2013-12-31": "5.36730", "2013-09-30": "5.59110", "2013-06-30": "5.48900", "2013-03-31": "6.38710", "2012-12-31": "5.57190", "2012-09-30": "5.77170", "2012-06-30": "6.30660", "2012-03-31": "7.27250", "2011-12-31": "6.77990", "2011-09-30": "7.27010", "2011-06-30": "6.89360", "2011-03-31": "7.55900", "2010-12-31": "8.15820", "2010-09-30": "7.88320", "2010-06-30": "8.15650", "2010-03-31": "8.74970", "2009-12-31": "9.63560", "2009-09-30": "8.12070", "2009-06-30": "7.96400", "2009-03-31": "8.32880", "2008-12-31": "8.10640", "2008-09-30": "7.14240", "2008-06-30": "6.93340", "2008-03-31": "7.11700", "2007-12-31": "8.04540", "2007-09-30": "6.88190", "2007-06-30": "7.51560", "2007-03-31": "8.42180", "2006-12-31": "9.99000", "2006-09-30": "8.21000", "2006-06-30": "9.50670", "2006-03-31": "9.99560", "2005-12-31": "10.86500", "2005-09-30": "9.88300", "2005-06-30": "11.30970", "2005-03-31": "11.12280"}, "Days Sales In Receivables": {"2020-12-31": "17.59210", "2020-09-30": "19.50060", "2020-06-30": "20.16170", "2020-03-31": "21.27500", "2019-12-31": "21.42620", "2019-09-30": "21.71780", "2019-06-30": "23.77180", "2019-03-31": "24.08900", "2018-12-31": "20.73600", "2018-09-30": "22.68140", "2018-06-30": "21.45430", "2018-03-31": "21.20490", "2017-12-31": "19.59800", "2017-09-30": "21.72020", "2017-06-30": "19.07890", "2017-03-31": "18.46920", "2016-12-31": "17.15800", "2016-09-30": "18.06380", "2016-06-30": "18.03320", "2016-03-31": "15.67150", "2015-12-31": "14.23540", "2015-09-30": "19.30750", "2015-06-30": "19.09860", "2015-03-31": "18.90570", "2014-12-31": "17.22180", "2014-09-30": "19.12480", "2014-06-30": "19.19600", "2014-03-31": "17.98540", "2013-12-31": "16.76820", "2013-09-30": "16.09700", "2013-06-30": "16.39650", "2013-03-31": "14.09090", "2012-12-31": "16.15240", "2012-09-30": "15.59320", "2012-06-30": "14.27070", "2012-03-31": "12.37540", "2011-12-31": "13.27460", "2011-09-30": "12.37960", "2011-06-30": "13.05560", "2011-03-31": "11.90630", "2010-12-31": "11.03190", "2010-09-30": "11.41670", "2010-06-30": "11.03410", "2010-03-31": "10.28610", "2009-12-31": "9.34030", "2009-09-30": "11.08280", "2009-06-30": "11.30080", "2009-03-31": "10.80590", "2008-12-31": "11.10230", "2008-09-30": "12.60080", "2008-06-30": "12.98060", "2008-03-31": "12.64570", "2007-12-31": "11.18650", "2007-09-30": "13.07790", "2007-06-30": "11.97510", "2007-03-31": "10.68660", "2006-12-31": "9.00900", "2006-09-30": "10.96230", "2006-06-30": "9.46700", "2006-03-31": "9.00390", "2005-12-31": "8.28350", "2005-09-30": "9.10660", "2005-06-30": "7.95780", "2005-03-31": "8.09150"}, "ROE - Return On Equity": {"2020-12-31": "7.73200", "2020-09-30": "7.64840", "2020-06-30": "7.11130", "2020-03-31": "3.88370", "2019-12-31": "5.26590", "2019-09-30": "3.77650", "2019-06-30": "4.94710", "2019-03-31": "7.35590", "2018-12-31": "6.95080", "2018-09-30": "7.36870", "2018-06-30": "7.24100", "2018-03-31": "5.17750", "2017-12-31": "6.69820", "2017-09-30": "1.03820", "2017-06-30": "0.84860", "2017-03-31": "3.34040", "2016-12-31": "3.88380", "2016-09-30": "1.41720", "2016-06-30": "5.18200", "2016-03-31": "3.47660", "2015-12-31": "3.60130", "2015-09-30": "0.63560", "2015-06-30": "0.78180", "2015-03-31": "-0.52420", "2014-12-31": "1.99240", "2014-09-30": "-4.22790", "2014-06-30": "-1.18850", "2014-03-31": "1.04570", "2013-12-31": "2.46250", "2013-09-30": "-0.45120", "2013-06-30": "-0.08020", "2013-03-31": "0.97250", "2012-12-31": "1.19630", "2012-09-30": "-3.62770", "2012-06-30": "0.09330", "2012-03-31": "1.78790", "2011-12-31": "2.26890", "2011-09-30": "0.81120", "2011-06-30": "2.45980", "2011-03-31": "2.73580", "2010-12-31": "6.04600", "2010-09-30": "3.61110", "2010-06-30": "3.53420", "2010-03-31": "5.32220", "2009-12-31": "7.30450", "2009-09-30": "5.55090", "2009-06-30": "4.36120", "2009-03-31": "6.06580", "2008-12-31": "8.45810", "2008-09-30": "4.66960", "2008-06-30": "7.08520", "2008-03-31": "9.72790", "2007-12-31": "17.29320", "2007-09-30": "10.51250", "2007-06-30": "14.18180", "2007-03-31": "31.44480", "2006-12-31": "22.73780", "2006-09-30": "9.69390", "2006-06-30": "5.74410", "2006-03-31": "15.74070", "2005-12-31": "80.89430", "2005-09-30": "500.00000", "2005-06-30": "-81.25000", "2005-03-31": "-32.09880"}, "Return On Tangible Equity": {"2020-12-31": "9.21330", "2020-09-30": "9.33570", "2020-06-30": "8.88990", "2020-03-31": "5.01650", "2019-12-31": "6.90820", "2019-09-30": "5.10840", "2019-06-30": "6.84770", "2019-03-31": "10.56610", "2018-12-31": "10.43760", "2018-09-30": "11.73290", "2018-06-30": "12.03740", "2018-03-31": "9.01240", "2017-12-31": "12.92570", "2017-09-30": "2.24820", "2017-06-30": "1.03900", "2017-03-31": "4.05580", "2016-12-31": "4.83190", "2016-09-30": "1.80430", "2016-06-30": "6.71420", "2016-03-31": "4.67600", "2015-12-31": "5.00780", "2015-09-30": "0.88750", "2015-06-30": "1.11580", "2015-03-31": "-0.77210", "2014-12-31": "2.88330", "2014-09-30": "-6.23930", "2014-06-30": "-1.58990", "2014-03-31": "1.40720", "2013-12-31": "3.38460", "2013-09-30": "-0.63550", "2013-06-30": "-0.11440", "2013-03-31": "1.39050", "2012-12-31": "1.73760", "2012-09-30": "-5.46580", "2012-06-30": "0.14040", "2012-03-31": "2.45240", "2011-12-31": "3.03340", "2011-09-30": "1.08020", "2011-06-30": "3.26160", "2011-03-31": "3.44530", "2010-12-31": "7.52490", "2010-09-30": "4.51170", "2010-06-30": "4.47280", "2010-03-31": "6.82030", "2009-12-31": "9.54510", "2009-09-30": "6.36190", "2009-06-30": "5.06240", "2009-03-31": "7.12270", "2008-12-31": "10.11640", "2008-09-30": "5.56080", "2008-06-30": "8.63390", "2008-03-31": "13.26530", "2007-12-31": "21.23080", "2007-09-30": "14.73300", "2007-06-30": "23.21430", "2007-03-31": "70.70060", "2006-12-31": "41.52540", "2006-09-30": "950.00000", "2006-06-30": "11.57900", "2006-03-31": "38.93130", "2005-12-31": "228.73560", "2005-09-30": "-19.60780", "2005-06-30": "-23.85320", "2005-03-31": "-16.72030"}, "ROA - Return On Assets": {"2020-12-31": "2.24850", "2020-09-30": "2.24360", "2020-06-30": "2.02970", "2020-03-31": "1.14580", "2019-12-31": "1.45080", "2019-09-30": "1.07180", "2019-06-30": "1.37180", "2019-03-31": "1.99940", "2018-12-31": "1.86110", "2018-09-30": "2.00630", "2018-06-30": "1.88960", "2018-03-31": "1.28920", "2017-12-31": "1.41340", "2017-09-30": "0.22210", "2017-06-30": "0.22440", "2017-03-31": "0.89420", "2016-12-31": "0.89810", "2016-09-30": "0.35540", "2016-06-30": "1.31690", "2016-03-31": "0.83920", "2015-12-31": "0.74440", "2015-09-30": "0.14050", "2015-06-30": "0.17540", "2015-03-31": "-0.11380", "2014-12-31": "0.39260", "2014-09-30": "-1.08120", "2014-06-30": "-0.33250", "2014-03-31": "0.29700", "2013-12-31": "0.59760", "2013-09-30": "-0.12870", "2013-06-30": "-0.02360", "2013-03-31": "0.28900", "2012-12-31": "0.30100", "2012-09-30": "-1.20000", "2012-06-30": "0.03330", "2012-03-31": "0.63920", "2011-12-31": "0.69630", "2011-09-30": "0.33060", "2011-06-30": "1.06460", "2011-03-31": "1.19060", "2010-12-31": "2.20780", "2010-09-30": "1.63110", "2010-06-30": "1.66980", "2010-03-31": "2.48300", "2009-12-31": "2.78000", "2009-09-30": "2.21800", "2009-06-30": "1.85020", "2009-03-31": "2.53580", "2008-12-31": "2.71830", "2008-09-30": "1.79710", "2008-06-30": "2.49920", "2008-03-31": "2.43070", "2007-12-31": "3.19200", "2007-09-30": "1.73240", "2007-06-30": "1.95780", "2007-03-31": "3.03200", "2006-12-31": "2.24620", "2006-09-30": "0.58140", "2006-06-30": "0.69510", "2006-03-31": "1.70570", "2005-12-31": "5.38420", "2005-09-30": "1.05930", "2005-06-30": "1.99920", "2005-03-31": "2.10360"}, "ROI - Return On Investment": {"2020-12-31": "5.76740", "2020-09-30": "5.47170", "2020-06-30": "4.90660", "2020-03-31": "2.85770", "2019-12-31": "3.82340", "2019-09-30": "2.70200", "2019-06-30": "3.43630", "2019-03-31": "4.96430", "2018-12-31": "4.51490", "2018-09-30": "4.51820", "2018-06-30": "4.24930", "2018-03-31": "2.90360", "2017-12-31": "3.53850", "2017-09-30": "0.51860", "2017-06-30": "0.63760", "2017-03-31": "2.46550", "2016-12-31": "2.77620", "2016-09-30": "0.96970", "2016-06-30": "3.46260", "2016-03-31": "2.23290", "2015-12-31": "2.23030", "2015-09-30": "0.38210", "2015-06-30": "0.45960", "2015-03-31": "-0.29800", "2014-12-31": "1.12600", "2014-09-30": "-3.25270", "2014-06-30": "-0.91830", "2014-03-31": "0.80150", "2013-12-31": "1.85510", "2013-09-30": "-0.33800", "2013-06-30": "-0.05940", "2013-03-31": "0.71480", "2012-12-31": "0.86910", "2012-09-30": "-2.67870", "2012-06-30": "0.06960", "2012-03-31": "1.31970", "2011-12-31": "2.19670", "2011-09-30": "0.62520", "2011-06-30": "1.93010", "2011-03-31": "2.19620", "2010-12-31": "4.92580", "2010-09-30": "3.52080", "2010-06-30": "3.45630", "2010-03-31": "5.20090", "2009-12-31": "7.30450", "2009-09-30": "5.37690", "2009-06-30": "4.21990", "2009-03-31": "5.91580", "2008-12-31": "7.33530", "2008-09-30": "4.04110", "2008-06-30": "5.93320", "2008-03-31": "7.38260", "2007-12-31": "8.35010", "2007-09-30": "3.93310", "2007-06-30": "4.31890", "2007-03-31": "6.92020", "2006-12-31": "5.84030", "2006-09-30": "1.26670", "2006-06-30": "1.28880", "2006-03-31": "3.22170", "2005-12-31": "11.52960", "2005-09-30": "1.97500", "2005-06-30": "3.56900", "2005-03-31": "3.71690"}, "Book Value Per Share": {"2020-12-31": "185.69380", "2020-09-30": "164.89040", "2020-06-30": "147.16170", "2020-03-31": "130.80560", "2019-12-31": "124.61850", "2019-09-30": "114.15760", "2019-06-30": "107.41090", "2019-03-31": "98.39430", "2018-12-31": "88.69450", "2018-09-30": "80.01020", "2018-06-30": "71.85830", "2018-03-31": "64.87220", "2017-12-31": "57.25000", "2017-09-30": "51.15770", "2017-06-30": "48.36250", "2017-03-31": "45.34310", "2016-12-31": "40.42980", "2016-09-30": "37.43580", "2016-06-30": "34.89030", "2016-03-31": "31.26270", "2015-12-31": "28.41610", "2015-09-30": "26.50320", "2015-06-30": "25.14530", "2015-03-31": "23.33260", "2014-12-31": "23.09890", "2014-09-30": "22.32400", "2014-06-30": "22.94810", "2014-03-31": "22.45220", "2013-12-31": "21.23310", "2013-09-30": "19.84060", "2013-06-30": "19.10940", "2013-03-31": "18.53190", "2012-12-31": "18.04410", "2012-09-30": "16.67330", "2012-06-30": "16.60400", "2012-03-31": "16.15780", "2011-12-31": "17.04840", "2011-09-30": "17.06810", "2011-06-30": "17.10350", "2011-03-31": "16.25440", "2010-12-31": "15.21950", "2010-09-30": "14.24720", "2010-06-30": "13.07370", "2010-03-31": "12.59640", "2009-12-31": "11.84010", "2009-09-30": "8.27940", "2009-06-30": "7.53700", "2009-03-31": "6.80190", "2008-12-31": "6.24300", "2008-09-30": "5.89040", "2008-06-30": "5.23470", "2008-03-31": "3.52520", "2007-12-31": "2.87740", "2007-09-30": "1.83370", "2007-06-30": "1.33170", "2007-03-31": "0.86310", "2006-12-31": "1.04110", "2006-09-30": "0.47690", "2006-06-30": "0.91410", "2006-03-31": "0.77700", "2005-12-31": "0.59130", "2005-09-30": "0.01450", "2005-06-30": "-0.15530", "2005-03-31": "-0.39420"}, "Operating Cash Flow Per Share": {"2020-12-31": 59.9416, "2020-09-30": 23.0947, "2020-06-30": 40.4457, "2020-03-31": "6.05530", "2019-12-31": 39.006, "2019-09-30": 15.6155, "2019-06-30": 18.1179, "2019-03-31": "3.67730", "2018-12-31": 33.0109, "2018-09-30": 17.1191, "2018-06-30": 14.9124, "2018-03-31": "-3.59640", "2017-12-31": 25.0916, "2017-09-30": 7.6274, "2017-06-30": 7.8366, "2017-03-31": "-3.30410", "2016-12-31": 22.5867, "2016-09-30": 9.5923, "2016-06-30": 7.4247, "2016-03-31": "-4.06030", "2015-12-31": 18.7369, "2015-09-30": 5.4559, "2015-06-30": 4.2699, "2015-03-31": "-3.22370", "2014-12-31": 14.5352, "2014-09-30": 3.8318, "2014-06-30": 1.7887, "2014-03-31": "-5.34620", "2013-12-31": 11.9996, "2013-09-30": 3.0465, "2013-06-30": 1.8512, "2013-03-31": "-5.12310", "2012-12-31": 11.2208, "2012-09-30": 2.0328, "2012-06-30": 1.2738, "2012-03-31": "-5.30000", "2011-12-31": 9.2603, "2011-09-30": 1.7344, "2011-06-30": 0.927, "2011-03-31": "-3.45530", "2010-12-31": 7.6491, "2010-09-30": 1.8791, "2010-06-30": 0.5548, "2010-03-31": "-2.41850", "2009-12-31": 5.9037, "2009-09-30": 1.8124, "2009-06-30": 1.0728, "2009-03-31": "-1.33870", "2008-12-31": 3.6392, "2008-09-30": 0.982, "2008-06-30": 0.8211, "2008-03-31": "-1.51410", "2007-12-31": 2.709, "2007-09-30": 0.5574, "2007-06-30": 0.7116, "2007-03-31": "-0.66430", "2006-12-31": 1.7548, "2006-09-30": 0.307, "2006-06-30": 0.3052, "2006-03-31": "-0.71130", "2005-12-31": 1.48, "2005-09-30": 0.3583, "2005-06-30": 0.5758, "2005-03-31": "-0.69340"}, "Free Cash Flow Per Share": {"2020-12-31": 33.9036, "2020-09-30": 4.0771, "2020-06-30": 27.5147, "2020-03-31": "-4.67190", "2019-12-31": 31.1885, "2019-09-30": 8.9204, "2019-06-30": 12.8742, "2019-03-31": "-1.74300", "2018-12-31": 26.7381, "2018-09-30": 12.0979, "2018-06-30": 9.0363, "2018-03-31": "-9.07230", "2017-12-31": 18.9046, "2017-09-30": 2.2786, "2017-06-30": 2.7687, "2017-03-31": "-7.10200", "2016-12-31": 18.4219, "2016-09-30": 5.8211, "2016-06-30": 3.8924, "2016-03-31": "-6.51140", "2015-12-31": 15.9783, "2015-09-30": 2.9721, "2015-06-30": 1.7649, "2015-03-31": "-5.09680", "2014-12-31": 12.0393, "2014-09-30": 0.8778, "2014-06-30": -1.0447, "2014-03-31": "-7.65380", "2013-12-31": 10.2058, "2013-09-30": 0.7803, "2013-06-30": -0.0482, "2013-03-31": "-6.57020", "2012-12-31": 6.757, "2012-09-30": 0.4185, "2012-06-30": -0.1644, "2012-03-31": "-6.13910", "2011-12-31": 8.0673, "2011-09-30": 0.5881, "2011-06-30": -0.0128, "2011-03-31": "-4.10460", "2010-12-31": 6.9298, "2010-09-30": 1.1899, "2010-06-30": 0.1247, "2010-03-31": "-2.72690", "2009-12-31": 5.595, "2009-09-30": 1.5795, "2009-06-30": 0.8963, "2009-03-31": "-1.46450", "2008-12-31": 3.3982, "2008-09-30": 0.7545, "2008-06-30": 0.662, "2008-03-31": "-1.65730", "2007-12-31": 2.536, "2007-09-30": 0.396, "2007-06-30": 0.5986, "2007-03-31": "-0.74520", "2006-12-31": 1.6368, "2006-09-30": 0.1596, "2006-06-30": 0.169, "2006-03-31": "-0.81920", "2005-12-31": 1.3493, "2005-09-30": 0.1819, "2005-06-30": 0.4653, "2005-03-31": "-0.75470"}}, "revenue": {"Amazon Annual Revenue (Millions of US $)": {"2020": "$386,064", "2019": "$280,522", "2018": "$232,887", "2017": "$177,866", "2016": "$135,987", "2015": "$107,006", "2014": "$88,988", "2013": "$74,452", "2012": "$61,093", "2011": "$48,077", "2010": "$34,204", "2009": "$24,509", "2008": "$19,166", "2007": "$14,835", "2006": "$10,711", "2005": "$8,490"}, "Amazon Quarterly Revenue (Millions of US $)": {"2020-12-31": "$125,555", "2020-09-30": "$96,145", "2020-06-30": "$88,912", "2020-03-31": "$75,452", "2019-12-31": "$87,437", "2019-09-30": "$69,981", "2019-06-30": "$63,404", "2019-03-31": "$59,700", "2018-12-31": "$72,383", "2018-09-30": "$56,576", "2018-06-30": "$52,886", "2018-03-31": "$51,042", "2017-12-31": "$60,453", "2017-09-30": "$43,744", "2017-06-30": "$37,955", "2017-03-31": "$35,714", "2016-12-31": "$43,741", "2016-09-30": "$32,714", "2016-06-30": "$30,404", "2016-03-31": "$29,128", "2015-12-31": "$35,746", "2015-09-30": "$25,358", "2015-06-30": "$23,185", "2015-03-31": "$22,717", "2014-12-31": "$29,328", "2014-09-30": "$20,579", "2014-06-30": "$19,340", "2014-03-31": "$19,741", "2013-12-31": "$25,586", "2013-09-30": "$17,092", "2013-06-30": "$15,704", "2013-03-31": "$16,070", "2012-12-31": "$21,268", "2012-09-30": "$13,806", "2012-06-30": "$12,834", "2012-03-31": "$13,185", "2011-12-31": "$17,431", "2011-09-30": "$10,876", "2011-06-30": "$9,913", "2011-03-31": "$9,857", "2010-12-31": "$12,947", "2010-09-30": "$7,560", "2010-06-30": "$6,566", "2010-03-31": "$7,131", "2009-12-31": "$9,520", "2009-09-30": "$5,449", "2009-06-30": "$4,651", "2009-03-31": "$4,889", "2008-12-31": "$6,704", "2008-09-30": "$4,264", "2008-06-30": "$4,063", "2008-03-31": "$4,135", "2007-12-31": "$5,672", "2007-09-30": "$3,262", "2007-06-30": "$2,886", "2007-03-31": "$3,015", "2006-12-31": "$3,986", "2006-09-30": "$2,307", "2006-06-30": "$2,139", "2006-03-31": "$2,279", "2005-12-31": "$2,977", "2005-09-30": "$1,858", "2005-06-30": "$1,753", "2005-03-31": "$1,902"}}, "gross-profit": {"Amazon Annual Gross Profit (Millions of US $)": {"2020": "$152,757", "2019": "$114,986", "2018": "$93,731", "2017": "$65,932", "2016": "$47,722", "2015": "$35,355", "2014": "$26,236", "2013": "$20,271", "2012": "$15,122", "2011": "$10,789", "2010": "$7,643", "2009": "$5,531", "2008": "$4,270", "2007": "$3,353", "2006": "$2,456", "2005": "$2,039"}, "Amazon Quarterly Gross Profit (Millions of US $)": {"2020-12-31": "$46,271", "2020-09-30": "$39,039", "2020-06-30": "$36,252", "2020-03-31": "$31,195", "2019-12-31": "$33,460", "2019-09-30": "$28,679", "2019-06-30": "$27,067", "2019-03-31": "$25,780", "2018-12-31": "$27,597", "2018-09-30": "$23,573", "2018-06-30": "$22,254", "2018-03-31": "$20,307", "2017-12-31": "$21,959", "2017-09-30": "$16,195", "2017-06-30": "$14,504", "2017-03-31": "$13,274", "2016-12-31": "$14,782", "2016-09-30": "$11,454", "2016-06-30": "$11,224", "2016-03-31": "$10,262", "2015-12-31": "$11,405", "2015-09-30": "$8,603", "2015-06-30": "$8,025", "2015-03-31": "$7,322", "2014-12-31": "$8,657", "2014-09-30": "$5,952", "2014-06-30": "$5,941", "2014-03-31": "$5,686", "2013-12-31": "$6,781", "2013-09-30": "$4,726", "2013-06-30": "$4,495", "2013-03-31": "$4,269", "2012-12-31": "$5,131", "2012-09-30": "$3,487", "2012-06-30": "$3,346", "2012-03-31": "$3,158", "2011-12-31": "$3,601", "2011-09-30": "$2,551", "2011-06-30": "$2,388", "2011-03-31": "$2,249", "2010-12-31": "$2,630", "2010-09-30": "$1,774", "2010-06-30": "$1,609", "2010-03-31": "$1,630", "2009-12-31": "$1,977", "2009-09-30": "$1,273", "2009-06-30": "$1,133", "2009-03-31": "$1,148", "2008-12-31": "$1,348", "2008-09-30": "$999", "2008-06-30": "$967", "2008-03-31": "$956", "2007-12-31": "$1,171", "2007-09-30": "$762", "2007-06-30": "$701", "2007-03-31": "$719", "2006-12-31": "$851", "2006-09-30": "$549", "2006-06-30": "$509", "2006-03-31": "$547", "2005-12-31": "$668", "2005-09-30": "$463", "2005-06-30": "$450", "2005-03-31": "$458"}}, "operating-income": {"Amazon Annual Operating Income (Millions of US $)": {"2020": "$22,899", "2019": "$14,541", "2018": "$12,421", "2017": "$4,106", "2016": "$4,186", "2015": "$2,233", "2014": "$178", "2013": "$745", "2012": "$676", "2011": "$862", "2010": "$1,406", "2009": "$1,129", "2008": "$842", "2007": "$655", "2006": "$389", "2005": "$432"}, "Amazon Quarterly Operating Income (Millions of US $)": {"2020-12-31": "$6,873", "2020-09-30": "$6,194", "2020-06-30": "$5,843", "2020-03-31": "$3,989", "2019-12-31": "$3,880", "2019-09-30": "$3,157", "2019-06-30": "$3,084", "2019-03-31": "$4,420", "2018-12-31": "$3,787", "2018-09-30": "$3,724", "2018-06-30": "$2,983", "2018-03-31": "$1,927", "2017-12-31": "$2,126", "2017-09-30": "$347", "2017-06-30": "$628", "2017-03-31": "$1,005", "2016-12-31": "$1,255", "2016-09-30": "$575", "2016-06-30": "$1,285", "2016-03-31": "$1,071", "2015-12-31": "$1,108", "2015-09-30": "$406", "2015-06-30": "$464", "2015-03-31": "$255", "2014-12-31": "$591", "2014-09-30": "$-544", "2014-06-30": "$-15", "2014-03-31": "$146", "2013-12-31": "$510", "2013-09-30": "$-25", "2013-06-30": "$79", "2013-03-31": "$181", "2012-12-31": "$405", "2012-09-30": "$-28", "2012-06-30": "$107", "2012-03-31": "$192", "2011-12-31": "$260", "2011-09-30": "$79", "2011-06-30": "$201", "2011-03-31": "$322", "2010-12-31": "$474", "2010-09-30": "$268", "2010-06-30": "$270", "2010-03-31": "$394", "2009-12-31": "$475", "2009-09-30": "$251", "2009-06-30": "$159", "2009-03-31": "$244", "2008-12-31": "$273", "2008-09-30": "$154", "2008-06-30": "$217", "2008-03-31": "$198", "2007-12-31": "$271", "2007-09-30": "$123", "2007-06-30": "$116", "2007-03-31": "$145", "2006-12-31": "$196", "2006-09-30": "$40", "2006-06-30": "$47", "2006-03-31": "$106", "2005-12-31": "$165", "2005-09-30": "$55", "2005-06-30": "$104", "2005-03-31": "$108"}}, "ebitda": {"Amazon Annual EBITDA (Millions of US $)": {"2020": "$48,150", "2019": "$36,330", "2018": "$27,762", "2017": "$15,584", "2016": "$12,302", "2015": "$8,514", "2014": "$4,924", "2013": "$3,998", "2012": "$2,835", "2011": "$1,945", "2010": "$1,974", "2009": "$1,507", "2008": "$1,129", "2007": "$901", "2006": "$594", "2005": "$553"}, "Amazon Quarterly EBITDA (Millions of US $)": {"2020-12-31": "$14,491", "2020-09-30": "$12,717", "2020-06-30": "$11,591", "2020-03-31": "$9,351", "2019-12-31": "$10,050", "2019-09-30": "$8,720", "2019-06-30": "$8,286", "2019-03-31": "$9,274", "2018-12-31": "$8,049", "2018-09-30": "$7,502", "2018-06-30": "$6,613", "2018-03-31": "$5,598", "2017-12-31": "$5,624", "2017-09-30": "$3,259", "2017-06-30": "$3,261", "2017-03-31": "$3,440", "2016-12-31": "$3,552", "2016-09-30": "$2,658", "2016-06-30": "$3,194", "2016-03-31": "$2,898", "2015-12-31": "$2,860", "2015-09-30": "$2,005", "2015-06-30": "$1,968", "2015-03-31": "$1,681", "2014-12-31": "$1,971", "2014-09-30": "$703", "2014-06-30": "$1,094", "2014-03-31": "$1,156", "2013-12-31": "$1,472", "2013-09-30": "$809", "2013-06-30": "$836", "2013-03-31": "$881", "2012-12-31": "$1,067", "2012-09-30": "$527", "2012-06-30": "$592", "2012-03-31": "$649", "2011-12-31": "$619", "2011-09-30": "$357", "2011-06-30": "$445", "2011-03-31": "$524", "2010-12-31": "$643", "2010-09-30": "$418", "2010-06-30": "$400", "2010-03-31": "$513", "2009-12-31": "$587", "2009-09-30": "$346", "2009-06-30": "$243", "2009-03-31": "$331", "2008-12-31": "$350", "2008-09-30": "$230", "2008-06-30": "$286", "2008-03-31": "$263", "2007-12-31": "$334", "2007-09-30": "$184", "2007-06-30": "$176", "2007-03-31": "$207", "2006-12-31": "$255", "2006-09-30": "$103", "2006-06-30": "$90", "2006-03-31": "$146", "2005-12-31": "$201", "2005-09-30": "$85", "2005-06-30": "$131", "2005-03-31": "$136"}}, "net-income": {"Amazon Annual Net Income (Millions of US $)": {"2020": "$21,331", "2019": "$11,588", "2018": "$10,073", "2017": "$3,033", "2016": "$2,371", "2015": "$596", "2014": "$-241", "2013": "$274", "2012": "$-39", "2011": "$631", "2010": "$1,152", "2009": "$902", "2008": "$645", "2007": "$476", "2006": "$190", "2005": "$359"}, "Amazon Quarterly Net Income (Millions of US $)": {"2020-12-31": "$7,222", "2020-09-30": "$6,331", "2020-06-30": "$5,243", "2020-03-31": "$2,535", "2019-12-31": "$3,268", "2019-09-30": "$2,134", "2019-06-30": "$2,625", "2019-03-31": "$3,561", "2018-12-31": "$3,027", "2018-09-30": "$2,883", "2018-06-30": "$2,534", "2018-03-31": "$1,629", "2017-12-31": "$1,856", "2017-09-30": "$256", "2017-06-30": "$197", "2017-03-31": "$724", "2016-12-31": "$749", "2016-09-30": "$252", "2016-06-30": "$857", "2016-03-31": "$513", "2015-12-31": "$482", "2015-09-30": "$79", "2015-06-30": "$92", "2015-03-31": "$-57", "2014-12-31": "$214", "2014-09-30": "$-437", "2014-06-30": "$-126", "2014-03-31": "$108", "2013-12-31": "$240", "2013-09-30": "$-41", "2013-06-30": "$-7", "2013-03-31": "$82", "2012-12-31": "$98", "2012-09-30": "$-274", "2012-06-30": "$7", "2012-03-31": "$130", "2011-12-31": "$176", "2011-09-30": "$63", "2011-06-30": "$191", "2011-03-31": "$201", "2010-12-31": "$415", "2010-09-30": "$231", "2010-06-30": "$207", "2010-03-31": "$299", "2009-12-31": "$384", "2009-09-30": "$199", "2009-06-30": "$142", "2009-03-31": "$177", "2008-12-31": "$226", "2008-09-30": "$118", "2008-06-30": "$158", "2008-03-31": "$143", "2007-12-31": "$207", "2007-09-30": "$80", "2007-06-30": "$78", "2007-03-31": "$111", "2006-12-31": "$98", "2006-09-30": "$19", "2006-06-30": "$22", "2006-03-31": "$51", "2005-12-31": "$199", "2005-09-30": "$30", "2005-06-30": "$52", "2005-03-31": "$78"}}, "eps-earnings-per-share-diluted": {"Amazon Annual EPS": {"2020": "$41.83", "2019": "$23.01", "2018": "$20.14", "2017": "$6.15", "2016": "$4.90", "2015": "$1.25", "2014": "$-0.52", "2013": "$0.59", "2012": "$-0.09", "2011": "$1.37", "2010": "$2.53", "2009": "$2.04", "2008": "$1.49", "2007": "$1.12", "2006": "$0.45", "2005": "$0.84"}, "Amazon Quarterly EPS": {"2020-12-31": "$14.15", "2020-09-30": "$12.37", "2020-06-30": "$10.30", "2020-03-31": "$5.01", "2019-12-31": "$6.47", "2019-09-30": "$4.23", "2019-06-30": "$5.22", "2019-03-31": "$7.09", "2018-12-31": "$6.05", "2018-09-30": "$5.75", "2018-06-30": "$5.07", "2018-03-31": "$3.27", "2017-12-31": "$3.75", "2017-09-30": "$0.52", "2017-06-30": "$0.40", "2017-03-31": "$1.48", "2016-12-31": "$1.53", "2016-09-30": "$0.52", "2016-06-30": "$1.78", "2016-03-31": "$1.07", "2015-12-31": "$1.01", "2015-09-30": "$0.17", "2015-06-30": "$0.19", "2015-03-31": "$-0.12", "2014-12-31": "$0.47", "2014-09-30": "$-0.95", "2014-06-30": "$-0.27", "2014-03-31": "$0.23", "2013-12-31": "$0.52", "2013-09-30": "$-0.09", "2013-06-30": "$-0.02", "2013-03-31": "$0.18", "2012-12-31": "$0.22", "2012-09-30": "$-0.60", "2012-06-30": "$0.01", "2012-03-31": "$0.28", "2011-12-31": "$0.38", "2011-09-30": "$0.14", "2011-06-30": "$0.41", "2011-03-31": "$0.44", "2010-12-31": "$0.91", "2010-09-30": "$0.51", "2010-06-30": "$0.45", "2010-03-31": "$0.66", "2009-12-31": "$0.86", "2009-09-30": "$0.45", "2009-06-30": "$0.32", "2009-03-31": "$0.41", "2008-12-31": "$0.51", "2008-09-30": "$0.27", "2008-06-30": "$0.37", "2008-03-31": "$0.34", "2007-12-31": "$0.48", "2007-09-30": "$0.19", "2007-06-30": "$0.19", "2007-03-31": "$0.26", "2006-12-31": "$0.23", "2006-09-30": "$0.05", "2006-06-30": "$0.05", "2006-03-31": "$0.12", "2005-12-31": "$0.47", "2005-09-30": "$0.07", "2005-06-30": "$0.12", "2005-03-31": "$0.18"}}, "shares-outstanding": {"Amazon Annual Shares Outstanding (Millions of Shares)": {"2020": "510", "2019": "504", "2018": "500", "2017": "493", "2016": "484", "2015": "477", "2014": "462", "2013": "465", "2012": "453", "2011": "461", "2010": "456", "2009": "442", "2008": "432", "2007": "424", "2006": "424", "2005": "426"}, "Amazon Quarterly Shares Outstanding (Millions of Shares)": {"2020-12-31": "510", "2020-09-30": "512", "2020-06-30": "509", "2020-03-31": "506", "2019-12-31": "504", "2019-09-30": "504", "2019-06-30": "503", "2019-03-31": "502", "2018-12-31": "500", "2018-09-30": "501", "2018-06-30": "500", "2018-03-31": "498", "2017-12-31": "493", "2017-09-30": "494", "2017-06-30": "492", "2017-03-31": "490", "2016-12-31": "484", "2016-09-30": "485", "2016-06-30": "483", "2016-03-31": "481", "2015-12-31": "477", "2015-09-30": "478", "2015-06-30": "476", "2015-03-31": "465", "2014-12-31": "462", "2014-09-30": "463", "2014-06-30": "461", "2014-03-31": "468", "2013-12-31": "465", "2013-09-30": "457", "2013-06-30": "456", "2013-03-31": "463", "2012-12-31": "453", "2012-09-30": "452", "2012-06-30": "458", "2012-03-31": "460", "2011-12-31": "461", "2011-09-30": "461", "2011-06-30": "460", "2011-03-31": "459", "2010-12-31": "456", "2010-09-30": "456", "2010-06-30": "455", "2010-03-31": "454", "2009-12-31": "442", "2009-09-30": "441", "2009-06-30": "440", "2009-03-31": "437", "2008-12-31": "432", "2008-09-30": "436", "2008-06-30": "430", "2008-03-31": "426", "2007-12-31": "424", "2007-09-30": "425", "2007-06-30": "423", "2007-03-31": "420", "2006-12-31": "424", "2006-09-30": "424", "2006-06-30": "426", "2006-03-31": "426", "2005-12-31": "426", "2005-09-30": "428", "2005-06-30": "425", "2005-03-31": "424"}}, "total-assets": {"Amazon Annual Total Assets (Millions of US $)": {"2020": "$321,195", "2019": "$225,248", "2018": "$162,648", "2017": "$131,310", "2016": "$83,402", "2015": "$64,747", "2014": "$54,505", "2013": "$40,159", "2012": "$32,555", "2011": "$25,278", "2010": "$18,797", "2009": "$13,813", "2008": "$8,314", "2007": "$6,485", "2006": "$4,363", "2005": "$3,696"}, "Amazon Quarterly Total Assets (Millions of US $)": {"2020-12-31": "$321,195", "2020-09-30": "$282,179", "2020-06-30": "$258,314", "2020-03-31": "$221,238", "2019-12-31": "$225,248", "2019-09-30": "$199,099", "2019-06-30": "$191,351", "2019-03-31": "$178,102", "2018-12-31": "$162,648", "2018-09-30": "$143,695", "2018-06-30": "$134,100", "2018-03-31": "$126,362", "2017-12-31": "$131,310", "2017-09-30": "$115,267", "2017-06-30": "$87,781", "2017-03-31": "$80,969", "2016-12-31": "$83,402", "2016-09-30": "$70,897", "2016-06-30": "$65,076", "2016-03-31": "$61,128", "2015-12-31": "$64,747", "2015-09-30": "$56,230", "2015-06-30": "$52,440", "2015-03-31": "$50,075", "2014-12-31": "$54,505", "2014-09-30": "$40,419", "2014-06-30": "$37,898", "2014-03-31": "$36,364", "2013-12-31": "$40,159", "2013-09-30": "$31,861", "2013-06-30": "$29,623", "2013-03-31": "$28,377", "2012-12-31": "$32,555", "2012-09-30": "$22,834", "2012-06-30": "$21,022", "2012-03-31": "$20,339", "2011-12-31": "$25,278", "2011-09-30": "$19,054", "2011-06-30": "$17,941", "2011-03-31": "$16,882", "2010-12-31": "$18,797", "2010-09-30": "$14,162", "2010-06-30": "$12,397", "2010-03-31": "$12,042", "2009-12-31": "$13,813", "2009-09-30": "$8,972", "2009-06-30": "$7,675", "2009-03-31": "$6,980", "2008-12-31": "$8,314", "2008-09-30": "$6,566", "2008-06-30": "$6,322", "2008-03-31": "$5,883", "2007-12-31": "$6,485", "2007-09-30": "$4,618", "2007-06-30": "$3,984", "2007-03-31": "$3,661", "2006-12-31": "$4,363", "2006-09-30": "$3,268", "2006-06-30": "$3,165", "2006-03-31": "$2,990", "2005-12-31": "$3,696", "2005-09-30": "$2,832", "2005-06-30": "$2,601", "2005-03-31": "$2,472"}}, "cash-on-hand": {"Amazon Annual Cash on Hand (Millions of US $)": {"2020": "$84,396", "2019": "$55,021", "2018": "$41,250", "2017": "$30,986", "2016": "$25,981", "2015": "$19,808", "2014": "$17,416", "2013": "$12,447", "2012": "$11,448", "2011": "$9,576", "2010": "$8,762", "2009": "$6,366", "2008": "$3,727", "2007": "$3,112", "2006": "$2,019", "2005": "$2,000"}, "Amazon Quarterly Cash on Hand (Millions of US $)": {"2020-12-31": "$84,396", "2020-09-30": "$68,402", "2020-06-30": "$71,391", "2020-03-31": "$49,292", "2019-12-31": "$55,021", "2019-09-30": "$43,401", "2019-06-30": "$41,463", "2019-03-31": "$37,020", "2018-12-31": "$41,250", "2018-09-30": "$29,765", "2018-06-30": "$27,050", "2018-03-31": "$24,963", "2017-12-31": "$30,986", "2017-09-30": "$24,310", "2017-06-30": "$21,451", "2017-03-31": "$21,531", "2016-12-31": "$25,981", "2016-09-30": "$18,347", "2016-06-30": "$16,540", "2016-03-31": "$15,859", "2015-12-31": "$19,808", "2015-09-30": "$14,428", "2015-06-30": "$14,001", "2015-03-31": "$13,781", "2014-12-31": "$17,416", "2014-09-30": "$6,883", "2014-06-30": "$7,986", "2014-03-31": "$8,666", "2013-12-31": "$12,447", "2013-09-30": "$7,689", "2013-06-30": "$7,463", "2013-03-31": "$7,895", "2012-12-31": "$11,448", "2012-09-30": "$5,248", "2012-06-30": "$4,970", "2012-03-31": "$5,715", "2011-12-31": "$9,576", "2011-09-30": "$6,326", "2011-06-30": "$6,355", "2011-03-31": "$6,881", "2010-12-31": "$8,762", "2010-09-30": "$5,885", "2010-06-30": "$5,108", "2010-03-31": "$5,063", "2009-12-31": "$6,366", "2009-09-30": "$4,001", "2009-06-30": "$3,212", "2009-03-31": "$2,730", "2008-12-31": "$3,727", "2008-09-30": "$2,324", "2008-06-30": "$2,380", "2008-03-31": "$2,151", "2007-12-31": "$3,112", "2007-09-30": "$1,909", "2007-06-30": "$1,665", "2007-03-31": "$1,420", "2006-12-31": "$2,019", "2006-09-30": "$1,219", "2006-06-30": "$1,419", "2006-03-31": "$1,334", "2005-12-31": "$2,000", "2005-09-30": "$1,419", "2005-06-30": "$1,325", "2005-03-31": "$1,151"}}, "long-term-debt": {"Amazon Annual Long Term Debt (Millions of US $)": {"2020": "$31,816", "2019": "$23,414", "2018": "$23,495", "2017": "$24,743", "2016": "$7,694", "2015": "$8,227", "2014": "$8,265", "2013": "$3,191", "2012": "$3,084", "2011": "$255", "2010": "$1,561", "2009": "$", "2008": "$409", "2007": "$1,282", "2006": "$1,247", "2005": "$1,480"}, "Amazon Quarterly Long Term Debt (Millions of US $)": {"2020-12-31": "$31,816", "2020-09-30": "$32,929", "2020-06-30": "$33,128", "2020-03-31": "$23,437", "2019-12-31": "$23,414", "2019-09-30": "$22,472", "2019-06-30": "$23,329", "2019-03-31": "$23,322", "2018-12-31": "$23,495", "2018-09-30": "$24,684", "2018-06-30": "$24,638", "2018-03-31": "$24,640", "2017-12-31": "$24,743", "2017-09-30": "$24,710", "2017-06-30": "$7,683", "2017-03-31": "$7,691", "2016-12-31": "$7,694", "2016-09-30": "$8,205", "2016-06-30": "$8,212", "2016-03-31": "$8,219", "2015-12-31": "$8,227", "2015-09-30": "$8,243", "2015-06-30": "$8,250", "2015-03-31": "$8,257", "2014-12-31": "$8,265", "2014-09-30": "$3,099", "2014-06-30": "$3,119", "2014-03-31": "$3,147", "2013-12-31": "$3,191", "2013-09-30": "$3,043", "2013-06-30": "$3,042", "2013-03-31": "$3,040", "2012-12-31": "$3,084", "2012-09-30": "$2,676", "2012-06-30": "$2,553", "2012-03-31": "$2,580", "2011-12-31": "$255", "2011-09-30": "$2,310", "2011-06-30": "$2,131", "2011-03-31": "$1,805", "2010-12-31": "$1,561", "2010-09-30": "$164", "2010-06-30": "$132", "2010-03-31": "$131", "2009-12-31": "", "2009-09-30": "$116", "2009-06-30": "$109", "2009-03-31": "$74", "2008-12-31": "$409", "2008-09-30": "$393", "2008-06-30": "$433", "2008-03-31": "$467", "2007-12-31": "$1,282", "2007-09-30": "$1,273", "2007-06-30": "$1,256", "2007-03-31": "$1,251", "2006-12-31": "$1,247", "2006-09-30": "$1,304", "2006-06-30": "$1,324", "2006-03-31": "$1,259", "2005-12-31": "$1,480", "2005-09-30": "$1,513", "2005-06-30": "$1,521", "2005-03-31": "$1,561"}}, "total-liabilities": {"Amazon Annual Total Liabilities (Millions of US $)": {"2020": "$227,791", "2019": "$163,188", "2018": "$119,099", "2017": "$103,601", "2016": "$64,117", "2015": "$51,363", "2014": "$43,764", "2013": "$30,413", "2012": "$24,363", "2011": "$17,521", "2010": "$11,933", "2009": "$8,556", "2008": "$5,642", "2007": "$5,288", "2006": "$3,932", "2005": "$3,450"}, "Amazon Quarterly Total Liabilities (Millions of US $)": {"2020-12-31": "$227,791", "2020-09-30": "$199,404", "2020-06-30": "$184,586", "2020-03-31": "$155,966", "2019-12-31": "$163,188", "2019-09-30": "$142,591", "2019-06-30": "$138,290", "2019-03-31": "$129,692", "2018-12-31": "$119,099", "2018-09-30": "$104,570", "2018-06-30": "$99,105", "2018-03-31": "$94,899", "2017-12-31": "$103,601", "2017-09-30": "$90,609", "2017-06-30": "$64,567", "2017-03-31": "$59,295", "2016-12-31": "$64,117", "2016-09-30": "$53,115", "2016-06-30": "$48,538", "2016-03-31": "$46,372", "2015-12-31": "$51,363", "2015-09-30": "$43,800", "2015-06-30": "$40,672", "2015-03-31": "$39,202", "2014-12-31": "$43,764", "2014-09-30": "$30,083", "2014-06-30": "$27,296", "2014-03-31": "$26,036", "2013-12-31": "$30,413", "2013-09-30": "$22,774", "2013-06-30": "$20,890", "2013-03-31": "$19,945", "2012-12-31": "$24,363", "2012-09-30": "$15,281", "2012-06-30": "$13,517", "2012-03-31": "$13,068", "2011-12-31": "$17,521", "2011-09-30": "$11,288", "2011-06-30": "$10,176", "2011-03-31": "$9,535", "2010-12-31": "$11,933", "2010-09-30": "$7,765", "2010-06-30": "$6,540", "2010-03-31": "$6,424", "2009-12-31": "$8,556", "2009-09-30": "$5,387", "2009-06-30": "$4,419", "2009-03-31": "$4,062", "2008-12-31": "$5,642", "2008-09-30": "$4,039", "2008-06-30": "$4,092", "2008-03-31": "$4,413", "2007-12-31": "$5,288", "2007-09-30": "$3,857", "2007-06-30": "$3,434", "2007-03-31": "$3,308", "2006-12-31": "$3,932", "2006-09-30": "$3,072", "2006-06-30": "$2,782", "2006-03-31": "$2,666", "2005-12-31": "$3,450", "2005-09-30": "$2,826", "2005-06-30": "$2,665", "2005-03-31": "$2,634"}}, "total-share-holder-equity": {"Amazon Annual Share Holder Equity (Millions of US $)": {"2020": "$93,404", "2019": "$62,060", "2018": "$43,549", "2017": "$27,709", "2016": "$19,285", "2015": "$13,384", "2014": "$10,741", "2013": "$9,746", "2012": "$8,192", "2011": "$7,757", "2010": "$6,864", "2009": "$5,257", "2008": "$2,672", "2007": "$1,197", "2006": "$431", "2005": "$246"}, "Amazon Quarterly Share Holder Equity (Millions of US $)": {"2020-12-31": "$93,404", "2020-09-30": "$82,775", "2020-06-30": "$73,728", "2020-03-31": "$65,272", "2019-12-31": "$62,060", "2019-09-30": "$56,508", "2019-06-30": "$53,061", "2019-03-31": "$48,410", "2018-12-31": "$43,549", "2018-09-30": "$39,125", "2018-06-30": "$34,995", "2018-03-31": "$31,463", "2017-12-31": "$27,709", "2017-09-30": "$24,658", "2017-06-30": "$23,214", "2017-03-31": "$21,674", "2016-12-31": "$19,285", "2016-09-30": "$17,782", "2016-06-30": "$16,538", "2016-03-31": "$14,756", "2015-12-31": "$13,384", "2015-09-30": "$12,430", "2015-06-30": "$11,768", "2015-03-31": "$10,873", "2014-12-31": "$10,741", "2014-09-30": "$10,336", "2014-06-30": "$10,602", "2014-03-31": "$10,328", "2013-12-31": "$9,746", "2013-09-30": "$9,087", "2013-06-30": "$8,733", "2013-03-31": "$8,432", "2012-12-31": "$8,192", "2012-09-30": "$7,553", "2012-06-30": "$7,505", "2012-03-31": "$7,271", "2011-12-31": "$7,757", "2011-09-30": "$7,766", "2011-06-30": "$7,765", "2011-03-31": "$7,347", "2010-12-31": "$6,864", "2010-09-30": "$6,397", "2010-06-30": "$5,857", "2010-03-31": "$5,618", "2009-12-31": "$5,257", "2009-09-30": "$3,585", "2009-06-30": "$3,256", "2009-03-31": "$2,918", "2008-12-31": "$2,672", "2008-09-30": "$2,527", "2008-06-30": "$2,230", "2008-03-31": "$1,470", "2007-12-31": "$1,197", "2007-09-30": "$761", "2007-06-30": "$550", "2007-03-31": "$353", "2006-12-31": "$431", "2006-09-30": "$196", "2006-06-30": "$383", "2006-03-31": "$324", "2005-12-31": "$246", "2005-09-30": "$6", "2005-06-30": "$-64", "2005-03-31": "$-162"}}, "profit-margins": {"current": "5.53%"}, "gross margin": {"2020-12-31": "39.57%", "2020-09-30": "40.22%", "2020-06-30": "40.27%", "2020-03-31": "40.64%", "2019-12-31": "40.99%", "2019-09-30": "41.11%", "2019-06-30": "41.27%", "2019-03-31": "41.07%", "2018-12-31": "40.25%", "2018-09-30": "39.87%", "2018-06-30": "38.78%", "2018-03-31": "37.77%", "2017-12-31": "37.07%", "2017-09-30": "36.46%", "2017-06-30": "35.98%", "2017-03-31": "35.58%", "2016-12-31": "35.09%", "2016-09-30": "34.65%", "2016-06-30": "34.40%", "2016-03-31": "33.76%", "2015-12-31": "33.04%", "2015-09-30": "32.42%", "2015-06-30": "31.27%", "2015-03-31": "30.31%", "2014-12-31": "29.48%", "2014-09-30": "28.58%", "2014-06-30": "28.30%", "2014-03-31": "27.76%", "2013-12-31": "27.23%", "2013-09-30": "26.55%", "2013-06-30": "26.00%", "2013-03-31": "25.37%", "2012-12-31": "24.75%", "2012-09-30": "23.74%", "2012-06-30": "23.30%", "2012-03-31": "22.76%", "2011-12-31": "22.44%", "2011-09-30": "22.52%", "2011-06-30": "22.45%", "2011-03-31": "22.37%", "2010-12-31": "22.35%", "2010-09-30": "22.71%", "2010-06-30": "22.64%", "2010-03-31": "22.48%", "2009-12-31": "22.57%", "2009-09-30": "22.60%", "2009-06-30": "22.57%", "2009-03-31": "22.40%", "2008-12-31": "22.28%", "2008-09-30": "22.57%", "2008-06-30": "22.51%", "2008-03-31": "22.50%", "2007-12-31": "22.60%", "2007-09-30": "23.07%", "2007-06-30": "23.13%", "2007-03-31": "22.96%", "2006-12-31": "22.93%", "2006-09-30": "23.43%", "2006-06-30": "23.64%", "2006-03-31": "24.00%", "2005-12-31": "24.02%"}, "operating margin": {"2020-12-31": "5.93%", "2020-09-30": "5.72%", "2020-06-30": "5.24%", "2020-03-31": "4.76%", "2019-12-31": "5.18%", "2019-09-30": "5.44%", "2019-06-30": "5.96%", "2019-03-31": "6.17%", "2018-12-31": "5.33%", "2018-09-30": "4.87%", "2018-06-30": "3.55%", "2018-03-31": "2.60%", "2017-12-31": "2.31%", "2017-09-30": "2.01%", "2017-06-30": "2.31%", "2017-03-31": "2.89%", "2016-12-31": "3.08%", "2016-09-30": "3.16%", "2016-06-30": "3.21%", "2016-03-31": "2.69%", "2015-12-31": "2.09%", "2015-09-30": "1.71%", "2015-06-30": "0.80%", "2015-03-31": "0.31%", "2014-12-31": "0.20%", "2014-09-30": "0.11%", "2014-06-30": "0.75%", "2014-03-31": "0.91%", "2013-12-31": "1.00%", "2013-09-30": "0.91%", "2013-06-30": "0.95%", "2013-03-31": "1.04%", "2012-12-31": "1.11%", "2012-09-30": "0.93%", "2012-06-30": "1.17%", "2012-03-31": "1.42%", "2011-12-31": "1.79%", "2011-09-30": "2.47%", "2011-06-30": "3.14%", "2011-03-31": "3.61%", "2010-12-31": "4.11%", "2010-09-30": "4.57%", "2010-06-30": "4.85%", "2010-03-31": "4.78%", "2009-12-31": "4.61%", "2009-09-30": "4.27%", "2009-06-30": "4.05%", "2009-03-31": "4.46%", "2008-12-31": "4.39%", "2008-09-30": "4.63%", "2008-06-30": "4.72%", "2008-03-31": "4.44%", "2007-12-31": "4.42%", "2007-09-30": "4.41%", "2007-06-30": "4.08%", "2007-03-31": "3.74%", "2006-12-31": "3.63%", "2006-09-30": "3.69%", "2006-06-30": "4.03%", "2006-03-31": "4.85%", "2005-12-31": "5.09%"}, "ebitda margin": {"2020-12-31": "12.47%", "2020-09-30": "12.56%", "2020-06-30": "12.34%", "2020-03-31": "12.29%", "2019-12-31": "12.95%", "2019-09-30": "12.93%", "2019-06-30": "13.14%", "2019-03-31": "13.02%", "2018-12-31": "11.92%", "2018-09-30": "11.47%", "2018-06-30": "10.14%", "2018-03-31": "9.18%", "2017-12-31": "8.76%", "2017-09-30": "8.38%", "2017-06-30": "8.60%", "2017-03-31": "9.01%", "2016-12-31": "9.05%", "2016-09-30": "9.07%", "2016-06-30": "9.08%", "2016-03-31": "8.58%", "2015-12-31": "7.96%", "2015-09-30": "7.58%", "2015-06-30": "6.60%", "2015-03-31": "5.93%", "2014-12-31": "5.53%", "2014-09-30": "5.19%", "2014-06-30": "5.54%", "2014-03-31": "5.47%", "2013-12-31": "5.37%", "2013-09-30": "5.12%", "2013-06-30": "4.95%", "2013-03-31": "4.79%", "2012-12-31": "4.64%", "2012-09-30": "4.17%", "2012-06-30": "4.08%", "2012-03-31": "4.03%", "2011-12-31": "4.05%", "2011-09-30": "4.52%", "2011-06-30": "5.04%", "2011-03-31": "5.38%", "2010-12-31": "5.77%", "2010-09-30": "6.23%", "2010-06-30": "6.44%", "2010-03-31": "6.31%", "2009-12-31": "6.15%", "2009-09-30": "5.85%", "2009-06-30": "5.63%", "2009-03-31": "6.01%", "2008-12-31": "5.89%", "2008-09-30": "6.14%", "2008-06-30": "6.23%", "2008-03-31": "6.00%", "2007-12-31": "6.07%", "2007-09-30": "6.25%", "2007-06-30": "6.08%", "2007-03-31": "5.72%", "2006-12-31": "5.55%", "2006-09-30": "5.57%", "2006-06-30": "5.64%", "2006-03-31": "6.35%", "2005-12-31": "6.51%"}, "pre tax profit margin": {"2020-12-31": "6.26%", "2020-09-30": "5.88%", "2020-06-30": "5.06%", "2020-03-31": "4.37%", "2019-12-31": "4.98%", "2019-09-30": "5.00%", "2019-06-30": "5.57%", "2019-03-31": "5.69%", "2018-12-31": "4.84%", "2018-09-30": "4.43%", "2018-06-30": "3.22%", "2018-03-31": "2.47%", "2017-12-31": "2.14%", "2017-09-30": "1.92%", "2017-06-30": "2.18%", "2017-03-31": "2.66%", "2016-12-31": "2.86%", "2016-09-30": "2.86%", "2016-06-30": "2.83%", "2016-03-31": "2.30%", "2015-12-31": "1.47%", "2015-09-30": "1.05%", "2015-06-30": "0.19%", "2015-03-31": "-0.23%", "2014-12-31": "-0.12%", "2014-09-30": "-0.11%", "2014-06-30": "0.61%", "2014-03-31": "0.70%", "2013-12-31": "0.68%", "2013-09-30": "0.56%", "2013-06-30": "0.62%", "2013-03-31": "0.85%", "2012-12-31": "0.89%", "2012-09-30": "0.84%", "2012-06-30": "1.16%", "2012-03-31": "1.38%", "2011-12-31": "1.94%", "2011-09-30": "2.68%", "2011-06-30": "3.30%", "2011-03-31": "3.80%", "2010-12-31": "4.38%", "2010-09-30": "4.75%", "2010-06-30": "5.00%", "2010-03-31": "4.91%", "2009-12-31": "4.74%", "2009-09-30": "4.58%", "2009-06-30": "4.45%", "2009-03-31": "4.73%", "2008-12-31": "4.70%", "2008-09-30": "4.84%", "2008-06-30": "4.79%", "2008-03-31": "4.53%", "2007-12-31": "4.45%", "2007-09-30": "4.32%", "2007-06-30": "3.95%", "2007-03-31": "3.71%", "2006-12-31": "3.52%", "2006-09-30": "3.60%", "2006-06-30": "3.91%", "2006-03-31": "4.69%", "2005-12-31": "5.04%"}, "net profit margin": {"2020-12-31": "5.53%", "2020-09-30": "4.99%", "2020-06-30": "4.10%", "2020-03-31": "3.56%", "2019-12-31": "4.13%", "2019-09-30": "4.27%", "2019-06-30": "4.80%", "2019-03-31": "4.97%", "2018-12-31": "4.33%", "2018-09-30": "4.03%", "2018-06-30": "3.02%", "2018-03-31": "2.04%", "2017-12-31": "1.71%", "2017-09-30": "1.20%", "2017-06-30": "1.28%", "2017-03-31": "1.81%", "2016-12-31": "1.74%", "2016-09-30": "1.64%", "2016-06-30": "1.60%", "2016-03-31": "1.03%", "2015-12-31": "0.56%", "2015-09-30": "0.33%", "2015-06-30": "-0.20%", "2015-03-31": "-0.44%", "2014-12-31": "-0.27%", "2014-09-30": "-0.25%", "2014-06-30": "0.22%", "2014-03-31": "0.38%", "2013-12-31": "0.37%", "2013-09-30": "0.19%", "2013-06-30": "-0.15%", "2013-03-31": "-0.14%", "2012-12-31": "-0.06%", "2012-09-30": "0.07%", "2012-06-30": "0.69%", "2012-03-31": "1.09%", "2011-12-31": "1.31%", "2011-09-30": "2.00%", "2011-06-30": "2.58%", "2011-03-31": "2.85%", "2010-12-31": "3.37%", "2010-09-30": "3.64%", "2010-06-30": "3.80%", "2010-03-31": "3.83%", "2009-12-31": "3.68%", "2009-09-30": "3.43%", "2009-06-30": "3.23%", "2009-03-31": "3.41%", "2008-12-31": "3.37%", "2008-09-30": "3.45%", "2008-06-30": "3.43%", "2008-03-31": "3.18%", "2007-12-31": "3.21%", "2007-09-30": "2.79%", "2007-06-30": "2.51%", "2007-03-31": "2.18%", "2006-12-31": "1.77%", "2006-09-30": "3.00%", "2006-06-30": "3.26%", "2006-03-31": "3.74%", "2005-12-31": "4.23%"}, "pe ratio": {"current": "80.25", "2021-02-05": "121.10", "2020-12-31": "117.66", "2020-09-30": "92.20", "2020-06-30": "106.07", "2020-03-31": "93.15", "2019-12-31": "80.31", "2019-09-30": "76.88", "2019-06-30": "78.57", "2019-03-31": "74.35", "2018-12-31": "74.61", "2018-09-30": "112.28", "2018-06-30": "134.80", "2018-03-31": "182.28", "2017-12-31": "190.16", "2017-09-30": "244.00", "2017-06-30": "245.69", "2017-03-31": "166.64", "2016-12-31": "152.72", "2016-09-30": "191.60", "2016-06-30": "178.01", "2016-03-31": "244.30", "2015-12-31": "545.07", "2015-09-30": "741.55", "2015-06-30": "0.00", "2015-03-31": "0.00", "2014-12-31": "0.00", "2014-09-30": "0.00", "2014-06-30": "854.68", "2014-03-31": "533.91", "2013-12-31": "687.57", "2013-09-30": "1116.57", "2013-06-30": "0.00", "2013-03-31": "0.00", "2012-12-31": "0.00", "2012-09-30": "3633.14", "2012-06-30": "281.91", "2012-03-31": "167.36", "2011-12-31": "126.35", "2011-09-30": "113.81", "2011-06-30": "90.08", "2011-03-31": "77.98", "2010-12-31": "71.15", "2010-09-30": "63.59", "2010-06-30": "45.34", "2010-03-31": "59.55", "2009-12-31": "66.27", "2009-09-30": "54.92", "2009-06-30": "55.04", "2009-03-31": "46.78", "2008-12-31": "34.19", "2008-09-30": "49.84", "2008-06-30": "53.14", "2008-03-31": "59.42", "2007-12-31": "82.71", "2007-09-30": "107.07", "2007-06-30": "93.71", "2007-03-31": "67.44", "2006-12-31": "87.69"}, "price sales": {"2021-02-05": "4.42", "2020-12-31": "4.30", "2020-09-30": "4.60", "2020-06-30": "4.34", "2020-03-31": "3.32", "2019-12-31": "3.32", "2019-09-30": "3.28", "2019-06-30": "3.77", "2019-03-31": "3.69", "2018-12-31": "3.22", "2018-09-30": "4.51", "2018-06-30": "4.05", "2018-03-31": "3.70", "2017-12-31": "3.24", "2017-09-30": "2.92", "2017-06-30": "3.14", "2017-03-31": "3.02", "2016-12-31": "2.67", "2016-09-30": "3.15", "2016-06-30": "2.85", "2016-03-31": "2.50", "2015-12-31": "3.00", "2015-09-30": "2.39", "2015-06-30": "2.11", "2015-03-31": "1.87", "2014-12-31": "1.62", "2014-09-30": "1.76", "2014-06-30": "1.84", "2014-03-31": "1.99", "2013-12-31": "2.47", "2013-09-30": "2.04", "2013-06-30": "1.89", "2013-03-31": "1.90", "2012-12-31": "1.87", "2012-09-30": "2.03", "2012-06-30": "1.93", "2012-03-31": "1.81", "2011-12-31": "1.66", "2011-09-30": "2.28", "2011-06-30": "2.32", "2011-03-31": "2.23", "2010-12-31": "2.40", "2010-09-30": "2.30", "2010-06-30": "1.71", "2010-03-31": "2.26", "2009-12-31": "2.42", "2009-09-30": "1.88", "2009-06-30": "1.78", "2009-03-31": "1.60", "2008-12-31": "1.15", "2008-09-30": "1.72", "2008-06-30": "1.82", "2008-03-31": "1.90", "2007-12-31": "2.64", "2007-09-30": "3.00", "2007-06-30": "2.37", "2007-03-31": "1.47", "2006-12-31": "1.57"}, "price book": {"current": "18.07", "2021-02-05": "18.05", "2020-12-31": "17.54", "2020-09-30": "19.10", "2020-06-30": "18.75", "2020-03-31": "14.91", "2019-12-31": "14.83", "2019-09-30": "15.21", "2019-06-30": "17.63", "2019-03-31": "18.10", "2018-12-31": "16.93", "2018-09-30": "25.03", "2018-06-30": "23.65", "2018-03-31": "22.31", "2017-12-31": "20.43", "2017-09-30": "18.79", "2017-06-30": "20.02", "2017-03-31": "19.55", "2016-12-31": "18.55", "2016-09-30": "22.37", "2016-06-30": "20.51", "2016-03-31": "18.99", "2015-12-31": "23.79", "2015-09-30": "19.31", "2015-06-30": "17.26", "2015-03-31": "15.95", "2014-12-31": "13.44", "2014-09-30": "14.44", "2014-06-30": "14.15", "2014-03-31": "14.98", "2013-12-31": "18.78", "2013-09-30": "15.76", "2013-06-30": "14.53", "2013-03-31": "14.38", "2012-12-31": "13.90", "2012-09-30": "15.25", "2012-06-30": "13.75", "2012-03-31": "12.53", "2011-12-31": "10.15", "2011-09-30": "12.67", "2011-06-30": "11.96", "2011-03-31": "11.08", "2010-12-31": "11.83", "2010-09-30": "11.02", "2010-06-30": "8.36", "2010-03-31": "10.78", "2009-12-31": "11.36", "2009-09-30": "11.28", "2009-06-30": "11.10", "2009-03-31": "10.80", "2008-12-31": "8.21", "2008-09-30": "12.35", "2008-06-30": "14.01", "2008-03-31": "20.23", "2007-12-31": "32.20", "2007-09-30": "50.80", "2007-06-30": "51.37", "2007-03-31": "46.10", "2006-12-31": "37.90", "2006-09-30": "67.35", "2006-06-30": "42.31", "2006-03-31": "47.01"}, "price fcf": {"2021-02-05": "", "2020-12-31": "$60.82", "2020-09-30": "$58.11", "2020-06-30": "$62.95", "2020-03-31": "$48.31", "2019-12-31": "$51.24", "2019-09-30": "$46.79", "2019-06-30": "$49.97", "2019-03-31": "$46.13", "2018-12-31": "$38.80", "2018-09-30": "$30.97", "2018-06-30": "$21.15", "2018-03-31": "$14.88", "2017-12-31": "$16.85", "2017-09-30": "$16.37", "2017-06-30": "$19.91", "2017-03-31": "$21.03", "2016-12-31": "$21.62", "2016-09-30": "$19.18", "2016-06-30": "$16.33", "2016-03-31": "$14.20", "2015-12-31": "$15.62", "2015-09-30": "$11.68", "2015-06-30": "$9.59", "2015-03-31": "$6.78", "2014-12-31": "$4.22", "2014-09-30": "$2.39", "2014-06-30": "$2.29", "2014-03-31": "$3.28", "2013-12-31": "$4.37", "2013-09-30": "$0.92", "2013-06-30": "$0.56", "2013-03-31": "$0.44", "2012-12-31": "$0.87", "2012-09-30": "$2.18", "2012-06-30": "$2.35", "2012-03-31": "$2.50", "2011-12-31": "$4.54", "2011-09-30": "$3.40", "2011-06-30": "$4.00", "2011-03-31": "$4.14", "2010-12-31": "$5.52", "2010-09-30": "$4.18", "2010-06-30": "$4.57", "2010-03-31": "$5.34", "2009-12-31": "$6.61", "2009-09-30": "$4.41", "2009-06-30": "$3.58", "2009-03-31": "$3.35", "2008-12-31": "$3.16", "2008-09-30": "$2.30", "2008-06-30": "$1.94", "2008-03-31": "$1.87", "2007-12-31": "$2.79", "2007-09-30": "$1.89", "2007-06-30": "$1.65", "2007-03-31": "$1.22", "2006-12-31": "$1.15"}, "net worth": {"value": "$1000B"}, "current ratio": {"current": "1.05", "2020-12-31": "1.05", "2020-09-30": "1.11", "2020-06-30": "1.18", "2020-03-31": "1.08", "2019-12-31": "1.10", "2019-09-30": "1.10", "2019-06-30": "1.10", "2019-03-31": "1.09", "2018-12-31": "1.10", "2018-09-30": "1.08", "2018-06-30": "1.07", "2018-03-31": "1.06", "2017-12-31": "1.04", "2017-09-30": "1.03", "2017-06-30": "1.01", "2017-03-31": "1.06", "2016-12-31": "1.05", "2016-09-30": "1.06", "2016-06-30": "1.09", "2016-03-31": "1.08", "2015-12-31": "1.05", "2015-09-30": "1.08", "2015-06-30": "1.10", "2015-03-31": "1.12", "2014-12-31": "1.12", "2014-09-30": "0.89", "2014-06-30": "1.00", "2014-03-31": "1.05", "2013-12-31": "1.07", "2013-09-30": "1.07", "2013-06-30": "1.11", "2013-03-31": "1.14", "2012-12-31": "1.12", "2012-09-30": "1.04", "2012-06-30": "1.08", "2012-03-31": "1.16", "2011-12-31": "1.17", "2011-09-30": "1.33", "2011-06-30": "1.40", "2011-03-31": "1.46", "2010-12-31": "1.33", "2010-09-30": "1.50", "2010-06-30": "1.55", "2010-03-31": "1.53", "2009-12-31": "1.33", "2009-09-30": "1.40", "2009-06-30": "1.46", "2009-03-31": "1.40", "2008-12-31": "1.30", "2008-09-30": "1.41", "2008-06-30": "1.32", "2008-03-31": "1.12", "2007-12-31": "1.39", "2007-09-30": "1.48", "2007-06-30": "1.48", "2007-03-31": "1.41", "2006-12-31": "1.33", "2006-09-30": "1.31", "2006-06-30": "1.53", "2006-03-31": "1.55", "2005-12-31": "1.54", "2005-09-30": "1.62", "2005-06-30": "1.68", "2005-03-31": "1.67"}, "quick ratio": {"2020-12-31": "0.86", "2020-09-30": "0.88", "2020-06-30": "0.97", "2020-03-31": "0.84", "2019-12-31": "0.86", "2019-09-30": "0.84", "2019-06-30": "0.84", "2019-03-31": "0.83", "2018-12-31": "0.85", "2018-09-30": "0.80", "2018-06-30": "0.78", "2018-03-31": "0.77", "2017-12-31": "0.76", "2017-09-30": "0.74", "2017-06-30": "0.73", "2017-03-31": "0.77", "2016-12-31": "0.78", "2016-09-30": "0.74", "2016-06-30": "0.77", "2016-03-31": "0.74", "2015-12-31": "0.75", "2015-09-30": "0.75", "2015-06-30": "0.79", "2015-03-31": "0.80", "2014-12-31": "0.82", "2014-09-30": "0.54", "2014-06-30": "0.65", "2014-03-31": "0.69", "2013-12-31": "0.75", "2013-09-30": "0.70", "2013-06-30": "0.74", "2013-03-31": "0.76", "2012-12-31": "0.80", "2012-09-30": "0.64", "2012-06-30": "0.68", "2012-03-31": "0.75", "2011-12-31": "0.84", "2011-09-30": "0.91", "2011-06-30": "1.00", "2011-03-31": "1.09", "2010-12-31": "1.02", "2010-09-30": "1.11", "2010-06-30": "1.18", "2010-03-31": "1.18", "2009-12-31": "1.04", "2009-09-30": "1.05", "2009-06-30": "1.09", "2009-03-31": "1.03", "2008-12-31": "1.00", "2008-09-30": "0.99", "2008-06-30": "0.97", "2008-03-31": "0.81", "2007-12-31": "1.07", "2007-09-30": "1.06", "2007-06-30": "1.10", "2007-03-31": "1.00", "2006-12-31": "0.99", "2006-09-30": "0.89", "2006-06-30": "1.17", "2006-03-31": "1.17", "2005-12-31": "1.24", "2005-09-30": "1.27", "2005-06-30": "1.35", "2005-03-31": "1.30"}, "debt equity ratio": {"current": "0.34", "2020-12-31": "2.44", "2020-09-30": "2.41", "2020-06-30": "2.50", "2020-03-31": "2.39", "2019-12-31": "2.63", "2019-09-30": "2.52", "2019-06-30": "2.61", "2019-03-31": "2.68", "2018-12-31": "2.74", "2018-09-30": "2.67", "2018-06-30": "2.83", "2018-03-31": "3.02", "2017-12-31": "3.74", "2017-09-30": "3.68", "2017-06-30": "2.78", "2017-03-31": "2.74", "2016-12-31": "3.33", "2016-09-30": "2.99", "2016-06-30": "2.94", "2016-03-31": "3.14", "2015-12-31": "3.84", "2015-09-30": "3.52", "2015-06-30": "3.46", "2015-03-31": "3.61", "2014-12-31": "4.07", "2014-09-30": "2.91", "2014-06-30": "2.58", "2014-03-31": "2.52", "2013-12-31": "3.12", "2013-09-30": "2.51", "2013-06-30": "2.39", "2013-03-31": "2.37", "2012-12-31": "2.97", "2012-09-30": "2.02", "2012-06-30": "1.80", "2012-03-31": "1.80", "2011-12-31": "2.26", "2011-09-30": "1.45", "2011-06-30": "1.31", "2011-03-31": "1.30", "2010-12-31": "1.74", "2010-09-30": "1.21", "2010-06-30": "1.12", "2010-03-31": "1.14", "2009-12-31": "1.63", "2009-09-30": "1.50", "2009-06-30": "1.36", "2009-03-31": "1.39", "2008-12-31": "2.11", "2008-09-30": "1.60", "2008-06-30": "1.84", "2008-03-31": "3.00", "2007-12-31": "4.42", "2007-09-30": "5.07", "2007-06-30": "6.24", "2007-03-31": "9.37", "2006-12-31": "9.12", "2006-09-30": "15.67", "2006-06-30": "7.26", "2006-03-31": "8.23", "2005-12-31": "14.02", "2005-09-30": "471.00", "2005-06-30": "-41.64", "2005-03-31": "-16.26"}, "return on equity": {"2020-12-31": "27.07%", "2020-09-30": "24.49%", "2020-06-30": "20.47%", "2020-03-31": "17.83%", "2019-12-31": "21.07%", "2019-09-30": "22.52%", "2019-06-30": "26.27%", "2019-03-31": "28.91%", "2018-12-31": "27.02%", "2018-09-30": "26.71%", "2018-06-30": "21.12%", "2018-03-31": "14.72%", "2017-12-31": "12.47%", "2017-09-30": "8.67%", "2017-06-30": "9.38%", "2017-03-31": "13.72%", "2016-12-31": "13.87%", "2016-09-30": "13.47%", "2016-06-30": "13.53%", "2016-03-31": "8.91%", "2015-12-31": "4.92%", "2015-09-30": "2.86%", "2015-06-30": "-1.72%", "2015-03-31": "-3.82%", "2014-12-31": "-2.29%", "2014-09-30": "-2.10%", "2014-06-30": "1.82%", "2014-03-31": "3.17%", "2013-12-31": "3.04%", "2013-09-30": "1.53%", "2013-06-30": "-1.23%", "2013-03-31": "-1.10%", "2012-12-31": "-0.51%", "2012-09-30": "0.52%", "2012-06-30": "4.96%", "2012-03-31": "7.33%", "2011-12-31": "8.24%", "2011-09-30": "11.70%", "2011-06-30": "14.63%", "2011-03-31": "15.93%", "2010-12-31": "18.63%", "2010-09-30": "19.39%", "2010-06-30": "21.44%", "2010-03-31": "23.12%", "2009-12-31": "24.03%", "2009-09-30": "23.94%", "2009-06-30": "23.32%", "2009-03-31": "26.25%", "2008-12-31": "28.99%", "2008-09-30": "33.73%", "2008-06-30": "41.57%", "2008-03-31": "51.08%", "2007-12-31": "66.55%", "2007-09-30": "70.07%", "2007-06-30": "80.00%", "2007-03-31": "73.37%", "2006-12-31": "56.97%", "2006-09-30": "101.31%", "2006-06-30": "125.96%", "2006-03-31": "259.38%", "2005-12-31": "5523.08%"}, "return on assets": {"2020-12-31": "7.88%", "2020-09-30": "7.04%", "2020-06-30": "5.83%", "2020-03-31": "5.05%", "2019-12-31": "5.84%", "2019-09-30": "6.21%", "2019-06-30": "7.16%", "2019-03-31": "7.76%", "2018-12-31": "7.11%", "2018-09-30": "6.65%", "2018-06-30": "4.95%", "2018-03-31": "3.42%", "2017-12-31": "2.92%", "2017-09-30": "2.10%", "2017-06-30": "2.38%", "2017-03-31": "3.44%", "2016-12-31": "3.38%", "2016-09-30": "3.21%", "2016-06-30": "3.12%", "2016-03-31": "1.99%", "2015-12-31": "1.07%", "2015-09-30": "0.62%", "2015-06-30": "-0.38%", "2015-03-31": "-0.89%", "2014-12-31": "-0.57%", "2014-09-30": "-0.56%", "2014-06-30": "0.49%", "2014-03-31": "0.87%", "2013-12-31": "0.84%", "2013-09-30": "0.43%", "2013-06-30": "-0.36%", "2013-03-31": "-0.33%", "2012-12-31": "-0.16%", "2012-09-30": "0.17%", "2012-06-30": "1.76%", "2012-03-31": "2.71%", "2011-12-31": "3.19%", "2011-09-30": "4.79%", "2011-06-30": "6.13%", "2011-03-31": "6.77%", "2010-12-31": "8.03%", "2010-09-30": "8.55%", "2010-06-30": "9.22%", "2010-03-31": "9.64%", "2009-12-31": "9.64%", "2009-09-30": "9.32%", "2009-06-30": "8.98%", "2009-03-31": "9.64%", "2008-12-31": "9.53%", "2008-09-30": "9.91%", "2008-06-30": "10.09%", "2008-03-31": "9.69%", "2007-12-31": "10.16%", "2007-09-30": "8.83%", "2007-06-30": "8.01%", "2007-03-31": "6.92%", "2006-12-31": "5.51%", "2006-09-30": "8.87%", "2006-06-30": "9.52%", "2006-03-31": "10.96%", "2005-12-31": "12.38%"}, "return on investments": {"2020-12-31": "20.98%", "2020-09-30": "20.07%", "2020-06-30": "18.74%", "2020-03-31": "17.13%", "2019-12-31": "18.61%", "2019-09-30": "19.65%", "2019-06-30": "21.53%", "2019-03-31": "22.75%", "2018-12-31": "20.15%", "2018-09-30": "18.55%", "2018-06-30": "13.57%", "2018-03-31": "10.65%", "2017-12-31": "10.13%", "2017-09-30": "9.47%", "2017-06-30": "12.23%", "2017-03-31": "15.39%", "2016-12-31": "16.63%", "2016-09-30": "16.95%", "2016-06-30": "17.20%", "2016-03-31": "14.30%", "2015-12-31": "10.97%", "2015-09-30": "8.71%", "2015-06-30": "4.28%", "2015-03-31": "1.76%", "2014-12-31": "1.19%", "2014-09-30": "0.72%", "2014-06-30": "4.71%", "2014-03-31": "5.64%", "2013-12-31": "6.17%", "2013-09-30": "5.49%", "2013-06-30": "5.69%", "2013-03-31": "6.18%", "2012-12-31": "6.53%", "2012-09-30": "5.57%", "2012-06-30": "6.72%", "2012-03-31": "7.74%", "2011-12-31": "9.28%", "2011-09-30": "11.46%", "2011-06-30": "14.87%", "2011-03-31": "17.71%", "2010-12-31": "21.04%", "2010-09-30": "30.76%", "2010-06-30": "36.01%", "2010-03-31": "39.92%", "2009-12-31": "44.90%", "2009-09-30": "28.22%", "2009-06-30": "26.87%", "2009-03-31": "30.47%", "2008-12-31": "31.77%", "2008-09-30": "33.60%", "2008-06-30": "35.51%", "2008-03-31": "34.30%", "2007-12-31": "33.07%", "2007-09-30": "32.58%", "2007-06-30": "30.18%", "2007-03-31": "26.38%", "2006-12-31": "24.06%", "2006-09-30": "21.98%", "2006-06-30": "22.83%", "2006-03-31": "27.37%", "2005-12-31": "28.32%"}, "return on tangible equity": {"2020-12-31": "33.37%", "2020-09-30": "30.94%", "2020-06-30": "26.55%", "2020-03-31": "23.74%", "2019-12-31": "28.77%", "2019-09-30": "31.78%", "2019-06-30": "38.52%", "2019-03-31": "44.33%", "2018-12-31": "43.47%", "2018-09-30": "45.62%", "2018-06-30": "38.69%", "2018-03-31": "25.09%", "2017-12-31": "19.39%", "2017-09-30": "12.09%", "2017-06-30": "11.60%", "2017-03-31": "17.19%", "2016-12-31": "17.83%", "2016-09-30": "17.78%", "2016-06-30": "18.28%", "2016-03-31": "12.36%", "2015-12-31": "6.98%", "2015-09-30": "4.11%", "2015-06-30": "-2.50%", "2015-03-31": "-5.46%", "2014-12-31": "-3.21%", "2014-09-30": "-2.90%", "2014-06-30": "2.48%", "2014-03-31": "4.39%", "2013-12-31": "4.29%", "2013-09-30": "2.19%", "2013-06-30": "-1.78%", "2013-03-31": "-1.62%", "2012-12-31": "-0.75%", "2012-09-30": "0.74%", "2012-06-30": "6.86%", "2012-03-31": "9.83%", "2011-12-31": "10.82%", "2011-09-30": "15.11%", "2011-06-30": "18.60%", "2011-03-31": "19.98%", "2010-12-31": "23.45%", "2010-09-30": "24.70%", "2010-06-30": "26.95%", "2010-03-31": "28.56%", "2009-12-31": "29.00%", "2009-09-30": "27.94%", "2009-06-30": "27.49%", "2009-03-31": "31.32%", "2008-12-31": "35.52%", "2008-09-30": "41.70%", "2008-06-30": "53.14%", "2008-03-31": "69.30%", "2007-12-31": "94.68%", "2007-09-30": "115.41%", "2007-06-30": "167.44%", "2007-03-31": "170.94%", "2006-12-31": "135.96%", "2006-09-30": "283.90%", "2006-06-30": "473.73%", "2006-03-31": "-867.97%", "2005-12-31": "-241.34%"}, "dividend yield history": {"last payout": "$0.00", "last yield": "0.00%"}}