{"ticker": "AMCX", "price": {"title": "AMC Networks Historical Annual Stock Price Data", "value": 46.87, "historical": {"2020": {"Average Stock Price": "27.9765", "Year Open": "39.1500", "Year High": "42.3500", "Year Low": "20.5800", "Year Close": "35.7700", "Annual % Change": "-9.44%"}, "2019": {"Average Stock Price": "52.7344", "Year Open": "56.6400", "Year High": "66.3900", "Year Low": "35.9100", "Year Close": "39.5000", "Annual % Change": "-28.02%"}, "2018": {"Average Stock Price": "57.4920", "Year Open": "54.1300", "Year High": "67.8200", "Year Low": "48.9100", "Year Close": "54.8800", "Annual % Change": "1.48%"}, "2017": {"Average Stock Price": "56.5438", "Year Open": "53.5500", "Year High": "67.0200", "Year Low": "47.5000", "Year Close": "54.0800", "Annual % Change": "3.32%"}, "2016": {"Average Stock Price": "59.6184", "Year Open": "75.3900", "Year High": "76.5200", "Year Low": "48.2600", "Year Close": "52.3400", "Annual % Change": "-29.91%"}, "2015": {"Average Stock Price": "75.2911", "Year Open": "63.9000", "Year High": "86.2700", "Year Low": "61.2450", "Year Close": "74.6800", "Annual % Change": "17.11%"}, "2014": {"Average Stock Price": "63.9121", "Year Open": "66.0900", "Year High": "77.4000", "Year Low": "52.7500", "Year Close": "63.7700", "Annual % Change": "-6.37%"}, "2013": {"Average Stock Price": "63.8730", "Year Open": "51.0000", "Year High": "72.3500", "Year Low": "50.7500", "Year Close": "68.1100", "Annual % Change": "37.60%"}, "2012": {"Average Stock Price": "43.3039", "Year Open": "37.3400", "Year High": "53.0000", "Year Low": "35.5500", "Year Close": "49.5000", "Annual % Change": "31.72%"}, "2011": {"Average Stock Price": "35.1299", "Year Open": "35.4900", "Year High": "43.5000", "Year Low": "30.2800", "Year Close": "37.5800", "Annual % Change": "0.00%"}}}, "market cap": {"value": "$1.93B"}, "income statement": {"Revenue": {"2019-12-31": "3060.32100", "2018-12-31": "2971.92900", "2017-12-31": "2805.69100", "2016-12-31": "2755.65400", "2015-12-31": "2580.93500", "2014-12-31": "2175.64100", "2013-12-31": "1591.85800", "2012-12-31": "1352.57700", "2011-12-31": "1187.74100", "2010-12-31": "1078.30000", "2009-12-31": "973.64400"}, "Cost Of Goods Sold": {"2019-12-31": "1506.98500", "2018-12-31": "1445.94900", "2017-12-31": "1341.07600", "2016-12-31": "1279.98400", "2015-12-31": "1137.13300", "2014-12-31": "983.57500", "2013-12-31": "662.23300", "2012-12-31": "507.43600", "2011-12-31": "425.96100", "2010-12-31": "366.09300", "2009-12-31": "310.36500"}, "Gross Profit": {"2019-12-31": "1553.33600", "2018-12-31": "1525.98000", "2017-12-31": "1464.61500", "2016-12-31": "1475.67000", "2015-12-31": "1443.80200", "2014-12-31": "1192.06600", "2013-12-31": "929.62510", "2012-12-31": "845.14100", "2011-12-31": "761.78000", "2010-12-31": "712.20700", "2009-12-31": "663.27900"}, "Research And Development Expenses": {"2019-12-31": "", "2018-12-31": "", "2017-12-31": "", "2016-12-31": "", "2015-12-31": "", "2014-12-31": "", "2013-12-31": "", "2012-12-31": "", "2011-12-31": "", "2010-12-31": "", "2009-12-31": ""}, "SG&A Expenses": {"2019-12-31": "679.44400", "2018-12-31": "657.45700", "2017-12-31": "613.34200", "2016-12-31": "636.02800", "2015-12-31": "636.58000", "2014-12-31": "560.95000", "2013-12-31": "425.73500", "2012-12-31": "396.92600", "2011-12-31": "335.65600", "2010-12-31": "328.13400", "2009-12-31": "313.90400"}, "Other Operating Income Or Expenses": {"2019-12-31": "-106.60300", "2018-12-31": "-4.48600", "2017-12-31": "-28.14800", "2016-12-31": "-67.80500", "2015-12-31": "0.00000", "2014-12-31": "0.00000", "2013-12-31": "132.94400", "2012-12-31": "0.00000", "2011-12-31": "", "2010-12-31": "", "2009-12-31": ""}, "Operating Expenses": {"2019-12-31": "2435.04400", "2018-12-31": "2245.02000", "2017-12-31": "2083.33200", "2016-12-31": "2098.09800", "2015-12-31": "1871.74200", "2014-12-31": "1629.28800", "2013-12-31": "1009.69100", "2012-12-31": "989.73900", "2011-12-31": "861.22500", "2010-12-31": "798.46400", "2009-12-31": "735.93490"}, "Operating Income": {"2019-12-31": "625.27710", "2018-12-31": "726.90890", "2017-12-31": "722.35890", "2016-12-31": "657.55590", "2015-12-31": "709.19290", "2014-12-31": "546.35310", "2013-12-31": "582.16700", "2012-12-31": "362.83810", "2011-12-31": "326.51590", "2010-12-31": "279.83610", "2009-12-31": "237.70900"}, "Total Non-Operating Income/Expense": {"2019-12-31": "-139.09100", "2018-12-31": "-106.63600", "2017-12-31": "-81.98100", "2016-12-31": "-202.73100", "2015-12-31": "-126.39900", "2014-12-31": "-149.32500", "2013-12-31": "-113.16600", "2012-12-31": "-140.56400", "2011-12-31": "-115.90600", "2010-12-31": "-73.57400", "2009-12-31": "-78.75500"}, "Pre-Tax Income": {"2019-12-31": "486.18600", "2018-12-31": "620.27300", "2017-12-31": "640.37800", "2016-12-31": "454.82500", "2015-12-31": "582.79400", "2014-12-31": "397.02800", "2013-12-31": "469.00100", "2012-12-31": "222.27400", "2011-12-31": "210.61000", "2010-12-31": "206.26200", "2009-12-31": "158.95400"}, "Income Taxes": {"2019-12-31": "78.47000", "2018-12-31": "156.30600", "2017-12-31": "150.74100", "2016-12-31": "164.86200", "2015-12-31": "201.09000", "2014-12-31": "129.15500", "2013-12-31": "178.84100", "2012-12-31": "86.05800", "2011-12-31": "84.24800", "2010-12-31": "88.07300", "2009-12-31": "70.40700"}, "Income After Taxes": {"2019-12-31": "407.71600", "2018-12-31": "463.96700", "2017-12-31": "489.63700", "2016-12-31": "289.96300", "2015-12-31": "381.70400", "2014-12-31": "267.87300", "2013-12-31": "290.16000", "2012-12-31": "136.21600", "2011-12-31": "126.36200", "2010-12-31": "118.18900", "2009-12-31": "88.54700"}, "Other Income": {"2019-12-31": "", "2018-12-31": "", "2017-12-31": "", "2016-12-31": "", "2015-12-31": "", "2014-12-31": "", "2013-12-31": "", "2012-12-31": "", "2011-12-31": "", "2010-12-31": "", "2009-12-31": ""}, "Income From Continuous Operations": {"2019-12-31": "407.71600", "2018-12-31": "463.96700", "2017-12-31": "489.63700", "2016-12-31": "289.96300", "2015-12-31": "381.70400", "2014-12-31": "267.87300", "2013-12-31": "290.16000", "2012-12-31": "136.21600", "2011-12-31": "126.36200", "2010-12-31": "118.18900", "2009-12-31": "88.54700"}, "Income From Discontinued Operations": {"2019-12-31": "", "2018-12-31": "", "2017-12-31": "", "2016-12-31": "", "2015-12-31": "", "2014-12-31": "-3.44800", "2013-12-31": "", "2012-12-31": "0.31400", "2011-12-31": "0.09200", "2010-12-31": "-38.09000", "2009-12-31": "-34.79100"}, "Net Income": {"2019-12-31": "380.48600", "2018-12-31": "446.18700", "2017-12-31": "471.31600", "2016-12-31": "270.51000", "2015-12-31": "366.78800", "2014-12-31": "260.79700", "2013-12-31": "290.73800", "2012-12-31": "136.53000", "2011-12-31": "126.45400", "2010-12-31": "80.09900", "2009-12-31": "53.75600"}, "EBITDA": {"2019-12-31": "1730.80400", "2018-12-31": "1804.38100", "2017-12-31": "1797.27600", "2016-12-31": "1630.96700", "2015-12-31": "1565.79000", "2014-12-31": "1265.28500", "2013-12-31": "1156.15600", "2012-12-31": "823.31210", "2011-12-31": "741.21290", "2010-12-31": "635.13600", "2009-12-31": "555.91710"}, "EBIT": {"2019-12-31": "625.27710", "2018-12-31": "726.90890", "2017-12-31": "722.35890", "2016-12-31": "657.55590", "2015-12-31": "709.19290", "2014-12-31": "546.35310", "2013-12-31": "582.16700", "2012-12-31": "362.83810", "2011-12-31": "326.51590", "2010-12-31": "279.83610", "2009-12-31": "237.70900"}, "Basic Shares Outstanding": {"2019-12-31": "56.20500", "2018-12-31": "58.06600", "2017-12-31": "64.90500", "2016-12-31": "71.74600", "2015-12-31": "72.42000", "2014-12-31": "72.00000", "2013-12-31": "71.54300", "2012-12-31": "70.37400", "2011-12-31": "69.28300", "2010-12-31": "69.16100", "2009-12-31": "69.16100"}, "Shares Outstanding": {"2019-12-31": "57.03700", "2018-12-31": "58.94700", "2017-12-31": "65.62500", "2016-12-31": "72.41000", "2015-12-31": "73.19000", "2014-12-31": "72.85400", "2013-12-31": "72.70300", "2012-12-31": "72.23600", "2011-12-31": "70.73100", "2010-12-31": "69.16100", "2009-12-31": "69.16100"}, "Basic EPS": {"2019-12-31": "6.77000", "2018-12-31": "7.68000", "2017-12-31": "7.26000", "2016-12-31": "3.77000", "2015-12-31": "5.06000", "2014-12-31": "3.62000", "2013-12-31": "4.06000", "2012-12-31": "1.94000", "2011-12-31": "1.83000", "2010-12-31": "1.16000", "2009-12-31": "0.78000"}, "EPS - Earnings Per Share": {"2019-12-31": "6.67000", "2018-12-31": "7.57000", "2017-12-31": "7.18000", "2016-12-31": "3.74000", "2015-12-31": "5.01000", "2014-12-31": "3.58000", "2013-12-31": "4.00000", "2012-12-31": "1.89000", "2011-12-31": "1.79000", "2010-12-31": "1.16000", "2009-12-31": "0.78000"}}, "income statement, quarterly": {"Revenue": {"2020-09-30": "654.01500", "2020-06-30": "646.29100", "2020-03-31": "734.37500", "2019-12-31": "785.20400", "2019-09-30": "718.59700", "2019-06-30": "772.29900", "2019-03-31": "784.22100", "2018-12-31": "772.84590", "2018-09-30": "696.87500", "2018-06-30": "761.38500", "2018-03-31": "740.82300", "2017-12-31": "726.93400", "2017-09-30": "648.02300", "2017-06-30": "710.54500", "2017-03-31": "720.18900", "2016-12-31": "729.59700", "2016-09-30": "634.64600", "2016-06-30": "684.83200", "2016-03-31": "706.57900", "2015-12-31": "678.95010", "2015-09-30": "632.16500", "2015-06-30": "601.13800", "2015-03-31": "668.68200", "2014-12-31": "609.44400", "2014-09-30": "519.55000", "2014-06-30": "522.09300", "2014-03-31": "524.55400", "2013-12-31": "435.24700", "2013-09-30": "395.32800", "2013-06-30": "379.32200", "2013-03-31": "381.96100", "2012-12-31": "366.71200", "2012-09-30": "332.05600", "2012-06-30": "327.57000", "2012-03-31": "326.23900", "2011-12-31": "338.95890", "2011-09-30": "283.91400", "2011-06-30": "291.96500", "2011-03-31": "272.90300", "2010-12-31": "", "2010-09-30": "271.43300", "2010-06-30": "260.01300", "2009-12-31": ""}, "Cost Of Goods Sold": {"2020-09-30": "333.81600", "2020-06-30": "282.50300", "2020-03-31": "344.06000", "2019-12-31": "426.22190", "2019-09-30": "354.99200", "2019-06-30": "385.62300", "2019-03-31": "340.14800", "2018-12-31": "402.37710", "2018-09-30": "346.39800", "2018-06-30": "376.80900", "2018-03-31": "320.36500", "2017-12-31": "384.87600", "2017-09-30": "322.74300", "2017-06-30": "334.84500", "2017-03-31": "298.61200", "2016-12-31": "361.41900", "2016-09-30": "338.79900", "2016-06-30": "305.49200", "2016-03-31": "274.27400", "2015-12-31": "322.13400", "2015-09-30": "293.09600", "2015-06-30": "259.73000", "2015-03-31": "262.17300", "2014-12-31": "281.80510", "2014-09-30": "252.55600", "2014-06-30": "232.04400", "2014-03-31": "217.17000", "2013-12-31": "230.84390", "2013-09-30": "157.05400", "2013-06-30": "137.65600", "2013-03-31": "136.67900", "2012-12-31": "158.53000", "2012-09-30": "129.62700", "2012-06-30": "114.34900", "2012-03-31": "104.93000", "2011-12-31": "143.24700", "2011-09-30": "96.42000", "2011-06-30": "95.88300", "2011-03-31": "90.41100", "2010-12-31": "", "2010-09-30": "87.80100", "2010-06-30": "84.46800", "2009-12-31": ""}, "Gross Profit": {"2020-09-30": "320.19900", "2020-06-30": "363.78800", "2020-03-31": "390.31500", "2019-12-31": "358.98210", "2019-09-30": "363.60500", "2019-06-30": "386.67600", "2019-03-31": "444.07300", "2018-12-31": "370.46890", "2018-09-30": "350.47700", "2018-06-30": "384.57600", "2018-03-31": "420.45800", "2017-12-31": "342.05800", "2017-09-30": "325.28000", "2017-06-30": "375.70000", "2017-03-31": "421.57700", "2016-12-31": "368.17800", "2016-09-30": "295.84700", "2016-06-30": "379.34000", "2016-03-31": "432.30500", "2015-12-31": "356.81610", "2015-09-30": "339.06900", "2015-06-30": "341.40800", "2015-03-31": "406.50900", "2014-12-31": "327.63900", "2014-09-30": "266.99400", "2014-06-30": "290.04900", "2014-03-31": "307.38400", "2013-12-31": "204.40310", "2013-09-30": "238.27400", "2013-06-30": "241.66600", "2013-03-31": "245.28200", "2012-12-31": "208.18190", "2012-09-30": "202.42900", "2012-06-30": "213.22100", "2012-03-31": "221.30900", "2011-12-31": "195.71190", "2011-09-30": "187.49400", "2011-06-30": "196.08200", "2011-03-31": "182.49200", "2010-12-31": "", "2010-09-30": "183.63200", "2010-06-30": "175.54500", "2009-12-31": ""}, "Research And Development Expenses": {"2020-09-30": "", "2020-06-30": "", "2020-03-31": "", "2019-12-31": "", "2019-09-30": "", "2019-06-30": "", "2019-03-31": "", "2018-12-31": "", "2018-09-30": "", "2018-06-30": "", "2018-03-31": "", "2017-12-31": "", "2017-09-30": "", "2017-06-30": "", "2017-03-31": "", "2016-12-31": "", "2016-09-30": "", "2016-06-30": "", "2016-03-31": "", "2015-12-31": "", "2015-09-30": "", "2015-06-30": "", "2015-03-31": "", "2014-12-31": "", "2014-09-30": "", "2014-06-30": "", "2014-03-31": "", "2013-12-31": "", "2013-09-30": "", "2013-06-30": "", "2013-03-31": "", "2012-12-31": "", "2012-09-30": "", "2012-06-30": "", "2012-03-31": "", "2011-12-31": "", "2011-09-30": "", "2011-06-30": "", "2011-03-31": "", "2010-12-31": "", "2010-09-30": "", "2010-06-30": "", "2009-12-31": ""}, "SG&A Expenses": {"2020-09-30": "148.76900", "2020-06-30": "155.16300", "2020-03-31": "184.64900", "2019-12-31": "174.21100", "2019-09-30": "159.35700", "2019-06-30": "173.36400", "2019-03-31": "172.51200", "2018-12-31": "163.39000", "2018-09-30": "156.24200", "2018-06-30": "171.37600", "2018-03-31": "166.44900", "2017-12-31": "148.67200", "2017-09-30": "138.68800", "2017-06-30": "162.27300", "2017-03-31": "163.70900", "2016-12-31": "165.64500", "2016-09-30": "137.11600", "2016-06-30": "179.36600", "2016-03-31": "153.90100", "2015-12-31": "166.81300", "2015-09-30": "156.30800", "2015-06-30": "158.88000", "2015-03-31": "154.57900", "2014-12-31": "140.85200", "2014-09-30": "132.85100", "2014-06-30": "141.89000", "2014-03-31": "145.35700", "2013-12-31": "111.35200", "2013-09-30": "105.95200", "2013-06-30": "108.97800", "2013-03-31": "99.45300", "2012-12-31": "109.62400", "2012-09-30": "97.20200", "2012-06-30": "90.87800", "2012-03-31": "99.22200", "2011-12-31": "91.94200", "2011-09-30": "68.22900", "2011-06-30": "88.56400", "2011-03-31": "86.92100", "2010-12-31": "", "2010-09-30": "80.73700", "2010-06-30": "77.29100", "2009-12-31": ""}, "Other Operating Income Or Expenses": {"2020-09-30": "0.00000", "2020-06-30": "-130.41100", "2020-03-31": "", "2019-12-31": "", "2019-09-30": "0.00000", "2019-06-30": "0.00000", "2019-03-31": "", "2018-12-31": "", "2018-09-30": "-4.48600", "2018-06-30": "", "2018-03-31": "", "2017-12-31": "", "2017-09-30": "-11.03600", "2017-06-30": "-17.11200", "2017-03-31": "", "2016-12-31": "", "2016-09-30": "0.00000", "2016-06-30": "0.00000", "2016-03-31": "", "2015-12-31": "", "2015-09-30": "", "2015-06-30": "", "2015-03-31": "", "2014-12-31": "", "2014-09-30": "", "2014-06-30": "", "2014-03-31": "", "2013-12-31": "", "2013-09-30": "", "2013-06-30": "132.94400", "2013-03-31": "", "2012-12-31": "", "2012-09-30": "", "2012-06-30": "", "2012-03-31": "", "2011-12-31": "", "2011-09-30": "", "2011-06-30": "", "2011-03-31": "", "2010-12-31": "", "2010-09-30": "", "2010-06-30": "", "2009-12-31": ""}, "Operating Expenses": {"2020-09-30": "514.53800", "2020-06-30": "597.48900", "2020-03-31": "561.40500", "2019-12-31": "743.48500", "2019-09-30": "550.15900", "2019-06-30": "602.04200", "2019-03-31": "539.35800", "2018-12-31": "635.72200", "2018-09-30": "532.27600", "2018-06-30": "569.85400", "2018-03-31": "507.16800", "2017-12-31": "565.38990", "2017-09-30": "494.66900", "2017-06-30": "534.75500", "2017-03-31": "488.51800", "2016-12-31": "626.01710", "2016-09-30": "517.50900", "2016-06-30": "506.80000", "2016-03-31": "447.77200", "2015-12-31": "518.60620", "2015-09-30": "472.89700", "2015-06-30": "442.30400", "2015-03-31": "437.93500", "2014-12-31": "450.42790", "2014-09-30": "409.32100", "2014-06-30": "392.61800", "2014-03-31": "376.92100", "2013-12-31": "350.27500", "2013-09-30": "272.94100", "2013-06-30": "131.99800", "2013-03-31": "254.47700", "2012-12-31": "286.04800", "2012-09-30": "245.19700", "2012-06-30": "229.29400", "2012-03-31": "229.20000", "2011-12-31": "259.84000", "2011-09-30": "189.47000", "2011-06-30": "209.69100", "2011-03-31": "202.22400", "2010-12-31": "", "2010-09-30": "194.50100", "2010-06-30": "188.37500", "2009-12-31": ""}, "Operating Income": {"2020-09-30": "139.47700", "2020-06-30": "48.80210", "2020-03-31": "172.97000", "2019-12-31": "41.71910", "2019-09-30": "168.43800", "2019-06-30": "170.25700", "2019-03-31": "244.86300", "2018-12-31": "137.12390", "2018-09-30": "164.59900", "2018-06-30": "191.53100", "2018-03-31": "233.65500", "2017-12-31": "161.54410", "2017-09-30": "153.35400", "2017-06-30": "175.79000", "2017-03-31": "231.67100", "2016-12-31": "103.58000", "2016-09-30": "117.13700", "2016-06-30": "178.03200", "2016-03-31": "258.80700", "2015-12-31": "160.34390", "2015-09-30": "159.26800", "2015-06-30": "158.83400", "2015-03-31": "230.74700", "2014-12-31": "159.01610", "2014-09-30": "110.22900", "2014-06-30": "129.47500", "2014-03-31": "147.63300", "2013-12-31": "84.97210", "2013-09-30": "122.38700", "2013-06-30": "247.32400", "2013-03-31": "127.48400", "2012-12-31": "80.66400", "2012-09-30": "86.85900", "2012-06-30": "98.27600", "2012-03-31": "97.03900", "2011-12-31": "79.11890", "2011-09-30": "94.44400", "2011-06-30": "82.27400", "2011-03-31": "70.67900", "2010-12-31": "", "2010-09-30": "76.93200", "2010-06-30": "71.63800", "2009-12-31": ""}, "Total Non-Operating Income/Expense": {"2020-09-30": "-19.28600", "2020-06-30": "-21.86100", "2020-03-31": "-65.85600", "2019-12-31": "-16.70800", "2019-09-30": "-36.48500", "2019-06-30": "-37.66800", "2019-03-31": "-48.23000", "2018-12-31": "-37.47100", "2018-09-30": "-4.27300", "2018-06-30": "-48.65200", "2018-03-31": "-16.24000", "2017-12-31": "-35.65800", "2017-09-30": "-22.39400", "2017-06-30": "-7.97100", "2017-03-31": "-15.95800", "2016-12-31": "-38.76500", "2016-09-30": "-28.51100", "2016-06-30": "-55.25500", "2016-03-31": "-80.20000", "2015-12-31": "-24.17700", "2015-09-30": "-39.01000", "2015-06-30": "-20.39500", "2015-03-31": "-42.81700", "2014-12-31": "-36.96600", "2014-09-30": "-43.08200", "2014-06-30": "-32.73600", "2014-03-31": "-36.54100", "2013-12-31": "-26.45200", "2013-09-30": "-29.65300", "2013-06-30": "-27.74300", "2013-03-31": "-29.31800", "2012-12-31": "-50.40400", "2012-09-30": "-30.19500", "2012-06-30": "-29.97300", "2012-03-31": "-29.99200", "2011-12-31": "-30.99400", "2011-09-30": "-31.68700", "2011-06-30": "-35.40400", "2011-03-31": "-17.82100", "2010-12-31": "", "2010-09-30": "-18.04700", "2010-06-30": "-18.38900", "2009-12-31": ""}, "Pre-Tax Income": {"2020-09-30": "120.19100", "2020-06-30": "26.94100", "2020-03-31": "107.11400", "2019-12-31": "25.01100", "2019-09-30": "131.95300", "2019-06-30": "132.58900", "2019-03-31": "196.63300", "2018-12-31": "99.65300", "2018-09-30": "160.32600", "2018-06-30": "142.87900", "2018-03-31": "217.41500", "2017-12-31": "125.88600", "2017-09-30": "130.96000", "2017-06-30": "167.81900", "2017-03-31": "215.71300", "2016-12-31": "64.81500", "2016-09-30": "88.62600", "2016-06-30": "122.77700", "2016-03-31": "178.60700", "2015-12-31": "136.16700", "2015-09-30": "120.25800", "2015-06-30": "138.43900", "2015-03-31": "187.93000", "2014-12-31": "122.05000", "2014-09-30": "67.14700", "2014-06-30": "96.73900", "2014-03-31": "111.09200", "2013-12-31": "58.52000", "2013-09-30": "92.73400", "2013-06-30": "219.58100", "2013-03-31": "98.16600", "2012-12-31": "30.26000", "2012-09-30": "56.66400", "2012-06-30": "68.30300", "2012-03-31": "67.04700", "2011-12-31": "48.12500", "2011-09-30": "62.75700", "2011-06-30": "46.87000", "2011-03-31": "52.85800", "2010-12-31": "", "2010-09-30": "58.88500", "2010-06-30": "53.24900", "2009-12-31": ""}, "Income Taxes": {"2020-09-30": "52.19500", "2020-06-30": "9.70700", "2020-03-31": "33.58800", "2019-12-31": "24.66300", "2019-09-30": "8.72700", "2019-06-30": "-1.39600", "2019-03-31": "46.47600", "2018-12-31": "23.21400", "2018-09-30": "43.66600", "2018-06-30": "32.54700", "2018-03-31": "56.87900", "2017-12-31": "-22.65800", "2017-09-30": "40.12400", "2017-06-30": "60.19300", "2017-03-31": "73.08200", "2016-12-31": "45.77200", "2016-09-30": "21.15700", "2016-06-30": "39.39000", "2016-03-31": "58.54300", "2015-12-31": "45.48100", "2015-09-30": "43.35800", "2015-06-30": "50.99700", "2015-03-31": "61.25400", "2014-12-31": "40.41300", "2014-09-30": "13.07800", "2014-06-30": "36.55900", "2014-03-31": "39.10500", "2013-12-31": "23.55800", "2013-09-30": "34.78400", "2013-06-30": "83.85000", "2013-03-31": "36.64900", "2012-12-31": "15.06900", "2012-09-30": "20.12100", "2012-06-30": "26.89800", "2012-03-31": "23.97000", "2011-12-31": "18.86000", "2011-09-30": "22.44000", "2011-06-30": "19.81200", "2011-03-31": "23.13600", "2010-12-31": "", "2010-09-30": "25.14400", "2010-06-30": "22.73700", "2009-12-31": ""}, "Income After Taxes": {"2020-09-30": "67.99600", "2020-06-30": "17.23400", "2020-03-31": "73.52600", "2019-12-31": "0.34800", "2019-09-30": "123.22600", "2019-06-30": "133.98500", "2019-03-31": "150.15700", "2018-12-31": "76.43900", "2018-09-30": "116.66000", "2018-06-30": "110.33200", "2018-03-31": "160.53600", "2017-12-31": "148.54400", "2017-09-30": "90.83600", "2017-06-30": "107.62600", "2017-03-31": "142.63100", "2016-12-31": "19.04300", "2016-09-30": "67.46900", "2016-06-30": "83.38700", "2016-03-31": "120.06400", "2015-12-31": "90.68600", "2015-09-30": "76.90000", "2015-06-30": "87.44200", "2015-03-31": "126.67600", "2014-12-31": "81.63700", "2014-09-30": "54.06900", "2014-06-30": "60.18000", "2014-03-31": "71.98700", "2013-12-31": "34.96200", "2013-09-30": "57.95000", "2013-06-30": "135.73100", "2013-03-31": "61.51700", "2012-12-31": "15.19100", "2012-09-30": "36.54300", "2012-06-30": "41.40500", "2012-03-31": "43.07700", "2011-12-31": "29.26500", "2011-09-30": "40.31700", "2011-06-30": "27.05800", "2011-03-31": "29.72200", "2010-12-31": "", "2010-09-30": "33.74100", "2010-06-30": "30.51200", "2009-12-31": ""}, "Other Income": {"2020-09-30": "", "2020-06-30": "", "2020-03-31": "", "2019-12-31": "", "2019-09-30": "", "2019-06-30": "", "2019-03-31": "", "2018-12-31": "", "2018-09-30": "", "2018-06-30": "", "2018-03-31": "", "2017-12-31": "", "2017-09-30": "", "2017-06-30": "", "2017-03-31": "", "2016-12-31": "", "2016-09-30": "", "2016-06-30": "", "2016-03-31": "", "2015-12-31": "", "2015-09-30": "", "2015-06-30": "", "2015-03-31": "", "2014-12-31": "", "2014-09-30": "", "2014-06-30": "", "2014-03-31": "", "2013-12-31": "", "2013-09-30": "", "2013-06-30": "", "2013-03-31": "", "2012-12-31": "", "2012-09-30": "", "2012-06-30": "", "2012-03-31": "", "2011-12-31": "", "2011-09-30": "", "2011-06-30": "", "2011-03-31": "", "2010-12-31": "", "2010-09-30": "", "2010-06-30": "", "2009-12-31": ""}, "Income From Continuous Operations": {"2020-09-30": "67.99600", "2020-06-30": "17.23400", "2020-03-31": "73.52600", "2019-12-31": "0.34800", "2019-09-30": "123.22600", "2019-06-30": "133.98500", "2019-03-31": "150.15700", "2018-12-31": "76.43900", "2018-09-30": "116.66000", "2018-06-30": "110.33200", "2018-03-31": "160.53600", "2017-12-31": "148.54400", "2017-09-30": "90.83600", "2017-06-30": "107.62600", "2017-03-31": "142.63100", "2016-12-31": "19.04300", "2016-09-30": "67.46900", "2016-06-30": "83.38700", "2016-03-31": "120.06400", "2015-12-31": "90.68600", "2015-09-30": "76.90000", "2015-06-30": "87.44200", "2015-03-31": "126.67600", "2014-12-31": "81.63700", "2014-09-30": "54.06900", "2014-06-30": "60.18000", "2014-03-31": "71.98700", "2013-12-31": "34.96200", "2013-09-30": "57.95000", "2013-06-30": "135.73100", "2013-03-31": "61.51700", "2012-12-31": "15.19100", "2012-09-30": "36.54300", "2012-06-30": "41.40500", "2012-03-31": "43.07700", "2011-12-31": "29.26500", "2011-09-30": "40.31700", "2011-06-30": "27.05800", "2011-03-31": "29.72200", "2010-12-31": "", "2010-09-30": "33.74100", "2010-06-30": "30.51200", "2009-12-31": ""}, "Income From Discontinued Operations": {"2020-09-30": "", "2020-06-30": "", "2020-03-31": "", "2019-12-31": "", "2019-09-30": "", "2019-06-30": "", "2019-03-31": "", "2018-12-31": "", "2018-09-30": "", "2018-06-30": "", "2018-03-31": "", "2017-12-31": "", "2017-09-30": "", "2017-06-30": "", "2017-03-31": "", "2016-12-31": "", "2016-09-30": "", "2016-06-30": "", "2016-03-31": "", "2015-12-31": "", "2015-09-30": "", "2015-06-30": "", "2015-03-31": "", "2014-12-31": "0.00000", "2014-09-30": "-0.96600", "2014-06-30": "-1.73200", "2014-03-31": "-0.75000", "2013-12-31": "", "2013-09-30": "0.00000", "2013-06-30": "", "2013-03-31": "", "2012-12-31": "0.00000", "2012-09-30": "0.10500", "2012-06-30": "0.10500", "2012-03-31": "0.10400", "2011-12-31": "0.21300", "2011-09-30": "-0.31400", "2011-06-30": "0.09700", "2011-03-31": "0.09600", "2010-12-31": "", "2010-09-30": "-8.48200", "2010-06-30": "-8.41100", "2009-12-31": ""}, "Net Income": {"2020-09-30": "61.64000", "2020-06-30": "14.96100", "2020-03-31": "68.66700", "2019-12-31": "-8.57700", "2019-09-30": "116.92300", "2019-06-30": "128.74300", "2019-03-31": "143.39700", "2018-12-31": "71.87900", "2018-09-30": "111.25700", "2018-06-30": "106.18100", "2018-03-31": "156.87000", "2017-12-31": "145.49900", "2017-09-30": "87.00200", "2017-06-30": "102.59800", "2017-03-31": "136.21700", "2016-12-31": "14.49800", "2016-09-30": "65.39300", "2016-06-30": "77.17500", "2016-03-31": "113.44400", "2015-12-31": "90.08900", "2015-09-30": "72.77000", "2015-06-30": "83.00900", "2015-03-31": "120.92000", "2014-12-31": "77.61500", "2014-09-30": "53.16000", "2014-06-30": "58.65500", "2014-03-31": "71.36700", "2013-12-31": "35.37900", "2013-09-30": "58.11100", "2013-06-30": "135.73100", "2013-03-31": "61.51700", "2012-12-31": "15.19100", "2012-09-30": "36.64800", "2012-06-30": "41.51000", "2012-03-31": "43.18100", "2011-12-31": "29.47800", "2011-09-30": "40.00300", "2011-06-30": "27.15500", "2011-03-31": "29.81800", "2010-12-31": "", "2010-09-30": "25.25900", "2010-06-30": "22.10100", "2009-12-31": ""}, "EBITDA": {"2020-09-30": "383.26300", "2020-06-30": "275.11610", "2020-03-31": "432.38300", "2019-12-31": "354.75810", "2019-09-30": "430.28200", "2019-06-30": "466.90600", "2019-03-31": "478.85800", "2018-12-31": "447.41980", "2018-09-30": "408.19200", "2018-06-30": "469.85200", "2018-03-31": "478.91700", "2017-12-31": "484.63010", "2017-09-30": "414.70900", "2017-06-30": "436.57300", "2017-03-31": "461.36400", "2016-12-31": "380.87800", "2016-09-30": "385.74890", "2016-06-30": "408.89290", "2016-03-31": "455.44700", "2015-12-31": "410.14690", "2015-09-30": "368.84900", "2015-06-30": "359.24800", "2015-03-31": "427.54600", "2014-12-31": "354.96820", "2014-09-30": "300.11100", "2014-06-30": "294.04600", "2014-03-31": "316.16000", "2013-12-31": "285.89600", "2013-09-30": "247.90000", "2013-06-30": "373.62000", "2013-03-31": "248.74000", "2012-12-31": "225.14400", "2012-09-30": "199.75900", "2012-06-30": "204.18800", "2012-03-31": "194.22100", "2011-12-31": "216.86490", "2011-09-30": "188.90800", "2011-06-30": "178.48300", "2011-03-31": "156.95700", "2010-12-31": "", "2010-09-30": "163.64300", "2010-06-30": "71.63800", "2009-12-31": ""}, "EBIT": {"2020-09-30": "139.47700", "2020-06-30": "48.80210", "2020-03-31": "172.97000", "2019-12-31": "41.71910", "2019-09-30": "168.43800", "2019-06-30": "170.25700", "2019-03-31": "244.86300", "2018-12-31": "137.12390", "2018-09-30": "164.59900", "2018-06-30": "191.53100", "2018-03-31": "233.65500", "2017-12-31": "161.54390", "2017-09-30": "153.35400", "2017-06-30": "175.79000", "2017-03-31": "231.67100", "2016-12-31": "103.58000", "2016-09-30": "117.13700", "2016-06-30": "178.03200", "2016-03-31": "258.80700", "2015-12-31": "160.34390", "2015-09-30": "159.26800", "2015-06-30": "158.83400", "2015-03-31": "230.74700", "2014-12-31": "159.01620", "2014-09-30": "110.22900", "2014-06-30": "129.47500", "2014-03-31": "147.63300", "2013-12-31": "84.97200", "2013-09-30": "122.38700", "2013-06-30": "247.32400", "2013-03-31": "127.48400", "2012-12-31": "80.66410", "2012-09-30": "86.85900", "2012-06-30": "98.27600", "2012-03-31": "97.03900", "2011-12-31": "79.11890", "2011-09-30": "94.44400", "2011-06-30": "82.27400", "2011-03-31": "70.67900", "2010-12-31": "", "2010-09-30": "76.93200", "2010-06-30": "71.63800", "2009-12-31": ""}, "Basic Shares Outstanding": {"2020-09-30": "52.34600", "2020-06-30": "52.31100", "2020-03-31": "55.47700", "2019-12-31": "56.20500", "2019-09-30": "55.84700", "2019-06-30": "56.59000", "2019-03-31": "56.58800", "2018-12-31": "58.06600", "2018-09-30": "56.87500", "2018-06-30": "57.75800", "2018-03-31": "60.96700", "2017-12-31": "64.90500", "2017-09-30": "63.68300", "2017-06-30": "66.22400", "2017-03-31": "68.02000", "2016-12-31": "71.74600", "2016-09-30": "71.50700", "2016-06-30": "72.72900", "2016-03-31": "72.57900", "2015-12-31": "72.42000", "2015-09-30": "72.50300", "2015-06-30": "72.44700", "2015-03-31": "72.20600", "2014-12-31": "72.00000", "2014-09-30": "72.07500", "2014-06-30": "72.04300", "2014-03-31": "71.77500", "2013-12-31": "71.54300", "2013-09-30": "71.65000", "2013-06-30": "71.56800", "2013-03-31": "71.29000", "2012-12-31": "70.37400", "2012-09-30": "70.50600", "2012-06-30": "70.47900", "2012-03-31": "69.87100", "2011-12-31": "69.28300", "2011-09-30": "69.28400", "2011-06-30": "69.16100", "2011-03-31": "69.16100", "2010-12-31": "", "2010-09-30": "69.16100", "2010-06-30": "69.16100", "2009-12-31": ""}, "Shares Outstanding": {"2020-09-30": "52.90400", "2020-06-30": "52.79700", "2020-03-31": "56.06100", "2019-12-31": "57.03700", "2019-09-30": "56.60500", "2019-06-30": "57.33500", "2019-03-31": "57.72500", "2018-12-31": "58.94700", "2018-09-30": "57.77900", "2018-06-30": "58.38700", "2018-03-31": "61.71900", "2017-12-31": "65.62500", "2017-09-30": "64.44700", "2017-06-30": "66.78900", "2017-03-31": "68.76400", "2016-12-31": "72.41000", "2016-09-30": "72.14000", "2016-06-30": "73.30000", "2016-03-31": "73.27400", "2015-12-31": "73.19000", "2015-09-30": "73.22200", "2015-06-30": "73.12800", "2015-03-31": "72.97000", "2014-12-31": "72.85400", "2014-09-30": "72.89000", "2014-06-30": "72.80200", "2014-03-31": "72.75900", "2013-12-31": "72.70300", "2013-09-30": "72.75500", "2013-06-30": "72.64300", "2013-03-31": "72.54700", "2012-12-31": "72.23600", "2012-09-30": "72.26500", "2012-06-30": "72.18300", "2012-03-31": "72.13000", "2011-12-31": "70.73100", "2011-09-30": "72.26800", "2011-06-30": "69.16100", "2011-03-31": "69.16100", "2010-12-31": "", "2010-09-30": "69.16100", "2010-06-30": "69.16100", "2009-12-31": ""}, "Basic EPS": {"2020-09-30": "1.18000", "2020-06-30": "0.29000", "2020-03-31": "1.24000", "2019-12-31": "-0.13000", "2019-09-30": "2.09000", "2019-06-30": "2.28000", "2019-03-31": "2.53000", "2018-12-31": "1.31000", "2018-09-30": "1.96000", "2018-06-30": "1.84000", "2018-03-31": "2.57000", "2017-12-31": "2.34000", "2017-09-30": "1.37000", "2017-06-30": "1.55000", "2017-03-31": "2.00000", "2016-12-31": "0.24000", "2016-09-30": "0.91000", "2016-06-30": "1.06000", "2016-03-31": "1.56000", "2015-12-31": "1.24000", "2015-09-30": "1.00000", "2015-06-30": "1.15000", "2015-03-31": "1.67000", "2014-12-31": "1.08000", "2014-09-30": "0.74000", "2014-06-30": "0.81000", "2014-03-31": "0.99000", "2013-12-31": "0.49000", "2013-09-30": "0.81000", "2013-06-30": "1.90000", "2013-03-31": "0.86000", "2012-12-31": "0.21000", "2012-09-30": "0.52000", "2012-06-30": "0.59000", "2012-03-31": "0.62000", "2011-12-31": "0.43000", "2011-09-30": "0.58000", "2011-06-30": "0.39000", "2011-03-31": "0.43000", "2010-12-31": "", "2010-09-30": "0.37000", "2010-06-30": "0.32000", "2009-12-31": ""}, "EPS - Earnings Per Share": {"2020-09-30": "1.17000", "2020-06-30": "0.28000", "2020-03-31": "1.22000", "2019-12-31": "-0.13000", "2019-09-30": "2.07000", "2019-06-30": "2.25000", "2019-03-31": "2.48000", "2018-12-31": "1.28000", "2018-09-30": "1.93000", "2018-06-30": "1.82000", "2018-03-31": "2.54000", "2017-12-31": "2.31000", "2017-09-30": "1.35000", "2017-06-30": "1.54000", "2017-03-31": "1.98000", "2016-12-31": "0.23000", "2016-09-30": "0.91000", "2016-06-30": "1.05000", "2016-03-31": "1.55000", "2015-12-31": "1.22000", "2015-09-30": "0.99000", "2015-06-30": "1.14000", "2015-03-31": "1.66000", "2014-12-31": "1.06000", "2014-09-30": "0.73000", "2014-06-30": "0.81000", "2014-03-31": "0.98000", "2013-12-31": "0.48000", "2013-09-30": "0.80000", "2013-06-30": "1.87000", "2013-03-31": "0.85000", "2012-12-31": "0.20000", "2012-09-30": "0.51000", "2012-06-30": "0.58000", "2012-03-31": "0.60000", "2011-12-31": "0.42000", "2011-09-30": "0.55000", "2011-06-30": "0.39000", "2011-03-31": "0.43000", "2010-12-31": "0.00000", "2010-09-30": "0.37000", "2010-06-30": "0.32000", "2009-12-31": "0.00000"}}, "balance sheet": {"Cash On Hand": {"2019-12-31": "816.17000", "2018-12-31": "554.88600", "2017-12-31": "558.78300", "2016-12-31": "481.38900", "2015-12-31": "316.32100", "2014-12-31": "201.36700", "2013-12-31": "521.95100", "2012-12-31": "610.97000", "2011-12-31": "215.83600", "2010-12-31": "79.96000", "2009-12-31": ""}, "Receivables": {"2019-12-31": "857.14300", "2018-12-31": "835.97700", "2017-12-31": "775.89100", "2016-12-31": "701.16300", "2015-12-31": "678.67300", "2014-12-31": "591.29500", "2013-12-31": "383.60500", "2012-12-31": "307.47800", "2011-12-31": "292.35000", "2010-12-31": "249.53900", "2009-12-31": ""}, "Inventory": {"2019-12-31": "", "2018-12-31": "", "2017-12-31": "", "2016-12-31": "", "2015-12-31": "", "2014-12-31": "", "2013-12-31": "", "2012-12-31": "", "2011-12-31": "", "2010-12-31": "", "2009-12-31": ""}, "Pre-Paid Expenses": {"2019-12-31": "230.36000", "2018-12-31": "131.80900", "2017-12-31": "91.72600", "2016-12-31": "72.66100", "2015-12-31": "72.98900", "2014-12-31": "74.29400", "2013-12-31": "65.51200", "2012-12-31": "17.03200", "2011-12-31": "13.67300", "2010-12-31": "42.95000", "2009-12-31": ""}, "Other Current Assets": {"2019-12-31": "426.62400", "2018-12-31": "440.73900", "2017-12-31": "443.60400", "2016-12-31": "441.13000", "2015-12-31": "453.15700", "2014-12-31": "437.30200", "2013-12-31": "317.92200", "2012-12-31": "289.64400", "2011-12-31": "288.86800", "2010-12-31": "186.47500", "2009-12-31": ""}, "Total Current Assets": {"2019-12-31": "2330.29700", "2018-12-31": "1963.41100", "2017-12-31": "1870.00400", "2016-12-31": "1696.34300", "2015-12-31": "1521.14000", "2014-12-31": "1329.08000", "2013-12-31": "1304.65800", "2012-12-31": "1346.52700", "2011-12-31": "869.99900", "2010-12-31": "566.44000", "2009-12-31": ""}, "Property, Plant, And Equipment": {"2019-12-31": "283.75200", "2018-12-31": "246.26200", "2017-12-31": "183.51400", "2016-12-31": "166.63600", "2015-12-31": "163.86000", "2014-12-31": "133.84400", "2013-12-31": "71.06800", "2012-12-31": "70.89000", "2011-12-31": "63.81400", "2010-12-31": "68.97700", "2009-12-31": ""}, "Long-Term Investments": {"2019-12-31": "", "2018-12-31": "", "2017-12-31": "", "2016-12-31": "", "2015-12-31": "", "2014-12-31": "", "2013-12-31": "", "2012-12-31": "", "2011-12-31": "", "2010-12-31": "", "2009-12-31": ""}, "Goodwill And Intangible Assets": {"2019-12-31": "2264.57100", "2018-12-31": "2590.99500", "2017-12-31": "2481.52500", "2016-12-31": "2252.10300", "2015-12-31": "2312.84900", "2014-12-31": "2285.12100", "2013-12-31": "1139.81600", "2012-12-31": "1071.60700", "2011-12-31": "1154.45500", "2010-12-31": "1065.31000", "2009-12-31": "0.00000"}, "Other Long-Term Assets": {"2019-12-31": "496.46500", "2018-12-31": "458.62300", "2017-12-31": "447.93700", "2016-12-31": "313.02900", "2015-12-31": "191.92600", "2014-12-31": "155.04400", "2013-12-31": "77.11500", "2012-12-31": "65.73600", "2011-12-31": "48.36200", "2010-12-31": "18.54500", "2009-12-31": ""}, "Total Long-Term Assets": {"2019-12-31": "3266.38900", "2018-12-31": "3315.15200", "2017-12-31": "3162.98100", "2016-12-31": "2784.25200", "2015-12-31": "2729.46900", "2014-12-31": "2620.74600", "2013-12-31": "1332.03100", "2012-12-31": "1249.69200", "2011-12-31": "1313.93500", "2010-12-31": "1287.45600", "2009-12-31": ""}, "Total Assets": {"2019-12-31": "5596.68600", "2018-12-31": "5278.56300", "2017-12-31": "5032.98500", "2016-12-31": "4480.59500", "2015-12-31": "4250.60900", "2014-12-31": "3949.82600", "2013-12-31": "2636.68900", "2012-12-31": "2596.21900", "2011-12-31": "2183.93400", "2010-12-31": "1853.89600", "2009-12-31": "0.00000"}, "Total Current Liabilities": {"2019-12-31": "804.34200", "2018-12-31": "797.42100", "2017-12-31": "744.10200", "2016-12-31": "954.17800", "2015-12-31": "830.86700", "2014-12-31": "731.69200", "2013-12-31": "414.75300", "2012-12-31": "812.85100", "2011-12-31": "344.19600", "2010-12-31": "336.49100", "2009-12-31": ""}, "Long Term Debt": {"2019-12-31": "3039.97900", "2018-12-31": "3088.22100", "2017-12-31": "3125.53400", "2016-12-31": "2632.54500", "2015-12-31": "2549.58700", "2014-12-31": "2686.19100", "2013-12-31": "2169.57000", "2012-12-31": "2167.41900", "2011-12-31": "2299.69300", "2010-12-31": "1064.30000", "2009-12-31": ""}, "Other Non-Current Liabilities": {"2019-12-31": "403.45100", "2018-12-31": "581.28500", "2017-12-31": "671.10200", "2016-12-31": "530.39400", "2015-12-31": "544.12100", "2014-12-31": "551.17500", "2013-12-31": "528.34200", "2012-12-31": "469.16000", "2011-12-31": "525.13500", "2010-12-31": "428.27400", "2009-12-31": ""}, "Total Long Term Liabilities": {"2019-12-31": "4100.83900", "2018-12-31": "4135.93400", "2017-12-31": "4124.93800", "2016-12-31": "3528.06100", "2015-12-31": "3428.38000", "2014-12-31": "3570.04300", "2013-12-31": "2793.45500", "2012-12-31": "2665.72000", "2011-12-31": "2876.73300", "2010-12-31": "1492.57400", "2009-12-31": ""}, "Total Liabilities": {"2019-12-31": "4905.18100", "2018-12-31": "4933.35500", "2017-12-31": "4869.04000", "2016-12-31": "4482.23900", "2015-12-31": "4259.24700", "2014-12-31": "4301.73500", "2013-12-31": "3208.20800", "2012-12-31": "3478.57100", "2011-12-31": "3220.92900", "2010-12-31": "1829.06500", "2009-12-31": "0.00000"}, "Common Stock Net": {"2019-12-31": "0.75400", "2018-12-31": "0.74800", "2017-12-31": "0.74200", "2016-12-31": "0.73900", "2015-12-31": "0.73600", "2014-12-31": "0.73300", "2013-12-31": "0.73200", "2012-12-31": "0.73000", "2011-12-31": "0.72100", "2010-12-31": "", "2009-12-31": "0.00000"}, "Retained Earnings (Accumulated Deficit)": {"2019-12-31": "1609.42800", "2018-12-31": "1228.94200", "2017-12-31": "766.72500", "2016-12-31": "295.40900", "2015-12-31": "24.88000", "2014-12-31": "-341.88900", "2013-12-31": "-602.68600", "2012-12-31": "-893.42400", "2011-12-31": "-1029.95400", "2010-12-31": "-156.89300", "2009-12-31": ""}, "Comprehensive Income": {"2019-12-31": "-167.71100", "2018-12-31": "-160.19400", "2017-12-31": "-114.38600", "2016-12-31": "-193.79800", "2015-12-31": "-136.05700", "2014-12-31": "-79.24800", "2013-12-31": "-4.49500", "2012-12-31": "-8.44600", "2011-12-31": "-12.02700", "2010-12-31": "", "2009-12-31": ""}, "Other Share Holders Equity": {"2019-12-31": "", "2018-12-31": "", "2017-12-31": "", "2016-12-31": "", "2015-12-31": "", "2014-12-31": "", "2013-12-31": "", "2012-12-31": "", "2011-12-31": "", "2010-12-31": "", "2009-12-31": "0.00000"}, "Share Holder Equity": {"2019-12-31": "691.50500", "2018-12-31": "345.20800", "2017-12-31": "163.94500", "2016-12-31": "-1.64400", "2015-12-31": "-8.63800", "2014-12-31": "-351.90900", "2013-12-31": "-571.51900", "2012-12-31": "-882.35200", "2011-12-31": "-1036.99500", "2010-12-31": "24.83100", "2009-12-31": "0.00000"}, "Total Liabilities And Share Holders Equity": {"2019-12-31": "5596.68600", "2018-12-31": "5278.56300", "2017-12-31": "5032.98500", "2016-12-31": "4480.59500", "2015-12-31": "4250.60900", "2014-12-31": "3949.82600", "2013-12-31": "2636.68900", "2012-12-31": "2596.21900", "2011-12-31": "2183.93400", "2010-12-31": "1853.89600", "2009-12-31": "0.00000"}}, "balance sheet, quarterly": {"Cash On Hand": {"2020-09-30": "1071.86000", "2020-06-30": "889.88700", "2020-03-31": "704.12900", "2019-12-31": "816.17000", "2019-09-30": "773.38600", "2019-06-30": "706.34200", "2019-03-31": "683.68200", "2018-12-31": "554.88600", "2018-09-30": "564.71700", "2018-06-30": "416.12400", "2018-03-31": "529.20000", "2017-12-31": "558.78300", "2017-09-30": "552.28900", "2017-06-30": "189.47900", "2017-03-31": "403.64800", "2016-12-31": "481.38900", "2016-09-30": "682.76400", "2016-06-30": "643.47000", "2016-03-31": "702.80000", "2015-12-31": "316.32100", "2015-09-30": "307.55500", "2015-06-30": "241.06000", "2015-03-31": "194.30700", "2014-12-31": "201.36700", "2014-09-30": "296.62200", "2014-06-30": "283.99200", "2014-03-31": "159.45400", "2013-12-31": "521.95100", "2013-09-30": "509.67600", "2013-06-30": "448.63700", "2013-03-31": "554.94800", "2012-12-31": "610.97000", "2012-09-30": "313.25200", "2012-06-30": "307.80300", "2012-03-31": "224.18200", "2011-12-31": "215.83600", "2011-09-30": "224.95900", "2011-06-30": "197.83700", "2011-03-31": "", "2010-12-31": "", "2010-09-30": "", "2010-06-30": "", "2009-12-31": ""}, "Receivables": {"2020-09-30": "768.50600", "2020-06-30": "796.83400", "2020-03-31": "826.02200", "2019-12-31": "857.14300", "2019-09-30": "807.48100", "2019-06-30": "838.28700", "2019-03-31": "829.70400", "2018-12-31": "835.97700", "2018-09-30": "777.95000", "2018-06-30": "818.73000", "2018-03-31": "793.27500", "2017-12-31": "775.89100", "2017-09-30": "712.65410", "2017-06-30": "745.13490", "2017-03-31": "717.44000", "2016-12-31": "701.16300", "2016-09-30": "647.61690", "2016-06-30": "726.94900", "2016-03-31": "688.12500", "2015-12-31": "678.67300", "2015-09-30": "575.49300", "2015-06-30": "611.00100", "2015-03-31": "671.46200", "2014-12-31": "591.29500", "2014-09-30": "487.16900", "2014-06-30": "522.15600", "2014-03-31": "534.57000", "2013-12-31": "383.60500", "2013-09-30": "321.05200", "2013-06-30": "319.23700", "2013-03-31": "322.65000", "2012-12-31": "307.47800", "2012-09-30": "262.64800", "2012-06-30": "298.72500", "2012-03-31": "290.44500", "2011-12-31": "292.35000", "2011-09-30": "242.11800", "2011-06-30": "247.95900", "2011-03-31": "", "2010-12-31": "", "2010-09-30": "", "2010-06-30": "", "2009-12-31": ""}, "Inventory": {"2020-09-30": "", "2020-06-30": "", "2020-03-31": "", "2019-12-31": "", "2019-09-30": "", "2019-06-30": "", "2019-03-31": "", "2018-12-31": "", "2018-09-30": "", "2018-06-30": "", "2018-03-31": "", "2017-12-31": "", "2017-09-30": "", "2017-06-30": "", "2017-03-31": "", "2016-12-31": "", "2016-09-30": "", "2016-06-30": "", "2016-03-31": "", "2015-12-31": "", "2015-09-30": "", "2015-06-30": "", "2015-03-31": "", "2014-12-31": "", "2014-09-30": "", "2014-06-30": "", "2014-03-31": "", "2013-12-31": "", "2013-09-30": "", "2013-06-30": "", "2013-03-31": "", "2012-12-31": "", "2012-09-30": "", "2012-06-30": "", "2012-03-31": "", "2011-12-31": "", "2011-09-30": "", "2011-06-30": "", "2011-03-31": "", "2010-12-31": "", "2010-09-30": "", "2010-06-30": "", "2009-12-31": ""}, "Pre-Paid Expenses": {"2020-09-30": "174.68200", "2020-06-30": "189.68300", "2020-03-31": "195.19100", "2019-12-31": "230.36000", "2019-09-30": "187.75500", "2019-06-30": "166.18100", "2019-03-31": "157.97200", "2018-12-31": "131.80900", "2018-09-30": "118.56900", "2018-06-30": "110.43700", "2018-03-31": "102.05800", "2017-12-31": "91.72600", "2017-09-30": "99.45200", "2017-06-30": "77.61200", "2017-03-31": "71.89400", "2016-12-31": "72.66100", "2016-09-30": "95.48100", "2016-06-30": "87.37300", "2016-03-31": "62.44300", "2015-12-31": "72.98900", "2015-09-30": "83.53100", "2015-06-30": "72.20600", "2015-03-31": "70.56900", "2014-12-31": "74.29400", "2014-09-30": "69.68800", "2014-06-30": "57.60600", "2014-03-31": "63.53500", "2013-12-31": "65.51200", "2013-09-30": "40.11500", "2013-06-30": "42.26200", "2013-03-31": "26.83200", "2012-12-31": "17.03200", "2012-09-30": "37.35200", "2012-06-30": "49.48800", "2012-03-31": "40.92100", "2011-12-31": "13.67300", "2011-09-30": "53.44600", "2011-06-30": "60.51800", "2011-03-31": "", "2010-12-31": "", "2010-09-30": "", "2010-06-30": "", "2009-12-31": ""}, "Other Current Assets": {"2020-09-30": "17.93300", "2020-06-30": "17.35400", "2020-03-31": "17.05900", "2019-12-31": "426.62400", "2019-09-30": "456.28800", "2019-06-30": "433.76900", "2019-03-31": "433.86200", "2018-12-31": "440.73900", "2018-09-30": "470.25400", "2018-06-30": "462.86600", "2018-03-31": "464.92100", "2017-12-31": "443.60400", "2017-09-30": "452.70900", "2017-06-30": "466.52300", "2017-03-31": "461.00500", "2016-12-31": "441.13000", "2016-09-30": "380.43900", "2016-06-30": "390.16200", "2016-03-31": "448.53500", "2015-12-31": "453.15700", "2015-09-30": "477.21800", "2015-06-30": "440.48300", "2015-03-31": "428.52900", "2014-12-31": "437.30200", "2014-09-30": "406.51100", "2014-06-30": "417.27200", "2014-03-31": "395.30700", "2013-12-31": "317.92200", "2013-09-30": "315.21900", "2013-06-30": "320.63400", "2013-03-31": "328.45100", "2012-12-31": "289.64400", "2012-09-30": "242.40200", "2012-06-30": "236.98600", "2012-03-31": "240.54500", "2011-12-31": "288.86800", "2011-09-30": "217.02400", "2011-06-30": "206.86600", "2011-03-31": "", "2010-12-31": "", "2010-09-30": "", "2010-06-30": "", "2009-12-31": ""}, "Total Current Assets": {"2020-09-30": "2032.98100", "2020-06-30": "1893.75800", "2020-03-31": "1742.40100", "2019-12-31": "2330.29700", "2019-09-30": "2224.91000", "2019-06-30": "2144.57900", "2019-03-31": "2105.22000", "2018-12-31": "1963.41100", "2018-09-30": "1931.49000", "2018-06-30": "1808.15700", "2018-03-31": "1889.45400", "2017-12-31": "1870.00400", "2017-09-30": "1817.10400", "2017-06-30": "1478.74900", "2017-03-31": "1653.98700", "2016-12-31": "1696.34300", "2016-09-30": "1849.33800", "2016-06-30": "1878.05500", "2016-03-31": "1925.96200", "2015-12-31": "1521.14000", "2015-09-30": "1481.33400", "2015-06-30": "1386.49100", "2015-03-31": "1382.22100", "2014-12-31": "1329.08000", "2014-09-30": "1293.92200", "2014-06-30": "1310.61000", "2014-03-31": "1176.74200", "2013-12-31": "1304.65800", "2013-09-30": "1204.62000", "2013-06-30": "1145.94700", "2013-03-31": "1357.07700", "2012-12-31": "1346.52700", "2012-09-30": "875.37800", "2012-06-30": "905.65400", "2012-03-31": "835.89500", "2011-12-31": "869.99900", "2011-09-30": "815.40300", "2011-06-30": "801.14400", "2011-03-31": "", "2010-12-31": "", "2010-09-30": "", "2010-06-30": "", "2009-12-31": ""}, "Property, Plant, And Equipment": {"2020-09-30": "255.72900", "2020-06-30": "259.78300", "2020-03-31": "289.51900", "2019-12-31": "283.75200", "2019-09-30": "269.28700", "2019-06-30": "264.61600", "2019-03-31": "251.84100", "2018-12-31": "246.26200", "2018-09-30": "225.46800", "2018-06-30": "214.05400", "2018-03-31": "185.44000", "2017-12-31": "183.51400", "2017-09-30": "172.62100", "2017-06-30": "159.15300", "2017-03-31": "169.22300", "2016-12-31": "166.63600", "2016-09-30": "177.69400", "2016-06-30": "171.09200", "2016-03-31": "173.96900", "2015-12-31": "163.86000", "2015-09-30": "145.21700", "2015-06-30": "140.32300", "2015-03-31": "134.85200", "2014-12-31": "133.84400", "2014-09-30": "123.76300", "2014-06-30": "130.04000", "2014-03-31": "106.39300", "2013-12-31": "71.06800", "2013-09-30": "68.37100", "2013-06-30": "69.48700", "2013-03-31": "69.35800", "2012-12-31": "70.89000", "2012-09-30": "65.10500", "2012-06-30": "63.30000", "2012-03-31": "62.42900", "2011-12-31": "63.81400", "2011-09-30": "60.56500", "2011-06-30": "62.86400", "2011-03-31": "", "2010-12-31": "", "2010-09-30": "", "2010-06-30": "", "2009-12-31": ""}, "Long-Term Investments": {"2020-09-30": "", "2020-06-30": "", "2020-03-31": "", "2019-12-31": "", "2019-09-30": "", "2019-06-30": "", "2019-03-31": "", "2018-12-31": "", "2018-09-30": "", "2018-06-30": "", "2018-03-31": "", "2017-12-31": "", "2017-09-30": "", "2017-06-30": "", "2017-03-31": "", "2016-12-31": "", "2016-09-30": "", "2016-06-30": "", "2016-03-31": "", "2015-12-31": "", "2015-09-30": "", "2015-06-30": "", "2015-03-31": "", "2014-12-31": "", "2014-09-30": "", "2014-06-30": "", "2014-03-31": "", "2013-12-31": "", "2013-09-30": "", "2013-06-30": "", "2013-03-31": "", "2012-12-31": "", "2012-09-30": "", "2012-06-30": "", "2012-03-31": "", "2011-12-31": "", "2011-09-30": "", "2011-06-30": "", "2011-03-31": "", "2010-12-31": "", "2010-09-30": "", "2010-06-30": "", "2009-12-31": ""}, "Goodwill And Intangible Assets": {"2020-09-30": "2428.20000", "2020-06-30": "2461.62300", "2020-03-31": "2575.92100", "2019-12-31": "2264.57100", "2019-09-30": "2373.66700", "2019-06-30": "2463.49200", "2019-03-31": "2521.58500", "2018-12-31": "2590.99500", "2018-09-30": "2327.59000", "2018-06-30": "2407.89200", "2018-03-31": "2439.63800", "2017-12-31": "2481.52500", "2017-09-30": "2404.05900", "2017-06-30": "2381.32900", "2017-03-31": "2218.19400", "2016-12-31": "2252.10300", "2016-09-30": "2327.44500", "2016-06-30": "2364.20800", "2016-03-31": "2329.21600", "2015-12-31": "2312.84900", "2015-09-30": "2262.86200", "2015-06-30": "2318.59800", "2015-03-31": "2268.29100", "2014-12-31": "2285.12100", "2014-09-30": "2054.63500", "2014-06-30": "2071.73800", "2014-03-31": "2019.16400", "2013-12-31": "1139.81600", "2013-09-30": "1132.59700", "2013-06-30": "1149.02200", "2013-03-31": "1016.45500", "2012-12-31": "1071.60700", "2012-09-30": "1106.77000", "2012-06-30": "1118.45000", "2012-03-31": "1137.88700", "2011-12-31": "1154.45500", "2011-09-30": "1147.28200", "2011-06-30": "1143.07000", "2011-03-31": "", "2010-12-31": "", "2010-09-30": "0.00000", "2010-06-30": "0.00000", "2009-12-31": "0.00000"}, "Other Long-Term Assets": {"2020-09-30": "477.93800", "2020-06-30": "480.32400", "2020-03-31": "489.26500", "2019-12-31": "496.46500", "2019-09-30": "499.06200", "2019-06-30": "441.05200", "2019-03-31": "433.90700", "2018-12-31": "458.62300", "2018-09-30": "635.54100", "2018-06-30": "592.04600", "2018-03-31": "549.93200", "2017-12-31": "447.93700", "2017-09-30": "442.38800", "2017-06-30": "412.23200", "2017-03-31": "379.34100", "2016-12-31": "313.02900", "2016-09-30": "219.42600", "2016-06-30": "200.35900", "2016-03-31": "202.02100", "2015-12-31": "191.92600", "2015-09-30": "227.19900", "2015-06-30": "208.62000", "2015-03-31": "204.60200", "2014-12-31": "155.04400", "2014-09-30": "141.67600", "2014-06-30": "121.68100", "2014-03-31": "137.99900", "2013-12-31": "77.11500", "2013-09-30": "72.49400", "2013-06-30": "58.03200", "2013-03-31": "62.16000", "2012-12-31": "65.73600", "2012-09-30": "64.86700", "2012-06-30": "43.09800", "2012-03-31": "44.47600", "2011-12-31": "48.36200", "2011-09-30": "18.77300", "2011-06-30": "16.75800", "2011-03-31": "", "2010-12-31": "", "2010-09-30": "", "2010-06-30": "", "2009-12-31": ""}, "Total Long-Term Assets": {"2020-09-30": "3353.44600", "2020-06-30": "3412.19800", "2020-03-31": "3574.02100", "2019-12-31": "3266.38900", "2019-09-30": "3393.29900", "2019-06-30": "3417.15500", "2019-03-31": "3416.69400", "2018-12-31": "3315.15200", "2018-09-30": "3230.46700", "2018-06-30": "3265.21000", "2018-03-31": "3223.91300", "2017-12-31": "3162.98100", "2017-09-30": "3073.66000", "2017-06-30": "2999.41900", "2017-03-31": "2816.06700", "2016-12-31": "2784.25200", "2016-09-30": "2772.72700", "2016-06-30": "2787.34800", "2016-03-31": "2752.26700", "2015-12-31": "2729.46900", "2015-09-30": "2688.47700", "2015-06-30": "2723.11900", "2015-03-31": "2667.20300", "2014-12-31": "2620.74600", "2014-09-30": "2369.33300", "2014-06-30": "2375.24000", "2014-03-31": "2307.96300", "2013-12-31": "1332.03100", "2013-09-30": "1320.16700", "2013-06-30": "1314.39200", "2013-03-31": "1211.24600", "2012-12-31": "1249.69200", "2012-09-30": "1277.49800", "2012-06-30": "1267.78500", "2012-03-31": "1289.91400", "2011-12-31": "1313.93500", "2011-09-30": "1306.05400", "2011-06-30": "1309.32200", "2011-03-31": "", "2010-12-31": "", "2010-09-30": "", "2010-06-30": "", "2009-12-31": ""}, "Total Assets": {"2020-09-30": "5386.42700", "2020-06-30": "5305.95600", "2020-03-31": "5316.42200", "2019-12-31": "5596.68600", "2019-09-30": "5618.20900", "2019-06-30": "5561.73400", "2019-03-31": "5521.91400", "2018-12-31": "5278.56300", "2018-09-30": "5161.95700", "2018-06-30": "5073.36700", "2018-03-31": "5113.36700", "2017-12-31": "5032.98500", "2017-09-30": "4890.76400", "2017-06-30": "4478.16800", "2017-03-31": "4470.05400", "2016-12-31": "4480.59500", "2016-09-30": "4622.06500", "2016-06-30": "4665.40300", "2016-03-31": "4678.22900", "2015-12-31": "4250.60900", "2015-09-30": "4169.81100", "2015-06-30": "4109.61000", "2015-03-31": "4049.42400", "2014-12-31": "3949.82600", "2014-09-30": "3663.25500", "2014-06-30": "3685.85000", "2014-03-31": "3484.70500", "2013-12-31": "2636.68900", "2013-09-30": "2524.78700", "2013-06-30": "2460.33900", "2013-03-31": "2568.32300", "2012-12-31": "2596.21900", "2012-09-30": "2152.87600", "2012-06-30": "2173.43900", "2012-03-31": "2125.80900", "2011-12-31": "2183.93400", "2011-09-30": "2121.45700", "2011-06-30": "2110.46600", "2011-03-31": "0.00000", "2010-12-31": "0.00000", "2010-09-30": "0.00000", "2010-06-30": "0.00000", "2009-12-31": "0.00000"}, "Total Current Liabilities": {"2020-09-30": "835.12700", "2020-06-30": "794.44500", "2020-03-31": "804.76500", "2019-12-31": "804.34200", "2019-09-30": "820.41200", "2019-06-30": "808.53300", "2019-03-31": "791.98300", "2018-12-31": "797.42100", "2018-09-30": "769.87000", "2018-06-30": "735.39300", "2018-03-31": "715.66600", "2017-12-31": "744.10200", "2017-09-30": "706.16800", "2017-06-30": "954.43400", "2017-03-31": "965.61100", "2016-12-31": "954.17800", "2016-09-30": "927.85900", "2016-06-30": "943.95100", "2016-03-31": "833.68400", "2015-12-31": "830.86700", "2015-09-30": "807.17500", "2015-06-30": "765.68700", "2015-03-31": "784.68500", "2014-12-31": "731.69200", "2014-09-30": "634.50500", "2014-06-30": "621.28000", "2014-03-31": "534.42700", "2013-12-31": "414.75300", "2013-09-30": "414.35700", "2013-06-30": "410.93400", "2013-03-31": "736.65200", "2012-12-31": "812.85100", "2012-09-30": "369.51900", "2012-06-30": "363.15000", "2012-03-31": "329.50200", "2011-12-31": "344.19600", "2011-09-30": "295.88400", "2011-06-30": "286.46100", "2011-03-31": "", "2010-12-31": "", "2010-09-30": "", "2010-06-30": "", "2009-12-31": ""}, "Long Term Debt": {"2020-09-30": "3000.64000", "2020-06-30": "2807.89000", "2020-03-31": "2824.47000", "2019-12-31": "3251.02600", "2019-09-30": "3056.69200", "2019-06-30": "3073.41900", "2019-03-31": "3080.80000", "2018-12-31": "3088.22100", "2018-09-30": "3118.05000", "2018-06-30": "3126.79500", "2018-03-31": "3126.37100", "2017-12-31": "3125.53400", "2017-09-30": "3124.72800", "2017-06-30": "2482.15500", "2017-03-31": "2559.70500", "2016-12-31": "2632.54500", "2016-09-30": "2687.55400", "2016-06-30": "2741.22000", "2016-03-31": "2841.71200", "2015-12-31": "2549.58700", "2015-09-30": "2601.26100", "2015-06-30": "2638.51400", "2015-03-31": "2675.67200", "2014-12-31": "2686.19100", "2014-09-30": "2731.67200", "2014-06-30": "2750.39100", "2014-03-31": "2751.19400", "2013-12-31": "2169.57000", "2013-09-30": "2168.23700", "2013-06-30": "2167.95800", "2013-03-31": "2167.68700", "2012-12-31": "2167.41900", "2012-09-30": "2198.20600", "2012-06-30": "2249.09900", "2012-03-31": "2250.10500", "2011-12-31": "2299.69300", "2011-09-30": "2350.48800", "2011-06-30": "2401.46200", "2011-03-31": "", "2010-12-31": "", "2010-09-30": "", "2010-06-30": "", "2009-12-31": ""}, "Other Non-Current Liabilities": {"2020-09-30": "328.44100", "2020-06-30": "356.56400", "2020-03-31": "367.08200", "2019-12-31": "403.45100", "2019-09-30": "444.06500", "2019-06-30": "450.14500", "2019-03-31": "502.54100", "2018-12-31": "581.28500", "2018-09-30": "575.75200", "2018-06-30": "616.42100", "2018-03-31": "644.69400", "2017-12-31": "671.10200", "2017-09-30": "585.54600", "2017-06-30": "606.77300", "2017-03-31": "519.27500", "2016-12-31": "530.39400", "2016-09-30": "468.22600", "2016-06-30": "489.71700", "2016-03-31": "520.06700", "2015-12-31": "544.12100", "2015-09-30": "516.94900", "2015-06-30": "534.35000", "2015-03-31": "549.03500", "2014-12-31": "551.17500", "2014-09-30": "575.81100", "2014-06-30": "585.98800", "2014-03-31": "534.15200", "2013-12-31": "528.34200", "2013-09-30": "483.29800", "2013-06-30": "499.08800", "2013-03-31": "425.64800", "2012-12-31": "469.16000", "2012-09-30": "459.14000", "2012-06-30": "477.27100", "2012-03-31": "500.06000", "2011-12-31": "525.13500", "2011-09-30": "488.63400", "2011-06-30": "473.19000", "2011-03-31": "", "2010-12-31": "", "2010-09-30": "", "2010-06-30": "", "2009-12-31": ""}, "Total Long Term Liabilities": {"2020-09-30": "3778.95400", "2020-06-30": "3836.36600", "2020-03-31": "3874.26100", "2019-12-31": "4100.83900", "2019-09-30": "4142.99800", "2019-06-30": "4184.68800", "2019-03-31": "4245.39400", "2018-12-31": "4135.93400", "2018-09-30": "4100.44800", "2018-06-30": "4142.55400", "2018-03-31": "4136.59000", "2017-12-31": "4124.93800", "2017-09-30": "4101.33400", "2017-06-30": "3466.07300", "2017-03-31": "3445.12700", "2016-12-31": "3528.06100", "2016-09-30": "3554.68500", "2016-06-30": "3605.39000", "2016-03-31": "3726.77900", "2015-12-31": "3428.38000", "2015-09-30": "3456.08500", "2015-06-30": "3512.29300", "2015-03-31": "3560.18700", "2014-12-31": "3570.04300", "2014-09-30": "3416.77300", "2014-06-30": "3460.65900", "2014-03-31": "3428.58400", "2013-12-31": "2793.45500", "2013-09-30": "2722.36000", "2013-06-30": "2729.48700", "2013-03-31": "2656.94600", "2012-12-31": "2665.72000", "2012-09-30": "2698.78100", "2012-06-30": "2769.41000", "2012-03-31": "2801.16400", "2011-12-31": "2876.73300", "2011-09-30": "2891.07000", "2011-06-30": "2923.44000", "2011-03-31": "", "2010-12-31": "", "2010-09-30": "", "2010-06-30": "", "2009-12-31": ""}, "Total Liabilities": {"2020-09-30": "4614.08100", "2020-06-30": "4630.81100", "2020-03-31": "4679.02600", "2019-12-31": "4905.18100", "2019-09-30": "4963.41000", "2019-06-30": "4993.22100", "2019-03-31": "5037.37700", "2018-12-31": "4933.35500", "2018-09-30": "4870.31800", "2018-06-30": "4877.94700", "2018-03-31": "4852.25600", "2017-12-31": "4869.04000", "2017-09-30": "4807.50200", "2017-06-30": "4420.50700", "2017-03-31": "4410.73800", "2016-12-31": "4482.23900", "2016-09-30": "4482.54400", "2016-06-30": "4549.34100", "2016-03-31": "4560.46300", "2015-12-31": "4259.24700", "2015-09-30": "4263.26000", "2015-06-30": "4277.98000", "2015-03-31": "4344.87200", "2014-12-31": "4301.73500", "2014-09-30": "4051.27800", "2014-06-30": "4081.93900", "2014-03-31": "3963.01100", "2013-12-31": "3208.20800", "2013-09-30": "3136.71700", "2013-06-30": "3140.42100", "2013-03-31": "3393.59800", "2012-12-31": "3478.57100", "2012-09-30": "3068.30000", "2012-06-30": "3132.56000", "2012-03-31": "3130.66600", "2011-12-31": "3220.92900", "2011-09-30": "3186.95400", "2011-06-30": "3209.90100", "2011-03-31": "", "2010-12-31": "", "2010-09-30": "0.00000", "2010-06-30": "0.00000", "2009-12-31": "0.00000"}, "Common Stock Net": {"2020-09-30": "0.75800", "2020-06-30": "0.75800", "2020-03-31": "0.75800", "2019-12-31": "0.75400", "2019-09-30": "0.75400", "2019-06-30": "0.75400", "2019-03-31": "0.74900", "2018-12-31": "0.74800", "2018-09-30": "0.74700", "2018-06-30": "0.74700", "2018-03-31": "0.74600", "2017-12-31": "0.74200", "2017-09-30": "0.74200", "2017-06-30": "0.74200", "2017-03-31": "0.74200", "2016-12-31": "0.73900", "2016-09-30": "0.73900", "2016-06-30": "0.73900", "2016-03-31": "0.73900", "2015-12-31": "0.73600", "2015-09-30": "0.73600", "2015-06-30": "0.73600", "2015-03-31": "0.73500", "2014-12-31": "0.73300", "2014-09-30": "0.73300", "2014-06-30": "0.73200", "2014-03-31": "0.73200", "2013-12-31": "0.73200", "2013-09-30": "0.73200", "2013-06-30": "0.73200", "2013-03-31": "0.73100", "2012-12-31": "0.73000", "2012-09-30": "0.72400", "2012-06-30": "0.72300", "2012-03-31": "0.72300", "2011-12-31": "0.72100", "2011-09-30": "0.71800", "2011-06-30": "0.71300", "2011-03-31": "", "2010-12-31": "", "2010-09-30": "0.00000", "2010-06-30": "0.00000", "2009-12-31": "0.00000"}, "Retained Earnings (Accumulated Deficit)": {"2020-09-30": "1752.74000", "2020-06-30": "1691.10000", "2020-03-31": "1676.13900", "2019-12-31": "1609.42800", "2019-09-30": "1618.00500", "2019-06-30": "1501.08200", "2019-03-31": "1372.33900", "2018-12-31": "1228.94200", "2018-09-30": "1157.06300", "2018-06-30": "1045.80600", "2018-03-31": "936.37900", "2017-12-31": "766.72500", "2017-09-30": "621.22500", "2017-06-30": "534.22300", "2017-03-31": "431.62600", "2016-12-31": "295.40900", "2016-09-30": "280.91500", "2016-06-30": "215.51900", "2016-03-31": "138.34300", "2015-12-31": "24.88000", "2015-09-30": "-65.19000", "2015-06-30": "-137.96000", "2015-03-31": "-220.96900", "2014-12-31": "-341.88900", "2014-09-30": "-419.50400", "2014-06-30": "-472.66400", "2014-03-31": "-531.31900", "2013-12-31": "-602.68600", "2013-09-30": "-638.06500", "2013-06-30": "-696.17600", "2013-03-31": "-831.90700", "2012-12-31": "-893.42400", "2012-09-30": "-908.61500", "2012-06-30": "-945.26300", "2012-03-31": "-986.77300", "2011-12-31": "-1029.95400", "2011-09-30": "-1055.23900", "2011-06-30": "-1100.14800", "2011-03-31": "", "2010-12-31": "", "2010-09-30": "", "2010-06-30": "", "2009-12-31": ""}, "Comprehensive Income": {"2020-09-30": "-160.45700", "2020-06-30": "-182.11100", "2020-03-31": "-196.36400", "2019-12-31": "-167.71100", "2019-09-30": "-200.27700", "2019-06-30": "-167.14400", "2019-03-31": "-166.44600", "2018-12-31": "-160.19400", "2018-09-30": "-150.84600", "2018-06-30": "-144.79300", "2018-03-31": "-95.58100", "2017-12-31": "-114.38600", "2017-09-30": "-124.31900", "2017-06-30": "-144.16900", "2017-03-31": "-181.19100", "2016-12-31": "-193.79800", "2016-09-30": "-152.84500", "2016-06-30": "-151.61500", "2016-03-31": "-124.14900", "2015-12-31": "-136.05700", "2015-09-30": "-118.01000", "2015-06-30": "-110.92000", "2015-03-31": "-141.65600", "2014-12-31": "-79.24800", "2014-09-30": "-44.38700", "2014-06-30": "6.79200", "2014-03-31": "1.55100", "2013-12-31": "-4.49500", "2013-09-30": "-5.00500", "2013-06-30": "-5.85900", "2013-03-31": "-7.28100", "2012-12-31": "-8.44600", "2012-09-30": "-15.39000", "2012-06-30": "-14.82900", "2012-03-31": "-12.54400", "2011-12-31": "-12.02700", "2011-09-30": "-10.89300", "2011-06-30": "", "2011-03-31": "", "2010-12-31": "", "2010-09-30": "", "2010-06-30": "", "2009-12-31": ""}, "Other Share Holders Equity": {"2020-09-30": "", "2020-06-30": "", "2020-03-31": "", "2019-12-31": "", "2019-09-30": "", "2019-06-30": "", "2019-03-31": "", "2018-12-31": "", "2018-09-30": "", "2018-06-30": "", "2018-03-31": "", "2017-12-31": "", "2017-09-30": "", "2017-06-30": "", "2017-03-31": "", "2016-12-31": "", "2016-09-30": "", "2016-06-30": "", "2016-03-31": "", "2015-12-31": "", "2015-09-30": "", "2015-06-30": "", "2015-03-31": "", "2014-12-31": "", "2014-09-30": "", "2014-06-30": "", "2014-03-31": "", "2013-12-31": "", "2013-09-30": "", "2013-06-30": "", "2013-03-31": "", "2012-12-31": "", "2012-09-30": "", "2012-06-30": "", "2012-03-31": "", "2011-12-31": "", "2011-09-30": "", "2011-06-30": "", "2011-03-31": "", "2010-12-31": "", "2010-09-30": "0.00000", "2010-06-30": "0.00000", "2009-12-31": "0.00000"}, "Share Holder Equity": {"2020-09-30": "772.34600", "2020-06-30": "675.14500", "2020-03-31": "637.39600", "2019-12-31": "691.50500", "2019-09-30": "654.79900", "2019-06-30": "568.51300", "2019-03-31": "484.53700", "2018-12-31": "345.20800", "2018-09-30": "291.63900", "2018-06-30": "195.42000", "2018-03-31": "261.11100", "2017-12-31": "163.94500", "2017-09-30": "83.26200", "2017-06-30": "57.66100", "2017-03-31": "59.31600", "2016-12-31": "-1.64400", "2016-09-30": "139.52100", "2016-06-30": "116.06200", "2016-03-31": "117.76600", "2015-12-31": "-8.63800", "2015-09-30": "-93.44900", "2015-06-30": "-168.37000", "2015-03-31": "-295.44800", "2014-12-31": "-351.90900", "2014-09-30": "-388.02300", "2014-06-30": "-396.08900", "2014-03-31": "-478.30600", "2013-12-31": "-571.51900", "2013-09-30": "-611.93000", "2013-06-30": "-680.08200", "2013-03-31": "-825.27500", "2012-12-31": "-882.35200", "2012-09-30": "-915.42400", "2012-06-30": "-959.12100", "2012-03-31": "-1004.85700", "2011-12-31": "-1036.99500", "2011-09-30": "-1065.49700", "2011-06-30": "-1099.43500", "2011-03-31": "", "2010-12-31": "", "2010-09-30": "0.00000", "2010-06-30": "0.00000", "2009-12-31": "0.00000"}, "Total Liabilities And Share Holders Equity": {"2020-09-30": "5386.42700", "2020-06-30": "5305.95600", "2020-03-31": "5316.42200", "2019-12-31": "5596.68600", "2019-09-30": "5618.20900", "2019-06-30": "5561.73400", "2019-03-31": "5521.91400", "2018-12-31": "5278.56300", "2018-09-30": "5161.95700", "2018-06-30": "5073.36700", "2018-03-31": "5113.36700", "2017-12-31": "5032.98500", "2017-09-30": "4890.76400", "2017-06-30": "4478.16800", "2017-03-31": "4470.05400", "2016-12-31": "4480.59500", "2016-09-30": "4622.06500", "2016-06-30": "4665.40300", "2016-03-31": "4678.22900", "2015-12-31": "4250.60900", "2015-09-30": "4169.81100", "2015-06-30": "4109.61000", "2015-03-31": "4049.42400", "2014-12-31": "3949.82600", "2014-09-30": "3663.25500", "2014-06-30": "3685.85000", "2014-03-31": "3484.70500", "2013-12-31": "2636.68900", "2013-09-30": "2524.78700", "2013-06-30": "2460.33900", "2013-03-31": "2568.32300", "2012-12-31": "2596.21900", "2012-09-30": "2152.87600", "2012-06-30": "2173.43900", "2012-03-31": "2125.80900", "2011-12-31": "2183.93400", "2011-09-30": "2121.45700", "2011-06-30": "2110.46600", "2011-03-31": "", "2010-12-31": "", "2010-09-30": "0.00000", "2010-06-30": "0.00000", "2009-12-31": "0.00000"}}, "cash flow statement": {"Net Income/Loss": {"2019-12-31": "407.71600", "2018-12-31": "463.96700", "2017-12-31": "489.63700", "2016-12-31": "289.96300", "2015-12-31": "381.70400", "2014-12-31": "264.42500", "2013-12-31": "290.16000", "2012-12-31": "136.53000", "2011-12-31": "126.36200", "2010-12-31": "118.18900", "2009-12-31": "88.54700"}, "Total Depreciation And Amortization - Cash Flow": {"2019-12-31": "1105.52700", "2018-12-31": "1077.47200", "2017-12-31": "1074.91700", "2016-12-31": "973.41100", "2015-12-31": "856.59700", "2014-12-31": "718.93200", "2013-12-31": "573.98900", "2012-12-31": "460.47400", "2011-12-31": "414.69700", "2010-12-31": "355.30000", "2009-12-31": "318.20800"}, "Other Non-Cash Items": {"2019-12-31": "159.60800", "2018-12-31": "77.56300", "2017-12-31": "-24.94200", "2016-12-31": "199.58500", "2015-12-31": "60.74600", "2014-12-31": "47.88500", "2013-12-31": "177.04700", "2012-12-31": "-60.96200", "2011-12-31": "99.99600", "2010-12-31": "98.49500", "2009-12-31": "79.95000"}, "Total Non-Cash Items": {"2019-12-31": "1265.13500", "2018-12-31": "1155.03500", "2017-12-31": "1049.97500", "2016-12-31": "1172.99600", "2015-12-31": "917.34300", "2014-12-31": "766.81700", "2013-12-31": "751.03600", "2012-12-31": "399.51200", "2011-12-31": "514.69300", "2010-12-31": "453.79500", "2009-12-31": "398.15800"}, "Change In Accounts Receivable": {"2019-12-31": "-43.34500", "2018-12-31": "-52.10600", "2017-12-31": "-74.56100", "2016-12-31": "-26.49600", "2015-12-31": "-110.96400", "2014-12-31": "-72.98400", "2013-12-31": "-80.08300", "2012-12-31": "-11.71700", "2011-12-31": "-44.75000", "2010-12-31": "-36.42200", "2009-12-31": "-27.64100"}, "Change In Inventories": {"2019-12-31": "", "2018-12-31": "", "2017-12-31": "", "2016-12-31": "", "2015-12-31": "", "2014-12-31": "", "2013-12-31": "", "2012-12-31": "", "2011-12-31": "", "2010-12-31": "", "2009-12-31": ""}, "Change In Accounts Payable": {"2019-12-31": "", "2018-12-31": "", "2017-12-31": "", "2016-12-31": "", "2015-12-31": "", "2014-12-31": "", "2013-12-31": "", "2012-12-31": "", "2011-12-31": "", "2010-12-31": "", "2009-12-31": ""}, "Change In Assets/Liabilities": {"2019-12-31": "-1118.56900", "2018-12-31": "-992.19400", "2017-12-31": "-1072.96500", "2016-12-31": "-998.40600", "2015-12-31": "-855.59910", "2014-12-31": "-694.10800", "2013-12-31": "-916.48400", "2012-12-31": "-110.02300", "2011-12-31": "-369.57100", "2010-12-31": "-280.70800", "2009-12-31": "-254.05500"}, "Total Change In Assets/Liabilities": {"2019-12-31": "-1189.10300", "2018-12-31": "-1012.45500", "2017-12-31": "-1153.88300", "2016-12-31": "-948.63400", "2015-12-31": "-929.00810", "2014-12-31": "-655.48000", "2013-12-31": "-1090.65900", "2012-12-31": "33.09000", "2011-12-31": "-385.82200", "2010-12-31": "-305.98900", "2009-12-31": "-282.70300"}, "Cash Flow From Operating Activities": {"2019-12-31": "483.74800", "2018-12-31": "606.54700", "2017-12-31": "385.72900", "2016-12-31": "514.32500", "2015-12-31": "370.03900", "2014-12-31": "375.76200", "2013-12-31": "-49.46300", "2012-12-31": "569.13200", "2011-12-31": "255.23300", "2010-12-31": "265.99500", "2009-12-31": "204.00200"}, "Net Change In Property, Plant, And Equipment": {"2019-12-31": "-91.60400", "2018-12-31": "-89.80200", "2017-12-31": "-80.04900", "2016-12-31": "-79.22000", "2015-12-31": "-68.32100", "2014-12-31": "-39.73900", "2013-12-31": "-24.30300", "2012-12-31": "-18.45700", "2011-12-31": "-15.37100", "2010-12-31": "-16.83700", "2009-12-31": "-12.69900"}, "Net Change In Intangible Assets": {"2019-12-31": "", "2018-12-31": "", "2017-12-31": "", "2016-12-31": "", "2015-12-31": "", "2014-12-31": "", "2013-12-31": "", "2012-12-31": "", "2011-12-31": "", "2010-12-31": "", "2009-12-31": ""}, "Net Acquisitions/Divestitures": {"2019-12-31": "", "2018-12-31": "-84.38900", "2017-12-31": "", "2016-12-31": "-0.35400", "2015-12-31": "-24.19900", "2014-12-31": "-1184.58700", "2013-12-31": "", "2012-12-31": "-0.18500", "2011-12-31": "-0.32000", "2010-12-31": "-0.32000", "2009-12-31": "-0.47000"}, "Net Change In Short-term Investments": {"2019-12-31": "", "2018-12-31": "", "2017-12-31": "", "2016-12-31": "", "2015-12-31": "", "2014-12-31": "", "2013-12-31": "", "2012-12-31": "", "2011-12-31": "", "2010-12-31": "", "2009-12-31": ""}, "Net Change In Long-Term Investments": {"2019-12-31": "-3.48300", "2018-12-31": "-90.08100", "2017-12-31": "-53.00000", "2016-12-31": "-95.00000", "2015-12-31": "-24.25000", "2014-12-31": "0.46200", "2013-12-31": "-2.50000", "2012-12-31": "-0.75000", "2011-12-31": "", "2010-12-31": "", "2009-12-31": ""}, "Net Change In Investments - Total": {"2019-12-31": "-3.48300", "2018-12-31": "-90.08100", "2017-12-31": "-53.00000", "2016-12-31": "-95.00000", "2015-12-31": "-24.25000", "2014-12-31": "0.46200", "2013-12-31": "-2.50000", "2012-12-31": "-0.75000", "2011-12-31": "", "2010-12-31": "", "2009-12-31": ""}, "Investing Activities - Other": {"2019-12-31": "5.38000", "2018-12-31": "4.08800", "2017-12-31": "2.44700", "2016-12-31": "", "2015-12-31": "", "2014-12-31": "0.65400", "2013-12-31": "0.65700", "2012-12-31": "", "2011-12-31": "", "2010-12-31": "", "2009-12-31": ""}, "Cash Flow From Investing Activities": {"2019-12-31": "-89.70700", "2018-12-31": "-260.18400", "2017-12-31": "-130.60200", "2016-12-31": "-174.57400", "2015-12-31": "-116.77000", "2014-12-31": "-1223.21000", "2013-12-31": "-26.14600", "2012-12-31": "-19.39200", "2011-12-31": "-15.69100", "2010-12-31": "-17.15700", "2009-12-31": "-13.16900"}, "Net Long-Term Debt": {"2019-12-31": "-26.58200", "2018-12-31": "-4.64900", "2017-12-31": "273.46200", "2016-12-31": "130.21200", "2015-12-31": "-76.94500", "2014-12-31": "597.59900", "2013-12-31": "-1.55800", "2012-12-31": "-153.93800", "2011-12-31": "-78.58800", "2010-12-31": "-299.08000", "2009-12-31": "-123.03400"}, "Net Current Debt": {"2019-12-31": "", "2018-12-31": "", "2017-12-31": "", "2016-12-31": "", "2015-12-31": "-40.00000", "2014-12-31": "", "2013-12-31": "", "2012-12-31": "", "2011-12-31": "", "2010-12-31": "", "2009-12-31": ""}, "Debt Issuance/Retirement Net - Total": {"2019-12-31": "-26.58200", "2018-12-31": "-4.64900", "2017-12-31": "273.46200", "2016-12-31": "130.21200", "2015-12-31": "-116.94500", "2014-12-31": "597.59900", "2013-12-31": "-1.55800", "2012-12-31": "-153.93800", "2011-12-31": "-78.58800", "2010-12-31": "-299.08000", "2009-12-31": "-123.03400"}, "Net Common Equity Issued/Repurchased": {"2019-12-31": "-88.98600", "2018-12-31": "-295.66200", "2017-12-31": "-448.70600", "2016-12-31": "-232.83100", "2015-12-31": "-13.11200", "2014-12-31": "-21.08900", "2013-12-31": "-10.37600", "2012-12-31": "-7.21200", "2011-12-31": "1.94500", "2010-12-31": "", "2009-12-31": ""}, "Net Total Equity Issued/Repurchased": {"2019-12-31": "-88.98600", "2018-12-31": "-295.66200", "2017-12-31": "-448.70600", "2016-12-31": "-232.83100", "2015-12-31": "-13.11200", "2014-12-31": "-21.08900", "2013-12-31": "-10.37600", "2012-12-31": "-7.21200", "2011-12-31": "1.94500", "2010-12-31": "", "2009-12-31": ""}, "Total Common And Preferred Stock Dividends Paid": {"2019-12-31": "", "2018-12-31": "", "2017-12-31": "", "2016-12-31": "", "2015-12-31": "", "2014-12-31": "", "2013-12-31": "", "2012-12-31": "", "2011-12-31": "", "2010-12-31": "", "2009-12-31": ""}, "Financial Activities - Other": {"2019-12-31": "-15.55800", "2018-12-31": "-14.29600", "2017-12-31": "-28.96600", "2016-12-31": "-51.24500", "2015-12-31": "2.77800", "2014-12-31": "-1.63300", "2013-12-31": "-8.01900", "2012-12-31": "6.06300", "2011-12-31": "-27.41400", "2010-12-31": "150.26400", "2009-12-31": "-9.44000"}, "Cash Flow From Financial Activities": {"2019-12-31": "-131.12600", "2018-12-31": "-314.60700", "2017-12-31": "-204.21000", "2016-12-31": "-153.86400", "2015-12-31": "-127.27900", "2014-12-31": "574.87700", "2013-12-31": "-19.95300", "2012-12-31": "-155.08700", "2011-12-31": "-104.05700", "2010-12-31": "-148.81600", "2009-12-31": "-132.47400"}, "Net Cash Flow": {"2019-12-31": "261.28400", "2018-12-31": "-3.89700", "2017-12-31": "77.39400", "2016-12-31": "165.06800", "2015-12-31": "114.95400", "2014-12-31": "-320.58400", "2013-12-31": "-89.01900", "2012-12-31": "395.13400", "2011-12-31": "135.87600", "2010-12-31": "50.13200", "2009-12-31": "4.34800"}, "Stock-Based Compensation": {"2019-12-31": "64.13300", "2018-12-31": "60.97900", "2017-12-31": "53.54500", "2016-12-31": "38.89700", "2015-12-31": "31.02000", "2014-12-31": "28.36300", "2013-12-31": "20.29900", "2012-12-31": "17.20200", "2011-12-31": "16.01200", "2010-12-31": "16.26700", "2009-12-31": "13.71600"}, "Common Stock Dividends Paid": {"2019-12-31": "", "2018-12-31": "", "2017-12-31": "", "2016-12-31": "", "2015-12-31": "", "2014-12-31": "", "2013-12-31": "", "2012-12-31": "", "2011-12-31": "", "2010-12-31": "", "2009-12-31": ""}}, "cash flow statement, quarterly": {"Net Income/Loss": {"2020-09-30": 67.996, "2020-06-30": 17.234, "2020-03-31": "73.52600", "2019-12-31": 0.348, "2019-09-30": 123.226, "2019-06-30": 133.985, "2019-03-31": "150.15700", "2018-12-31": 76.439, "2018-09-30": 116.66, "2018-06-30": 110.332, "2018-03-31": "160.53600", "2017-12-31": 148.545, "2017-09-30": 90.836, "2017-06-30": 107.625, "2017-03-31": "142.63100", "2016-12-31": 19.039, "2016-09-30": 67.472, "2016-06-30": 83.388, "2016-03-31": "120.06400", "2015-12-31": 90.686, "2015-09-30": 76.9, "2015-06-30": 87.442, "2015-03-31": "126.67600", "2014-12-31": 81.637, "2014-09-30": 53.103, "2014-06-30": 58.448, "2014-03-31": "71.23700", "2013-12-31": 34.962, "2013-09-30": 57.95, "2013-06-30": 135.731, "2013-03-31": "61.51700", "2012-12-31": 15.505, "2012-09-30": 36.543, "2012-06-30": 41.405, "2012-03-31": "43.07700", "2011-12-31": 29.265, "2011-09-30": 40.317, "2011-06-30": 27.058, "2011-03-31": "29.72200", "2010-12-31": 29.898, "2010-09-30": 33.741, "2010-06-30": -33.999, "2009-12-31": 88.54}, "Total Depreciation And Amortization - Cash Flow": {"2020-09-30": 243.786, "2020-06-30": 226.314, "2020-03-31": "259.41300", "2019-12-31": 313.039, "2019-09-30": 261.844, "2019-06-30": 296.649, "2019-03-31": "233.99500", "2018-12-31": 310.296, "2018-09-30": 243.593, "2018-06-30": 278.321, "2018-03-31": "245.26200", "2017-12-31": 323.086, "2017-09-30": 261.355, "2017-06-30": 260.783, "2017-03-31": "229.69300", "2016-12-31": 277.298, "2016-09-30": 268.612, "2016-06-30": 230.861, "2016-03-31": "196.64000", "2015-12-31": 249.803, "2015-09-30": 209.581, "2015-06-30": 200.414, "2015-03-31": "196.79900", "2014-12-31": 195.952, "2014-09-30": 189.882, "2014-06-30": 164.571, "2014-03-31": "168.52700", "2013-12-31": 200.924, "2013-09-30": 125.513, "2013-06-30": 126.296, "2013-03-31": "121.25600", "2012-12-31": 144.48, "2012-09-30": 112.9, "2012-06-30": 105.912, "2012-03-31": "97.18200", "2011-12-31": 137.746, "2011-09-30": 94.464, "2011-06-30": 96.209, "2011-03-31": "86.27800", "2010-12-31": 103.842, "2010-09-30": 86.711, "2010-06-30": -153.453, "2009-12-31": 318.2}, "Other Non-Cash Items": {"2020-09-30": -1.393, "2020-06-30": 132.02, "2020-03-31": "68.35100", "2019-12-31": 144.52, "2019-09-30": -13.471, "2019-06-30": -0.388, "2019-03-31": "28.94700", "2018-12-31": 17.959, "2018-09-30": 5.562, "2018-06-30": 26.923, "2018-03-31": "27.11900", "2017-12-31": -52.56, "2017-09-30": 2.339, "2017-06-30": 19.755, "2017-03-31": "5.52400", "2016-12-31": 81.23, "2016-09-30": 18.131, "2016-06-30": 28.17, "2016-03-31": "72.05400", "2015-12-31": 43.81, "2015-09-30": 1.388, "2015-06-30": -6.232, "2015-03-31": "21.78000", "2014-12-31": 39.632, "2014-09-30": -7.04, "2014-06-30": -8.7, "2014-03-31": "23.99300", "2013-12-31": 25.208, "2013-09-30": 9.78, "2013-06-30": 109.209, "2013-03-31": "32.85000", "2012-12-31": -95.46, "2012-09-30": -11.799, "2012-06-30": 23.803, "2012-03-31": "22.49400", "2011-12-31": 18.853, "2011-09-30": 21.727, "2011-06-30": 36.198, "2011-03-31": "23.21800", "2010-12-31": -72.716, "2010-09-30": 27.499, "2010-06-30": 45.217, "2009-12-31": 0}, "Total Non-Cash Items": {"2020-09-30": 242.393, "2020-06-30": 358.334, "2020-03-31": "327.76400", "2019-12-31": 457.559, "2019-09-30": 248.373, "2019-06-30": 296.261, "2019-03-31": "262.94200", "2018-12-31": 328.255, "2018-09-30": 249.155, "2018-06-30": 305.244, "2018-03-31": "272.38100", "2017-12-31": 270.526, "2017-09-30": 263.694, "2017-06-30": 280.538, "2017-03-31": "235.21700", "2016-12-31": 358.528, "2016-09-30": 286.743, "2016-06-30": 259.031, "2016-03-31": "268.69400", "2015-12-31": 293.613, "2015-09-30": 210.969, "2015-06-30": 194.182, "2015-03-31": "218.57900", "2014-12-31": 235.5841, "2014-09-30": 182.8419, "2014-06-30": 155.871, "2014-03-31": "192.52000", "2013-12-31": 226.1319, "2013-09-30": 135.2931, "2013-06-30": 235.505, "2013-03-31": "154.10600", "2012-12-31": 49.02, "2012-09-30": 101.101, "2012-06-30": 129.715, "2012-03-31": "119.67600", "2011-12-31": 156.599, "2011-09-30": 116.191, "2011-06-30": 132.407, "2011-03-31": "109.49600", "2010-12-31": 31.126, "2010-09-30": 114.21, "2010-06-30": -108.236, "2009-12-31": 318.2}, "Change In Accounts Receivable": {"2020-09-30": 36.963, "2020-06-30": 28.187, "2020-03-31": "27.17800", "2019-12-31": -50.338, "2019-09-30": 16.004, "2019-06-30": -7.582, "2019-03-31": "-1.42900", "2018-12-31": -49.773, "2018-09-30": 38.086, "2018-06-30": -22.542, "2018-03-31": "-17.87700", "2017-12-31": -61.245, "2017-09-30": 30.187, "2017-06-30": -27.523, "2017-03-31": "-15.98000", "2016-12-31": -59.243, "2016-09-30": 78.283, "2016-06-30": -36.094, "2016-03-31": "-9.44200", "2015-12-31": -117.188, "2015-09-30": 24.279, "2015-06-30": 80.337, "2015-03-31": "-98.39200", "2014-12-31": -80.696, "2014-09-30": 12.038, "2014-06-30": 12, "2014-03-31": "-16.32600", "2013-12-31": -61.56, "2013-09-30": -3.228, "2013-06-30": 1.209, "2013-03-31": "-16.50400", "2012-12-31": -44.267, "2012-09-30": 39.574, "2012-06-30": -8.351, "2012-03-31": "1.32700", "2011-12-31": -54.169, "2011-09-30": 9.247, "2011-06-30": -17.684, "2011-03-31": "17.85600", "2010-12-31": 16.932, "2010-09-30": -9.641, "2010-06-30": -7.291, "2009-12-31": 0}, "Change In Inventories": {"2020-09-30": 0, "2020-06-30": 0, "2020-03-31": "", "2019-12-31": 0, "2019-09-30": 0, "2019-06-30": 0, "2019-03-31": "", "2018-12-31": 0, "2018-09-30": 0, "2018-06-30": 0, "2018-03-31": "", "2017-12-31": 0, "2017-09-30": 0, "2017-06-30": 0, "2017-03-31": "", "2016-12-31": 0, "2016-09-30": 0, "2016-06-30": 0, "2016-03-31": "", "2015-12-31": 0, "2015-09-30": 0, "2015-06-30": 0, "2015-03-31": "", "2014-12-31": 0, "2014-09-30": 0, "2014-06-30": 0, "2014-03-31": "", "2013-12-31": 0, "2013-09-30": 0, "2013-06-30": 0, "2013-03-31": "", "2012-12-31": 0, "2012-09-30": 0, "2012-06-30": 0, "2012-03-31": "", "2011-12-31": 0, "2011-09-30": 0, "2011-06-30": 0, "2011-03-31": "", "2010-12-31": 0, "2010-09-30": 0, "2010-06-30": 0, "2009-12-31": 0}, "Change In Accounts Payable": {"2020-09-30": 0, "2020-06-30": 0, "2020-03-31": "", "2019-12-31": 0, "2019-09-30": 0, "2019-06-30": 0, "2019-03-31": "", "2018-12-31": 0, "2018-09-30": 0, "2018-06-30": 0, "2018-03-31": "", "2017-12-31": 0, "2017-09-30": 0, "2017-06-30": 0, "2017-03-31": "", "2016-12-31": 0, "2016-09-30": 0, "2016-06-30": 0, "2016-03-31": "", "2015-12-31": 0, "2015-09-30": 0, "2015-06-30": 0, "2015-03-31": "", "2014-12-31": 0, "2014-09-30": 0, "2014-06-30": 0, "2014-03-31": "", "2013-12-31": 0, "2013-09-30": 0, "2013-06-30": 0, "2013-03-31": "", "2012-12-31": 0, "2012-09-30": 0, "2012-06-30": 0, "2012-03-31": "", "2011-12-31": 0, "2011-09-30": 0, "2011-06-30": 0, "2011-03-31": "", "2010-12-31": 0, "2010-09-30": 0, "2010-06-30": 0, "2009-12-31": 0}, "Change In Assets/Liabilities": {"2020-09-30": -141.305, "2020-06-30": -152.098, "2020-03-31": "-210.05700", "2019-12-31": -316.462, "2019-09-30": -306.081, "2019-06-30": -274.52, "2019-03-31": "-221.50600", "2018-12-31": -293.648, "2018-09-30": -216.728, "2018-06-30": -231.034, "2018-03-31": "-250.78400", "2017-12-31": -272.484, "2017-09-30": -297.639, "2017-06-30": -261.868, "2017-03-31": "-240.97400", "2016-12-31": -287.489, "2016-09-30": -246.937, "2016-06-30": -283.536, "2016-03-31": "-180.44400", "2015-12-31": -192.5081, "2015-09-30": -252.168, "2015-06-30": -229.348, "2015-03-31": "-181.57500", "2014-12-31": -190.61, "2014-09-30": -210.851, "2014-06-30": -134.034, "2014-03-31": "-158.61300", "2013-12-31": -189.668, "2013-09-30": -147.849, "2013-06-30": -465.703, "2013-03-31": "-113.26400", "2012-12-31": 190.528, "2012-09-30": -139.614, "2012-06-30": -106.52, "2012-03-31": "-54.41700", "2011-12-31": -120.806, "2011-09-30": -99, "2011-06-30": -70.461, "2011-03-31": "-79.30400", "2010-12-31": 195.273, "2010-09-30": -64.006, "2010-06-30": -131.267, "2009-12-31": 0}, "Total Change In Assets/Liabilities": {"2020-09-30": -91.214, "2020-06-30": -149.064, "2020-03-31": "-202.88200", "2019-12-31": -374.556, "2019-09-30": -260.139, "2019-06-30": -312.996, "2019-03-31": "-241.41200", "2018-12-31": -269.959, "2018-09-30": -172.58, "2018-06-30": -253.971, "2018-03-31": "-315.94500", "2017-12-31": -306.915, "2017-09-30": -246.934, "2017-06-30": -367.056, "2017-03-31": "-232.97800", "2016-12-31": -289.834, "2016-09-30": -157.187, "2016-06-30": -280.239, "2016-03-31": "-221.37400", "2015-12-31": -315.2331, "2015-09-30": -177.137, "2015-06-30": -171.578, "2015-03-31": "-265.06000", "2014-12-31": -203.289, "2014-09-30": -151.566, "2014-06-30": -111.467, "2014-03-31": "-189.15800", "2013-12-31": -236.496, "2013-09-30": -126.782, "2013-06-30": -473.929, "2013-03-31": "-253.45200", "2012-12-31": 280.605, "2012-09-30": -79.246, "2012-06-30": -82.479, "2012-03-31": "-85.79000", "2011-12-31": -132.992, "2011-09-30": -73.269, "2011-06-30": -88.779, "2011-03-31": "-90.78200", "2010-12-31": -87.907, "2010-09-30": -85.374, "2010-06-30": 150.001, "2009-12-31": -282.7}, "Cash Flow From Operating Activities": {"2020-09-30": 219.175, "2020-06-30": 226.504, "2020-03-31": "198.40800", "2019-12-31": 83.351, "2019-09-30": 111.46, "2019-06-30": 117.25, "2019-03-31": "171.68700", "2018-12-31": 134.735, "2018-09-30": 193.235, "2018-06-30": 161.605, "2018-03-31": "116.97200", "2017-12-31": 112.156, "2017-09-30": 107.596, "2017-06-30": 21.107, "2017-03-31": "144.87000", "2016-12-31": 87.733, "2016-09-30": 197.028, "2016-06-30": 62.18, "2016-03-31": "167.38400", "2015-12-31": 69.066, "2015-09-30": 110.732, "2015-06-30": 110.046, "2015-03-31": "80.19500", "2014-12-31": 113.932, "2014-09-30": 84.379, "2014-06-30": 102.852, "2014-03-31": "74.59900", "2013-12-31": 24.598, "2013-09-30": 66.461, "2013-06-30": -102.693, "2013-03-31": "-37.82900", "2012-12-31": 345.13, "2012-09-30": 58.398, "2012-06-30": 88.641, "2012-03-31": "76.96300", "2011-12-31": 52.872, "2011-09-30": 83.239, "2011-06-30": 70.686, "2011-03-31": "48.43600", "2010-12-31": 71.607, "2010-09-30": 62.577, "2010-06-30": -72.194, "2009-12-31": 204}, "Net Change In Property, Plant, And Equipment": {"2020-09-30": -12.818, "2020-06-30": -9.256, "2020-03-31": "-12.91600", "2019-12-31": -22.508, "2019-09-30": -19.633, "2019-06-30": -27.41, "2019-03-31": "-22.05300", "2018-12-31": -29.028, "2018-09-30": -23.372, "2018-06-30": -25.46, "2018-03-31": "-11.94200", "2017-12-31": -18.255, "2017-09-30": -21.858, "2017-06-30": -19.73, "2017-03-31": "-20.20600", "2016-12-31": -34.715, "2016-09-30": -20.319, "2016-06-30": -11.799, "2016-03-31": "-12.38700", "2015-12-31": -19.511, "2015-09-30": -15.686, "2015-06-30": -14.876, "2015-03-31": "-18.24800", "2014-12-31": -15.399, "2014-09-30": -5.585, "2014-06-30": -12.566, "2014-03-31": "-6.18900", "2013-12-31": -5.967, "2013-09-30": -4.666, "2013-06-30": -5.667, "2013-03-31": "-8.00300", "2012-12-31": -4.884, "2012-09-30": -7.054, "2012-06-30": -3.681, "2012-03-31": "-2.83800", "2011-12-31": -8.255, "2011-09-30": -2.789, "2011-06-30": -2.741, "2011-03-31": "-1.58600", "2010-12-31": -10.135, "2010-09-30": -4.87, "2010-06-30": 10.865, "2009-12-31": -12.69}, "Net Change In Intangible Assets": {"2020-09-30": 0, "2020-06-30": 0, "2020-03-31": "", "2019-12-31": 0, "2019-09-30": 0, "2019-06-30": 0, "2019-03-31": "", "2018-12-31": 0, "2018-09-30": 0, "2018-06-30": 0, "2018-03-31": "", "2017-12-31": 0, "2017-09-30": 0, "2017-06-30": 0, "2017-03-31": "", "2016-12-31": 0, "2016-09-30": 0, "2016-06-30": 0, "2016-03-31": "", "2015-12-31": 0, "2015-09-30": 0, "2015-06-30": 0, "2015-03-31": "", "2014-12-31": 0, "2014-09-30": 0, "2014-06-30": 0, "2014-03-31": "", "2013-12-31": 0, "2013-09-30": 0, "2013-06-30": 0, "2013-03-31": "", "2012-12-31": 0, "2012-09-30": 0, "2012-06-30": 0, "2012-03-31": "", "2011-12-31": 0, "2011-09-30": 0, "2011-06-30": 0, "2011-03-31": "", "2010-12-31": 0, "2010-09-30": 0, "2010-06-30": 0, "2009-12-31": 0}, "Net Acquisitions/Divestitures": {"2020-09-30": 0, "2020-06-30": 0, "2020-03-31": "", "2019-12-31": 0, "2019-09-30": 0, "2019-06-30": 0, "2019-03-31": "", "2018-12-31": -48.835, "2018-09-30": -0.675, "2018-06-30": -34.879, "2018-03-31": "", "2017-12-31": 0, "2017-09-30": 0, "2017-06-30": 0, "2017-03-31": "", "2016-12-31": 0, "2016-09-30": 0, "2016-06-30": -0.354, "2016-03-31": "", "2015-12-31": -17.654, "2015-09-30": 0, "2015-06-30": 0.036, "2015-03-31": "-6.58100", "2014-12-31": -160.16, "2014-09-30": -31.217, "2014-06-30": 0, "2014-03-31": "-993.21000", "2013-12-31": 2.5, "2013-09-30": -2.5, "2013-06-30": 0, "2013-03-31": "", "2012-12-31": 0, "2012-09-30": 0, "2012-06-30": -0.185, "2012-03-31": "", "2011-12-31": -0.05, "2011-09-30": -0.135, "2011-06-30": 0, "2011-03-31": "-0.13500", "2010-12-31": 0, "2010-09-30": -0.185, "2010-06-30": 0.335, "2009-12-31": -0.47}, "Net Change In Short-term Investments": {"2020-09-30": 0, "2020-06-30": 0, "2020-03-31": "", "2019-12-31": 0, "2019-09-30": 0, "2019-06-30": 0, "2019-03-31": "", "2018-12-31": 0, "2018-09-30": 0, "2018-06-30": 0, "2018-03-31": "", "2017-12-31": 0, "2017-09-30": 0, "2017-06-30": 0, "2017-03-31": "", "2016-12-31": 0, "2016-09-30": 0, "2016-06-30": 0, "2016-03-31": "", "2015-12-31": 0, "2015-09-30": 0, "2015-06-30": 0, "2015-03-31": "", "2014-12-31": 0, "2014-09-30": 0, "2014-06-30": 0, "2014-03-31": "", "2013-12-31": 0, "2013-09-30": 0, "2013-06-30": 0, "2013-03-31": "", "2012-12-31": 0, "2012-09-30": 0, "2012-06-30": 0, "2012-03-31": "", "2011-12-31": 0, "2011-09-30": 0, "2011-06-30": 0, "2011-03-31": "", "2010-12-31": 0, "2010-09-30": 0, "2010-06-30": 0, "2009-12-31": 0}, "Net Change In Long-Term Investments": {"2020-09-30": -1.611, "2020-06-30": 0, "2020-03-31": "11.25000", "2019-12-31": -3.483, "2019-09-30": 0, "2019-06-30": 0, "2019-03-31": "", "2018-12-31": -0.001, "2018-09-30": -2.592, "2018-06-30": -45.17, "2018-03-31": "-42.31800", "2017-12-31": -10, "2017-09-30": 0, "2017-06-30": -15, "2017-03-31": "-28.00000", "2016-12-31": -95, "2016-09-30": 0, "2016-06-30": 0, "2016-03-31": "", "2015-12-31": 0, "2015-09-30": 0, "2015-06-30": 0.96, "2015-03-31": "-25.21000", "2014-12-31": 4.446, "2014-09-30": -3.984, "2014-06-30": 0, "2014-03-31": "", "2013-12-31": -2.5, "2013-09-30": 0, "2013-06-30": 0, "2013-03-31": "", "2012-12-31": 0, "2012-09-30": 0, "2012-06-30": -0.75, "2012-03-31": "", "2011-12-31": 0, "2011-09-30": 0, "2011-06-30": 0, "2011-03-31": "", "2010-12-31": 0, "2010-09-30": 0, "2010-06-30": 0, "2009-12-31": 0}, "Net Change In Investments - Total": {"2020-09-30": -1.611, "2020-06-30": 0, "2020-03-31": "11.25000", "2019-12-31": -3.483, "2019-09-30": 0, "2019-06-30": 0, "2019-03-31": "", "2018-12-31": -0.001, "2018-09-30": -2.592, "2018-06-30": -45.17, "2018-03-31": "-42.31800", "2017-12-31": -10, "2017-09-30": 0, "2017-06-30": -15, "2017-03-31": "-28.00000", "2016-12-31": -95, "2016-09-30": 0, "2016-06-30": 0, "2016-03-31": "", "2015-12-31": 0, "2015-09-30": 0, "2015-06-30": 0.96, "2015-03-31": "-25.21000", "2014-12-31": 4.446, "2014-09-30": -3.984, "2014-06-30": 0, "2014-03-31": "", "2013-12-31": -2.5, "2013-09-30": 0, "2013-06-30": 0, "2013-03-31": "", "2012-12-31": 0, "2012-09-30": 0, "2012-06-30": -0.75, "2012-03-31": "", "2011-12-31": 0, "2011-09-30": 0, "2011-06-30": 0, "2011-03-31": "", "2010-12-31": 0, "2010-09-30": 0, "2010-06-30": 0, "2009-12-31": 0}, "Investing Activities - Other": {"2020-09-30": 0, "2020-06-30": 0.924, "2020-03-31": "", "2019-12-31": -3.852, "2019-09-30": 3.324, "2019-06-30": 2, "2019-03-31": "3.90800", "2018-12-31": 3.565, "2018-09-30": 0.176, "2018-06-30": 0.175, "2018-03-31": "0.17200", "2017-12-31": 2.447, "2017-09-30": 0, "2017-06-30": 0, "2017-03-31": "", "2016-12-31": 0, "2016-09-30": 0, "2016-06-30": 0, "2016-03-31": "", "2015-12-31": 0, "2015-09-30": 0, "2015-06-30": 0, "2015-03-31": "", "2014-12-31": 0, "2014-09-30": 0, "2014-06-30": 0, "2014-03-31": "0.65400", "2013-12-31": 0, "2013-09-30": 0, "2013-06-30": 0, "2013-03-31": "0.65700", "2012-12-31": 0, "2012-09-30": 0, "2012-06-30": 0, "2012-03-31": "", "2011-12-31": 0, "2011-09-30": 0, "2011-06-30": 0, "2011-03-31": "", "2010-12-31": 0, "2010-09-30": 0, "2010-06-30": 0, "2009-12-31": 0}, "Cash Flow From Investing Activities": {"2020-09-30": -14.429, "2020-06-30": -8.332, "2020-03-31": "-1.66600", "2019-12-31": -29.843, "2019-09-30": -16.309, "2019-06-30": -25.41, "2019-03-31": "-18.14500", "2018-12-31": -74.299, "2018-09-30": -26.463, "2018-06-30": -105.334, "2018-03-31": "-54.08800", "2017-12-31": -25.808, "2017-09-30": -21.858, "2017-06-30": -34.73, "2017-03-31": "-48.20600", "2016-12-31": -129.715, "2016-09-30": -20.319, "2016-06-30": -12.153, "2016-03-31": "-12.38700", "2015-12-31": -37.165, "2015-09-30": -15.686, "2015-06-30": -13.88, "2015-03-31": "-50.03900", "2014-12-31": -171.113, "2014-09-30": -40.786, "2014-06-30": -12.566, "2014-03-31": "-998.74500", "2013-12-31": -5.967, "2013-09-30": -7.166, "2013-06-30": -5.667, "2013-03-31": "-7.34600", "2012-12-31": -4.884, "2012-09-30": -7.054, "2012-06-30": -4.616, "2012-03-31": "-2.83800", "2011-12-31": -8.305, "2011-09-30": -2.924, "2011-06-30": -2.741, "2011-03-31": "-1.72100", "2010-12-31": -10.135, "2010-09-30": -5.055, "2010-06-30": 11.2, "2009-12-31": -13.16}, "Net Long-Term Debt": {"2020-09-30": -24.579, "2020-06-30": -9.169, "2020-03-31": "-205.15600", "2019-12-31": -11.431, "2019-09-30": -9.844, "2019-06-30": -3.281, "2019-03-31": "-2.02600", "2018-12-31": -0.771, "2018-09-30": -1.253, "2018-06-30": -1.219, "2018-03-31": "-1.40600", "2017-12-31": -1.1451, "2017-09-30": 388.0981, "2017-06-30": -56.59, "2017-03-31": "-56.90100", "2016-12-31": -38.106, "2016-09-30": -83.658, "2016-06-30": -37.989, "2016-03-31": "289.96500", "2015-12-31": -19.053, "2015-09-30": -19.443, "2015-06-30": -18.529, "2015-03-31": "-19.92000", "2014-12-31": 0.306, "2014-09-30": -1.395, "2014-06-30": -0.898, "2014-03-31": "599.58600", "2013-12-31": -0.404, "2013-09-30": -0.394, "2013-06-30": -0.385, "2013-03-31": "-0.37500", "2012-12-31": -48.428, "2012-09-30": -51.845, "2012-06-30": -1.887, "2012-03-31": "-51.77800", "2011-12-31": -52.682, "2011-09-30": -52.6631, "2011-06-30": 90.3501, "2011-03-31": "-63.59300", "2010-12-31": 251.798, "2010-09-30": -17.258, "2010-06-30": -234.54, "2009-12-31": 0}, "Net Current Debt": {"2020-09-30": 0, "2020-06-30": 0, "2020-03-31": "", "2019-12-31": 0, "2019-09-30": 0, "2019-06-30": 0, "2019-03-31": "", "2018-12-31": 0, "2018-09-30": 0, "2018-06-30": 0, "2018-03-31": "", "2017-12-31": 0, "2017-09-30": 0, "2017-06-30": 0, "2017-03-31": "", "2016-12-31": 0, "2016-09-30": 0, "2016-06-30": 0, "2016-03-31": "", "2015-12-31": 0, "2015-09-30": 0, "2015-06-30": -40, "2015-03-31": "", "2014-12-31": 0, "2014-09-30": 0, "2014-06-30": 0, "2014-03-31": "", "2013-12-31": 0, "2013-09-30": 0, "2013-06-30": 0, "2013-03-31": "", "2012-12-31": 0, "2012-09-30": 0, "2012-06-30": 0, "2012-03-31": "", "2011-12-31": 0, "2011-09-30": 0, "2011-06-30": 0, "2011-03-31": "", "2010-12-31": 0, "2010-09-30": 0, "2010-06-30": 0, "2009-12-31": 0}, "Debt Issuance/Retirement Net - Total": {"2020-09-30": -24.579, "2020-06-30": -9.169, "2020-03-31": "-205.15600", "2019-12-31": -11.431, "2019-09-30": -9.844, "2019-06-30": -3.281, "2019-03-31": "-2.02600", "2018-12-31": -0.771, "2018-09-30": -1.253, "2018-06-30": -1.219, "2018-03-31": "-1.40600", "2017-12-31": -1.1451, "2017-09-30": 388.0981, "2017-06-30": -56.59, "2017-03-31": "-56.90100", "2016-12-31": -38.106, "2016-09-30": -83.658, "2016-06-30": -37.989, "2016-03-31": "289.96500", "2015-12-31": -19.053, "2015-09-30": -19.443, "2015-06-30": -58.529, "2015-03-31": "-19.92000", "2014-12-31": 0.306, "2014-09-30": -1.395, "2014-06-30": -0.898, "2014-03-31": "599.58600", "2013-12-31": -0.404, "2013-09-30": -0.394, "2013-06-30": -0.385, "2013-03-31": "-0.37500", "2012-12-31": -48.428, "2012-09-30": -51.845, "2012-06-30": -1.887, "2012-03-31": "-51.77800", "2011-12-31": -52.682, "2011-09-30": -52.6631, "2011-06-30": 90.3501, "2011-03-31": "-63.59300", "2010-12-31": -47.282, "2010-09-30": -17.258, "2010-06-30": -111.51, "2009-12-31": -123.03}, "Net Common Equity Issued/Repurchased": {"2020-09-30": -0.001, "2020-06-30": -17.069, "2020-03-31": "-94.81500", "2019-12-31": 0.001, "2019-09-30": -12.158, "2019-06-30": -57.509, "2019-03-31": "-19.32000", "2018-12-31": -16.845, "2018-09-30": -24.991, "2018-06-30": -154.835, "2018-03-31": "-98.99100", "2017-12-31": -87.999, "2017-09-30": -102.96, "2017-06-30": -153.528, "2017-03-31": "-104.21900", "2016-12-31": -113.23, "2016-09-30": -61.756, "2016-06-30": -48.632, "2016-03-31": "-9.21300", "2015-12-31": 0.159, "2015-09-30": 0.018, "2015-06-30": -0.571, "2015-03-31": "-12.71800", "2014-12-31": -4.355, "2014-09-30": 0.145, "2014-06-30": 0.082, "2014-03-31": "-16.96100", "2013-12-31": -0.098, "2013-09-30": 0.121, "2013-06-30": 0.876, "2013-03-31": "-11.27500", "2012-12-31": 6.703, "2012-09-30": 0.076, "2012-06-30": 0.118, "2012-03-31": "-14.10900", "2011-12-31": -0.432, "2011-09-30": 2.377, "2011-06-30": 0, "2011-03-31": "", "2010-12-31": 0, "2010-09-30": 0, "2010-06-30": 0, "2009-12-31": 0}, "Net Total Equity Issued/Repurchased": {"2020-09-30": -0.001, "2020-06-30": -17.069, "2020-03-31": "-94.81500", "2019-12-31": 0.001, "2019-09-30": -12.158, "2019-06-30": -57.509, "2019-03-31": "-19.32000", "2018-12-31": -16.845, "2018-09-30": -24.991, "2018-06-30": -154.835, "2018-03-31": "-98.99100", "2017-12-31": -87.999, "2017-09-30": -102.96, "2017-06-30": -153.528, "2017-03-31": "-104.21900", "2016-12-31": -113.23, "2016-09-30": -61.756, "2016-06-30": -48.632, "2016-03-31": "-9.21300", "2015-12-31": 0.159, "2015-09-30": 0.018, "2015-06-30": -0.571, "2015-03-31": "-12.71800", "2014-12-31": -4.355, "2014-09-30": 0.145, "2014-06-30": 0.082, "2014-03-31": "-16.96100", "2013-12-31": -0.098, "2013-09-30": 0.121, "2013-06-30": 0.876, "2013-03-31": "-11.27500", "2012-12-31": 6.703, "2012-09-30": 0.076, "2012-06-30": 0.118, "2012-03-31": "-14.10900", "2011-12-31": -0.432, "2011-09-30": 2.377, "2011-06-30": 0, "2011-03-31": "", "2010-12-31": 0, "2010-09-30": 0, "2010-06-30": 0, "2009-12-31": 0}, "Total Common And Preferred Stock Dividends Paid": {"2020-09-30": 0, "2020-06-30": 0, "2020-03-31": "", "2019-12-31": 0, "2019-09-30": 0, "2019-06-30": 0, "2019-03-31": "", "2018-12-31": 0, "2018-09-30": 0, "2018-06-30": 0, "2018-03-31": "", "2017-12-31": 0, "2017-09-30": 0, "2017-06-30": 0, "2017-03-31": "", "2016-12-31": 0, "2016-09-30": 0, "2016-06-30": 0, "2016-03-31": "", "2015-12-31": 0, "2015-09-30": 0, "2015-06-30": 0, "2015-03-31": "", "2014-12-31": 0, "2014-09-30": 0, "2014-06-30": 0, "2014-03-31": "", "2013-12-31": 0, "2013-09-30": 0, "2013-06-30": 0, "2013-03-31": "", "2012-12-31": 0, "2012-09-30": 0, "2012-06-30": 0, "2012-03-31": "", "2011-12-31": 0, "2011-09-30": 0, "2011-06-30": 0, "2011-03-31": "", "2010-12-31": 0, "2010-09-30": 0, "2010-06-30": 0, "2009-12-31": 0}, "Financial Activities - Other": {"2020-09-30": -3.348, "2020-06-30": -7.526, "2020-03-31": "-3.08100", "2019-12-31": -2.013, "2019-09-30": -3.416, "2019-06-30": -4.5, "2019-03-31": "-5.62900", "2018-12-31": -4.963, "2018-09-30": -2.366, "2018-06-30": -5.532, "2018-03-31": "-1.43500", "2017-12-31": -2.451, "2017-09-30": -13.585, "2017-06-30": -1.218, "2017-03-31": "-11.71200", "2016-12-31": 0.024, "2016-09-30": -1.815, "2016-06-30": -0.089, "2016-03-31": "-49.36500", "2015-12-31": 0.281, "2015-09-30": 0.24, "2015-06-30": -1.415, "2015-03-31": "3.67200", "2014-12-31": 1.136, "2014-09-30": 0.954, "2014-06-30": 0.793, "2014-03-31": "-4.51600", "2013-12-31": -12.397, "2013-09-30": 2.017, "2013-06-30": 1.558, "2013-03-31": "0.80300", "2012-12-31": -0.803, "2012-09-30": 5.585, "2012-06-30": 1.321, "2012-03-31": "-0.04000", "2011-12-31": -0.815, "2011-09-30": -2.699, "2011-06-30": -44.713, "2011-03-31": "20.81300", "2010-12-31": -0.768, "2010-09-30": -11.44, "2010-06-30": 171.908, "2009-12-31": -9.44}, "Cash Flow From Financial Activities": {"2020-09-30": -27.928, "2020-06-30": -33.764, "2020-03-31": "-303.05200", "2019-12-31": -13.443, "2019-09-30": -25.418, "2019-06-30": -65.29, "2019-03-31": "-26.97500", "2018-12-31": -22.579, "2018-09-30": -28.61, "2018-06-30": -161.586, "2018-03-31": "-101.83200", "2017-12-31": -91.595, "2017-09-30": 271.553, "2017-06-30": -211.336, "2017-03-31": "-172.83200", "2016-12-31": -151.312, "2016-09-30": -147.229, "2016-06-30": -86.71, "2016-03-31": "231.38700", "2015-12-31": -18.613, "2015-09-30": -19.185, "2015-06-30": -60.515, "2015-03-31": "-28.96600", "2014-12-31": -2.913, "2014-09-30": -0.296, "2014-06-30": -0.023, "2014-03-31": "578.10900", "2013-12-31": -12.899, "2013-09-30": 1.744, "2013-06-30": 2.049, "2013-03-31": "-10.84700", "2012-12-31": -42.528, "2012-09-30": -46.184, "2012-06-30": -0.448, "2012-03-31": "-65.92700", "2011-12-31": -53.929, "2011-09-30": -52.985, "2011-06-30": 45.637, "2011-03-31": "-42.78000", "2010-12-31": -48.04, "2010-09-30": -28.698, "2010-06-30": 60.398, "2009-12-31": -132.47}, "Net Cash Flow": {"2020-09-30": 181.973, "2020-06-30": 185.758, "2020-03-31": "-112.04100", "2019-12-31": 42.784, "2019-09-30": 67.044, "2019-06-30": 22.66, "2019-03-31": "128.79600", "2018-12-31": -9.831, "2018-09-30": 148.593, "2018-06-30": -113.076, "2018-03-31": "-29.58300", "2017-12-31": 6.494, "2017-09-30": 362.81, "2017-06-30": -214.169, "2017-03-31": "-77.74100", "2016-12-31": -201.375, "2016-09-30": 39.294, "2016-06-30": -59.33, "2016-03-31": "386.47900", "2015-12-31": 8.766, "2015-09-30": 66.495, "2015-06-30": 46.753, "2015-03-31": "-7.06000", "2014-12-31": -95.255, "2014-09-30": 12.63, "2014-06-30": 124.538, "2014-03-31": "-362.49700", "2013-12-31": 12.275, "2013-09-30": 61.039, "2013-06-30": -106.311, "2013-03-31": "-56.02200", "2012-12-31": 297.718, "2012-09-30": 5.449, "2012-06-30": 83.621, "2012-03-31": "8.34600", "2011-12-31": -9.123, "2011-09-30": 27.122, "2011-06-30": 113.764, "2011-03-31": "4.11300", "2010-12-31": 12.801, "2010-09-30": -3.702, "2010-06-30": 36.691, "2009-12-31": 4.34}, "Stock-Based Compensation": {"2020-09-30": 12.394, "2020-06-30": 15.235, "2020-03-31": "15.51200", "2019-12-31": 13.668, "2019-09-30": 13.841, "2019-06-30": 16.725, "2019-03-31": "19.89900", "2018-12-31": 8.973, "2018-09-30": 16.934, "2018-06-30": 19.753, "2018-03-31": "15.31900", "2017-12-31": 12.133, "2017-09-30": 13.817, "2017-06-30": 15.131, "2017-03-31": "12.46400", "2016-12-31": 10.028, "2016-09-30": 9.381, "2016-06-30": 11.323, "2016-03-31": "8.16500", "2015-12-31": 7.11, "2015-09-30": 7.821, "2015-06-30": 8.801, "2015-03-31": "7.28800", "2014-12-31": 6.794, "2014-09-30": 7.73, "2014-06-30": 8.759, "2014-03-31": "5.08000", "2013-12-31": 5.25, "2013-09-30": 5.108, "2013-06-30": 5.604, "2013-03-31": "4.33700", "2012-12-31": 4.356, "2012-09-30": 4.362, "2012-06-30": 4.901, "2012-03-31": "3.58300", "2011-12-31": 3.349, "2011-09-30": 4.32, "2011-06-30": 4.412, "2011-03-31": "3.93100", "2010-12-31": -12.053, "2010-09-30": 4.218, "2010-06-30": 7.835, "2009-12-31": 0}, "Common Stock Dividends Paid": {"2020-09-30": 0, "2020-06-30": 0, "2020-03-31": "", "2019-12-31": 0, "2019-09-30": 0, "2019-06-30": 0, "2019-03-31": "", "2018-12-31": 0, "2018-09-30": 0, "2018-06-30": 0, "2018-03-31": "", "2017-12-31": 0, "2017-09-30": 0, "2017-06-30": 0, "2017-03-31": "", "2016-12-31": 0, "2016-09-30": 0, "2016-06-30": 0, "2016-03-31": "", "2015-12-31": 0, "2015-09-30": 0, "2015-06-30": 0, "2015-03-31": "", "2014-12-31": 0, "2014-09-30": 0, "2014-06-30": 0, "2014-03-31": "", "2013-12-31": 0, "2013-09-30": 0, "2013-06-30": 0, "2013-03-31": "", "2012-12-31": 0, "2012-09-30": 0, "2012-06-30": 0, "2012-03-31": "", "2011-12-31": 0, "2011-09-30": 0, "2011-06-30": 0, "2011-03-31": "", "2010-12-31": 0, "2010-09-30": 0, "2010-06-30": 0, "2009-12-31": 0}}, "financial ratios": {"Current Ratio": {"2019-12-31": "2.89710", "2018-12-31": "2.46220", "2017-12-31": "2.51310", "2016-12-31": "1.77780", "2015-12-31": "1.83080", "2014-12-31": "1.81640", "2013-12-31": "3.14560", "2012-12-31": "1.65650", "2011-12-31": "2.52760", "2010-12-31": "1.68340", "2009-12-31": ""}, "Long-term Debt / Capital": {"2019-12-31": "0.81470", "2018-12-31": "0.89950", "2017-12-31": "0.95020", "2016-12-31": "1.00060", "2015-12-31": "1.00340", "2014-12-31": "1.15080", "2013-12-31": "1.35760", "2012-12-31": "1.68660", "2011-12-31": "1.82130", "2010-12-31": "0.97720", "2009-12-31": ""}, "Debt/Equity Ratio": {"2019-12-31": "4.47750", "2018-12-31": "9.00780", "2017-12-31": "19.09410", "2016-12-31": "-1739.12900", "2015-12-31": "-312.70530", "2014-12-31": "-7.96550", "2013-12-31": "-3.79920", "2012-12-31": "-2.45820", "2011-12-31": "-2.22470", "2010-12-31": "45.05960", "2009-12-31": ""}, "Gross Margin": {"2019-12-31": "50.75730", "2018-12-31": "51.34650", "2017-12-31": "52.20160", "2016-12-31": "53.55060", "2015-12-31": "55.94100", "2014-12-31": "54.79150", "2013-12-31": "58.39870", "2012-12-31": "62.48380", "2011-12-31": "64.13690", "2010-12-31": "66.04910", "2009-12-31": "68.12340"}, "Operating Margin": {"2019-12-31": "20.43180", "2018-12-31": "24.45920", "2017-12-31": "25.74620", "2016-12-31": "23.86210", "2015-12-31": "27.47810", "2014-12-31": "25.11230", "2013-12-31": "36.57150", "2012-12-31": "26.82570", "2011-12-31": "27.49050", "2010-12-31": "25.95160", "2009-12-31": "24.41440"}, "EBIT Margin": {"2019-12-31": "20.43180", "2018-12-31": "24.45920", "2017-12-31": "25.74620", "2016-12-31": "23.86210", "2015-12-31": "27.47810", "2014-12-31": "25.11230", "2013-12-31": "36.57150", "2012-12-31": "26.82570", "2011-12-31": "27.49050", "2010-12-31": "25.95160", "2009-12-31": "24.41440"}, "EBITDA Margin": {"2019-12-31": "56.55630", "2018-12-31": "60.71410", "2017-12-31": "64.05820", "2016-12-31": "59.18620", "2015-12-31": "60.66750", "2014-12-31": "58.15690", "2013-12-31": "72.62930", "2012-12-31": "60.86990", "2011-12-31": "62.40530", "2010-12-31": "58.90160", "2009-12-31": "57.09650"}, "Pre-Tax Profit Margin": {"2019-12-31": "15.88680", "2018-12-31": "20.87110", "2017-12-31": "22.82430", "2016-12-31": "16.50520", "2015-12-31": "22.58070", "2014-12-31": "18.24880", "2013-12-31": "29.46250", "2012-12-31": "16.43340", "2011-12-31": "17.73200", "2010-12-31": "19.12840", "2009-12-31": "16.32570"}, "Net Profit Margin": {"2019-12-31": "12.43290", "2018-12-31": "15.01340", "2017-12-31": "16.79860", "2016-12-31": "9.81650", "2015-12-31": "14.21140", "2014-12-31": "11.98710", "2013-12-31": "18.26410", "2012-12-31": "10.09410", "2011-12-31": "10.64660", "2010-12-31": "7.42830", "2009-12-31": "5.52110"}, "Asset Turnover": {"2019-12-31": "0.54680", "2018-12-31": "0.56300", "2017-12-31": "0.55750", "2016-12-31": "0.61500", "2015-12-31": "0.60720", "2014-12-31": "0.55080", "2013-12-31": "0.60370", "2012-12-31": "0.52100", "2011-12-31": "0.54390", "2010-12-31": "0.58160", "2009-12-31": ""}, "Inventory Turnover Ratio": {"2019-12-31": "", "2018-12-31": "", "2017-12-31": "", "2016-12-31": "", "2015-12-31": "", "2014-12-31": "", "2013-12-31": "", "2012-12-31": "", "2011-12-31": "", "2010-12-31": "", "2009-12-31": ""}, "Receiveable Turnover": {"2019-12-31": "3.57040", "2018-12-31": "3.55500", "2017-12-31": "3.61610", "2016-12-31": "3.93010", "2015-12-31": "3.80290", "2014-12-31": "3.67950", "2013-12-31": "4.14970", "2012-12-31": "4.39890", "2011-12-31": "4.06270", "2010-12-31": "4.32120", "2009-12-31": ""}, "Days Sales In Receivables": {"2019-12-31": "102.23020", "2018-12-31": "102.67120", "2017-12-31": "100.93780", "2016-12-31": "92.87250", "2015-12-31": "95.97900", "2014-12-31": "99.19960", "2013-12-31": "87.95750", "2012-12-31": "82.97460", "2011-12-31": "89.84090", "2010-12-31": "84.46790", "2009-12-31": ""}, "ROE - Return On Equity": {"2019-12-31": "58.96070", "2018-12-31": "134.40220", "2017-12-31": "298.65940", "2016-12-31": "-17637.31000", "2015-12-31": "-4418.88900", "2014-12-31": "-76.12000", "2013-12-31": "-50.77000", "2012-12-31": "-15.43780", "2011-12-31": "-12.18540", "2010-12-31": "475.97370", "2009-12-31": ""}, "Return On Tangible Equity": {"2019-12-31": "-25.91860", "2018-12-31": "-20.65940", "2017-12-31": "-21.12710", "2016-12-31": "-12.86580", "2015-12-31": "-16.44220", "2014-12-31": "-10.15810", "2013-12-31": "-16.95520", "2012-12-31": "-6.97130", "2011-12-31": "-5.76610", "2010-12-31": "-11.35910", "2009-12-31": ""}, "ROA - Return On Assets": {"2019-12-31": "7.28500", "2018-12-31": "8.78960", "2017-12-31": "9.72860", "2016-12-31": "6.47150", "2015-12-31": "8.98000", "2014-12-31": "6.78190", "2013-12-31": "11.00470", "2012-12-31": "5.24670", "2011-12-31": "5.78600", "2010-12-31": "6.37520", "2009-12-31": ""}, "ROI - Return On Investment": {"2019-12-31": "10.92640", "2018-12-31": "13.51320", "2017-12-31": "14.88490", "2016-12-31": "11.02140", "2015-12-31": "15.02210", "2014-12-31": "11.47560", "2013-12-31": "18.15710", "2012-12-31": "10.59990", "2011-12-31": "10.00730", "2010-12-31": "10.85170", "2009-12-31": ""}, "Book Value Per Share": {"2019-12-31": "12.44570", "2018-12-31": "6.13890", "2017-12-31": "2.68390", "2016-12-31": "-0.02400", "2015-12-31": "-0.11930", "2014-12-31": "-4.88510", "2013-12-31": "-7.90720", "2012-12-31": "-12.19140", "2011-12-31": "-14.40890", "2010-12-31": "", "2009-12-31": ""}, "Operating Cash Flow Per Share": {"2019-12-31": -1.8084, "2018-12-31": 4.4119, "2017-12-31": -1.2252, "2016-12-31": 2.0471, "2015-12-31": -0.1018, "2014-12-31": 5.838, "2013-12-31": -8.5591, "2012-12-31": 4.2703, "2011-12-31": -0.2375, "2010-12-31": 0.8963, "2009-12-31": 2.9497}, "Free Cash Flow Per Share": {"2019-12-31": -1.891, "2018-12-31": 4.1083, "2017-12-31": -1.3509, "2016-12-31": 1.8865, "2015-12-31": -0.4899, "2014-12-31": 5.6269, "2013-12-31": -8.6379, "2012-12-31": 4.2321, "2011-12-31": -0.2114, "2010-12-31": 0.8365, "2009-12-31": 2.7661}}, "financial ratios, quarterly": {"Current Ratio": {"2020-09-30": "2.43430", "2020-06-30": "2.38380", "2020-03-31": "2.16510", "2019-12-31": "2.89710", "2019-09-30": "2.71190", "2019-06-30": "2.65240", "2019-03-31": "2.65820", "2018-12-31": "2.46220", "2018-09-30": "2.50890", "2018-06-30": "2.45880", "2018-03-31": "2.64010", "2017-12-31": "2.51310", "2017-09-30": "2.57320", "2017-06-30": "1.54930", "2017-03-31": "1.71290", "2016-12-31": "1.77780", "2016-09-30": "1.99310", "2016-06-30": "1.98960", "2016-03-31": "2.31020", "2015-12-31": "1.83080", "2015-09-30": "1.83520", "2015-06-30": "1.81080", "2015-03-31": "1.76150", "2014-12-31": "1.81640", "2014-09-30": "2.03930", "2014-06-30": "2.10950", "2014-03-31": "2.20190", "2013-12-31": "3.14560", "2013-09-30": "2.90720", "2013-06-30": "2.78860", "2013-03-31": "1.84220", "2012-12-31": "1.65650", "2012-09-30": "2.36900", "2012-06-30": "2.49390", "2012-03-31": "2.53680", "2011-12-31": "2.52760", "2011-09-30": "2.75580", "2011-06-30": "2.79670", "2011-03-31": "", "2010-12-31": "", "2010-09-30": "", "2010-06-30": "", "2009-12-31": ""}, "Long-term Debt / Capital": {"2020-09-30": "0.79530", "2020-06-30": "0.80620", "2020-03-31": "0.81590", "2019-12-31": "0.82460", "2019-09-30": "0.82360", "2019-06-30": "0.84390", "2019-03-31": "0.86410", "2018-12-31": "0.89950", "2018-09-30": "0.91450", "2018-06-30": "0.94120", "2018-03-31": "0.92290", "2017-12-31": "0.95020", "2017-09-30": "0.97400", "2017-06-30": "0.97730", "2017-03-31": "0.97740", "2016-12-31": "1.00060", "2016-09-30": "0.95060", "2016-06-30": "0.95940", "2016-03-31": "0.96020", "2015-12-31": "1.00340", "2015-09-30": "1.03730", "2015-06-30": "1.06820", "2015-03-31": "1.12410", "2014-12-31": "1.15080", "2014-09-30": "1.16560", "2014-06-30": "1.16820", "2014-03-31": "1.21040", "2013-12-31": "1.35760", "2013-09-30": "1.39320", "2013-06-30": "1.45710", "2013-03-31": "1.61480", "2012-12-31": "1.68660", "2012-09-30": "1.71360", "2012-06-30": "1.74350", "2012-03-31": "1.80700", "2011-12-31": "1.82130", "2011-09-30": "1.82920", "2011-06-30": "1.84440", "2011-03-31": "", "2010-12-31": "", "2010-09-30": "", "2010-06-30": "", "2009-12-31": ""}, "Debt/Equity Ratio": {"2020-09-30": "3.98350", "2020-06-30": "4.27890", "2020-03-31": "4.54210", "2019-12-31": "4.78270", "2019-09-30": "4.74130", "2019-06-30": "5.47200", "2019-03-31": "6.42040", "2018-12-31": "9.00780", "2018-09-30": "10.73960", "2018-06-30": "16.02410", "2018-03-31": "11.99160", "2017-12-31": "19.09410", "2017-09-30": "37.58550", "2017-06-30": "47.61290", "2017-03-31": "47.28330", "2016-12-31": "-1739.12900", "2016-09-30": "20.75410", "2016-06-30": "25.64300", "2016-03-31": "25.57980", "2015-12-31": "-312.70530", "2015-09-30": "-29.25320", "2015-06-30": "-16.34850", "2015-03-31": "-9.51420", "2014-12-31": "-7.96550", "2014-09-30": "-7.19050", "2014-06-30": "-7.04440", "2014-03-31": "-5.79430", "2013-12-31": "-3.79920", "2013-09-30": "-3.54600", "2013-06-30": "-3.19020", "2013-03-31": "-2.62860", "2012-12-31": "-2.45820", "2012-09-30": "-2.40950", "2012-06-30": "-2.35270", "2012-03-31": "-2.24670", "2011-12-31": "-2.22470", "2011-09-30": "-2.21360", "2011-06-30": "-2.19240", "2011-03-31": "", "2010-12-31": "", "2010-09-30": "", "2010-06-30": "", "2009-12-31": ""}, "Gross Margin": {"2020-09-30": "48.95900", "2020-06-30": "56.28860", "2020-03-31": "53.14930", "2019-12-31": "45.71830", "2019-09-30": "50.59930", "2019-06-30": "50.06820", "2019-03-31": "56.62600", "2018-12-31": "47.93570", "2018-09-30": "50.29270", "2018-06-30": "50.51010", "2018-03-31": "56.75550", "2017-12-31": "47.05490", "2017-09-30": "50.19580", "2017-06-30": "52.87490", "2017-03-31": "58.53700", "2016-12-31": "50.46320", "2016-09-30": "46.61610", "2016-06-30": "55.39170", "2016-03-31": "61.18280", "2015-12-31": "52.55410", "2015-09-30": "53.63620", "2015-06-30": "56.79360", "2015-03-31": "60.79260", "2014-12-31": "53.76030", "2014-09-30": "51.38950", "2014-06-30": "55.55510", "2014-03-31": "58.59910", "2013-12-31": "46.96260", "2013-09-30": "60.27250", "2013-06-30": "63.71000", "2013-03-31": "64.21650", "2012-12-31": "56.76990", "2012-09-30": "60.96230", "2012-06-30": "65.09170", "2012-03-31": "67.83650", "2011-12-31": "57.73910", "2011-09-30": "66.03900", "2011-06-30": "67.15940", "2011-03-31": "66.87060", "2010-12-31": "", "2010-09-30": "67.65280", "2010-06-30": "67.51390", "2009-12-31": ""}, "Operating Margin": {"2020-09-30": "21.32630", "2020-06-30": "7.55110", "2020-03-31": "23.55340", "2019-12-31": "5.31310", "2019-09-30": "23.43980", "2019-06-30": "22.04550", "2019-03-31": "31.22370", "2018-12-31": "17.74270", "2018-09-30": "23.61960", "2018-06-30": "25.15560", "2018-03-31": "31.53990", "2017-12-31": "22.22270", "2017-09-30": "23.66490", "2017-06-30": "24.74020", "2017-03-31": "32.16810", "2016-12-31": "14.19690", "2016-09-30": "18.45710", "2016-06-30": "25.99640", "2016-03-31": "36.62820", "2015-12-31": "23.61650", "2015-09-30": "25.19410", "2015-06-30": "26.42220", "2015-03-31": "34.50770", "2014-12-31": "26.09200", "2014-09-30": "21.21620", "2014-06-30": "24.79920", "2014-03-31": "28.14450", "2013-12-31": "19.52270", "2013-09-30": "30.95830", "2013-06-30": "65.20160", "2013-03-31": "33.37620", "2012-12-31": "21.99660", "2012-09-30": "26.15790", "2012-06-30": "30.00150", "2012-03-31": "29.74480", "2011-12-31": "23.34180", "2011-09-30": "33.26500", "2011-06-30": "28.17940", "2011-03-31": "25.89900", "2010-12-31": "", "2010-09-30": "28.34290", "2010-06-30": "27.55170", "2009-12-31": ""}, "EBIT Margin": {"2020-09-30": "21.32630", "2020-06-30": "7.55110", "2020-03-31": "23.55340", "2019-12-31": "5.31320", "2019-09-30": "23.43980", "2019-06-30": "22.04550", "2019-03-31": "31.22370", "2018-12-31": "17.74270", "2018-09-30": "23.61960", "2018-06-30": "25.15560", "2018-03-31": "31.53990", "2017-12-31": "22.22260", "2017-09-30": "23.66490", "2017-06-30": "24.74020", "2017-03-31": "32.16810", "2016-12-31": "14.19690", "2016-09-30": "18.45710", "2016-06-30": "25.99640", "2016-03-31": "36.62820", "2015-12-31": "23.61650", "2015-09-30": "25.19410", "2015-06-30": "26.42220", "2015-03-31": "34.50770", "2014-12-31": "26.09200", "2014-09-30": "21.21620", "2014-06-30": "24.79920", "2014-03-31": "28.14450", "2013-12-31": "19.52270", "2013-09-30": "30.95830", "2013-06-30": "65.20160", "2013-03-31": "33.37620", "2012-12-31": "21.99660", "2012-09-30": "26.15790", "2012-06-30": "30.00150", "2012-03-31": "29.74480", "2011-12-31": "23.34180", "2011-09-30": "33.26500", "2011-06-30": "28.17940", "2011-03-31": "25.89900", "2010-12-31": "", "2010-09-30": "28.34290", "2010-06-30": "27.55170", "2009-12-31": ""}, "EBITDA Margin": {"2020-09-30": "", "2020-06-30": "", "2020-03-31": "", "2019-12-31": "", "2019-09-30": "", "2019-06-30": "", "2019-03-31": "", "2018-12-31": "", "2018-09-30": "", "2018-06-30": "", "2018-03-31": "", "2017-12-31": "", "2017-09-30": "", "2017-06-30": "", "2017-03-31": "", "2016-12-31": "", "2016-09-30": "", "2016-06-30": "", "2016-03-31": "", "2015-12-31": "", "2015-09-30": "", "2015-06-30": "", "2015-03-31": "", "2014-12-31": "", "2014-09-30": "", "2014-06-30": "", "2014-03-31": "", "2013-12-31": "", "2013-09-30": "", "2013-06-30": "", "2013-03-31": "", "2012-12-31": "", "2012-09-30": "", "2012-06-30": "", "2012-03-31": "", "2011-12-31": "", "2011-09-30": "", "2011-06-30": "", "2011-03-31": "", "2010-12-31": "", "2010-09-30": "", "2010-06-30": "", "2009-12-31": ""}, "Pre-Tax Profit Margin": {"2020-09-30": "18.37740", "2020-06-30": "4.16860", "2020-03-31": "14.58570", "2019-12-31": "3.18530", "2019-09-30": "18.36260", "2019-06-30": "17.16810", "2019-03-31": "25.07370", "2018-12-31": "12.89430", "2018-09-30": "23.00640", "2018-06-30": "18.76570", "2018-03-31": "29.34780", "2017-12-31": "17.31740", "2017-09-30": "20.20920", "2017-06-30": "23.61840", "2017-03-31": "29.95230", "2016-12-31": "8.88370", "2016-09-30": "13.96460", "2016-06-30": "17.92810", "2016-03-31": "25.27770", "2015-12-31": "20.05550", "2015-09-30": "19.02320", "2015-06-30": "23.02950", "2015-03-31": "28.10450", "2014-12-31": "20.02650", "2014-09-30": "12.92410", "2014-06-30": "18.52910", "2014-03-31": "21.17840", "2013-12-31": "13.44520", "2013-09-30": "23.45750", "2013-06-30": "57.88780", "2013-03-31": "25.70050", "2012-12-31": "8.25170", "2012-09-30": "17.06460", "2012-06-30": "20.85140", "2012-03-31": "20.55150", "2011-12-31": "14.19790", "2011-09-30": "22.10420", "2011-06-30": "16.05330", "2011-03-31": "19.36880", "2010-12-31": "", "2010-09-30": "21.69410", "2010-06-30": "20.47940", "2009-12-31": ""}, "Net Profit Margin": {"2020-09-30": "9.42490", "2020-06-30": "2.31490", "2020-03-31": "9.35040", "2019-12-31": "-1.09230", "2019-09-30": "16.27100", "2019-06-30": "16.67010", "2019-03-31": "18.28530", "2018-12-31": "9.30060", "2018-09-30": "15.96510", "2018-06-30": "13.94580", "2018-03-31": "21.17510", "2017-12-31": "20.01540", "2017-09-30": "13.42580", "2017-06-30": "14.43930", "2017-03-31": "18.91410", "2016-12-31": "1.98710", "2016-09-30": "10.30390", "2016-06-30": "11.26920", "2016-03-31": "16.05540", "2015-12-31": "13.26890", "2015-09-30": "11.51120", "2015-06-30": "13.80860", "2015-03-31": "18.08330", "2014-12-31": "12.73540", "2014-09-30": "10.23190", "2014-06-30": "11.23460", "2014-03-31": "13.60530", "2013-12-31": "8.12850", "2013-09-30": "14.69940", "2013-06-30": "35.78250", "2013-03-31": "16.10560", "2012-12-31": "4.14250", "2012-09-30": "11.03670", "2012-06-30": "12.67210", "2012-03-31": "13.23600", "2011-12-31": "8.69660", "2011-09-30": "14.08980", "2011-06-30": "9.30080", "2011-03-31": "10.92620", "2010-12-31": "", "2010-09-30": "9.30580", "2010-06-30": "8.50000", "2009-12-31": ""}, "Asset Turnover": {"2020-09-30": "0.12140", "2020-06-30": "0.12180", "2020-03-31": "0.13810", "2019-12-31": "0.14030", "2019-09-30": "0.12790", "2019-06-30": "0.13890", "2019-03-31": "0.14200", "2018-12-31": "0.14640", "2018-09-30": "0.13500", "2018-06-30": "0.15010", "2018-03-31": "0.14490", "2017-12-31": "0.14440", "2017-09-30": "0.13250", "2017-06-30": "0.15870", "2017-03-31": "0.16110", "2016-12-31": "0.16280", "2016-09-30": "0.13730", "2016-06-30": "0.14680", "2016-03-31": "0.15100", "2015-12-31": "0.15970", "2015-09-30": "0.15160", "2015-06-30": "0.14630", "2015-03-31": "0.16510", "2014-12-31": "0.15430", "2014-09-30": "0.14180", "2014-06-30": "0.14160", "2014-03-31": "0.15050", "2013-12-31": "0.16510", "2013-09-30": "0.15660", "2013-06-30": "0.15420", "2013-03-31": "0.14870", "2012-12-31": "0.14120", "2012-09-30": "0.15420", "2012-06-30": "0.15070", "2012-03-31": "0.15350", "2011-12-31": "0.15520", "2011-09-30": "0.13380", "2011-06-30": "0.13830", "2011-03-31": "", "2010-12-31": "", "2010-09-30": "", "2010-06-30": "", "2009-12-31": ""}, "Inventory Turnover Ratio": {"2020-09-30": "", "2020-06-30": "", "2020-03-31": "", "2019-12-31": "", "2019-09-30": "", "2019-06-30": "", "2019-03-31": "", "2018-12-31": "", "2018-09-30": "", "2018-06-30": "", "2018-03-31": "", "2017-12-31": "", "2017-09-30": "", "2017-06-30": "", "2017-03-31": "", "2016-12-31": "", "2016-09-30": "", "2016-06-30": "", "2016-03-31": "", "2015-12-31": "", "2015-09-30": "", "2015-06-30": "", "2015-03-31": "", "2014-12-31": "", "2014-09-30": "", "2014-06-30": "", "2014-03-31": "", "2013-12-31": "", "2013-09-30": "", "2013-06-30": "", "2013-03-31": "", "2012-12-31": "", "2012-09-30": "", "2012-06-30": "", "2012-03-31": "", "2011-12-31": "", "2011-09-30": "", "2011-06-30": "", "2011-03-31": "", "2010-12-31": "", "2010-09-30": "", "2010-06-30": "", "2009-12-31": ""}, "Receiveable Turnover": {"2020-09-30": "0.85100", "2020-06-30": "0.81110", "2020-03-31": "0.88910", "2019-12-31": "0.91610", "2019-09-30": "0.88990", "2019-06-30": "0.92130", "2019-03-31": "0.94520", "2018-12-31": "0.92450", "2018-09-30": "0.89580", "2018-06-30": "0.93000", "2018-03-31": "0.93390", "2017-12-31": "0.93690", "2017-09-30": "0.90930", "2017-06-30": "0.95360", "2017-03-31": "1.00380", "2016-12-31": "1.04060", "2016-09-30": "0.98000", "2016-06-30": "0.94210", "2016-03-31": "1.02680", "2015-12-31": "1.00040", "2015-09-30": "1.09850", "2015-06-30": "0.98390", "2015-03-31": "0.99590", "2014-12-31": "1.03070", "2014-09-30": "1.06650", "2014-06-30": "0.99990", "2014-03-31": "0.98130", "2013-12-31": "1.13460", "2013-09-30": "1.23140", "2013-06-30": "1.18820", "2013-03-31": "1.18380", "2012-12-31": "1.19260", "2012-09-30": "1.26430", "2012-06-30": "1.09660", "2012-03-31": "1.12320", "2011-12-31": "1.15940", "2011-09-30": "1.17260", "2011-06-30": "1.17750", "2011-03-31": "", "2010-12-31": "", "2010-09-30": "", "2010-06-30": "", "2009-12-31": ""}, "Days Sales In Receivables": {"2020-09-30": "105.75530", "2020-06-30": "110.96400", "2020-03-31": "101.23160", "2019-12-31": "98.24560", "2019-09-30": "101.13220", "2019-06-30": "97.68990", "2019-03-31": "95.21980", "2018-12-31": "97.35180", "2018-09-30": "100.47070", "2018-06-30": "96.77850", "2018-03-31": "96.37220", "2017-12-31": "96.06130", "2017-09-30": "98.97620", "2017-06-30": "94.38130", "2017-03-31": "89.65650", "2016-12-31": "86.49250", "2016-09-30": "91.83940", "2016-06-30": "95.53500", "2016-03-31": "87.64940", "2015-12-31": "89.96330", "2015-09-30": "81.93170", "2015-06-30": "91.47670", "2015-03-31": "90.37420", "2014-12-31": "87.31980", "2014-09-30": "84.39080", "2014-06-30": "90.01090", "2014-03-31": "91.71850", "2013-12-31": "79.32150", "2013-09-30": "73.09040", "2013-06-30": "75.74390", "2013-03-31": "76.02480", "2012-12-31": "75.46260", "2012-09-30": "71.18780", "2012-06-30": "82.07480", "2012-03-31": "80.12550", "2011-12-31": "77.62450", "2011-09-30": "76.75080", "2011-06-30": "76.43490", "2011-03-31": "", "2010-12-31": "", "2010-09-30": "", "2010-06-30": "", "2009-12-31": ""}, "ROE - Return On Equity": {"2020-09-30": "8.80380", "2020-06-30": "2.55260", "2020-03-31": "11.53540", "2019-12-31": "0.05030", "2019-09-30": "18.81890", "2019-06-30": "23.56760", "2019-03-31": "30.98980", "2018-12-31": "22.14290", "2018-09-30": "40.00150", "2018-06-30": "56.45890", "2018-03-31": "61.48190", "2017-12-31": "90.60600", "2017-09-30": "109.09670", "2017-06-30": "186.65300", "2017-03-31": "240.45950", "2016-12-31": "-1158.31300", "2016-09-30": "48.35760", "2016-06-30": "71.84700", "2016-03-31": "101.95130", "2015-12-31": "-1049.84900", "2015-09-30": "-82.29090", "2015-06-30": "-51.93440", "2015-03-31": "-42.87590", "2014-12-31": "-23.19830", "2014-09-30": "-13.93450", "2014-06-30": "-15.19360", "2014-03-31": "-15.05040", "2013-12-31": "-6.11740", "2013-09-30": "-9.47000", "2013-06-30": "-19.95800", "2013-03-31": "-7.45410", "2012-12-31": "-1.72160", "2012-09-30": "-3.99190", "2012-06-30": "-4.31700", "2012-03-31": "-4.28690", "2011-12-31": "-2.82210", "2011-09-30": "-3.78390", "2011-06-30": "-2.46110", "2011-03-31": "", "2010-12-31": "", "2010-09-30": "", "2010-06-30": "", "2009-12-31": ""}, "Return On Tangible Equity": {"2020-09-30": "-4.10640", "2020-06-30": "-0.96470", "2020-03-31": "-3.79290", "2019-12-31": "-0.02210", "2019-09-30": "-7.16900", "2019-06-30": "-7.07050", "2019-03-31": "-7.37130", "2018-12-31": "-3.40370", "2018-09-30": "-5.73000", "2018-06-30": "-4.98680", "2018-03-31": "-7.36900", "2017-12-31": "-6.40940", "2017-09-30": "-3.91400", "2017-06-30": "-4.63170", "2017-03-31": "-6.60670", "2016-12-31": "-0.84500", "2016-09-30": "-3.08370", "2016-06-30": "-3.70910", "2016-03-31": "-5.42920", "2015-12-31": "-3.90640", "2015-09-30": "-3.26360", "2015-06-30": "-3.51600", "2015-03-31": "-4.94110", "2014-12-31": "-3.09580", "2014-09-30": "-2.21350", "2014-06-30": "-2.43860", "2014-03-31": "-2.88240", "2013-12-31": "-2.04300", "2013-09-30": "-3.32180", "2013-06-30": "-7.42060", "2013-03-31": "-3.34020", "2012-12-31": "-0.77740", "2012-09-30": "-1.80710", "2012-06-30": "-1.99300", "2012-03-31": "-2.01040", "2011-12-31": "-1.33540", "2011-09-30": "-1.82200", "2011-06-30": "-1.20660", "2011-03-31": "", "2010-12-31": "", "2010-09-30": "", "2010-06-30": "", "2009-12-31": ""}, "ROA - Return On Assets": {"2020-09-30": "1.26240", "2020-06-30": "0.32480", "2020-03-31": "1.38300", "2019-12-31": "0.00620", "2019-09-30": "2.19330", "2019-06-30": "2.40910", "2019-03-31": "2.71930", "2018-12-31": "1.44810", "2018-09-30": "2.26000", "2018-06-30": "2.17470", "2018-03-31": "3.13950", "2017-12-31": "2.95140", "2017-09-30": "1.85730", "2017-06-30": "2.40330", "2017-03-31": "3.19080", "2016-12-31": "0.42500", "2016-09-30": "1.45970", "2016-06-30": "1.78730", "2016-03-31": "2.56640", "2015-12-31": "2.13350", "2015-09-30": "1.84420", "2015-06-30": "2.12770", "2015-03-31": "3.12820", "2014-12-31": "2.06690", "2014-09-30": "1.47600", "2014-06-30": "1.63270", "2014-03-31": "2.06580", "2013-12-31": "1.32600", "2013-09-30": "2.29520", "2013-06-30": "5.51680", "2013-03-31": "2.39520", "2012-12-31": "0.58510", "2012-09-30": "1.69740", "2012-06-30": "1.90500", "2012-03-31": "2.02640", "2011-12-31": "1.34000", "2011-09-30": "1.90040", "2011-06-30": "1.28210", "2011-03-31": "", "2010-12-31": "", "2010-09-30": "", "2010-06-30": "", "2009-12-31": ""}, "ROI - Return On Investment": {"2020-09-30": "1.80220", "2020-06-30": "0.49480", "2020-03-31": "2.12390", "2019-12-31": "0.00880", "2019-09-30": "3.32010", "2019-06-30": "3.67900", "2019-03-31": "4.21160", "2018-12-31": "2.22630", "2018-09-30": "3.42140", "2018-06-30": "3.32100", "2018-03-31": "4.73910", "2017-12-31": "4.51570", "2017-09-30": "2.83160", "2017-06-30": "4.23760", "2017-03-31": "5.44600", "2016-12-31": "0.72380", "2016-09-30": "2.38650", "2016-06-30": "2.91840", "2016-03-31": "4.05690", "2015-12-31": "3.56900", "2015-09-30": "3.06640", "2015-06-30": "3.54000", "2015-03-31": "5.32200", "2014-12-31": "3.49730", "2014-09-30": "2.30700", "2014-06-30": "2.55620", "2014-03-31": "3.16720", "2013-12-31": "2.18780", "2013-09-30": "3.72360", "2013-06-30": "9.12250", "2013-03-31": "4.58260", "2012-12-31": "1.18210", "2012-09-30": "2.84870", "2012-06-30": "3.20970", "2012-03-31": "3.45930", "2011-12-31": "2.31770", "2011-09-30": "3.13750", "2011-06-30": "2.07810", "2011-03-31": "", "2010-12-31": "", "2010-09-30": "", "2010-06-30": "", "2009-12-31": ""}, "Book Value Per Share": {"2020-09-30": "14.84110", "2020-06-30": "12.97330", "2020-03-31": "12.08840", "2019-12-31": "12.44570", "2019-09-30": "11.79240", "2019-06-30": "10.19590", "2019-03-31": "8.52910", "2018-12-31": "6.13890", "2018-09-30": "5.16090", "2018-06-30": "3.43280", "2018-03-31": "4.36230", "2017-12-31": "2.68390", "2017-09-30": "1.32770", "2017-06-30": "0.89410", "2017-03-31": "0.88220", "2016-12-31": "-0.02400", "2016-09-30": "1.97250", "2016-06-30": "1.61490", "2016-03-31": "1.62050", "2015-12-31": "-0.11930", "2015-09-30": "-1.29100", "2015-06-30": "-2.32690", "2015-03-31": "-4.08750", "2014-12-31": "-4.88510", "2014-09-30": "-5.38110", "2014-06-30": "-5.49490", "2014-03-31": "-6.63610", "2013-12-31": "-7.90720", "2013-09-30": "-8.46590", "2013-06-30": "-9.40940", "2013-03-31": "-11.43060", "2012-12-31": "-12.19140", "2012-09-30": "-12.76780", "2012-06-30": "-13.37590", "2012-03-31": "-14.00710", "2011-12-31": "-14.40890", "2011-09-30": "-14.83340", "2011-06-30": "-15.40970", "2011-03-31": "", "2010-12-31": "", "2010-09-30": "", "2010-06-30": "", "2009-12-31": ""}, "Operating Cash Flow Per Share": {"2020-09-30": 4.1266, "2020-06-30": 4.5089, "2020-03-31": "3.53910", "2019-12-31": 1.4078, "2019-09-30": 2.034, "2019-06-30": 2.0653, "2019-03-31": "2.97420", "2018-12-31": 2.1239, "2018-09-30": 3.3946, "2018-06-30": 2.876, "2018-03-31": "1.89520", "2017-12-31": 1.6329, "2017-09-30": 1.7598, "2017-06-30": 0.3783, "2017-03-31": "2.10680", "2016-12-31": 1.1896, "2016-09-30": 2.7816, "2016-06-30": 0.8474, "2016-03-31": "2.28440", "2015-12-31": 0.9455, "2015-09-30": 1.5089, "2015-06-30": 1.5025, "2015-03-31": "1.09900", "2014-12-31": 1.5656, "2014-09-30": 1.1547, "2014-06-30": 1.4121, "2014-03-31": "1.02530", "2013-12-31": 0.3377, "2013-09-30": 0.9164, "2013-06-30": -1.413, "2013-03-31": "-0.52140", "2012-12-31": 4.7791, "2012-09-30": 0.8055, "2012-06-30": 1.2272, "2012-03-31": "1.06700", "2011-12-31": 0.8084, "2011-09-30": 1.0777, "2011-06-30": 1.0221, "2011-03-31": "0.70030", "2010-12-31": -2.8106, "2010-09-30": 0.9048, "2010-06-30": 1.9058, "2009-12-31": 0}, "Free Cash Flow Per Share": {"2020-09-30": 3.8852, "2020-06-30": 4.3193, "2020-03-31": "3.30880", "2019-12-31": 1.0224, "2019-09-30": 1.6761, "2019-06-30": 1.5846, "2019-03-31": "2.59220", "2018-12-31": 1.6523, "2018-09-30": 2.9834, "2018-06-30": 2.4289, "2018-03-31": "1.70170", "2017-12-31": 1.3719, "2017-09-30": 1.3989, "2017-06-30": 0.0743, "2017-03-31": "1.81290", "2016-12-31": 0.7124, "2016-09-30": 2.4946, "2016-06-30": 0.6866, "2016-03-31": "2.11530", "2015-12-31": 0.6786, "2015-09-30": 1.2953, "2015-06-30": 1.2996, "2015-03-31": "0.84890", "2014-12-31": 1.3541, "2014-09-30": 1.0784, "2014-06-30": 1.2396, "2014-03-31": "0.94020", "2013-12-31": 0.2554, "2013-09-30": 0.8526, "2013-06-30": -1.4908, "2013-03-31": "-0.63180", "2012-12-31": 4.7114, "2012-09-30": 0.708, "2012-06-30": 1.1762, "2012-03-31": "1.02770", "2011-12-31": 0.6895, "2011-09-30": 1.0419, "2011-06-30": 0.9824, "2011-03-31": "0.67740", "2010-12-31": -2.7138, "2010-09-30": 0.8344, "2010-06-30": 1.8794, "2009-12-31": 0}}, "revenue": {"AMC Networks Annual Revenue (Millions of US $)": {"2019": "$3,060", "2018": "$2,972", "2017": "$2,806", "2016": "$2,756", "2015": "$2,581", "2014": "$2,176", "2013": "$1,592", "2012": "$1,353", "2011": "$1,188", "2010": "$1,078", "2009": "$974"}, "AMC Networks Quarterly Revenue (Millions of US $)": {"2020-09-30": "$654", "2020-06-30": "$646", "2020-03-31": "$734", "2019-12-31": "$785", "2019-09-30": "$719", "2019-06-30": "$772", "2019-03-31": "$784", "2018-12-31": "$773", "2018-09-30": "$697", "2018-06-30": "$761", "2018-03-31": "$741", "2017-12-31": "$727", "2017-09-30": "$648", "2017-06-30": "$711", "2017-03-31": "$720", "2016-12-31": "$730", "2016-09-30": "$635", "2016-06-30": "$685", "2016-03-31": "$707", "2015-12-31": "$679", "2015-09-30": "$632", "2015-06-30": "$601", "2015-03-31": "$669", "2014-12-31": "$609", "2014-09-30": "$520", "2014-06-30": "$522", "2014-03-31": "$525", "2013-12-31": "$435", "2013-09-30": "$395", "2013-06-30": "$379", "2013-03-31": "$382", "2012-12-31": "$367", "2012-09-30": "$332", "2012-06-30": "$328", "2012-03-31": "$326", "2011-12-31": "$339", "2011-09-30": "$284", "2011-06-30": "$292", "2011-03-31": "$273", "2010-12-31": "", "2010-09-30": "$271", "2010-06-30": "$260", "2009-12-31": ""}}, "gross-profit": {"AMC Networks Annual Gross Profit (Millions of US $)": {"2019": "$1,553", "2018": "$1,526", "2017": "$1,465", "2016": "$1,476", "2015": "$1,444", "2014": "$1,192", "2013": "$930", "2012": "$845", "2011": "$762", "2010": "$712", "2009": "$663"}, "AMC Networks Quarterly Gross Profit (Millions of US $)": {"2020-09-30": "$320", "2020-06-30": "$364", "2020-03-31": "$390", "2019-12-31": "$359", "2019-09-30": "$364", "2019-06-30": "$387", "2019-03-31": "$444", "2018-12-31": "$370", "2018-09-30": "$350", "2018-06-30": "$385", "2018-03-31": "$420", "2017-12-31": "$342", "2017-09-30": "$325", "2017-06-30": "$376", "2017-03-31": "$422", "2016-12-31": "$368", "2016-09-30": "$296", "2016-06-30": "$379", "2016-03-31": "$432", "2015-12-31": "$357", "2015-09-30": "$339", "2015-06-30": "$341", "2015-03-31": "$407", "2014-12-31": "$328", "2014-09-30": "$267", "2014-06-30": "$290", "2014-03-31": "$307", "2013-12-31": "$204", "2013-09-30": "$238", "2013-06-30": "$242", "2013-03-31": "$245", "2012-12-31": "$208", "2012-09-30": "$202", "2012-06-30": "$213", "2012-03-31": "$221", "2011-12-31": "$196", "2011-09-30": "$187", "2011-06-30": "$196", "2011-03-31": "$182", "2010-12-31": "", "2010-09-30": "$184", "2010-06-30": "$176", "2009-12-31": ""}}, "operating-income": {"AMC Networks Annual Operating Income (Millions of US $)": {"2019": "$625", "2018": "$727", "2017": "$722", "2016": "$658", "2015": "$709", "2014": "$546", "2013": "$582", "2012": "$363", "2011": "$327", "2010": "$280", "2009": "$238"}, "AMC Networks Quarterly Operating Income (Millions of US $)": {"2020-09-30": "$139", "2020-06-30": "$49", "2020-03-31": "$173", "2019-12-31": "$42", "2019-09-30": "$168", "2019-06-30": "$170", "2019-03-31": "$245", "2018-12-31": "$137", "2018-09-30": "$165", "2018-06-30": "$192", "2018-03-31": "$234", "2017-12-31": "$162", "2017-09-30": "$153", "2017-06-30": "$176", "2017-03-31": "$232", "2016-12-31": "$104", "2016-09-30": "$117", "2016-06-30": "$178", "2016-03-31": "$259", "2015-12-31": "$160", "2015-09-30": "$159", "2015-06-30": "$159", "2015-03-31": "$231", "2014-12-31": "$159", "2014-09-30": "$110", "2014-06-30": "$129", "2014-03-31": "$148", "2013-12-31": "$85", "2013-09-30": "$122", "2013-06-30": "$247", "2013-03-31": "$127", "2012-12-31": "$81", "2012-09-30": "$87", "2012-06-30": "$98", "2012-03-31": "$97", "2011-12-31": "$79", "2011-09-30": "$94", "2011-06-30": "$82", "2011-03-31": "$71", "2010-12-31": "", "2010-09-30": "$77", "2010-06-30": "$72", "2009-12-31": ""}}, "ebitda": {"AMC Networks Annual EBITDA (Millions of US $)": {"2019": "$1,731", "2018": "$1,804", "2017": "$1,797", "2016": "$1,631", "2015": "$1,566", "2014": "$1,265", "2013": "$1,156", "2012": "$823", "2011": "$741", "2010": "$635", "2009": "$556"}, "AMC Networks Quarterly EBITDA (Millions of US $)": {"2020-09-30": "$383", "2020-06-30": "$275", "2020-03-31": "$432", "2019-12-31": "$355", "2019-09-30": "$430", "2019-06-30": "$467", "2019-03-31": "$479", "2018-12-31": "$447", "2018-09-30": "$408", "2018-06-30": "$470", "2018-03-31": "$479", "2017-12-31": "$485", "2017-09-30": "$415", "2017-06-30": "$437", "2017-03-31": "$461", "2016-12-31": "$381", "2016-09-30": "$386", "2016-06-30": "$409", "2016-03-31": "$455", "2015-12-31": "$410", "2015-09-30": "$369", "2015-06-30": "$359", "2015-03-31": "$428", "2014-12-31": "$355", "2014-09-30": "$300", "2014-06-30": "$294", "2014-03-31": "$316", "2013-12-31": "$286", "2013-09-30": "$248", "2013-06-30": "$374", "2013-03-31": "$249", "2012-12-31": "$225", "2012-09-30": "$200", "2012-06-30": "$204", "2012-03-31": "$194", "2011-12-31": "$217", "2011-09-30": "$189", "2011-06-30": "$178", "2011-03-31": "$157", "2010-12-31": "", "2010-09-30": "$164", "2010-06-30": "$72", "2009-12-31": ""}}, "net-income": {"AMC Networks Annual Net Income (Millions of US $)": {"2019": "$380", "2018": "$446", "2017": "$471", "2016": "$271", "2015": "$367", "2014": "$261", "2013": "$291", "2012": "$137", "2011": "$126", "2010": "$80", "2009": "$54"}, "AMC Networks Quarterly Net Income (Millions of US $)": {"2020-09-30": "$62", "2020-06-30": "$15", "2020-03-31": "$69", "2019-12-31": "$-9", "2019-09-30": "$117", "2019-06-30": "$129", "2019-03-31": "$143", "2018-12-31": "$72", "2018-09-30": "$111", "2018-06-30": "$106", "2018-03-31": "$157", "2017-12-31": "$145", "2017-09-30": "$87", "2017-06-30": "$103", "2017-03-31": "$136", "2016-12-31": "$14", "2016-09-30": "$65", "2016-06-30": "$77", "2016-03-31": "$113", "2015-12-31": "$90", "2015-09-30": "$73", "2015-06-30": "$83", "2015-03-31": "$121", "2014-12-31": "$78", "2014-09-30": "$53", "2014-06-30": "$59", "2014-03-31": "$71", "2013-12-31": "$35", "2013-09-30": "$58", "2013-06-30": "$136", "2013-03-31": "$62", "2012-12-31": "$15", "2012-09-30": "$37", "2012-06-30": "$42", "2012-03-31": "$43", "2011-12-31": "$29", "2011-09-30": "$40", "2011-06-30": "$27", "2011-03-31": "$30", "2010-12-31": "", "2010-09-30": "$25", "2010-06-30": "$22", "2009-12-31": ""}}, "eps-earnings-per-share-diluted": {"AMC Networks Annual EPS": {"2019": "$6.67", "2018": "$7.57", "2017": "$7.18", "2016": "$3.74", "2015": "$5.01", "2014": "$3.58", "2013": "$4.00", "2012": "$1.89", "2011": "$1.79", "2010": "$1.16", "2009": "$0.78"}, "AMC Networks Quarterly EPS": {"2020-09-30": "$1.17", "2020-06-30": "$0.28", "2020-03-31": "$1.22", "2019-12-31": "$-0.13", "2019-09-30": "$2.07", "2019-06-30": "$2.25", "2019-03-31": "$2.48", "2018-12-31": "$1.28", "2018-09-30": "$1.93", "2018-06-30": "$1.82", "2018-03-31": "$2.54", "2017-12-31": "$2.31", "2017-09-30": "$1.35", "2017-06-30": "$1.54", "2017-03-31": "$1.98", "2016-12-31": "$0.23", "2016-09-30": "$0.91", "2016-06-30": "$1.05", "2016-03-31": "$1.55", "2015-12-31": "$1.22", "2015-09-30": "$0.99", "2015-06-30": "$1.14", "2015-03-31": "$1.66", "2014-12-31": "$1.06", "2014-09-30": "$0.73", "2014-06-30": "$0.81", "2014-03-31": "$0.98", "2013-12-31": "$0.48", "2013-09-30": "$0.80", "2013-06-30": "$1.87", "2013-03-31": "$0.85", "2012-12-31": "$0.20", "2012-09-30": "$0.51", "2012-06-30": "$0.58", "2012-03-31": "$0.60", "2011-12-31": "$0.42", "2011-09-30": "$0.55", "2011-06-30": "$0.39", "2011-03-31": "$0.43", "2010-12-31": "$0.00", "2010-09-30": "$0.37", "2010-06-30": "$0.32", "2009-12-31": "$0.00"}}, "shares-outstanding": {"AMC Networks Annual Shares Outstanding (Millions of Shares)": {"2019": "57", "2018": "59", "2017": "66", "2016": "72", "2015": "73", "2014": "73", "2013": "73", "2012": "72", "2011": "71", "2010": "69", "2009": "69"}, "AMC Networks Quarterly Shares Outstanding (Millions of Shares)": {"2020-09-30": "53", "2020-06-30": "53", "2020-03-31": "56", "2019-12-31": "57", "2019-09-30": "57", "2019-06-30": "57", "2019-03-31": "58", "2018-12-31": "59", "2018-09-30": "58", "2018-06-30": "58", "2018-03-31": "62", "2017-12-31": "66", "2017-09-30": "64", "2017-06-30": "67", "2017-03-31": "69", "2016-12-31": "72", "2016-09-30": "72", "2016-06-30": "73", "2016-03-31": "73", "2015-12-31": "73", "2015-09-30": "73", "2015-06-30": "73", "2015-03-31": "73", "2014-12-31": "73", "2014-09-30": "73", "2014-06-30": "73", "2014-03-31": "73", "2013-12-31": "73", "2013-09-30": "73", "2013-06-30": "73", "2013-03-31": "73", "2012-12-31": "72", "2012-09-30": "72", "2012-06-30": "72", "2012-03-31": "72", "2011-12-31": "71", "2011-09-30": "72", "2011-06-30": "69", "2011-03-31": "69", "2010-12-31": "", "2010-09-30": "69", "2010-06-30": "69", "2009-12-31": ""}}, "total-assets": {"AMC Networks Annual Total Assets (Millions of US $)": {"2019": "$5,597", "2018": "$5,279", "2017": "$5,033", "2016": "$4,481", "2015": "$4,251", "2014": "$3,950", "2013": "$2,637", "2012": "$2,596", "2011": "$2,184", "2010": "$1,854", "2009": "$0"}, "AMC Networks Quarterly Total Assets (Millions of US $)": {"2020-09-30": "$5,386", "2020-06-30": "$5,306", "2020-03-31": "$5,316", "2019-12-31": "$5,597", "2019-09-30": "$5,618", "2019-06-30": "$5,562", "2019-03-31": "$5,522", "2018-12-31": "$5,279", "2018-09-30": "$5,162", "2018-06-30": "$5,073", "2018-03-31": "$5,113", "2017-12-31": "$5,033", "2017-09-30": "$4,891", "2017-06-30": "$4,478", "2017-03-31": "$4,470", "2016-12-31": "$4,481", "2016-09-30": "$4,622", "2016-06-30": "$4,665", "2016-03-31": "$4,678", "2015-12-31": "$4,251", "2015-09-30": "$4,170", "2015-06-30": "$4,110", "2015-03-31": "$4,049", "2014-12-31": "$3,950", "2014-09-30": "$3,663", "2014-06-30": "$3,686", "2014-03-31": "$3,485", "2013-12-31": "$2,637", "2013-09-30": "$2,525", "2013-06-30": "$2,460", "2013-03-31": "$2,568", "2012-12-31": "$2,596", "2012-09-30": "$2,153", "2012-06-30": "$2,173", "2012-03-31": "$2,126", "2011-12-31": "$2,184", "2011-09-30": "$2,121", "2011-06-30": "$2,110", "2011-03-31": "$0", "2010-12-31": "$0", "2010-09-30": "$0", "2010-06-30": "$0", "2009-12-31": "$0"}}, "cash-on-hand": {"AMC Networks Annual Cash on Hand (Millions of US $)": {"2019": "$816", "2018": "$555", "2017": "$559", "2016": "$481", "2015": "$316", "2014": "$201", "2013": "$522", "2012": "$611", "2011": "$216", "2010": "$80", "2009": "$"}, "AMC Networks Quarterly Cash on Hand (Millions of US $)": {"2020-09-30": "$1,072", "2020-06-30": "$890", "2020-03-31": "$704", "2019-12-31": "$816", "2019-09-30": "$773", "2019-06-30": "$706", "2019-03-31": "$684", "2018-12-31": "$555", "2018-09-30": "$565", "2018-06-30": "$416", "2018-03-31": "$529", "2017-12-31": "$559", "2017-09-30": "$552", "2017-06-30": "$189", "2017-03-31": "$404", "2016-12-31": "$481", "2016-09-30": "$683", "2016-06-30": "$643", "2016-03-31": "$703", "2015-12-31": "$316", "2015-09-30": "$308", "2015-06-30": "$241", "2015-03-31": "$194", "2014-12-31": "$201", "2014-09-30": "$297", "2014-06-30": "$284", "2014-03-31": "$159", "2013-12-31": "$522", "2013-09-30": "$510", "2013-06-30": "$449", "2013-03-31": "$555", "2012-12-31": "$611", "2012-09-30": "$313", "2012-06-30": "$308", "2012-03-31": "$224", "2011-12-31": "$216", "2011-09-30": "$225", "2011-06-30": "$198", "2011-03-31": "", "2010-12-31": "", "2010-09-30": "", "2010-06-30": "", "2009-12-31": ""}}, "long-term-debt": {"AMC Networks Annual Long Term Debt (Millions of US $)": {"2019": "$3,040", "2018": "$3,088", "2017": "$3,126", "2016": "$2,633", "2015": "$2,550", "2014": "$2,686", "2013": "$2,170", "2012": "$2,167", "2011": "$2,300", "2010": "$1,064", "2009": "$"}, "AMC Networks Quarterly Long Term Debt (Millions of US $)": {"2020-09-30": "$3,001", "2020-06-30": "$2,808", "2020-03-31": "$2,824", "2019-12-31": "$3,251", "2019-09-30": "$3,057", "2019-06-30": "$3,073", "2019-03-31": "$3,081", "2018-12-31": "$3,088", "2018-09-30": "$3,118", "2018-06-30": "$3,127", "2018-03-31": "$3,126", "2017-12-31": "$3,126", "2017-09-30": "$3,125", "2017-06-30": "$2,482", "2017-03-31": "$2,560", "2016-12-31": "$2,633", "2016-09-30": "$2,688", "2016-06-30": "$2,741", "2016-03-31": "$2,842", "2015-12-31": "$2,550", "2015-09-30": "$2,601", "2015-06-30": "$2,639", "2015-03-31": "$2,676", "2014-12-31": "$2,686", "2014-09-30": "$2,732", "2014-06-30": "$2,750", "2014-03-31": "$2,751", "2013-12-31": "$2,170", "2013-09-30": "$2,168", "2013-06-30": "$2,168", "2013-03-31": "$2,168", "2012-12-31": "$2,167", "2012-09-30": "$2,198", "2012-06-30": "$2,249", "2012-03-31": "$2,250", "2011-12-31": "$2,300", "2011-09-30": "$2,350", "2011-06-30": "$2,401", "2011-03-31": "", "2010-12-31": "", "2010-09-30": "", "2010-06-30": "", "2009-12-31": ""}}, "total-liabilities": {"AMC Networks Annual Total Liabilities (Millions of US $)": {"2019": "$4,905", "2018": "$4,933", "2017": "$4,869", "2016": "$4,482", "2015": "$4,259", "2014": "$4,302", "2013": "$3,208", "2012": "$3,479", "2011": "$3,221", "2010": "$1,829", "2009": "$0"}, "AMC Networks Quarterly Total Liabilities (Millions of US $)": {"2020-09-30": "$4,614", "2020-06-30": "$4,631", "2020-03-31": "$4,679", "2019-12-31": "$4,905", "2019-09-30": "$4,963", "2019-06-30": "$4,993", "2019-03-31": "$5,037", "2018-12-31": "$4,933", "2018-09-30": "$4,870", "2018-06-30": "$4,878", "2018-03-31": "$4,852", "2017-12-31": "$4,869", "2017-09-30": "$4,808", "2017-06-30": "$4,421", "2017-03-31": "$4,411", "2016-12-31": "$4,482", "2016-09-30": "$4,483", "2016-06-30": "$4,549", "2016-03-31": "$4,560", "2015-12-31": "$4,259", "2015-09-30": "$4,263", "2015-06-30": "$4,278", "2015-03-31": "$4,345", "2014-12-31": "$4,302", "2014-09-30": "$4,051", "2014-06-30": "$4,082", "2014-03-31": "$3,963", "2013-12-31": "$3,208", "2013-09-30": "$3,137", "2013-06-30": "$3,140", "2013-03-31": "$3,394", "2012-12-31": "$3,479", "2012-09-30": "$3,068", "2012-06-30": "$3,133", "2012-03-31": "$3,131", "2011-12-31": "$3,221", "2011-09-30": "$3,187", "2011-06-30": "$3,210", "2011-03-31": "", "2010-12-31": "", "2010-09-30": "$0", "2010-06-30": "$0", "2009-12-31": "$0"}}, "total-share-holder-equity": {"AMC Networks Annual Share Holder Equity (Millions of US $)": {"2019": "$692", "2018": "$345", "2017": "$164", "2016": "$-2", "2015": "$-9", "2014": "$-352", "2013": "$-572", "2012": "$-882", "2011": "$-1,037", "2010": "$25", "2009": "$0"}, "AMC Networks Quarterly Share Holder Equity (Millions of US $)": {"2020-09-30": "$772", "2020-06-30": "$675", "2020-03-31": "$637", "2019-12-31": "$692", "2019-09-30": "$655", "2019-06-30": "$569", "2019-03-31": "$485", "2018-12-31": "$345", "2018-09-30": "$292", "2018-06-30": "$195", "2018-03-31": "$261", "2017-12-31": "$164", "2017-09-30": "$83", "2017-06-30": "$58", "2017-03-31": "$59", "2016-12-31": "$-2", "2016-09-30": "$140", "2016-06-30": "$116", "2016-03-31": "$118", "2015-12-31": "$-9", "2015-09-30": "$-93", "2015-06-30": "$-168", "2015-03-31": "$-295", "2014-12-31": "$-352", "2014-09-30": "$-388", "2014-06-30": "$-396", "2014-03-31": "$-478", "2013-12-31": "$-572", "2013-09-30": "$-612", "2013-06-30": "$-680", "2013-03-31": "$-825", "2012-12-31": "$-882", "2012-09-30": "$-915", "2012-06-30": "$-959", "2012-03-31": "$-1,005", "2011-12-31": "$-1,037", "2011-09-30": "$-1,065", "2011-06-30": "$-1,099", "2011-03-31": "", "2010-12-31": "", "2010-09-30": "$0", "2010-06-30": "$0", "2009-12-31": "$0"}}, "profit-margins": {"current": "4.85%"}, "gross margin": {"2020-09-30": "50.83%", "2020-06-30": "51.21%", "2020-03-31": "49.83%", "2019-12-31": "50.78%", "2019-09-30": "51.35%", "2019-06-30": "51.26%", "2019-03-31": "51.38%", "2018-12-31": "51.31%", "2018-09-30": "51.16%", "2018-06-30": "51.16%", "2018-03-31": "51.75%", "2017-12-31": "52.21%", "2017-09-30": "53.08%", "2017-06-30": "52.29%", "2017-03-31": "52.89%", "2016-12-31": "53.50%", "2016-09-30": "54.10%", "2016-06-30": "55.75%", "2016-03-31": "56.09%", "2015-12-31": "55.95%", "2015-09-30": "56.35%", "2015-06-30": "55.98%", "2015-03-31": "55.69%", "2014-12-31": "54.78%", "2014-09-30": "53.35%", "2014-06-30": "55.35%", "2014-03-31": "57.15%", "2013-12-31": "58.39%", "2013-09-30": "61.26%", "2013-06-30": "61.44%", "2013-03-31": "61.60%", "2012-12-31": "62.38%", "2012-09-30": "62.79%", "2012-06-30": "63.98%", "2012-03-31": "64.46%", "2011-12-31": "64.06%", "2011-06-30": "67.22%", "2011-03-31": "67.41%"}, "operating margin": {"2020-09-30": "14.30%", "2020-06-30": "14.98%", "2020-03-31": "18.37%", "2019-12-31": "20.42%", "2019-09-30": "23.62%", "2019-06-30": "23.69%", "2019-03-31": "24.51%", "2018-12-31": "24.50%", "2018-09-30": "25.73%", "2018-06-30": "25.76%", "2018-03-31": "25.65%", "2017-12-31": "25.77%", "2017-09-30": "23.67%", "2017-06-30": "22.50%", "2017-03-31": "22.78%", "2016-12-31": "23.87%", "2016-09-30": "26.39%", "2016-06-30": "27.97%", "2016-03-31": "28.14%", "2015-12-31": "27.47%", "2015-09-30": "28.20%", "2015-06-30": "27.47%", "2015-03-31": "27.11%", "2014-12-31": "25.09%", "2014-09-30": "23.58%", "2014-06-30": "25.79%", "2014-03-31": "34.72%", "2013-12-31": "36.52%", "2013-09-30": "37.89%", "2013-06-30": "37.12%", "2013-03-31": "27.89%", "2012-12-31": "26.83%", "2012-09-30": "27.25%", "2012-06-30": "28.82%", "2012-03-31": "28.36%", "2011-12-31": "27.44%", "2011-06-30": "27.51%", "2011-03-31": "27.36%"}, "ebitda margin": {"2020-09-30": "51.26%", "2020-06-30": "51.73%", "2020-03-31": "55.95%", "2019-12-31": "56.57%", "2019-09-30": "59.81%", "2019-06-30": "59.52%", "2019-03-31": "59.83%", "2018-12-31": "60.70%", "2018-09-30": "62.95%", "2018-06-30": "64.27%", "2018-03-31": "64.24%", "2017-12-31": "64.08%", "2017-09-30": "60.31%", "2017-06-30": "59.55%", "2017-03-31": "59.10%", "2016-12-31": "59.16%", "2016-09-30": "61.35%", "2016-06-30": "60.78%", "2016-03-31": "60.82%", "2015-12-31": "60.67%", "2015-09-30": "60.18%", "2015-06-30": "60.11%", "2015-03-31": "59.35%", "2014-12-31": "58.13%", "2014-09-30": "59.74%", "2014-06-30": "60.95%", "2014-03-31": "70.59%", "2013-12-31": "72.72%", "2013-09-30": "71.96%", "2013-06-30": "71.78%", "2013-03-31": "62.31%", "2012-12-31": "60.83%", "2012-09-30": "61.51%", "2012-06-30": "62.96%", "2012-03-31": "62.69%", "2011-12-31": "62.37%", "2011-06-30": "59.69%", "2011-03-31": "48.88%"}, "pre tax profit margin": {"2020-09-30": "9.90%", "2020-06-30": "10.09%", "2020-03-31": "13.19%", "2019-12-31": "15.92%", "2019-09-30": "18.44%", "2019-06-30": "19.50%", "2019-03-31": "19.90%", "2018-12-31": "20.86%", "2018-09-30": "22.08%", "2018-06-30": "21.45%", "2018-03-31": "22.71%", "2017-12-31": "22.84%", "2017-09-30": "20.65%", "2017-06-30": "19.24%", "2017-03-31": "17.80%", "2016-12-31": "16.54%", "2016-09-30": "19.48%", "2016-06-30": "20.64%", "2016-03-31": "21.88%", "2015-12-31": "22.55%", "2015-09-30": "22.62%", "2015-06-30": "21.47%", "2015-03-31": "20.43%", "2014-12-31": "18.24%", "2014-09-30": "16.68%", "2014-06-30": "19.18%", "2014-03-31": "27.85%", "2013-12-31": "29.54%", "2013-09-30": "28.96%", "2013-06-30": "27.74%", "2013-03-31": "17.96%", "2012-12-31": "16.41%", "2012-09-30": "18.11%", "2012-06-30": "19.26%", "2012-03-31": "18.13%", "2011-12-31": "17.76%", "2011-06-30": "19.02%", "2011-03-31": "20.52%"}, "net profit margin": {"2020-09-30": "4.86%", "2020-06-30": "6.66%", "2020-03-31": "10.17%", "2019-12-31": "12.42%", "2019-09-30": "15.12%", "2019-06-30": "15.04%", "2019-03-31": "14.33%", "2018-12-31": "15.01%", "2018-09-30": "17.74%", "2018-06-30": "17.21%", "2018-03-31": "17.40%", "2017-12-31": "16.79%", "2017-09-30": "12.10%", "2017-06-30": "11.37%", "2017-03-31": "10.54%", "2016-12-31": "9.76%", "2016-09-30": "12.75%", "2016-06-30": "13.06%", "2016-03-31": "13.71%", "2015-12-31": "14.22%", "2015-09-30": "14.14%", "2015-06-30": "13.96%", "2015-03-31": "13.41%", "2014-12-31": "11.99%", "2014-09-30": "10.89%", "2014-06-30": "11.88%", "2014-03-31": "17.30%", "2013-12-31": "18.29%", "2013-09-30": "17.79%", "2013-06-30": "17.12%", "2013-03-31": "11.07%", "2012-12-31": "10.13%", "2012-09-30": "11.40%", "2012-06-30": "12.06%", "2012-03-31": "11.20%", "2011-12-31": "10.61%", "2011-06-30": "9.81%", "2011-03-31": "9.58%"}, "pe ratio": {"current": "6.82", "2021-02-05": "18.60", "2020-09-30": "9.81", "2020-06-30": "6.84", "2020-03-31": "4.51", "2019-12-31": "5.94", "2019-09-30": "6.11", "2019-06-30": "6.90", "2019-03-31": "7.60", "2018-12-31": "7.29", "2018-09-30": "7.70", "2018-06-30": "7.74", "2018-03-31": "6.66", "2017-12-31": "7.51", "2017-09-30": "11.53", "2017-06-30": "11.54", "2017-03-31": "14.17", "2016-12-31": "14.11", "2016-09-30": "10.94", "2016-06-30": "12.54", "2016-03-31": "13.23", "2015-12-31": "14.88", "2015-09-30": "15.09", "2015-06-30": "17.83", "2015-03-31": "17.99", "2014-12-31": "17.81", "2014-09-30": "19.41", "2014-06-30": "19.96", "2014-03-31": "17.65", "2013-12-31": "16.99", "2013-09-30": "18.36", "2013-06-30": "18.99", "2013-03-31": "29.40", "2012-12-31": "26.05", "2012-09-30": "20.72", "2012-06-30": "16.61", "2012-03-31": "22.89"}, "price sales": {"2021-02-05": "0.91", "2020-09-30": "0.48", "2020-06-30": "0.45", "2020-03-31": "0.46", "2019-12-31": "0.74", "2019-09-30": "0.93", "2019-06-30": "1.04", "2019-03-31": "1.10", "2018-12-31": "1.09", "2018-09-30": "1.38", "2018-06-30": "1.35", "2018-03-31": "1.18", "2017-12-31": "1.28", "2017-09-30": "1.42", "2017-06-30": "1.34", "2017-03-31": "1.52", "2016-12-31": "1.38", "2016-09-30": "1.40", "2016-06-30": "1.64", "2016-03-31": "1.82", "2015-12-31": "2.12", "2015-09-30": "2.13", "2015-06-30": "2.49", "2015-03-31": "2.41", "2014-12-31": "2.13", "2014-09-30": "2.12", "2014-06-30": "2.38", "2014-03-31": "3.06", "2013-12-31": "3.11", "2013-09-30": "3.26", "2013-06-30": "3.24", "2013-03-31": "3.25", "2012-12-31": "2.64", "2012-09-30": "2.36", "2012-06-30": "2.00", "2012-03-31": "2.56"}, "price book": {"current": "2.50", "2021-02-05": "3.16", "2020-09-30": "1.66", "2020-06-30": "1.80", "2020-03-31": "2.01", "2019-12-31": "3.17", "2019-09-30": "4.17", "2019-06-30": "5.34", "2019-03-31": "6.65", "2018-12-31": "8.94", "2018-09-30": "12.85", "2018-06-30": "18.12", "2018-03-31": "11.85", "2017-12-31": "20.15", "2017-09-30": "44.04", "2017-06-30": "59.74", "2017-03-31": "66.52", "2016-12-31": "-2180.83", "2016-09-30": "26.29", "2016-06-30": "37.41", "2016-03-31": "40.07", "2015-12-31": "-625.98", "2015-09-30": "-56.68", "2015-06-30": "-35.18", "2015-03-31": "-18.75", "2014-12-31": "-13.05", "2014-09-30": "-10.86", "2014-06-30": "-11.19", "2014-03-31": "-11.01", "2013-12-31": "-8.61", "2013-09-30": "-8.09", "2013-06-30": "-6.94", "2013-03-31": "-5.53", "2012-12-31": "-4.06", "2012-09-30": "-3.41", "2012-06-30": "-2.66", "2012-03-31": "-3.19", "2011-12-31": "-2.61", "2011-09-30": "-2.15", "2011-06-30": "-2.82"}, "price fcf": {"2021-02-05": "", "2020-09-30": "$12.54", "2020-06-30": "$10.33", "2020-03-31": "$7.59", "2019-12-31": "$6.88", "2019-09-30": "$7.51", "2019-06-30": "$8.81", "2019-03-31": "$9.66", "2018-12-31": "$8.77", "2018-09-30": "$8.49", "2018-06-30": "$6.90", "2018-03-31": "$4.55", "2017-12-31": "$4.66", "2017-09-30": "$4.00", "2017-06-30": "$5.09", "2017-03-31": "$5.71", "2016-12-31": "$6.01", "2016-09-30": "$5.98", "2016-06-30": "$4.78", "2016-03-31": "$5.39", "2015-12-31": "$4.12", "2015-09-30": "$4.80", "2015-06-30": "$4.58", "2015-03-31": "$4.52", "2014-12-31": "$4.61", "2014-09-30": "$3.51", "2014-06-30": "$3.29", "2014-03-31": "$0.56", "2013-12-31": "$-1.01", "2013-09-30": "$3.44", "2013-06-30": "$3.30", "2013-03-31": "$5.96", "2012-12-31": "$7.62", "2012-09-30": "$3.60", "2012-06-30": "$3.94", "2012-03-31": "$4.42"}, "net worth": {"value": "$1.93B"}, "current ratio": {"2020-09-30": "2.43", "2020-06-30": "2.38", "2020-03-31": "2.17", "2019-12-31": "2.90", "2019-09-30": "2.71", "2019-06-30": "2.65", "2019-03-31": "2.66", "2018-12-31": "2.46", "2018-09-30": "2.51", "2018-06-30": "2.46", "2018-03-31": "2.64", "2017-12-31": "2.51", "2017-09-30": "2.57", "2017-06-30": "1.55", "2017-03-31": "1.71", "2016-12-31": "1.78", "2016-09-30": "1.99", "2016-06-30": "1.99", "2016-03-31": "2.31", "2015-12-31": "1.83", "2015-09-30": "1.84", "2015-06-30": "1.81", "2015-03-31": "1.76", "2014-12-31": "1.82", "2014-09-30": "2.04", "2014-06-30": "2.11", "2014-03-31": "2.20", "2013-12-31": "3.15", "2013-09-30": "2.91", "2013-06-30": "2.79", "2013-03-31": "1.84", "2012-12-31": "1.66", "2012-09-30": "2.37", "2012-06-30": "2.49", "2012-03-31": "2.54", "2011-12-31": "2.53", "2011-09-30": "2.76", "2011-06-30": "2.80", "2011-03-31": "0.00", "2010-12-31": "0.00", "2010-09-30": "0.00", "2010-06-30": "0.00", "2009-12-31": "0.00"}, "quick ratio": {"2020-09-30": "0.00", "2020-06-30": "0.00", "2020-03-31": "0.00", "2019-12-31": "0.00", "2019-09-30": "0.00", "2019-06-30": "0.00", "2019-03-31": "0.00", "2018-12-31": "0.00", "2018-09-30": "0.00", "2018-06-30": "0.00", "2018-03-31": "0.00", "2017-12-31": "0.00", "2017-09-30": "0.00", "2017-06-30": "0.00", "2017-03-31": "0.00", "2016-12-31": "0.00", "2016-09-30": "0.00", "2016-06-30": "0.00", "2016-03-31": "0.00", "2015-12-31": "0.00", "2015-09-30": "0.00", "2015-06-30": "0.00", "2015-03-31": "0.00", "2014-12-31": "0.00", "2014-09-30": "0.00", "2014-06-30": "0.00", "2014-03-31": "0.00", "2013-12-31": "0.00", "2013-09-30": "0.00", "2013-06-30": "0.00", "2013-03-31": "0.00", "2012-12-31": "0.00", "2012-09-30": "0.00", "2012-06-30": "0.00", "2012-03-31": "0.00", "2011-12-31": "0.00", "2011-09-30": "0.00", "2011-06-30": "0.00", "2011-03-31": "0.00", "2010-12-31": "0.00", "2010-09-30": "0.00", "2010-06-30": "0.00", "2009-12-31": "0.00"}, "debt equity ratio": {"current": "3.89", "2020-09-30": "5.97", "2020-06-30": "6.86", "2020-03-31": "7.34", "2019-12-31": "7.09", "2019-09-30": "7.58", "2019-06-30": "8.78", "2019-03-31": "10.40", "2018-12-31": "14.29", "2018-09-30": "16.70", "2018-06-30": "24.96", "2018-03-31": "18.58", "2017-12-31": "29.70", "2017-09-30": "57.74", "2017-06-30": "76.66", "2017-03-31": "74.36", "2016-12-31": "-2726.42", "2016-09-30": "32.13", "2016-06-30": "39.20", "2016-03-31": "38.73", "2015-12-31": "-493.08", "2015-09-30": "-45.62", "2015-06-30": "-25.41", "2015-03-31": "-14.71", "2014-12-31": "-12.22", "2014-09-30": "-10.44", "2014-06-30": "-10.31", "2014-03-31": "-8.29", "2013-12-31": "-5.61", "2013-09-30": "-5.13", "2013-06-30": "-4.62", "2013-03-31": "-4.11", "2012-12-31": "-3.94", "2012-09-30": "-3.35", "2012-06-30": "-3.27", "2012-03-31": "-3.12", "2011-12-31": "-3.11", "2011-09-30": "-2.99", "2011-06-30": "-2.92", "2011-03-31": "0.00", "2010-12-31": "0.00", "2010-09-30": "0.00", "2010-06-30": "0.00", "2009-12-31": "0.00"}, "return on equity": {"2020-09-30": "19.74%", "2020-06-30": "28.88%", "2020-03-31": "47.94%", "2019-12-31": "63.31%", "2019-09-30": "89.78%", "2019-06-30": "107.63%", "2019-03-31": "131.21%", "2018-12-31": "163.22%", "2018-09-30": "227.63%", "2018-06-30": "281.65%", "2018-03-31": "347.70%", "2017-12-31": "517.58%", "2017-09-30": "686.87%", "2017-06-30": "498.82%", "2017-03-31": "373.16%", "2016-12-31": "289.25%", "2016-09-30": "378.08%", "2016-06-30": "1069.70%", "2016-03-31": "-944.74%", "2015-12-31": "-259.82%", "2015-09-30": "-156.39%", "2015-06-30": "-111.39%", "2015-03-31": "-86.93%", "2014-12-31": "-64.68%", "2014-09-30": "-47.55%", "2014-06-30": "-43.34%", "2014-03-31": "-51.24%", "2013-12-31": "-43.29%", "2013-09-30": "-36.15%", "2013-06-30": "-30.28%", "2013-03-31": "-17.43%", "2012-12-31": "-14.57%", "2012-09-30": "-15.42%", "2012-06-30": "-15.15%", "2012-03-31": "-13.22%", "2011-12-31": "-15.75%", "2011-06-30": "-29.85%", "2011-03-31": "inf%"}, "return on assets": {"2020-09-30": "2.54%", "2020-06-30": "3.52%", "2020-03-31": "5.54%", "2019-12-31": "6.82%", "2019-09-30": "8.39%", "2019-06-30": "8.46%", "2019-03-31": "8.21%", "2018-12-31": "8.65%", "2018-09-30": "10.19%", "2018-06-30": "9.85%", "2018-03-31": "10.08%", "2017-12-31": "9.98%", "2017-09-30": "7.42%", "2017-06-30": "7.05%", "2017-03-31": "6.40%", "2016-12-31": "5.83%", "2016-09-30": "7.58%", "2016-06-30": "7.95%", "2016-03-31": "8.34%", "2015-12-31": "8.85%", "2015-09-30": "8.72%", "2015-06-30": "8.50%", "2015-03-31": "8.11%", "2014-12-31": "7.06%", "2014-09-30": "6.47%", "2014-06-30": "7.23%", "2014-03-31": "10.80%", "2013-12-31": "11.42%", "2013-09-30": "10.68%", "2013-06-30": "10.23%", "2013-03-31": "6.58%", "2012-12-31": "6.06%", "2012-09-30": "6.99%", "2012-06-30": "7.16%", "2012-03-31": "6.51%", "2011-12-31": "7.86%", "2011-06-30": "15.55%", "2011-03-31": "inf%"}, "return on investments": {"2020-09-30": "11.00%", "2020-06-30": "11.84%", "2020-03-31": "14.99%", "2019-12-31": "16.82%", "2019-09-30": "20.07%", "2019-06-30": "20.41%", "2019-03-31": "21.53%", "2018-12-31": "21.49%", "2018-09-30": "22.46%", "2018-06-30": "22.44%", "2018-03-31": "23.34%", "2017-12-31": "24.81%", "2017-09-30": "24.19%", "2017-06-30": "23.70%", "2017-03-31": "23.08%", "2016-12-31": "23.35%", "2016-09-30": "25.54%", "2016-06-30": "27.83%", "2016-03-31": "28.14%", "2015-12-31": "28.65%", "2015-09-30": "29.22%", "2015-06-30": "27.67%", "2015-03-31": "26.73%", "2014-12-31": "23.47%", "2014-09-30": "22.03%", "2014-06-30": "24.88%", "2014-03-31": "34.82%", "2013-12-31": "38.84%", "2013-09-30": "40.70%", "2013-06-30": "40.16%", "2013-03-31": "30.23%", "2012-12-31": "28.45%", "2012-09-30": "28.42%", "2012-06-30": "28.96%", "2012-03-31": "27.63%", "2011-12-31": "33.87%", "2011-06-30": "70.66%", "2011-03-31": "inf%"}, "return on tangible equity": {"2020-09-30": "-7.88%", "2020-06-30": "-10.94%", "2020-03-31": "-17.18%", "2019-12-31": "-21.04%", "2019-09-30": "-23.35%", "2019-06-30": "-22.16%", "2019-03-31": "-20.26%", "2018-12-31": "-20.57%", "2018-09-30": "-23.74%", "2018-06-30": "-21.93%", "2018-03-31": "-21.53%", "2017-12-31": "-20.65%", "2017-09-30": "-15.01%", "2017-06-30": "-14.25%", "2017-03-31": "-13.20%", "2016-12-31": "-12.09%", "2016-09-30": "-15.39%", "2016-06-30": "-15.46%", "2016-03-31": "-15.32%", "2015-12-31": "-15.09%", "2015-09-30": "-14.14%", "2015-06-30": "-13.23%", "2015-03-31": "-12.30%", "2014-12-31": "-10.39%", "2014-09-30": "-9.56%", "2014-06-30": "-10.59%", "2014-03-31": "-15.42%", "2013-12-31": "-16.33%", "2013-09-30": "-14.71%", "2013-06-30": "-13.08%", "2013-03-31": "-7.90%", "2012-12-31": "-6.69%", "2012-09-30": "-7.16%", "2012-06-30": "-7.14%", "2012-03-31": "-6.33%", "2011-12-31": "-7.58%", "2011-06-30": "-14.62%", "2011-03-31": "inf%"}, "dividend yield history": {"last payout": "$0.00", "last yield": "0.00%"}}