{"ticker": "AMCR", "price": {"title": "Amcor Historical Annual Stock Price Data", "value": 11.3, "historical": {"2020": {"Average Stock Price": "10.3109", "Year Open": "10.6300", "Year High": "12.1500", "Year Low": "5.9500", "Year Close": "11.7700", "Annual % Change": "8.58%"}, "2019": {"Average Stock Price": "10.2648", "Year Open": "11.1800", "Year High": "11.6800", "Year Low": "9.2300", "Year Close": "10.8400", "Annual % Change": "0.00%"}}}, "market cap": {"value": "$17.56B"}, "income statement": {"Revenue": {"2020-06-30": "12467.50000", "2019-06-30": "9458.20000", "2018-12-31": "4089.90000", "2018-06-30": "9319.10000", "2017-12-31": "4046.20000", "2017-06-30": "9101.00000", "2016-12-31": "4004.40000", "2015-12-31": "4071.40000", "2014-12-31": "4343.50000", "2013-12-31": "4476.60000", "2012-12-31": "4583.60000", "2011-12-31": "5322.70000", "2010-12-31": "4835.00000", "2009-12-31": "3514.58600", "2008-12-31": "3779.37300", "2007-12-31": "3649.28100", "2006-12-31": "3639.36300", "2005-12-31": "3473.95000"}, "Cost Of Goods Sold": {"2020-06-30": "9932.00000", "2019-06-30": "7659.10000", "2018-12-31": "3284.80000", "2018-06-30": "7462.30000", "2017-12-31": "3260.00000", "2017-06-30": "7189.20000", "2016-12-31": "3137.90000", "2015-12-31": "3198.00000", "2014-12-31": "3484.40000", "2013-12-31": "3601.20000", "2012-12-31": "3731.90000", "2011-12-31": "4412.50000", "2010-12-31": "3941.80000", "2009-12-31": "2814.41200", "2008-12-31": "3131.34100", "2007-12-31": "2973.32900", "2006-12-31": "2942.65000", "2005-12-31": "2798.32600"}, "Gross Profit": {"2020-06-30": "2535.50000", "2019-06-30": "1799.10000", "2018-12-31": "805.09990", "2018-06-30": "1856.80000", "2017-12-31": "786.20000", "2017-06-30": "1911.80000", "2016-12-31": "866.50000", "2015-12-31": "873.39990", "2014-12-31": "859.10010", "2013-12-31": "875.40010", "2012-12-31": "851.70020", "2011-12-31": "910.20020", "2010-12-31": "893.20000", "2009-12-31": "700.17380", "2008-12-31": "648.03200", "2007-12-31": "675.95190", "2006-12-31": "696.71310", "2005-12-31": "675.62400"}, "Research And Development Expenses": {"2020-06-30": "97.30000", "2019-06-30": "64.00000", "2018-12-31": "38.00000", "2018-06-30": "72.70000", "2017-12-31": "42.90000", "2017-06-30": "69.10000", "2016-12-31": "46.50000", "2015-12-31": "44.10000", "2014-12-31": "44.10000", "2013-12-31": "40.50000", "2012-12-31": "35.70000", "2011-12-31": "38.70000", "2010-12-31": "34.30000", "2009-12-31": "24.34200", "2008-12-31": "25.01000", "2007-12-31": "25.98300", "2006-12-31": "25.02400", "2005-12-31": "23.52800"}, "SG&A Expenses": {"2020-06-30": "1384.80000", "2019-06-30": "999.00000", "2018-12-31": "377.90000", "2018-06-30": "793.20000", "2017-12-31": "385.20000", "2017-06-30": "850.20000", "2016-12-31": "390.50000", "2015-12-31": "420.00000", "2014-12-31": "416.60000", "2013-12-31": "448.50000", "2012-12-31": "454.20000", "2011-12-31": "483.40000", "2010-12-31": "459.10000", "2009-12-31": "370.92600", "2008-12-31": "342.73700", "2007-12-31": "341.55100", "2006-12-31": "336.40900", "2005-12-31": "330.88100"}, "Other Operating Income Or Expenses": {"2020-06-30": "55.70000", "2019-06-30": "186.40000", "2018-12-31": "31.70000", "2018-06-30": "43.20000", "2017-12-31": "20.90000", "2017-06-30": "66.80000", "2016-12-31": "10.40000", "2015-12-31": "12.40000", "2014-12-31": "9.30000", "2013-12-31": "9.20000", "2012-12-31": "-53.50000", "2011-12-31": "-20.70000", "2010-12-31": "1.00000", "2009-12-31": "-24.68300", "2008-12-31": "13.93700", "2007-12-31": "", "2006-12-31": "", "2005-12-31": ""}, "Operating Expenses": {"2020-06-30": "11473.50000", "2019-06-30": "8666.49900", "2018-12-31": "3730.90000", "2018-06-30": "8325.20000", "2017-12-31": "3924.20000", "2017-06-30": "8184.90000", "2016-12-31": "3593.10000", "2015-12-31": "3661.80000", "2014-12-31": "3935.80000", "2013-12-31": "4126.40000", "2012-12-31": "4275.30000", "2011-12-31": "4955.30000", "2010-12-31": "4434.20000", "2009-12-31": "3234.36300", "2008-12-31": "3485.15100", "2007-12-31": "3340.86300", "2006-12-31": "3304.08300", "2005-12-31": "3152.73500"}, "Operating Income": {"2020-06-30": "994.00100", "2019-06-30": "791.70120", "2018-12-31": "359.00000", "2018-06-30": "993.89940", "2017-12-31": "122.00000", "2017-06-30": "916.09960", "2016-12-31": "411.29980", "2015-12-31": "409.59960", "2014-12-31": "407.70000", "2013-12-31": "350.20020", "2012-12-31": "308.30030", "2011-12-31": "367.39990", "2010-12-31": "400.79980", "2009-12-31": "280.22270", "2008-12-31": "294.22190", "2007-12-31": "308.41800", "2006-12-31": "335.28030", "2005-12-31": "321.21480"}, "Total Non-Operating Income/Expense": {"2020-06-30": "-168.80000", "2019-06-30": "-187.60000", "2018-12-31": "-73.30000", "2018-06-30": "-271.00000", "2017-12-31": "-69.30000", "2017-06-30": "-200.30000", "2016-12-31": "-60.40000", "2015-12-31": "-45.70000", "2014-12-31": "-44.00000", "2013-12-31": "-60.50000", "2012-12-31": "-67.10000", "2011-12-31": "-75.20000", "2010-12-31": "-73.50000", "2009-12-31": "-39.91300", "2008-12-31": "-25.69700", "2007-12-31": "-18.81300", "2006-12-31": "-49.48400", "2005-12-31": "-44.78600"}, "Pre-Tax Income": {"2020-06-30": "825.20000", "2019-06-30": "604.10000", "2018-12-31": "285.70000", "2018-06-30": "722.90000", "2017-12-31": "52.70000", "2017-06-30": "715.80000", "2016-12-31": "350.90000", "2015-12-31": "363.90000", "2014-12-31": "363.70000", "2013-12-31": "289.70000", "2012-12-31": "241.20000", "2011-12-31": "292.20000", "2010-12-31": "327.30000", "2009-12-31": "240.31000", "2008-12-31": "268.52500", "2007-12-31": "289.60500", "2006-12-31": "285.79600", "2005-12-31": "276.42900"}, "Income Taxes": {"2020-06-30": "186.90000", "2019-06-30": "171.50000", "2018-12-31": "60.00000", "2018-06-30": "118.80000", "2017-12-31": "-41.30000", "2017-06-30": "148.90000", "2016-12-31": "114.70000", "2015-12-31": "122.00000", "2014-12-31": "124.60000", "2013-12-31": "97.20000", "2012-12-31": "92.30000", "2011-12-31": "104.90000", "2010-12-31": "117.60000", "2009-12-31": "87.80000", "2008-12-31": "96.30000", "2007-12-31": "104.30000", "2006-12-31": "109.50000", "2005-12-31": "113.90000"}, "Income After Taxes": {"2020-06-30": "638.30000", "2019-06-30": "432.60000", "2018-12-31": "225.70000", "2018-06-30": "604.10000", "2017-12-31": "94.00000", "2017-06-30": "566.90000", "2016-12-31": "236.20000", "2015-12-31": "241.90000", "2014-12-31": "239.10000", "2013-12-31": "192.50000", "2012-12-31": "148.90000", "2011-12-31": "187.30000", "2010-12-31": "209.70000", "2009-12-31": "152.51000", "2008-12-31": "172.22500", "2007-12-31": "185.30500", "2006-12-31": "176.29600", "2005-12-31": "162.52900"}, "Other Income": {"2020-06-30": "", "2019-06-30": "", "2018-12-31": "", "2018-06-30": "", "2017-12-31": "", "2017-06-30": "", "2016-12-31": "", "2015-12-31": "", "2014-12-31": "", "2013-12-31": "", "2012-12-31": "", "2011-12-31": "", "2010-12-31": "", "2009-12-31": "", "2008-12-31": "", "2007-12-31": "", "2006-12-31": "", "2005-12-31": ""}, "Income From Continuous Operations": {"2020-06-30": "624.30000", "2019-06-30": "436.70000", "2018-12-31": "225.70000", "2018-06-30": "586.60000", "2017-12-31": "94.00000", "2017-06-30": "581.00000", "2016-12-31": "236.20000", "2015-12-31": "241.90000", "2014-12-31": "239.10000", "2013-12-31": "192.50000", "2012-12-31": "148.90000", "2011-12-31": "187.30000", "2010-12-31": "209.70000", "2009-12-31": "152.51000", "2008-12-31": "172.22500", "2007-12-31": "185.30500", "2006-12-31": "176.29600", "2005-12-31": "162.52900"}, "Income From Discontinued Operations": {"2020-06-30": "-7.70000", "2019-06-30": "0.70000", "2018-12-31": "0.00000", "2018-06-30": "0.00000", "2017-12-31": "0.00000", "2017-06-30": "", "2016-12-31": "0.00000", "2015-12-31": "-2.60000", "2014-12-31": "-48.00000", "2013-12-31": "20.10000", "2012-12-31": "24.90000", "2011-12-31": "", "2010-12-31": "1.80000", "2009-12-31": "0.00000", "2008-12-31": "0.00000", "2007-12-31": "", "2006-12-31": "", "2005-12-31": ""}, "Net Income": {"2020-06-30": "612.20000", "2019-06-30": "430.20000", "2018-12-31": "225.70000", "2018-06-30": "575.20000", "2017-12-31": "94.00000", "2017-06-30": "564.00000", "2016-12-31": "236.20000", "2015-12-31": "239.30000", "2014-12-31": "191.10000", "2013-12-31": "212.60000", "2012-12-31": "172.00000", "2011-12-31": "181.30000", "2010-12-31": "201.40000", "2009-12-31": "147.22100", "2008-12-31": "166.21400", "2007-12-31": "175.89400", "2006-12-31": "176.29600", "2005-12-31": "162.52900"}, "EBITDA": {"2020-06-30": "1653.70100", "2019-06-30": "1243.50100", "2018-12-31": "526.60000", "2018-06-30": "1351.69900", "2017-12-31": "488.40000", "2017-06-30": "1293.40000", "2016-12-31": "573.39980", "2015-12-31": "567.69960", "2014-12-31": "588.29990", "2013-12-31": "540.50020", "2012-12-31": "512.60030", "2011-12-31": "587.69990", "2010-12-31": "610.49980", "2009-12-31": "439.49660", "2008-12-31": "456.22590", "2007-12-31": "466.96400", "2006-12-31": "487.65530", "2005-12-31": "471.99380"}, "EBIT": {"2020-06-30": "994.00100", "2019-06-30": "791.70120", "2018-12-31": "359.00000", "2018-06-30": "993.89940", "2017-12-31": "122.00000", "2017-06-30": "916.09960", "2016-12-31": "411.29980", "2015-12-31": "409.59960", "2014-12-31": "407.70000", "2013-12-31": "350.20020", "2012-12-31": "308.30030", "2011-12-31": "367.39990", "2010-12-31": "400.79980", "2009-12-31": "280.22270", "2008-12-31": "294.22190", "2007-12-31": "308.41800", "2006-12-31": "335.28030", "2005-12-31": "321.21480"}, "Basic Shares Outstanding": {"2020-06-30": "1601.00000", "2019-06-30": "1182.60000", "2018-12-31": "464.10000", "2018-06-30": "1157.10000", "2017-12-31": "466.65000", "2017-06-30": "1153.70000", "2016-12-31": "480.93000", "2015-12-31": "493.17000", "2014-12-31": "511.02000", "2013-12-31": "524.79000", "2012-12-31": "526.31990", "2011-12-31": "533.46000", "2010-12-31": "554.37000", "2009-12-31": "527.57970", "2008-12-31": "508.86270", "2007-12-31": "525.25920", "2006-12-31": "534.81150", "2005-12-31": "542.80830"}, "Shares Outstanding": {"2020-06-30": "1601.60000", "2019-06-30": "1183.80000", "2018-12-31": "466.65000", "2018-06-30": "1161.70000", "2017-12-31": "468.69000", "2017-06-30": "1164.20000", "2016-12-31": "485.01000", "2015-12-31": "499.29000", "2014-12-31": "516.12000", "2013-12-31": "529.89000", "2012-12-31": "529.89000", "2011-12-31": "535.50000", "2010-12-31": "554.88000", "2009-12-31": "528.36510", "2008-12-31": "510.27540", "2007-12-31": "527.56950", "2006-12-31": "544.51170", "2005-12-31": "549.87690"}, "Basic EPS": {"2020-06-30": "0.38200", "2019-06-30": "0.36400", "2018-12-31": "0.48630", "2018-06-30": "0.49700", "2017-12-31": "0.20200", "2017-06-30": "0.49000", "2016-12-31": "0.49220", "2015-12-31": "0.48430", "2014-12-31": "0.37450", "2013-12-31": "0.40390", "2012-12-31": "0.32750", "2011-12-31": "0.33920", "2010-12-31": "0.36270", "2009-12-31": "0.27060", "2008-12-31": "0.31570", "2007-12-31": "0.33530", "2006-12-31": "0.32940", "2005-12-31": "0.30000"}, "EPS - Earnings Per Share": {"2020-06-30": "0.38200", "2019-06-30": "0.36300", "2018-12-31": "0.48430", "2018-06-30": "0.49400", "2017-12-31": "0.20000", "2017-06-30": "0.48000", "2016-12-31": "0.48630", "2015-12-31": "0.47840", "2014-12-31": "0.37060", "2013-12-31": "0.40000", "2012-12-31": "0.32550", "2011-12-31": "0.33920", "2010-12-31": "0.36270", "2009-12-31": "0.27060", "2008-12-31": "0.31570", "2007-12-31": "0.33330", "2006-12-31": "0.32350", "2005-12-31": "0.29610"}}, "income statement, quarterly": {"Revenue": {"2020-12-31": "3103.00000", "2020-09-30": "3097.00000", "2020-06-30": "3142.50000", "2020-03-31": "3141.00000", "2019-12-31": "3043.00000", "2019-09-30": "3141.00000", "2019-06-30": "2600.50000", "2019-03-31": "2309.90000", "2018-12-31": "", "2018-09-30": "2262.40000", "2018-06-30": "1033.30000", "2018-03-31": "1027.40000", "2017-12-31": "", "2017-09-30": "1035.10000", "2017-06-30": "1012.10000", "2017-03-31": "995.40000", "2016-12-31": "", "2016-09-30": "1027.20000", "2016-06-30": "1021.30000", "2016-03-31": "967.90000", "2015-12-31": "", "2015-09-30": "1018.30000", "2015-06-30": "1030.30000", "2015-03-31": "1040.10000", "2014-12-31": "", "2014-09-30": "1098.20000", "2014-06-30": "1097.60000", "2014-03-31": "1095.00000", "2013-12-31": "", "2013-09-30": "1121.50000", "2013-06-30": "1297.10000", "2013-03-31": "1255.00000", "2012-12-31": "", "2012-09-30": "1287.80000", "2012-06-30": "1312.70000", "2012-03-31": "1304.80000", "2011-12-31": "", "2011-09-30": "1357.90000", "2011-06-30": "1370.20000", "2011-03-31": "1324.42800", "2010-12-31": "", "2010-09-30": "1294.34100", "2010-06-30": "1270.21500", "2010-03-31": "1021.72900", "2009-12-31": "", "2009-09-30": "898.93000", "2009-06-30": "866.37900", "2009-03-31": "843.39300", "2008-12-31": "", "2008-09-30": "984.25800", "2008-06-30": "979.95900", "2008-03-31": "947.28200", "2007-12-31": "", "2007-09-30": "905.65900", "2007-06-30": "921.82000", "2007-03-31": "909.13000", "2006-12-31": "", "2006-09-30": "903.33200", "2006-06-30": "933.78500", "2006-03-31": "901.64900", "2005-12-31": "", "2005-09-30": "870.14500", "2005-06-30": "879.88800", "2005-03-31": "831.86900"}, "Cost Of Goods Sold": {"2020-12-31": "2452.00000", "2020-09-30": "2443.00000", "2020-06-30": "2423.00000", "2020-03-31": "2489.00000", "2019-12-31": "2426.00000", "2019-09-30": "2594.00000", "2019-06-30": "2068.00000", "2019-03-31": "1890.10000", "2018-12-31": "", "2018-09-30": "1868.60000", "2018-06-30": "831.60000", "2018-03-31": "829.40000", "2017-12-31": "", "2017-09-30": "827.10000", "2017-06-30": "826.00000", "2017-03-31": "797.10000", "2016-12-31": "", "2016-09-30": "802.40000", "2016-06-30": "804.30000", "2016-03-31": "759.10000", "2015-12-31": "", "2015-09-30": "796.50000", "2015-06-30": "809.10000", "2015-03-31": "822.60000", "2014-12-31": "", "2014-09-30": "877.50000", "2014-06-30": "878.60000", "2014-03-31": "884.10000", "2013-12-31": "", "2013-09-30": "897.30000", "2013-06-30": "1045.30000", "2013-03-31": "1013.20000", "2012-12-31": "", "2012-09-30": "1040.70000", "2012-06-30": "1079.40000", "2012-03-31": "1073.80000", "2011-12-31": "", "2011-09-30": "1134.20000", "2011-06-30": "1132.20000", "2011-03-31": "1094.57500", "2010-12-31": "", "2010-09-30": "1052.08400", "2010-06-30": "1036.24800", "2010-03-31": "835.88800", "2009-12-31": "", "2009-09-30": "718.81400", "2009-06-30": "688.00000", "2009-03-31": "679.36100", "2008-12-31": "", "2008-09-30": "818.33300", "2008-06-30": "807.42200", "2008-03-31": "784.31300", "2007-12-31": "", "2007-09-30": "744.74700", "2007-06-30": "744.90700", "2007-03-31": "731.97900", "2006-12-31": "", "2006-09-30": "729.26200", "2006-06-30": "747.52100", "2006-03-31": "734.30200", "2005-12-31": "", "2005-09-30": "697.41000", "2005-06-30": "711.98800", "2005-03-31": "676.59900"}, "Gross Profit": {"2020-12-31": "651.00000", "2020-09-30": "654.00000", "2020-06-30": "719.50000", "2020-03-31": "652.00000", "2019-12-31": "617.00000", "2019-09-30": "547.00000", "2019-06-30": "532.50050", "2019-03-31": "419.79990", "2018-12-31": "", "2018-09-30": "393.79990", "2018-06-30": "201.70010", "2018-03-31": "198.00000", "2017-12-31": "", "2017-09-30": "208.00000", "2017-06-30": "186.10000", "2017-03-31": "198.30000", "2016-12-31": "", "2016-09-30": "224.79990", "2016-06-30": "217.00000", "2016-03-31": "208.80000", "2015-12-31": "", "2015-09-30": "221.80000", "2015-06-30": "221.20010", "2015-03-31": "217.50000", "2014-12-31": "", "2014-09-30": "220.70000", "2014-06-30": "219.00000", "2014-03-31": "210.90000", "2013-12-31": "", "2013-09-30": "224.20000", "2013-06-30": "251.79990", "2013-03-31": "241.80000", "2012-12-31": "", "2012-09-30": "247.10010", "2012-06-30": "233.29990", "2012-03-31": "231.00000", "2011-12-31": "", "2011-09-30": "223.70010", "2011-06-30": "238.00000", "2011-03-31": "229.85300", "2010-12-31": "", "2010-09-30": "242.25700", "2010-06-30": "233.96690", "2010-03-31": "185.84100", "2009-12-31": "", "2009-09-30": "180.11600", "2009-06-30": "178.37900", "2009-03-31": "164.03200", "2008-12-31": "", "2008-09-30": "165.92500", "2008-06-30": "172.53700", "2008-03-31": "162.96900", "2007-12-31": "", "2007-09-30": "160.91200", "2007-06-30": "176.91300", "2007-03-31": "177.15100", "2006-12-31": "", "2006-09-30": "174.06990", "2006-06-30": "186.26400", "2006-03-31": "167.34700", "2005-12-31": "", "2005-09-30": "172.73500", "2005-06-30": "167.90000", "2005-03-31": "155.27000"}, "Research And Development Expenses": {"2020-12-31": "23.00000", "2020-09-30": "26.00000", "2020-06-30": "23.40000", "2020-03-31": "24.90000", "2019-12-31": "23.00000", "2019-09-30": "26.00000", "2019-06-30": "16.70000", "2019-03-31": "15.80000", "2018-12-31": "", "2018-09-30": "14.20000", "2018-06-30": "9.40000", "2018-03-31": "10.00000", "2017-12-31": "", "2017-09-30": "10.00000", "2017-06-30": "11.10000", "2017-03-31": "12.50000", "2016-12-31": "", "2016-09-30": "11.60000", "2016-06-30": "11.60000", "2016-03-31": "11.50000", "2015-12-31": "", "2015-09-30": "11.00000", "2015-06-30": "11.50000", "2015-03-31": "11.30000", "2014-12-31": "", "2014-09-30": "11.20000", "2014-06-30": "11.10000", "2014-03-31": "11.10000", "2013-12-31": "", "2013-09-30": "10.70000", "2013-06-30": "11.70000", "2013-03-31": "11.30000", "2012-12-31": "", "2012-09-30": "10.20000", "2012-06-30": "10.40000", "2012-03-31": "10.90000", "2011-12-31": "", "2011-09-30": "10.60000", "2011-06-30": "10.00000", "2011-03-31": "7.58700", "2010-12-31": "", "2010-09-30": "10.49600", "2010-06-30": "8.72500", "2010-03-31": "5.62500", "2009-12-31": "", "2009-09-30": "5.83700", "2009-06-30": "6.53300", "2009-03-31": "6.04200", "2008-12-31": "", "2008-09-30": "6.22200", "2008-06-30": "6.93700", "2008-03-31": "5.82800", "2007-12-31": "", "2007-09-30": "6.50100", "2007-06-30": "6.47500", "2007-03-31": "6.22500", "2006-12-31": "", "2006-09-30": "6.08800", "2006-06-30": "6.65000", "2006-03-31": "6.14100", "2005-12-31": "", "2005-09-30": "5.93300", "2005-06-30": "5.98600", "2005-03-31": "5.84800"}, "SG&A Expenses": {"2020-12-31": "308.00000", "2020-09-30": "329.00000", "2020-06-30": "351.60010", "2020-03-31": "353.20000", "2019-12-31": "309.00000", "2019-09-30": "371.00000", "2019-06-30": "374.80000", "2019-03-31": "220.60000", "2018-12-31": "", "2018-09-30": "198.30000", "2018-06-30": "", "2018-03-31": "96.90000", "2017-12-31": "", "2017-09-30": "95.90000", "2017-06-30": "", "2017-03-31": "96.00000", "2016-12-31": "", "2016-09-30": "95.80000", "2016-06-30": "", "2016-03-31": "99.40000", "2015-12-31": "", "2015-09-30": "101.80000", "2015-06-30": "", "2015-03-31": "106.40000", "2014-12-31": "", "2014-09-30": "104.60000", "2014-06-30": "", "2014-03-31": "106.60000", "2013-12-31": "", "2013-09-30": "112.80000", "2013-06-30": "", "2013-03-31": "130.60000", "2012-12-31": "", "2012-09-30": "128.40000", "2012-06-30": "", "2012-03-31": "129.20000", "2011-12-31": "", "2011-09-30": "111.60000", "2011-06-30": "", "2011-03-31": "126.17500", "2010-12-31": "", "2010-09-30": "114.04000", "2010-06-30": "", "2010-03-31": "106.98700", "2009-12-31": "", "2009-09-30": "95.81400", "2009-06-30": "", "2009-03-31": "88.75500", "2008-12-31": "", "2008-09-30": "85.78200", "2008-06-30": "", "2008-03-31": "88.74400", "2007-12-31": "", "2007-09-30": "84.04100", "2007-06-30": "", "2007-03-31": "85.47600", "2006-12-31": "", "2006-09-30": "81.19100", "2006-06-30": "", "2006-03-31": "83.70300", "2005-12-31": "", "2005-09-30": "82.84800", "2005-06-30": "", "2005-03-31": "86.20500"}, "Other Operating Income Or Expenses": {"2020-12-31": "10.00000", "2020-09-30": "", "2020-06-30": "18.30000", "2020-03-31": "17.40000", "2019-12-31": "11.00000", "2019-09-30": "9.00000", "2019-06-30": "140.30000", "2019-03-31": "6.40000", "2018-12-31": "", "2018-09-30": "8.70000", "2018-06-30": "4.20000", "2018-03-31": "2.80000", "2017-12-31": "", "2017-09-30": "7.80000", "2017-06-30": "3.10000", "2017-03-31": "3.00000", "2016-12-31": "", "2016-09-30": "3.20000", "2016-06-30": "3.60000", "2016-03-31": "2.30000", "2015-12-31": "", "2015-09-30": "1.40000", "2015-06-30": "3.70000", "2015-03-31": "2.60000", "2014-12-31": "", "2014-09-30": "2.40000", "2014-06-30": "3.10000", "2014-03-31": "2.10000", "2013-12-31": "", "2013-09-30": "-13.10000", "2013-06-30": "-17.70000", "2013-03-31": "-7.80000", "2012-12-31": "", "2012-09-30": "-18.60000", "2012-06-30": "-16.10000", "2012-03-31": "-2.40000", "2011-12-31": "", "2011-09-30": "2.70000", "2011-06-30": "4.00000", "2011-03-31": "7.06100", "2010-12-31": "", "2010-09-30": "1.54800", "2010-06-30": "3.63700", "2010-03-31": "-8.43600", "2009-12-31": "", "2009-09-30": "-10.00700", "2009-06-30": "0.42900", "2009-03-31": "-5.31000", "2008-12-31": "", "2008-09-30": "", "2008-06-30": "", "2008-03-31": "", "2007-12-31": "", "2007-09-30": "", "2007-06-30": "", "2007-03-31": "", "2006-12-31": "", "2006-09-30": "", "2006-06-30": "", "2006-03-31": "", "2005-12-31": "", "2005-09-30": "", "2005-06-30": "", "2005-03-31": ""}, "Operating Expenses": {"2020-12-31": "2796.00000", "2020-09-30": "2821.00000", "2020-06-30": "2832.69900", "2020-03-31": "2869.80000", "2019-12-31": "2771.00000", "2019-09-30": "3000.00000", "2019-06-30": "2389.09900", "2019-03-31": "2128.60000", "2018-12-31": "", "2018-09-30": "2084.90000", "2018-06-30": "", "2018-03-31": "946.90010", "2017-12-31": "", "2017-09-30": "938.10000", "2017-06-30": "", "2017-03-31": "907.00000", "2016-12-31": "", "2016-09-30": "911.00000", "2016-06-30": "", "2016-03-31": "868.50000", "2015-12-31": "", "2015-09-30": "912.49990", "2015-06-30": "", "2015-03-31": "942.70000", "2014-12-31": "", "2014-09-30": "990.90000", "2014-06-30": "", "2014-03-31": "999.70000", "2013-12-31": "", "2013-09-30": "1033.90000", "2013-06-30": "", "2013-03-31": "1162.90000", "2012-12-31": "", "2012-09-30": "1197.90000", "2012-06-30": "", "2012-03-31": "1216.30000", "2011-12-31": "", "2011-09-30": "1253.70000", "2011-06-30": "", "2011-03-31": "1221.27600", "2010-12-31": "", "2010-09-30": "1175.07200", "2010-06-30": "", "2010-03-31": "956.93600", "2009-12-31": "", "2009-09-30": "830.47200", "2009-06-30": "", "2009-03-31": "779.46800", "2008-12-31": "", "2008-09-30": "910.33700", "2008-06-30": "", "2008-03-31": "878.88500", "2007-12-31": "", "2007-09-30": "835.28900", "2007-06-30": "", "2007-03-31": "823.68000", "2006-12-31": "", "2006-09-30": "816.54100", "2006-06-30": "", "2006-03-31": "824.14600", "2005-12-31": "", "2005-09-30": "786.19100", "2005-06-30": "", "2005-03-31": "768.65200"}, "Operating Income": {"2020-12-31": "307.00000", "2020-09-30": "276.00000", "2020-06-30": "309.80080", "2020-03-31": "271.20000", "2019-12-31": "272.00000", "2019-09-30": "141.00000", "2019-06-30": "211.40140", "2019-03-31": "181.29980", "2018-12-31": "", "2018-09-30": "177.50000", "2018-06-30": "1033.30000", "2018-03-31": "80.49990", "2017-12-31": "", "2017-09-30": "96.99990", "2017-06-30": "1012.10000", "2017-03-31": "88.40000", "2016-12-31": "", "2016-09-30": "116.20000", "2016-06-30": "1021.30000", "2016-03-31": "99.40000", "2015-12-31": "", "2015-09-30": "105.80000", "2015-06-30": "1030.30000", "2015-03-31": "97.40000", "2014-12-31": "", "2014-09-30": "107.30000", "2014-06-30": "1097.60000", "2014-03-31": "95.30010", "2013-12-31": "", "2013-09-30": "87.60000", "2013-06-30": "1297.10000", "2013-03-31": "92.10000", "2012-12-31": "", "2012-09-30": "89.90020", "2012-06-30": "1312.70000", "2012-03-31": "88.50000", "2011-12-31": "", "2011-09-30": "104.20010", "2011-06-30": "1370.20000", "2011-03-31": "103.15200", "2010-12-31": "", "2010-09-30": "119.26890", "2010-06-30": "1270.21500", "2010-03-31": "64.79300", "2009-12-31": "", "2009-09-30": "68.45800", "2009-06-30": "866.37900", "2009-03-31": "63.92500", "2008-12-31": "", "2008-09-30": "73.92100", "2008-06-30": "979.95900", "2008-03-31": "68.39700", "2007-12-31": "", "2007-09-30": "70.37000", "2007-06-30": "921.82000", "2007-03-31": "85.45000", "2006-12-31": "", "2006-09-30": "86.79100", "2006-06-30": "933.78500", "2006-03-31": "77.50300", "2005-12-31": "", "2005-09-30": "83.95400", "2005-06-30": "879.88800", "2005-03-31": "63.21700"}, "Total Non-Operating Income/Expense": {"2020-12-31": "-30.00000", "2020-09-30": "-34.00000", "2020-06-30": "-46.70000", "2020-03-31": "-35.10000", "2019-12-31": "-42.00000", "2019-09-30": "-45.00000", "2019-06-30": "-43.90000", "2019-03-31": "-46.50000", "2018-12-31": "", "2018-09-30": "-56.00000", "2018-06-30": "", "2018-03-31": "-18.00000", "2017-12-31": "", "2017-09-30": "-15.00000", "2017-06-30": "", "2017-03-31": "-14.10000", "2016-12-31": "", "2016-09-30": "-14.50000", "2016-06-30": "", "2016-03-31": "-15.50000", "2015-12-31": "", "2015-09-30": "-11.80000", "2015-06-30": "", "2015-03-31": "-11.30000", "2014-12-31": "", "2014-09-30": "-12.80000", "2014-06-30": "", "2014-03-31": "-4.20000", "2013-12-31": "", "2013-09-30": "-13.60000", "2013-06-30": "", "2013-03-31": "-20.70000", "2012-12-31": "", "2012-09-30": "-15.70000", "2012-06-30": "", "2012-03-31": "-20.60000", "2011-12-31": "", "2011-09-30": "-17.00000", "2011-06-30": "", "2011-03-31": "-20.05600", "2010-12-31": "", "2010-09-30": "-19.86800", "2010-06-30": "", "2010-03-31": "-15.09800", "2009-12-31": "", "2009-09-30": "-8.52200", "2009-06-30": "", "2009-03-31": "-5.27700", "2008-12-31": "", "2008-09-30": "-2.21400", "2008-06-30": "", "2008-03-31": "0.07600", "2007-12-31": "", "2007-09-30": "-5.63100", "2007-06-30": "", "2007-03-31": "-7.89400", "2006-12-31": "", "2006-09-30": "-8.21000", "2006-06-30": "", "2006-03-31": "-15.50000", "2005-12-31": "", "2005-09-30": "-10.78600", "2005-06-30": "", "2005-03-31": "-10.29300"}, "Pre-Tax Income": {"2020-12-31": "277.00000", "2020-09-30": "242.00000", "2020-06-30": "263.10000", "2020-03-31": "236.10000", "2019-12-31": "230.00000", "2019-09-30": "96.00000", "2019-06-30": "167.50000", "2019-03-31": "134.80000", "2018-12-31": "", "2018-09-30": "121.50000", "2018-06-30": "60.70000", "2018-03-31": "62.50000", "2017-12-31": "", "2017-09-30": "82.00000", "2017-06-30": "41.10000", "2017-03-31": "74.30000", "2016-12-31": "", "2016-09-30": "101.70000", "2016-06-30": "75.60000", "2016-03-31": "83.90000", "2015-12-31": "", "2015-09-30": "94.00000", "2015-06-30": "98.60000", "2015-03-31": "86.10000", "2014-12-31": "", "2014-09-30": "94.50000", "2014-06-30": "91.30000", "2014-03-31": "91.10000", "2013-12-31": "", "2013-09-30": "74.00000", "2013-06-30": "80.50000", "2013-03-31": "71.40000", "2012-12-31": "", "2012-09-30": "74.20000", "2012-06-30": "66.50000", "2012-03-31": "67.90000", "2011-12-31": "", "2011-09-30": "87.20000", "2011-06-30": "87.60000", "2011-03-31": "83.09600", "2010-12-31": "", "2010-09-30": "99.40100", "2010-06-30": "93.11600", "2010-03-31": "49.69500", "2009-12-31": "", "2009-09-30": "59.93600", "2009-06-30": "78.49700", "2009-03-31": "58.64800", "2008-12-31": "", "2008-09-30": "71.70700", "2008-06-30": "75.40100", "2008-03-31": "68.47300", "2007-12-31": "", "2007-09-30": "64.73900", "2007-06-30": "78.92600", "2007-03-31": "77.55600", "2006-12-31": "", "2006-09-30": "78.58100", "2006-06-30": "80.20700", "2006-03-31": "62.00300", "2005-12-31": "", "2005-09-30": "73.16800", "2005-06-30": "68.13600", "2005-03-31": "52.92400"}, "Income Taxes": {"2020-12-31": "55.00000", "2020-09-30": "61.00000", "2020-06-30": "63.80000", "2020-03-31": "56.10000", "2019-12-31": "45.00000", "2019-09-30": "22.00000", "2019-06-30": "90.70000", "2019-03-31": "28.00000", "2018-12-31": "", "2018-09-30": "21.70000", "2018-06-30": "14.00000", "2018-03-31": "14.90000", "2017-12-31": "", "2017-09-30": "26.40000", "2017-06-30": "13.10000", "2017-03-31": "23.20000", "2016-12-31": "", "2016-09-30": "33.10000", "2016-06-30": "24.70000", "2016-03-31": "27.70000", "2015-12-31": "", "2015-09-30": "31.50000", "2015-06-30": "33.00000", "2015-03-31": "29.10000", "2014-12-31": "", "2014-09-30": "33.00000", "2014-06-30": "30.60000", "2014-03-31": "31.40000", "2013-12-31": "", "2013-09-30": "25.10000", "2013-06-30": "27.40000", "2013-03-31": "22.10000", "2012-12-31": "", "2012-09-30": "26.80000", "2012-06-30": "24.20000", "2012-03-31": "23.90000", "2011-12-31": "", "2011-09-30": "31.00000", "2011-06-30": "32.00000", "2011-03-31": "30.30000", "2010-12-31": "", "2010-09-30": "35.80000", "2010-06-30": "33.50000", "2010-03-31": "17.90000", "2009-12-31": "", "2009-09-30": "21.50000", "2009-06-30": "28.80000", "2009-03-31": "21.30000", "2008-12-31": "", "2008-09-30": "25.50000", "2008-06-30": "27.50000", "2008-03-31": "24.80000", "2007-12-31": "", "2007-09-30": "23.70000", "2007-06-30": "29.40000", "2007-03-31": "29.30000", "2006-12-31": "", "2006-09-30": "30.60000", "2006-06-30": "31.30000", "2006-03-31": "24.20000", "2005-12-31": "", "2005-09-30": "29.00000", "2005-06-30": "26.90000", "2005-03-31": "20.70000"}, "Income After Taxes": {"2020-12-31": "222.00000", "2020-09-30": "181.00000", "2020-06-30": "199.30000", "2020-03-31": "180.00000", "2019-12-31": "185.00000", "2019-09-30": "74.00000", "2019-06-30": "76.80000", "2019-03-31": "106.80000", "2018-12-31": "", "2018-09-30": "99.80000", "2018-06-30": "", "2018-03-31": "47.60000", "2017-12-31": "", "2017-09-30": "55.60000", "2017-06-30": "", "2017-03-31": "51.10000", "2016-12-31": "", "2016-09-30": "68.60000", "2016-06-30": "", "2016-03-31": "56.20000", "2015-12-31": "", "2015-09-30": "62.50000", "2015-06-30": "", "2015-03-31": "57.00000", "2014-12-31": "", "2014-09-30": "61.50000", "2014-06-30": "", "2014-03-31": "59.70000", "2013-12-31": "", "2013-09-30": "48.90000", "2013-06-30": "", "2013-03-31": "49.30000", "2012-12-31": "", "2012-09-30": "47.40000", "2012-06-30": "", "2012-03-31": "44.00000", "2011-12-31": "", "2011-09-30": "56.20000", "2011-06-30": "", "2011-03-31": "52.79600", "2010-12-31": "", "2010-09-30": "63.60100", "2010-06-30": "", "2010-03-31": "31.79500", "2009-12-31": "", "2009-09-30": "38.43600", "2009-06-30": "", "2009-03-31": "37.34800", "2008-12-31": "", "2008-09-30": "46.20700", "2008-06-30": "", "2008-03-31": "43.67300", "2007-12-31": "", "2007-09-30": "41.03900", "2007-06-30": "", "2007-03-31": "48.25600", "2006-12-31": "", "2006-09-30": "47.98100", "2006-06-30": "", "2006-03-31": "37.80300", "2005-12-31": "", "2005-09-30": "44.16800", "2005-06-30": "", "2005-03-31": "32.22400"}, "Other Income": {"2020-12-31": "", "2020-09-30": "", "2020-06-30": "", "2020-03-31": "", "2019-12-31": "", "2019-09-30": "", "2019-06-30": "", "2019-03-31": "", "2018-12-31": "", "2018-09-30": "", "2018-06-30": "", "2018-03-31": "", "2017-12-31": "", "2017-09-30": "", "2017-06-30": "", "2017-03-31": "", "2016-12-31": "", "2016-09-30": "", "2016-06-30": "", "2016-03-31": "", "2015-12-31": "", "2015-09-30": "", "2015-06-30": "", "2015-03-31": "", "2014-12-31": "", "2014-09-30": "", "2014-06-30": "", "2014-03-31": "", "2013-12-31": "", "2013-09-30": "", "2013-06-30": "", "2013-03-31": "", "2012-12-31": "", "2012-09-30": "", "2012-06-30": "", "2012-03-31": "", "2011-12-31": "", "2011-09-30": "", "2011-06-30": "", "2011-03-31": "", "2010-12-31": "", "2010-09-30": "", "2010-06-30": "", "2010-03-31": "", "2009-12-31": "", "2009-09-30": "", "2009-06-30": "", "2009-03-31": "", "2008-12-31": "", "2008-09-30": "", "2008-06-30": "", "2008-03-31": "", "2007-12-31": "", "2007-09-30": "", "2007-06-30": "", "2007-03-31": "", "2006-12-31": "", "2006-09-30": "", "2006-06-30": "", "2006-03-31": "", "2005-12-31": "", "2005-09-30": "", "2005-06-30": "", "2005-03-31": ""}, "Income From Continuous Operations": {"2020-12-31": "222.00000", "2020-09-30": "200.00000", "2020-06-30": "176.70000", "2020-03-31": "183.60000", "2019-12-31": "188.00000", "2019-09-30": "76.00000", "2019-06-30": "82.20000", "2019-03-31": "112.40000", "2018-12-31": "", "2018-09-30": "101.50000", "2018-06-30": "", "2018-03-31": "47.60000", "2017-12-31": "", "2017-09-30": "55.60000", "2017-06-30": "", "2017-03-31": "51.10000", "2016-12-31": "", "2016-09-30": "68.60000", "2016-06-30": "", "2016-03-31": "56.20000", "2015-12-31": "", "2015-09-30": "62.50000", "2015-06-30": "65.60000", "2015-03-31": "57.00000", "2014-12-31": "", "2014-09-30": "61.50000", "2014-06-30": "60.70000", "2014-03-31": "59.70000", "2013-12-31": "", "2013-09-30": "48.90000", "2013-06-30": "", "2013-03-31": "49.30000", "2012-12-31": "", "2012-09-30": "47.40000", "2012-06-30": "", "2012-03-31": "44.00000", "2011-12-31": "", "2011-09-30": "56.20000", "2011-06-30": "", "2011-03-31": "52.79600", "2010-12-31": "", "2010-09-30": "63.60100", "2010-06-30": "59.61600", "2010-03-31": "31.79500", "2009-12-31": "", "2009-09-30": "38.43600", "2009-06-30": "49.69700", "2009-03-31": "37.34800", "2008-12-31": "", "2008-09-30": "46.20700", "2008-06-30": "", "2008-03-31": "43.67300", "2007-12-31": "", "2007-09-30": "41.03900", "2007-06-30": "", "2007-03-31": "48.25600", "2006-12-31": "", "2006-09-30": "47.98100", "2006-06-30": "", "2006-03-31": "37.80300", "2005-12-31": "", "2005-09-30": "44.16800", "2005-06-30": "", "2005-03-31": "32.22400"}, "Income From Discontinued Operations": {"2020-12-31": "0.00000", "2020-09-30": "", "2020-06-30": "0.30000", "2020-03-31": "0.00000", "2019-12-31": "0.00000", "2019-09-30": "-8.00000", "2019-06-30": "", "2019-03-31": "0.00000", "2018-12-31": "", "2018-09-30": "", "2018-06-30": "", "2018-03-31": "", "2017-12-31": "", "2017-09-30": "", "2017-06-30": "", "2017-03-31": "", "2016-12-31": "", "2016-09-30": "", "2016-06-30": "", "2016-03-31": "", "2015-12-31": "", "2015-09-30": "0.00000", "2015-06-30": "0.00000", "2015-03-31": "-2.60000", "2014-12-31": "", "2014-09-30": "-44.50000", "2014-06-30": "5.10000", "2014-03-31": "-10.50000", "2013-12-31": "", "2013-09-30": "5.10000", "2013-06-30": "", "2013-03-31": "", "2012-12-31": "", "2012-09-30": "", "2012-06-30": "", "2012-03-31": "", "2011-12-31": "", "2011-09-30": "", "2011-06-30": "", "2011-03-31": "", "2010-12-31": "", "2010-09-30": "-0.83300", "2010-06-30": "1.96100", "2010-03-31": "0.65400", "2009-12-31": "", "2009-09-30": "", "2009-06-30": "", "2009-03-31": "", "2008-12-31": "", "2008-09-30": "", "2008-06-30": "", "2008-03-31": "", "2007-12-31": "", "2007-09-30": "", "2007-06-30": "", "2007-03-31": "", "2006-12-31": "", "2006-09-30": "", "2006-06-30": "", "2006-03-31": "", "2005-12-31": "", "2005-09-30": "", "2005-06-30": "", "2005-03-31": ""}, "Net Income": {"2020-12-31": "219.00000", "2020-09-30": "198.00000", "2020-06-30": "178.70000", "2020-03-31": "181.50000", "2019-12-31": "186.00000", "2019-09-30": "66.00000", "2019-06-30": "80.60000", "2019-03-31": "112.60000", "2018-12-31": "", "2018-09-30": "98.40000", "2018-06-30": "46.70000", "2018-03-31": "47.60000", "2017-12-31": "", "2017-09-30": "55.60000", "2017-06-30": "28.00000", "2017-03-31": "51.10000", "2016-12-31": "", "2016-09-30": "68.60000", "2016-06-30": "50.90000", "2016-03-31": "56.20000", "2015-12-31": "", "2015-09-30": "62.50000", "2015-06-30": "65.60000", "2015-03-31": "54.40000", "2014-12-31": "", "2014-09-30": "17.00000", "2014-06-30": "65.80000", "2014-03-31": "49.20000", "2013-12-31": "", "2013-09-30": "53.90000", "2013-06-30": "53.00000", "2013-03-31": "49.30000", "2012-12-31": "", "2012-09-30": "47.00000", "2012-06-30": "41.80000", "2012-03-31": "43.50000", "2011-12-31": "", "2011-09-30": "55.10000", "2011-06-30": "53.50000", "2011-03-31": "50.45100", "2010-12-31": "", "2010-09-30": "60.34600", "2010-06-30": "58.56800", "2010-03-31": "30.19700", "2009-12-31": "", "2009-09-30": "34.74500", "2009-06-30": "46.95300", "2009-03-31": "35.52800", "2008-12-31": "", "2008-09-30": "42.83400", "2008-06-30": "44.90700", "2008-03-31": "40.94600", "2007-12-31": "", "2007-09-30": "41.03900", "2007-06-30": "49.52600", "2007-03-31": "48.25600", "2006-12-31": "", "2006-09-30": "47.98100", "2006-06-30": "48.90700", "2006-03-31": "37.80300", "2005-12-31": "", "2005-09-30": "44.16800", "2005-06-30": "41.23600", "2005-03-31": "32.22400"}, "EBITDA": {"2020-12-31": "452.00000", "2020-09-30": "423.00000", "2020-06-30": "465.80080", "2020-03-31": "439.89990", "2019-12-31": "422.00000", "2019-09-30": "326.00000", "2019-06-30": "394.60130", "2019-03-31": "263.39980", "2018-12-31": "", "2018-09-30": "263.10000", "2018-06-30": "1075.80000", "2018-03-31": "80.49990", "2017-12-31": "", "2017-09-30": "224.49990", "2017-06-30": "1055.30000", "2017-03-31": "88.40000", "2016-12-31": "", "2016-09-30": "237.59990", "2016-06-30": "1061.80000", "2016-03-31": "99.40000", "2015-12-31": "", "2015-09-30": "223.90010", "2015-06-30": "1070.70000", "2015-03-31": "97.40000", "2014-12-31": "", "2014-09-30": "246.30000", "2014-06-30": "1144.80000", "2014-03-31": "95.30010", "2013-12-31": "", "2013-09-30": "231.10000", "2013-06-30": "1344.90000", "2013-03-31": "92.10000", "2012-12-31": "", "2012-09-30": "247.10010", "2012-06-30": "1364.70000", "2012-03-31": "88.50000", "2011-12-31": "", "2011-09-30": "270.90010", "2011-06-30": "1426.70700", "2011-03-31": "103.15200", "2010-12-31": "", "2010-09-30": "275.44590", "2010-06-30": "1329.28200", "2010-03-31": "64.79300", "2009-12-31": "", "2009-09-30": "186.83400", "2009-06-30": "906.15410", "2009-03-31": "63.92500", "2008-12-31": "", "2008-09-30": "198.39700", "2008-06-30": "1021.87300", "2008-03-31": "68.39700", "2007-12-31": "", "2007-09-30": "189.63000", "2007-06-30": "961.26900", "2007-03-31": "85.45000", "2006-12-31": "", "2006-09-30": "204.86600", "2006-06-30": "972.91300", "2006-03-31": "77.50300", "2005-12-31": "", "2005-09-30": "201.50500", "2005-06-30": "919.17800", "2005-03-31": "63.21700"}, "EBIT": {"2020-12-31": "307.00000", "2020-09-30": "276.00000", "2020-06-30": "309.80100", "2020-03-31": "271.20000", "2019-12-31": "272.00000", "2019-09-30": "141.00000", "2019-06-30": "211.40140", "2019-03-31": "181.29980", "2018-12-31": "", "2018-09-30": "177.50000", "2018-06-30": "", "2018-03-31": "80.49990", "2017-12-31": "", "2017-09-30": "96.99990", "2017-06-30": "", "2017-03-31": "88.40000", "2016-12-31": "", "2016-09-30": "116.20000", "2016-06-30": "", "2016-03-31": "99.40000", "2015-12-31": "", "2015-09-30": "105.80000", "2015-06-30": "", "2015-03-31": "97.40000", "2014-12-31": "", "2014-09-30": "107.30000", "2014-06-30": "", "2014-03-31": "95.30010", "2013-12-31": "", "2013-09-30": "87.60000", "2013-06-30": "", "2013-03-31": "92.10000", "2012-12-31": "", "2012-09-30": "89.90020", "2012-06-30": "", "2012-03-31": "88.50000", "2011-12-31": "", "2011-09-30": "104.20010", "2011-06-30": "", "2011-03-31": "103.15200", "2010-12-31": "", "2010-09-30": "119.26890", "2010-06-30": "", "2010-03-31": "64.79300", "2009-12-31": "", "2009-09-30": "68.45800", "2009-06-30": "", "2009-03-31": "63.92500", "2008-12-31": "", "2008-09-30": "73.92100", "2008-06-30": "", "2008-03-31": "68.39700", "2007-12-31": "", "2007-09-30": "70.37000", "2007-06-30": "", "2007-03-31": "85.45000", "2006-12-31": "", "2006-09-30": "86.79100", "2006-06-30": "", "2006-03-31": "77.50300", "2005-12-31": "", "2005-09-30": "83.95400", "2005-06-30": "", "2005-03-31": "63.21700"}, "Basic Shares Outstanding": {"2020-12-31": "1561.90000", "2020-09-30": "1562.50000", "2020-06-30": "1601.00000", "2020-03-31": "1594.70000", "2019-12-31": "1613.70000", "2019-09-30": "1623.50000", "2019-06-30": "1182.60000", "2019-03-31": "1157.10000", "2018-12-31": "", "2018-09-30": "1154.00000", "2018-06-30": "464.10000", "2018-03-31": "464.10000", "2017-12-31": "", "2017-09-30": "463.59000", "2017-06-30": "469.20000", "2017-03-31": "471.24000", "2016-12-31": "", "2016-09-30": "480.93000", "2016-06-30": "482.97000", "2016-03-31": "483.99000", "2015-12-31": "", "2015-09-30": "491.64000", "2015-06-30": "494.19000", "2015-03-31": "498.27000", "2014-12-31": "", "2014-09-30": "509.49000", "2014-06-30": "512.04000", "2014-03-31": "517.65000", "2013-12-31": "", "2013-09-30": "524.79000", "2013-06-30": "524.79000", "2013-03-31": "526.31990", "2012-12-31": "", "2012-09-30": "526.83000", "2012-06-30": "525.81000", "2012-03-31": "525.81000", "2011-12-31": "", "2011-09-30": "526.83000", "2011-06-30": "536.52000", "2011-03-31": "546.42420", "2010-12-31": "", "2010-09-30": "553.94670", "2010-06-30": "556.42530", "2010-03-31": "555.86430", "2009-12-31": "", "2009-09-30": "539.03940", "2009-06-30": "509.53590", "2009-03-31": "509.32170", "2008-12-31": "", "2008-09-30": "508.28640", "2008-06-30": "508.17930", "2008-03-31": "510.59670", "2007-12-31": "", "2007-09-30": "519.91950", "2007-06-30": "533.00610", "2007-03-31": "535.77030", "2006-12-31": "", "2006-09-30": "534.66360", "2006-06-30": "534.62790", "2006-03-31": "535.29090", "2005-12-31": "", "2005-09-30": "541.96170", "2005-06-30": "546.53640", "2005-03-31": "545.80200"}, "Shares Outstanding": {"2020-12-31": "1569.90000", "2020-09-30": "1565.30000", "2020-06-30": "1601.60000", "2020-03-31": "1594.70000", "2019-12-31": "1615.40000", "2019-09-30": "1626.10000", "2019-06-30": "1183.80000", "2019-03-31": "1157.70000", "2018-12-31": "", "2018-09-30": "1158.70000", "2018-06-30": "465.12000", "2018-03-31": "465.12000", "2017-12-31": "", "2017-09-30": "465.12000", "2017-06-30": "470.73000", "2017-03-31": "473.28000", "2016-12-31": "", "2016-09-30": "484.50000", "2016-06-30": "488.07000", "2016-03-31": "489.09000", "2015-12-31": "", "2015-09-30": "498.27000", "2015-06-30": "500.31000", "2015-03-31": "503.88000", "2014-12-31": "", "2014-09-30": "514.59000", "2014-06-30": "516.63000", "2014-03-31": "522.24000", "2013-12-31": "", "2013-09-30": "529.38000", "2013-06-30": "529.89000", "2013-03-31": "531.93000", "2012-12-31": "", "2012-09-30": "529.89000", "2012-06-30": "529.38000", "2012-03-31": "528.87000", "2011-12-31": "", "2011-09-30": "529.38000", "2011-06-30": "538.56000", "2011-03-31": "548.22450", "2010-12-31": "", "2010-09-30": "554.32410", "2010-06-30": "556.95570", "2010-03-31": "556.54770", "2009-12-31": "", "2009-09-30": "540.17160", "2009-06-30": "510.28560", "2009-03-31": "509.87760", "2008-12-31": "", "2008-09-30": "509.80110", "2008-06-30": "509.89800", "2008-03-31": "511.85640", "2007-12-31": "", "2007-09-30": "524.96850", "2007-06-30": "538.52430", "2007-03-31": "543.32850", "2006-12-31": "", "2006-09-30": "544.10880", "2006-06-30": "543.99150", "2006-03-31": "544.36890", "2005-12-31": "", "2005-09-30": "548.94870", "2005-06-30": "553.55400", "2005-03-31": "552.89610"}, "Basic EPS": {"2020-12-31": "0.14000", "2020-09-30": "0.12700", "2020-06-30": "0.11200", "2020-03-31": "0.11400", "2019-12-31": "0.11500", "2019-09-30": "0.04100", "2019-06-30": "0.06170", "2019-03-31": "0.09700", "2018-12-31": "", "2018-09-30": "0.08530", "2018-06-30": "0.10000", "2018-03-31": "0.10200", "2017-12-31": "", "2017-09-30": "0.11960", "2017-06-30": "0.06080", "2017-03-31": "0.10780", "2016-12-31": "", "2016-09-30": "0.14310", "2016-06-30": "0.10590", "2016-03-31": "0.11570", "2015-12-31": "", "2015-09-30": "0.12750", "2015-06-30": "0.13330", "2015-03-31": "0.10780", "2014-12-31": "", "2014-09-30": "0.03330", "2014-06-30": "0.12940", "2014-03-31": "0.09410", "2013-12-31": "", "2013-09-30": "0.10200", "2013-06-30": "0.10000", "2013-03-31": "0.09410", "2012-12-31": "", "2012-09-30": "0.09020", "2012-06-30": "0.08040", "2012-03-31": "0.08240", "2011-12-31": "", "2011-09-30": "0.10390", "2011-06-30": "0.10000", "2011-03-31": "0.09220", "2010-12-31": "", "2010-09-30": "0.10780", "2010-06-30": "0.10590", "2010-03-31": "0.05490", "2009-12-31": "", "2009-09-30": "0.06470", "2009-06-30": "0.09220", "2009-03-31": "0.07060", "2008-12-31": "", "2008-09-30": "0.08430", "2008-06-30": "0.08820", "2008-03-31": "0.08040", "2007-12-31": "", "2007-09-30": "0.07840", "2007-06-30": "0.09220", "2007-03-31": "0.09020", "2006-12-31": "", "2006-09-30": "0.09020", "2006-06-30": "0.09220", "2006-03-31": "0.07060", "2005-12-31": "", "2005-09-30": "0.08240", "2005-06-30": "0.07450", "2005-03-31": "0.05880"}, "EPS - Earnings Per Share": {"2020-12-31": "0.13900", "2020-09-30": "0.12600", "2020-06-30": "0.11200", "2020-03-31": "0.11400", "2019-12-31": "0.11500", "2019-09-30": "0.04100", "2019-06-30": "0.06600", "2019-03-31": "0.09700", "2018-12-31": "0.00000", "2018-09-30": "0.08000", "2018-06-30": "0.10000", "2018-03-31": "0.10200", "2017-12-31": "0.00000", "2017-09-30": "0.11960", "2017-06-30": "0.05880", "2017-03-31": "0.10780", "2016-12-31": "0.00000", "2016-09-30": "0.14120", "2016-06-30": "0.10390", "2016-03-31": "0.11570", "2015-12-31": "0.00000", "2015-09-30": "0.12550", "2015-06-30": "0.13140", "2015-03-31": "0.10780", "2014-12-31": "0.00000", "2014-09-30": "0.03330", "2014-06-30": "0.12750", "2014-03-31": "0.09410", "2013-12-31": "0.00000", "2013-09-30": "0.10200", "2013-06-30": "0.10000", "2013-03-31": "0.09220", "2012-12-31": "0.00000", "2012-09-30": "0.08820", "2012-06-30": "0.07840", "2012-03-31": "0.08240", "2011-12-31": "0.00000", "2011-09-30": "0.10390", "2011-06-30": "0.10000", "2011-03-31": "0.09220", "2010-12-31": "0.00000", "2010-09-30": "0.10780", "2010-06-30": "0.10590", "2010-03-31": "0.05490", "2009-12-31": "0.00000", "2009-09-30": "0.06470", "2009-06-30": "0.09220", "2009-03-31": "0.07060", "2008-12-31": "0.00000", "2008-09-30": "0.08430", "2008-06-30": "0.08820", "2008-03-31": "0.08040", "2007-12-31": "0.00000", "2007-09-30": "0.07840", "2007-06-30": "0.09220", "2007-03-31": "0.08820", "2006-12-31": "0.00000", "2006-09-30": "0.08820", "2006-06-30": "0.09020", "2006-03-31": "0.06860", "2005-12-31": "0.00000", "2005-09-30": "0.08040", "2005-06-30": "0.07450", "2005-03-31": "0.05880"}}, "balance sheet": {"Cash On Hand": {"2020-06-30": "742.60000", "2019-06-30": "601.60000", "2018-12-31": "76.10000", "2018-06-30": "620.80000", "2017-12-31": "71.10000", "2017-06-30": "", "2016-12-31": "74.20000", "2015-12-31": "59.20000", "2014-12-31": "47.10000", "2013-12-31": "141.70000", "2012-12-31": "114.10000", "2011-12-31": "109.80000", "2010-12-31": "60.40400", "2009-12-31": "1065.68700", "2008-12-31": "43.45400", "2007-12-31": "147.40900", "2006-12-31": "112.16000", "2005-12-31": "91.12500"}, "Receivables": {"2020-06-30": "1615.90000", "2019-06-30": "1864.30000", "2018-12-31": "443.30000", "2018-06-30": "1379.00000", "2017-12-31": "448.70000", "2017-06-30": "", "2016-12-31": "461.90000", "2015-12-31": "451.30000", "2014-12-31": "496.30000", "2013-12-31": "615.40000", "2012-12-31": "645.20000", "2011-12-31": "665.40000", "2010-12-31": "637.73800", "2009-12-31": "467.98800", "2008-12-31": "426.88800", "2007-12-31": "448.20000", "2006-12-31": "448.38200", "2005-12-31": "436.03500"}, "Inventory": {"2020-06-30": "1831.90000", "2019-06-30": "1953.80000", "2018-12-31": "619.50000", "2018-06-30": "1358.80000", "2017-12-31": "620.20000", "2017-06-30": "", "2016-12-31": "549.40000", "2015-12-31": "525.90000", "2014-12-31": "575.80000", "2013-12-31": "648.50000", "2012-12-31": "661.90000", "2011-12-31": "646.00000", "2010-12-31": "673.86300", "2009-12-31": "399.06700", "2008-12-31": "435.66700", "2007-12-31": "478.72700", "2006-12-31": "467.85300", "2005-12-31": "420.95000"}, "Pre-Paid Expenses": {"2020-06-30": "344.30000", "2019-06-30": "374.30000", "2018-12-31": "95.70000", "2018-06-30": "261.70000", "2017-12-31": "97.10000", "2017-06-30": "", "2016-12-31": "80.00000", "2015-12-31": "82.60000", "2014-12-31": "168.60000", "2013-12-31": "98.90000", "2012-12-31": "103.80000", "2011-12-31": "127.80000", "2010-12-31": "94.91400", "2009-12-31": "72.60600", "2008-12-31": "76.64900", "2007-12-31": "62.60700", "2006-12-31": "65.31700", "2005-12-31": "39.70000"}, "Other Current Assets": {"2020-06-30": "", "2019-06-30": "416.10000", "2018-12-31": "", "2018-06-30": "", "2017-12-31": "", "2017-06-30": "", "2016-12-31": "", "2015-12-31": "", "2014-12-31": "", "2013-12-31": "", "2012-12-31": "", "2011-12-31": "", "2010-12-31": "", "2009-12-31": "", "2008-12-31": "", "2007-12-31": "", "2006-12-31": "", "2005-12-31": ""}, "Total Current Assets": {"2020-06-30": "4534.70000", "2019-06-30": "5210.10000", "2018-12-31": "1234.60000", "2018-06-30": "3620.30000", "2017-12-31": "1237.10000", "2017-06-30": "", "2016-12-31": "1165.50000", "2015-12-31": "1119.00000", "2014-12-31": "1287.80000", "2013-12-31": "1504.50000", "2012-12-31": "1525.00000", "2011-12-31": "1549.00000", "2010-12-31": "1466.91900", "2009-12-31": "2005.34800", "2008-12-31": "982.65800", "2007-12-31": "1136.94300", "2006-12-31": "1093.71200", "2005-12-31": "987.81000"}, "Property, Plant, And Equipment": {"2020-06-30": "3614.80000", "2019-06-30": "3975.00000", "2018-12-31": "1250.30000", "2018-06-30": "2698.50000", "2017-12-31": "1318.10000", "2017-06-30": "", "2016-12-31": "1283.80000", "2015-12-31": "1206.30000", "2014-12-31": "1142.90000", "2013-12-31": "1284.30000", "2012-12-31": "1351.30000", "2011-12-31": "1440.90000", "2010-12-31": "1540.75300", "2009-12-31": "1157.19300", "2008-12-31": "1135.48200", "2007-12-31": "1248.45600", "2006-12-31": "1175.95900", "2005-12-31": "1143.53900"}, "Long-Term Investments": {"2020-06-30": "77.70000", "2019-06-30": "98.90000", "2018-12-31": "", "2018-06-30": "116.30000", "2017-12-31": "", "2017-06-30": "", "2016-12-31": "", "2015-12-31": "", "2014-12-31": "", "2013-12-31": "", "2012-12-31": "", "2011-12-31": "", "2010-12-31": "", "2009-12-31": "", "2008-12-31": "", "2007-12-31": "", "2006-12-31": "", "2005-12-31": ""}, "Goodwill And Intangible Assets": {"2020-06-30": "7333.60000", "2019-06-30": "7462.80000", "2018-12-31": "966.60000", "2018-06-30": "2381.40000", "2017-12-31": "995.00000", "2017-06-30": "", "2016-12-31": "1184.00000", "2015-12-31": "1099.30000", "2014-12-31": "1131.70000", "2013-12-31": "1242.80000", "2012-12-31": "1235.50000", "2011-12-31": "1270.90000", "2010-12-31": "1213.81300", "2009-12-31": "732.15100", "2008-12-31": "676.23900", "2007-12-31": "746.26300", "2006-12-31": "705.81400", "2005-12-31": "686.99900"}, "Other Long-Term Assets": {"2020-06-30": "177.20000", "2019-06-30": "187.10000", "2018-12-31": "", "2018-06-30": "117.80000", "2017-12-31": "", "2017-06-30": "", "2016-12-31": "", "2015-12-31": "", "2014-12-31": "", "2013-12-31": "", "2012-12-31": "", "2011-12-31": "", "2010-12-31": "", "2009-12-31": "", "2008-12-31": "", "2007-12-31": "", "2006-12-31": "", "2005-12-31": ""}, "Total Long-Term Assets": {"2020-06-30": "11907.40000", "2019-06-30": "11954.90000", "2018-12-31": "2336.40000", "2018-06-30": "5437.20000", "2017-12-31": "2462.80000", "2017-06-30": "", "2016-12-31": "2550.20000", "2015-12-31": "2370.80000", "2014-12-31": "2323.00000", "2013-12-31": "2605.70000", "2012-12-31": "2660.70000", "2011-12-31": "2771.40000", "2010-12-31": "2818.91200", "2009-12-31": "1923.35700", "2008-12-31": "1839.65600", "2007-12-31": "2054.45300", "2006-12-31": "1945.29700", "2005-12-31": "1976.79000"}, "Total Assets": {"2020-06-30": "16442.10000", "2019-06-30": "17165.00000", "2018-12-31": "3571.00000", "2018-06-30": "9057.50000", "2017-12-31": "3699.90000", "2017-06-30": "0.00000", "2016-12-31": "3715.70000", "2015-12-31": "3489.80000", "2014-12-31": "3610.80000", "2013-12-31": "4110.20000", "2012-12-31": "4185.70000", "2011-12-31": "4320.40000", "2010-12-31": "4285.83100", "2009-12-31": "3928.70500", "2008-12-31": "2822.31400", "2007-12-31": "3191.39600", "2006-12-31": "3039.00900", "2005-12-31": "2964.60000"}, "Total Current Liabilities": {"2020-06-30": "3973.60000", "2019-06-30": "4541.80000", "2018-12-31": "701.60000", "2018-06-30": "5055.20000", "2017-12-31": "666.10000", "2017-06-30": "", "2016-12-31": "576.10000", "2015-12-31": "589.10000", "2014-12-31": "481.40000", "2013-12-31": "601.90000", "2012-12-31": "643.00000", "2011-12-31": "682.00000", "2010-12-31": "675.25900", "2009-12-31": "524.85500", "2008-12-31": "421.78100", "2007-12-31": "534.55000", "2006-12-31": "555.45500", "2005-12-31": "474.32000"}, "Long Term Debt": {"2020-06-30": "6028.40000", "2019-06-30": "5309.00000", "2018-12-31": "1348.60000", "2018-06-30": "2690.40000", "2017-12-31": "1542.40000", "2017-06-30": "", "2016-12-31": "1527.80000", "2015-12-31": "1353.90000", "2014-12-31": "1311.60000", "2013-12-31": "1421.40000", "2012-12-31": "1417.60000", "2011-12-31": "1554.80000", "2010-12-31": "1283.52500", "2009-12-31": "1227.51400", "2008-12-31": "659.98400", "2007-12-31": "775.45600", "2006-12-31": "722.21100", "2005-12-31": "790.10700"}, "Other Non-Current Liabilities": {"2020-06-30": "614.90000", "2019-06-30": "627.80000", "2018-12-31": "138.20000", "2018-06-30": "469.00000", "2017-12-31": "136.70000", "2017-06-30": "", "2016-12-31": "132.40000", "2015-12-31": "167.00000", "2014-12-31": "161.40000", "2013-12-31": "132.30000", "2012-12-31": "285.90000", "2011-12-31": "326.00000", "2010-12-31": "241.32600", "2009-12-31": "189.97700", "2008-12-31": "246.17400", "2007-12-31": "124.26100", "2006-12-31": "125.97400", "2005-12-31": "154.67900"}, "Total Long Term Liabilities": {"2020-06-30": "7781.40000", "2019-06-30": "6948.50000", "2018-12-31": "1653.50000", "2018-06-30": "3306.90000", "2017-12-31": "1832.60000", "2017-06-30": "", "2016-12-31": "1879.90000", "2015-12-31": "1693.30000", "2014-12-31": "1696.40000", "2013-12-31": "1823.50000", "2012-12-31": "1901.80000", "2011-12-31": "2056.30000", "2010-12-31": "1683.14000", "2009-12-31": "1552.16700", "2008-12-31": "1017.99000", "2007-12-31": "1094.51400", "2006-12-31": "1011.53800", "2005-12-31": "1140.92500"}, "Total Liabilities": {"2020-06-30": "11755.00000", "2019-06-30": "11490.30000", "2018-12-31": "2355.10000", "2018-06-30": "8362.10000", "2017-12-31": "2498.70000", "2017-06-30": "", "2016-12-31": "2456.00000", "2015-12-31": "2282.40000", "2014-12-31": "2177.80000", "2013-12-31": "2425.40000", "2012-12-31": "2544.80000", "2011-12-31": "2738.30000", "2010-12-31": "2358.39900", "2009-12-31": "2077.02200", "2008-12-31": "1439.77100", "2007-12-31": "1629.06400", "2006-12-31": "1566.99300", "2005-12-31": "1615.24500"}, "Common Stock Net": {"2020-06-30": "15.70000", "2019-06-30": "16.30000", "2018-12-31": "12.90000", "2018-06-30": "", "2017-12-31": "12.90000", "2017-06-30": "", "2016-12-31": "12.90000", "2015-12-31": "12.80000", "2014-12-31": "12.80000", "2013-12-31": "12.80000", "2012-12-31": "12.70000", "2011-12-31": "12.70000", "2010-12-31": "12.66300", "2009-12-31": "12.56500", "2008-12-31": "11.71300", "2007-12-31": "11.69400", "2006-12-31": "11.61100", "2005-12-31": "11.59800"}, "Retained Earnings (Accumulated Deficit)": {"2020-06-30": "246.50000", "2019-06-30": "323.70000", "2018-12-31": "2456.70000", "2018-06-30": "561.40000", "2017-12-31": "2324.80000", "2017-06-30": "", "2016-12-31": "2341.70000", "2015-12-31": "2216.00000", "2014-12-31": "2086.80000", "2013-12-31": "2005.10000", "2012-12-31": "1900.90000", "2011-12-31": "1832.90000", "2010-12-31": "1751.90800", "2009-12-31": "1649.80400", "2008-12-31": "1599.17800", "2007-12-31": "1523.65900", "2006-12-31": "1431.74700", "2005-12-31": "1337.59000"}, "Comprehensive Income": {"2020-06-30": "-1049.30000", "2019-06-30": "-722.40000", "2018-12-31": "-525.50000", "2018-06-30": "-708.50000", "2017-12-31": "-394.50000", "2017-06-30": "", "2016-12-31": "-447.80000", "2015-12-31": "-509.90000", "2014-12-31": "-291.70000", "2013-12-31": "-98.70000", "2012-12-31": "-112.90000", "2011-12-31": "-90.70000", "2010-12-31": "91.11700", "2009-12-31": "72.45700", "2008-12-31": "-112.00100", "2007-12-31": "171.16200", "2006-12-31": "29.09800", "2005-12-31": "32.70600"}, "Other Share Holders Equity": {"2020-06-30": "", "2019-06-30": "", "2018-12-31": "", "2018-06-30": "", "2017-12-31": "", "2017-06-30": "", "2016-12-31": "", "2015-12-31": "", "2014-12-31": "", "2013-12-31": "", "2012-12-31": "", "2011-12-31": "", "2010-12-31": "", "2009-12-31": "", "2008-12-31": "", "2007-12-31": "", "2006-12-31": "", "2005-12-31": ""}, "Share Holder Equity": {"2020-06-30": "4687.10000", "2019-06-30": "5674.70000", "2018-12-31": "1215.90000", "2018-06-30": "695.40000", "2017-12-31": "1201.20000", "2017-06-30": "", "2016-12-31": "1259.70000", "2015-12-31": "1207.40000", "2014-12-31": "1433.00000", "2013-12-31": "1684.80000", "2012-12-31": "1640.90000", "2011-12-31": "1582.10000", "2010-12-31": "1927.43200", "2009-12-31": "1851.68300", "2008-12-31": "1382.54300", "2007-12-31": "1562.33200", "2006-12-31": "1472.01600", "2005-12-31": "1349.35500"}, "Total Liabilities And Share Holders Equity": {"2020-06-30": "16442.10000", "2019-06-30": "17165.00000", "2018-12-31": "3571.00000", "2018-06-30": "9057.50000", "2017-12-31": "3699.90000", "2017-06-30": "", "2016-12-31": "3715.70000", "2015-12-31": "3489.80000", "2014-12-31": "3610.80000", "2013-12-31": "4110.20000", "2012-12-31": "4185.70000", "2011-12-31": "4320.40000", "2010-12-31": "4285.83100", "2009-12-31": "3928.70500", "2008-12-31": "2822.31400", "2007-12-31": "3191.39600", "2006-12-31": "3039.00900", "2005-12-31": "2964.60000"}}, "balance sheet, quarterly": {"Cash On Hand": {"2020-12-31": "755.00000", "2020-09-30": "757.00000", "2020-06-30": "743.00000", "2020-03-31": "537.80000", "2019-12-31": "673.80000", "2019-09-30": "480.20000", "2019-06-30": "601.60000", "2019-03-31": "57.70000", "2018-12-31": "", "2018-09-30": "62.30000", "2018-06-30": "", "2018-03-31": "59.70000", "2017-12-31": "", "2017-09-30": "44.70000", "2017-06-30": "55.00000", "2017-03-31": "50.80000", "2016-12-31": "", "2016-09-30": "79.10000", "2016-06-30": "61.80000", "2016-03-31": "50.10000", "2015-12-31": "", "2015-09-30": "78.60000", "2015-06-30": "87.80000", "2015-03-31": "60.30000", "2014-12-31": "", "2014-09-30": "126.10000", "2014-06-30": "127.20000", "2014-03-31": "152.20000", "2013-12-31": "", "2013-09-30": "155.60000", "2013-06-30": "150.20000", "2013-03-31": "152.70000", "2012-12-31": "", "2012-09-30": "123.30000", "2012-06-30": "127.20000", "2012-03-31": "112.98500", "2011-12-31": "", "2011-09-30": "97.93300", "2011-06-30": "72.73300", "2011-03-31": "56.06500", "2010-12-31": "", "2010-09-30": "92.49800", "2010-06-30": "80.28600", "2010-03-31": "63.84200", "2009-12-31": "", "2009-09-30": "1104.01200", "2009-06-30": "80.06200", "2009-03-31": "73.19600", "2008-12-31": "", "2008-09-30": "148.92400", "2008-06-30": "171.01300", "2008-03-31": "157.19600", "2007-12-31": "", "2007-09-30": "165.48100", "2007-06-30": "153.31600", "2007-03-31": "142.84800", "2006-12-31": "", "2006-09-30": "105.42700", "2006-06-30": "110.44500", "2006-03-31": "114.98200", "2005-12-31": "", "2005-09-30": "150.67900", "2005-06-30": "120.15100", "2005-03-31": "130.70700"}, "Receivables": {"2020-12-31": "1681.00000", "2020-09-30": "1673.00000", "2020-06-30": "1616.00000", "2020-03-31": "1730.50000", "2019-12-31": "1669.10000", "2019-09-30": "1789.50000", "2019-06-30": "1864.30000", "2019-03-31": "482.10000", "2018-12-31": "", "2018-09-30": "483.10000", "2018-06-30": "", "2018-03-31": "499.80000", "2017-12-31": "", "2017-09-30": "493.60000", "2017-06-30": "475.30000", "2017-03-31": "475.70000", "2016-12-31": "", "2016-09-30": "474.70000", "2016-06-30": "521.50000", "2016-03-31": "489.60000", "2015-12-31": "", "2015-09-30": "461.80000", "2015-06-30": "498.30000", "2015-03-31": "568.60000", "2014-12-31": "", "2014-09-30": "562.00000", "2014-06-30": "669.50000", "2014-03-31": "654.10000", "2013-12-31": "", "2013-09-30": "654.80000", "2013-06-30": "685.40000", "2013-03-31": "709.70000", "2012-12-31": "", "2012-09-30": "687.50000", "2012-06-30": "703.30000", "2012-03-31": "702.10700", "2011-12-31": "", "2011-09-30": "701.96800", "2011-06-30": "762.27500", "2011-03-31": "712.29600", "2010-12-31": "", "2010-09-30": "668.10700", "2010-06-30": "645.46400", "2010-03-31": "681.71700", "2009-12-31": "", "2009-09-30": "470.28700", "2009-06-30": "453.91800", "2009-03-31": "417.49900", "2008-12-31": "", "2008-09-30": "497.63100", "2008-06-30": "518.13500", "2008-03-31": "484.16100", "2007-12-31": "", "2007-09-30": "470.55600", "2007-06-30": "474.60800", "2007-03-31": "462.80200", "2006-12-31": "", "2006-09-30": "469.07300", "2006-06-30": "487.87000", "2006-03-31": "471.23200", "2005-12-31": "", "2005-09-30": "452.33800", "2005-06-30": "457.22600", "2005-03-31": "453.39800"}, "Inventory": {"2020-12-31": "1843.00000", "2020-09-30": "1784.00000", "2020-06-30": "1832.00000", "2020-03-31": "1819.80000", "2019-12-31": "1891.80000", "2019-09-30": "1874.40000", "2019-06-30": "1953.80000", "2019-03-31": "640.10000", "2018-12-31": "", "2018-09-30": "627.70000", "2018-06-30": "", "2018-03-31": "628.10000", "2017-12-31": "", "2017-09-30": "627.20000", "2017-06-30": "608.50000", "2017-03-31": "580.30000", "2016-12-31": "", "2016-09-30": "568.60000", "2016-06-30": "551.00000", "2016-03-31": "545.50000", "2015-12-31": "", "2015-09-30": "538.20000", "2015-06-30": "557.00000", "2015-03-31": "570.90000", "2014-12-31": "", "2014-09-30": "594.90000", "2014-06-30": "684.10000", "2014-03-31": "665.90000", "2013-12-31": "", "2013-09-30": "670.10000", "2013-06-30": "669.50000", "2013-03-31": "698.00000", "2012-12-31": "", "2012-09-30": "653.60000", "2012-06-30": "645.60000", "2012-03-31": "681.27100", "2011-12-31": "", "2011-09-30": "685.11200", "2011-06-30": "740.37600", "2011-03-31": "722.50800", "2010-12-31": "", "2010-09-30": "656.47700", "2010-06-30": "617.79600", "2010-03-31": "607.84900", "2009-12-31": "", "2009-09-30": "427.40300", "2009-06-30": "413.53500", "2009-03-31": "403.16900", "2008-12-31": "", "2008-09-30": "518.92100", "2008-06-30": "526.86800", "2008-03-31": "498.19800", "2007-12-31": "", "2007-09-30": "479.78300", "2007-06-30": "470.41500", "2007-03-31": "469.00400", "2006-12-31": "", "2006-09-30": "470.73500", "2006-06-30": "454.66100", "2006-03-31": "451.47000", "2005-12-31": "", "2005-09-30": "410.90500", "2005-06-30": "412.40100", "2005-03-31": "450.50100"}, "Pre-Paid Expenses": {"2020-12-31": "434.00000", "2020-09-30": "398.00000", "2020-06-30": "344.00000", "2020-03-31": "414.10000", "2019-12-31": "452.90000", "2019-09-30": "418.10000", "2019-06-30": "374.30000", "2019-03-31": "100.30000", "2018-12-31": "", "2018-09-30": "86.10000", "2018-06-30": "", "2018-03-31": "97.60000", "2017-12-31": "", "2017-09-30": "99.40000", "2017-06-30": "101.40000", "2017-03-31": "89.20000", "2016-12-31": "", "2016-09-30": "76.60000", "2016-06-30": "84.70000", "2016-03-31": "79.40000", "2015-12-31": "", "2015-09-30": "141.60000", "2015-06-30": "147.50000", "2015-03-31": "99.90000", "2014-12-31": "", "2014-09-30": "118.00000", "2014-06-30": "113.60000", "2014-03-31": "110.50000", "2013-12-31": "", "2013-09-30": "113.90000", "2013-06-30": "109.30000", "2013-03-31": "105.70000", "2012-12-31": "", "2012-09-30": "125.10000", "2012-06-30": "133.80000", "2012-03-31": "134.72200", "2011-12-31": "", "2011-09-30": "94.86800", "2011-06-30": "101.94100", "2011-03-31": "101.33500", "2010-12-31": "", "2010-09-30": "113.94600", "2010-06-30": "115.10000", "2010-03-31": "84.92800", "2009-12-31": "", "2009-09-30": "71.99700", "2009-06-30": "70.02600", "2009-03-31": "67.74100", "2008-12-31": "", "2008-09-30": "71.38800", "2008-06-30": "72.37100", "2008-03-31": "68.73400", "2007-12-31": "", "2007-09-30": "60.49700", "2007-06-30": "64.17000", "2007-03-31": "70.76000", "2006-12-31": "", "2006-09-30": "50.12000", "2006-06-30": "47.72700", "2006-03-31": "49.31800", "2005-12-31": "", "2005-09-30": "41.17400", "2005-06-30": "39.15800", "2005-03-31": "35.07600"}, "Other Current Assets": {"2020-12-31": "", "2020-09-30": "", "2020-06-30": "", "2020-03-31": "", "2019-12-31": "", "2019-09-30": "", "2019-06-30": "416.10000", "2019-03-31": "", "2018-12-31": "", "2018-09-30": "", "2018-06-30": "", "2018-03-31": "", "2017-12-31": "", "2017-09-30": "", "2017-06-30": "", "2017-03-31": "", "2016-12-31": "", "2016-09-30": "", "2016-06-30": "", "2016-03-31": "", "2015-12-31": "", "2015-09-30": "", "2015-06-30": "", "2015-03-31": "", "2014-12-31": "", "2014-09-30": "249.80000", "2014-06-30": "", "2014-03-31": "", "2013-12-31": "", "2013-09-30": "", "2013-06-30": "", "2013-03-31": "", "2012-12-31": "", "2012-09-30": "", "2012-06-30": "", "2012-03-31": "", "2011-12-31": "", "2011-09-30": "", "2011-06-30": "", "2011-03-31": "", "2010-12-31": "", "2010-09-30": "", "2010-06-30": "", "2010-03-31": "", "2009-12-31": "", "2009-09-30": "", "2009-06-30": "", "2009-03-31": "", "2008-12-31": "", "2008-09-30": "", "2008-06-30": "", "2008-03-31": "", "2007-12-31": "", "2007-09-30": "", "2007-06-30": "", "2007-03-31": "", "2006-12-31": "", "2006-09-30": "", "2006-06-30": "", "2006-03-31": "", "2005-12-31": "", "2005-09-30": "", "2005-06-30": "", "2005-03-31": ""}, "Total Current Assets": {"2020-12-31": "4713.00000", "2020-09-30": "4612.00000", "2020-06-30": "4535.00000", "2020-03-31": "4502.20000", "2019-12-31": "4687.60000", "2019-09-30": "4562.20000", "2019-06-30": "5210.10000", "2019-03-31": "1280.20000", "2018-12-31": "", "2018-09-30": "1259.20000", "2018-06-30": "", "2018-03-31": "1285.20000", "2017-12-31": "", "2017-09-30": "1264.90000", "2017-06-30": "1240.20000", "2017-03-31": "1196.00000", "2016-12-31": "", "2016-09-30": "1199.00000", "2016-06-30": "1219.00000", "2016-03-31": "1164.60000", "2015-12-31": "", "2015-09-30": "1220.20000", "2015-06-30": "1290.60000", "2015-03-31": "1299.70000", "2014-12-31": "", "2014-09-30": "1650.80000", "2014-06-30": "1594.40000", "2014-03-31": "1582.70000", "2013-12-31": "", "2013-09-30": "1594.40000", "2013-06-30": "1614.40000", "2013-03-31": "1666.10000", "2012-12-31": "", "2012-09-30": "1589.50000", "2012-06-30": "1609.90000", "2012-03-31": "1631.08500", "2011-12-31": "", "2011-09-30": "1579.88100", "2011-06-30": "1677.32500", "2011-03-31": "1592.20400", "2010-12-31": "", "2010-09-30": "1531.02800", "2010-06-30": "1482.59600", "2010-03-31": "1457.49900", "2009-12-31": "", "2009-09-30": "2073.69900", "2009-06-30": "1017.54100", "2009-03-31": "961.60500", "2008-12-31": "", "2008-09-30": "1236.86400", "2008-06-30": "1288.38700", "2008-03-31": "1208.28900", "2007-12-31": "", "2007-09-30": "1176.31700", "2007-06-30": "1162.50900", "2007-03-31": "1145.41400", "2006-12-31": "", "2006-09-30": "1095.35500", "2006-06-30": "1100.70300", "2006-03-31": "1087.00200", "2005-12-31": "", "2005-09-30": "1055.09600", "2005-06-30": "1028.93600", "2005-03-31": "1069.68200"}, "Property, Plant, And Equipment": {"2020-12-31": "3767.00000", "2020-09-30": "3649.00000", "2020-06-30": "3615.00000", "2020-03-31": "3633.00000", "2019-12-31": "3757.50000", "2019-09-30": "3869.00000", "2019-06-30": "3975.00000", "2019-03-31": "1239.10000", "2018-12-31": "", "2018-09-30": "1253.70000", "2018-06-30": "", "2018-03-31": "1325.80000", "2017-12-31": "", "2017-09-30": "1323.40000", "2017-06-30": "1311.60000", "2017-03-31": "1302.40000", "2016-12-31": "", "2016-09-30": "1268.90000", "2016-06-30": "1258.10000", "2016-03-31": "1222.60000", "2015-12-31": "", "2015-09-30": "1130.60000", "2015-06-30": "1146.10000", "2015-03-31": "1124.50000", "2014-12-31": "", "2014-09-30": "1128.80000", "2014-06-30": "1236.40000", "2014-03-31": "1242.70000", "2013-12-31": "", "2013-09-30": "1287.60000", "2013-06-30": "1274.70000", "2013-03-31": "1330.90000", "2012-12-31": "", "2012-09-30": "1364.80000", "2012-06-30": "1371.90000", "2012-03-31": "1422.67300", "2011-12-31": "", "2011-09-30": "1473.43900", "2011-06-30": "1527.22000", "2011-03-31": "1531.81300", "2010-12-31": "", "2010-09-30": "1539.82600", "2010-06-30": "1532.42400", "2010-03-31": "1578.00300", "2009-12-31": "", "2009-09-30": "1168.80600", "2009-06-30": "1174.72400", "2009-03-31": "1114.47300", "2008-12-31": "", "2008-09-30": "1191.06000", "2008-06-30": "1262.71600", "2008-03-31": "1248.67800", "2007-12-31": "", "2007-09-30": "1239.21200", "2007-06-30": "1215.21700", "2007-03-31": "1188.80500", "2006-12-31": "", "2006-09-30": "1158.50300", "2006-06-30": "1162.49700", "2006-03-31": "1154.04600", "2005-12-31": "", "2005-09-30": "1105.95400", "2005-06-30": "1098.48900", "2005-03-31": "1084.98700"}, "Long-Term Investments": {"2020-12-31": "", "2020-09-30": "", "2020-06-30": "78.00000", "2020-03-31": "108.60000", "2019-12-31": "96.80000", "2019-09-30": "103.10000", "2019-06-30": "98.90000", "2019-03-31": "", "2018-12-31": "", "2018-09-30": "", "2018-06-30": "", "2018-03-31": "", "2017-12-31": "", "2017-09-30": "", "2017-06-30": "", "2017-03-31": "", "2016-12-31": "", "2016-09-30": "", "2016-06-30": "", "2016-03-31": "", "2015-12-31": "", "2015-09-30": "", "2015-06-30": "", "2015-03-31": "", "2014-12-31": "", "2014-09-30": "", "2014-06-30": "", "2014-03-31": "", "2013-12-31": "", "2013-09-30": "", "2013-06-30": "", "2013-03-31": "", "2012-12-31": "", "2012-09-30": "", "2012-06-30": "", "2012-03-31": "", "2011-12-31": "", "2011-09-30": "", "2011-06-30": "", "2011-03-31": "", "2010-12-31": "", "2010-09-30": "", "2010-06-30": "", "2010-03-31": "", "2009-12-31": "", "2009-09-30": "", "2009-06-30": "", "2009-03-31": "", "2008-12-31": "", "2008-09-30": "", "2008-06-30": "", "2008-03-31": "", "2007-12-31": "", "2007-09-30": "", "2007-06-30": "", "2007-03-31": "", "2006-12-31": "", "2006-09-30": "", "2006-06-30": "", "2006-03-31": "", "2005-12-31": "", "2005-09-30": "", "2005-06-30": "", "2005-03-31": ""}, "Goodwill And Intangible Assets": {"2020-12-31": "7357.00000", "2020-09-30": "7333.00000", "2020-06-30": "7333.00000", "2020-03-31": "7264.30000", "2019-12-31": "7340.40000", "2019-09-30": "7240.30000", "2019-06-30": "7462.80000", "2019-03-31": "962.60000", "2018-12-31": "", "2018-09-30": "971.80000", "2018-06-30": "", "2018-03-31": "995.20000", "2017-12-31": "", "2017-09-30": "1193.50000", "2017-06-30": "1185.50000", "2017-03-31": "1189.50000", "2016-12-31": "", "2016-09-30": "1198.80000", "2016-06-30": "1205.70000", "2016-03-31": "1109.20000", "2015-12-31": "", "2015-09-30": "1053.90000", "2015-06-30": "1094.90000", "2015-03-31": "1095.00000", "2014-12-31": "", "2014-09-30": "1153.80000", "2014-06-30": "1235.70000", "2014-03-31": "1233.30000", "2013-12-31": "", "2013-09-30": "1253.30000", "2013-06-30": "1199.60000", "2013-03-31": "1236.70000", "2012-12-31": "", "2012-09-30": "1241.40000", "2012-06-30": "1240.30000", "2012-03-31": "1275.01400", "2011-12-31": "", "2011-09-30": "1229.66500", "2011-06-30": "1228.69200", "2011-03-31": "1217.98200", "2010-12-31": "", "2010-09-30": "1192.57500", "2010-06-30": "1178.80800", "2010-03-31": "1164.43800", "2009-12-31": "", "2009-09-30": "729.86900", "2009-06-30": "709.96000", "2009-03-31": "675.48800", "2008-12-31": "", "2008-09-30": "719.18600", "2008-06-30": "770.12900", "2008-03-31": "749.80900", "2007-12-31": "", "2007-09-30": "738.67200", "2007-06-30": "722.76600", "2007-03-31": "711.79000", "2006-12-31": "", "2006-09-30": "703.41500", "2006-06-30": "706.97100", "2006-03-31": "698.43200", "2005-12-31": "", "2005-09-30": "717.80800", "2005-06-30": "711.83400", "2005-03-31": "693.39500"}, "Other Long-Term Assets": {"2020-12-31": "170.00000", "2020-09-30": "176.00000", "2020-06-30": "177.00000", "2020-03-31": "172.40000", "2019-12-31": "197.00000", "2019-09-30": "190.10000", "2019-06-30": "187.10000", "2019-03-31": "", "2018-12-31": "", "2018-09-30": "", "2018-06-30": "", "2018-03-31": "", "2017-12-31": "", "2017-09-30": "", "2017-06-30": "", "2017-03-31": "", "2016-12-31": "", "2016-09-30": "", "2016-06-30": "", "2016-03-31": "", "2015-12-31": "", "2015-09-30": "", "2015-06-30": "", "2015-03-31": "", "2014-12-31": "", "2014-09-30": "", "2014-06-30": "", "2014-03-31": "", "2013-12-31": "", "2013-09-30": "", "2013-06-30": "", "2013-03-31": "", "2012-12-31": "", "2012-09-30": "", "2012-06-30": "", "2012-03-31": "", "2011-12-31": "", "2011-09-30": "", "2011-06-30": "", "2011-03-31": "", "2010-12-31": "", "2010-09-30": "", "2010-06-30": "", "2010-03-31": "", "2009-12-31": "", "2009-09-30": "", "2009-06-30": "", "2009-03-31": "", "2008-12-31": "", "2008-09-30": "", "2008-06-30": "", "2008-03-31": "", "2007-12-31": "", "2007-09-30": "", "2007-06-30": "", "2007-03-31": "", "2006-12-31": "", "2006-09-30": "", "2006-06-30": "", "2006-03-31": "", "2005-12-31": "", "2005-09-30": "", "2005-06-30": "", "2005-03-31": ""}, "Total Long-Term Assets": {"2020-12-31": "12005.00000", "2020-09-30": "11853.00000", "2020-06-30": "11907.00000", "2020-03-31": "11918.80000", "2019-12-31": "12145.00000", "2019-09-30": "12168.50000", "2019-06-30": "11954.90000", "2019-03-31": "2367.60000", "2018-12-31": "", "2018-09-30": "2345.20000", "2018-06-30": "", "2018-03-31": "2468.60000", "2017-12-31": "", "2017-09-30": "2611.80000", "2017-06-30": "2590.10000", "2017-03-31": "2582.80000", "2016-12-31": "", "2016-09-30": "2554.10000", "2016-06-30": "2548.30000", "2016-03-31": "2408.50000", "2015-12-31": "", "2015-09-30": "2227.70000", "2015-06-30": "2283.20000", "2015-03-31": "2271.00000", "2014-12-31": "", "2014-09-30": "2370.00000", "2014-06-30": "2558.60000", "2014-03-31": "2565.50000", "2013-12-31": "", "2013-09-30": "2601.00000", "2013-06-30": "2531.10000", "2013-03-31": "2639.30000", "2012-12-31": "", "2012-09-30": "2687.40000", "2012-06-30": "2685.40000", "2012-03-31": "2760.03200", "2011-12-31": "", "2011-09-30": "2764.33900", "2011-06-30": "2825.96500", "2011-03-31": "2817.87900", "2010-12-31": "", "2010-09-30": "2795.91500", "2010-06-30": "2843.98800", "2010-03-31": "2886.52100", "2009-12-31": "", "2009-09-30": "1936.88200", "2009-06-30": "1913.92700", "2009-03-31": "1815.17200", "2008-12-31": "", "2008-09-30": "1963.82400", "2008-06-30": "2092.45200", "2008-03-31": "2057.53400", "2007-12-31": "", "2007-09-30": "2023.12800", "2007-06-30": "1983.91600", "2007-03-31": "1943.79600", "2006-12-31": "", "2006-09-30": "1999.88700", "2006-06-30": "2011.09500", "2006-03-31": "2009.50200", "2005-12-31": "", "2005-09-30": "1952.45600", "2005-06-30": "1943.02700", "2005-03-31": "1896.39600"}, "Total Assets": {"2020-12-31": "16718.00000", "2020-09-30": "16465.00000", "2020-06-30": "16442.00000", "2020-03-31": "16421.00000", "2019-12-31": "16832.60000", "2019-09-30": "16730.70000", "2019-06-30": "17165.00000", "2019-03-31": "3647.80000", "2018-12-31": "0.00000", "2018-09-30": "3604.40000", "2018-06-30": "0.00000", "2018-03-31": "3753.80000", "2017-12-31": "0.00000", "2017-09-30": "3876.70000", "2017-06-30": "3830.30000", "2017-03-31": "3778.80000", "2016-12-31": "0.00000", "2016-09-30": "3753.10000", "2016-06-30": "3767.30000", "2016-03-31": "3573.10000", "2015-12-31": "0.00000", "2015-09-30": "3447.90000", "2015-06-30": "3573.80000", "2015-03-31": "3570.70000", "2014-12-31": "0.00000", "2014-09-30": "4020.80000", "2014-06-30": "4153.00000", "2014-03-31": "4148.20000", "2013-12-31": "0.00000", "2013-09-30": "4195.40000", "2013-06-30": "4145.50000", "2013-03-31": "4305.40000", "2012-12-31": "0.00000", "2012-09-30": "4276.90000", "2012-06-30": "4295.30000", "2012-03-31": "4391.11700", "2011-12-31": "0.00000", "2011-09-30": "4344.22000", "2011-06-30": "4503.29000", "2011-03-31": "4410.08300", "2010-12-31": "0.00000", "2010-09-30": "4326.94300", "2010-06-30": "4326.58400", "2010-03-31": "4344.02000", "2009-12-31": "0.00000", "2009-09-30": "4010.58100", "2009-06-30": "2931.46800", "2009-03-31": "2776.77700", "2008-12-31": "0.00000", "2008-09-30": "3200.68800", "2008-06-30": "3380.83900", "2008-03-31": "3265.82300", "2007-12-31": "0.00000", "2007-09-30": "3199.44500", "2007-06-30": "3146.42500", "2007-03-31": "3089.21000", "2006-12-31": "0.00000", "2006-09-30": "3095.24200", "2006-06-30": "3111.79800", "2006-03-31": "3096.50400", "2005-12-31": "0.00000", "2005-09-30": "3007.55200", "2005-06-30": "2971.96300", "2005-03-31": "2966.07800"}, "Total Current Liabilities": {"2020-12-31": "3678.00000", "2020-09-30": "3626.00000", "2020-06-30": "3974.00000", "2020-03-31": "3651.90000", "2019-12-31": "3767.40000", "2019-09-30": "3839.60000", "2019-06-30": "4541.80000", "2019-03-31": "661.90000", "2018-12-31": "", "2018-09-30": "705.50000", "2018-06-30": "", "2018-03-31": "682.70000", "2017-12-31": "", "2017-09-30": "703.70000", "2017-06-30": "695.10000", "2017-03-31": "625.50000", "2016-12-31": "", "2016-09-30": "624.90000", "2016-06-30": "587.50000", "2016-03-31": "564.80000", "2015-12-31": "", "2015-09-30": "565.40000", "2015-06-30": "502.40000", "2015-03-31": "509.40000", "2014-12-31": "", "2014-09-30": "626.40000", "2014-06-30": "615.90000", "2014-03-31": "645.00000", "2013-12-31": "", "2013-09-30": "664.50000", "2013-06-30": "640.30000", "2013-03-31": "641.60000", "2012-12-31": "", "2012-09-30": "698.10000", "2012-06-30": "694.10000", "2012-03-31": "688.15500", "2011-12-31": "", "2011-09-30": "658.64600", "2011-06-30": "697.44200", "2011-03-31": "644.98000", "2010-12-31": "", "2010-09-30": "681.81900", "2010-06-30": "679.53100", "2010-03-31": "676.71300", "2009-12-31": "", "2009-09-30": "544.15600", "2009-06-30": "487.92000", "2009-03-31": "433.95800", "2008-12-31": "", "2008-09-30": "573.77500", "2008-06-30": "622.93600", "2008-03-31": "536.02300", "2007-12-31": "", "2007-09-30": "544.05400", "2007-06-30": "532.36500", "2007-03-31": "541.87400", "2006-12-31": "", "2006-09-30": "569.30600", "2006-06-30": "554.63600", "2006-03-31": "512.91700", "2005-12-31": "", "2005-09-30": "491.28300", "2005-06-30": "432.97900", "2005-03-31": "453.36600"}, "Long Term Debt": {"2020-12-31": "6432.00000", "2020-09-30": "6361.00000", "2020-06-30": "6028.00000", "2020-03-31": "6208.80000", "2019-12-31": "5853.50000", "2019-09-30": "5454.80000", "2019-06-30": "5309.00000", "2019-03-31": "1395.00000", "2018-12-31": "", "2018-09-30": "1431.40000", "2018-06-30": "", "2018-03-31": "1544.20000", "2017-12-31": "", "2017-09-30": "1530.60000", "2017-06-30": "1516.80000", "2017-03-31": "1536.70000", "2016-12-31": "", "2016-09-30": "1485.90000", "2016-06-30": "1532.30000", "2016-03-31": "1437.20000", "2015-12-31": "", "2015-09-30": "1293.60000", "2015-06-30": "1357.80000", "2015-03-31": "1357.10000", "2014-12-31": "", "2014-09-30": "1432.90000", "2014-06-30": "1465.10000", "2014-03-31": "1441.50000", "2013-12-31": "", "2013-09-30": "1422.40000", "2013-06-30": "1450.30000", "2013-03-31": "1542.80000", "2012-12-31": "", "2012-09-30": "1494.40000", "2012-06-30": "1549.40000", "2012-03-31": "1552.16800", "2011-12-31": "", "2011-09-30": "1591.72800", "2011-06-30": "1460.21800", "2011-03-31": "1417.30500", "2010-12-31": "", "2010-09-30": "1374.54800", "2010-06-30": "1460.80100", "2010-03-31": "1510.75200", "2009-12-31": "", "2009-09-30": "1289.64100", "2009-06-30": "559.16600", "2009-03-31": "584.74900", "2008-12-31": "", "2008-09-30": "746.85000", "2008-06-30": "740.45400", "2008-03-31": "815.77600", "2007-12-31": "", "2007-09-30": "842.08300", "2007-06-30": "748.47700", "2007-03-31": "774.16300", "2006-12-31": "", "2006-09-30": "713.06900", "2006-06-30": "776.58300", "2006-03-31": "826.49800", "2005-12-31": "", "2005-09-30": "785.11900", "2005-06-30": "814.87500", "2005-03-31": "841.87900"}, "Other Non-Current Liabilities": {"2020-12-31": "634.00000", "2020-09-30": "615.00000", "2020-06-30": "615.00000", "2020-03-31": "545.40000", "2019-12-31": "591.00000", "2019-09-30": "587.30000", "2019-06-30": "627.80000", "2019-03-31": "128.00000", "2018-12-31": "", "2018-09-30": "118.90000", "2018-06-30": "", "2018-03-31": "133.40000", "2017-12-31": "", "2017-09-30": "131.00000", "2017-06-30": "123.80000", "2017-03-31": "127.50000", "2016-12-31": "", "2016-09-30": "160.70000", "2016-06-30": "161.70000", "2016-03-31": "160.20000", "2015-12-31": "", "2015-09-30": "125.70000", "2015-06-30": "147.30000", "2015-03-31": "152.60000", "2014-12-31": "", "2014-09-30": "114.00000", "2014-06-30": "120.30000", "2014-03-31": "126.20000", "2013-12-31": "", "2013-09-30": "160.70000", "2013-06-30": "248.90000", "2013-03-31": "281.90000", "2012-12-31": "", "2012-09-30": "286.90000", "2012-06-30": "293.60000", "2012-03-31": "324.05800", "2011-12-31": "", "2011-09-30": "224.29300", "2011-06-30": "230.62600", "2011-03-31": "243.83700", "2010-12-31": "", "2010-09-30": "", "2010-06-30": "", "2010-03-31": "", "2009-12-31": "", "2009-09-30": "", "2009-06-30": "", "2009-03-31": "", "2008-12-31": "", "2008-09-30": "", "2008-06-30": "", "2008-03-31": "", "2007-12-31": "", "2007-09-30": "", "2007-06-30": "", "2007-03-31": "", "2006-12-31": "", "2006-09-30": "", "2006-06-30": "", "2006-03-31": "", "2005-12-31": "", "2005-09-30": "", "2005-06-30": "", "2005-03-31": ""}, "Total Long Term Liabilities": {"2020-12-31": "8192.00000", "2020-09-30": "8095.00000", "2020-06-30": "7781.00000", "2020-03-31": "7966.30000", "2019-12-31": "7662.30000", "2019-09-30": "7399.69900", "2019-06-30": "6948.50000", "2019-03-31": "1737.70000", "2018-12-31": "", "2018-09-30": "1711.60000", "2018-06-30": "", "2018-03-31": "1832.90000", "2017-12-31": "", "2017-09-30": "1897.10000", "2017-06-30": "1870.50000", "2017-03-31": "1891.50000", "2016-12-31": "", "2016-09-30": "1845.20000", "2016-06-30": "1882.40000", "2016-03-31": "1775.90000", "2015-12-31": "", "2015-09-30": "1639.20000", "2015-06-30": "1729.70000", "2015-03-31": "1733.00000", "2014-12-31": "", "2014-09-30": "1799.40000", "2014-06-30": "1841.80000", "2014-03-31": "1826.20000", "2013-12-31": "", "2013-09-30": "1843.50000", "2013-06-30": "1912.80000", "2013-03-31": "2032.60000", "2012-12-31": "", "2012-09-30": "1961.20000", "2012-06-30": "2026.00000", "2012-03-31": "2058.01600", "2011-12-31": "", "2011-09-30": "2003.11000", "2011-06-30": "1866.38700", "2011-03-31": "1828.34800", "2010-12-31": "", "2010-09-30": "1733.34100", "2010-06-30": "1817.72900", "2010-03-31": "1852.74500", "2009-12-31": "", "2009-09-30": "1653.03100", "2009-06-30": "910.20600", "2009-03-31": "952.85600", "2008-12-31": "", "2008-09-30": "1073.28100", "2008-06-30": "1083.23600", "2008-03-31": "1142.14600", "2007-12-31": "", "2007-09-30": "1159.95300", "2007-06-30": "1069.14500", "2007-03-31": "1067.88100", "2006-12-31": "", "2006-09-30": "1032.53600", "2006-06-30": "1093.71300", "2006-03-31": "1201.07300", "2005-12-31": "", "2005-09-30": "1158.56300", "2005-06-30": "1174.75900", "2005-03-31": "1189.86500"}, "Total Liabilities": {"2020-12-31": "11870.00000", "2020-09-30": "11721.00000", "2020-06-30": "11755.00000", "2020-03-31": "11618.20000", "2019-12-31": "11429.70000", "2019-09-30": "11239.30000", "2019-06-30": "11490.30000", "2019-03-31": "2399.60000", "2018-12-31": "", "2018-09-30": "2417.10000", "2018-06-30": "", "2018-03-31": "2515.60000", "2017-12-31": "", "2017-09-30": "2600.80000", "2017-06-30": "2565.60000", "2017-03-31": "2517.00000", "2016-12-31": "", "2016-09-30": "2470.10000", "2016-06-30": "2469.90000", "2016-03-31": "2340.70000", "2015-12-31": "", "2015-09-30": "2204.60000", "2015-06-30": "2232.10000", "2015-03-31": "2242.40000", "2014-12-31": "", "2014-09-30": "2425.80000", "2014-06-30": "2457.70000", "2014-03-31": "2471.20000", "2013-12-31": "", "2013-09-30": "2508.00000", "2013-06-30": "2553.10000", "2013-03-31": "2674.20000", "2012-12-31": "", "2012-09-30": "2659.30000", "2012-06-30": "2720.10000", "2012-03-31": "2746.17100", "2011-12-31": "", "2011-09-30": "2661.75600", "2011-06-30": "2563.82900", "2011-03-31": "2473.32800", "2010-12-31": "", "2010-09-30": "2415.16000", "2010-06-30": "2497.26000", "2010-03-31": "2529.45800", "2009-12-31": "", "2009-09-30": "2197.18700", "2009-06-30": "1398.12600", "2009-03-31": "1386.81400", "2008-12-31": "", "2008-09-30": "1647.05600", "2008-06-30": "1706.17200", "2008-03-31": "1678.16900", "2007-12-31": "", "2007-09-30": "1704.00700", "2007-06-30": "1601.51000", "2007-03-31": "1609.75500", "2006-12-31": "", "2006-09-30": "1601.84200", "2006-06-30": "1648.34900", "2006-03-31": "1713.99000", "2005-12-31": "", "2005-09-30": "1649.84600", "2005-06-30": "1607.73800", "2005-03-31": "1643.23100"}, "Common Stock Net": {"2020-12-31": "16.00000", "2020-09-30": "16.00000", "2020-06-30": "16.00000", "2020-03-31": "15.80000", "2019-12-31": "16.10000", "2019-09-30": "16.20000", "2019-06-30": "16.30000", "2019-03-31": "13.00000", "2018-12-31": "", "2018-09-30": "12.90000", "2018-06-30": "", "2018-03-31": "12.90000", "2017-12-31": "", "2017-09-30": "12.90000", "2017-06-30": "12.90000", "2017-03-31": "12.90000", "2016-12-31": "", "2016-09-30": "12.90000", "2016-06-30": "12.90000", "2016-03-31": "12.90000", "2015-12-31": "", "2015-09-30": "12.80000", "2015-06-30": "12.80000", "2015-03-31": "12.80000", "2014-12-31": "", "2014-09-30": "12.80000", "2014-06-30": "12.80000", "2014-03-31": "12.80000", "2013-12-31": "", "2013-09-30": "12.80000", "2013-06-30": "12.80000", "2013-03-31": "12.80000", "2012-12-31": "", "2012-09-30": "12.70000", "2012-06-30": "12.70000", "2012-03-31": "12.70500", "2011-12-31": "", "2011-09-30": "12.68800", "2011-06-30": "12.68600", "2011-03-31": "12.68300", "2010-12-31": "", "2010-09-30": "12.66200", "2010-06-30": "12.65500", "2010-03-31": "12.64800", "2009-12-31": "", "2009-09-30": "12.56200", "2009-06-30": "11.73600", "2009-03-31": "11.72900", "2008-12-31": "", "2008-09-30": "11.71000", "2008-06-30": "11.70700", "2008-03-31": "11.70500", "2007-12-31": "", "2007-09-30": "11.69400", "2007-06-30": "11.69300", "2007-03-31": "11.68600", "2006-12-31": "", "2006-09-30": "11.61100", "2006-06-30": "11.61100", "2006-03-31": "11.60900", "2005-12-31": "", "2005-09-30": "11.59700", "2005-06-30": "11.59700", "2005-03-31": "11.59600"}, "Retained Earnings (Accumulated Deficit)": {"2020-12-31": "293.00000", "2020-09-30": "258.00000", "2020-06-30": "246.00000", "2020-03-31": "254.70000", "2019-12-31": "254.40000", "2019-09-30": "252.30000", "2019-06-30": "323.70000", "2019-03-31": "2487.80000", "2018-12-31": "", "2018-09-30": "2391.10000", "2018-06-30": "", "2018-03-31": "2344.00000", "2017-12-31": "", "2017-09-30": "2393.00000", "2017-06-30": "2365.00000", "2017-03-31": "2364.80000", "2016-12-31": "", "2016-09-30": "2308.50000", "2016-06-30": "2267.50000", "2016-03-31": "2244.40000", "2015-12-31": "", "2015-09-30": "2186.60000", "2015-06-30": "2151.50000", "2015-03-31": "2113.40000", "2014-12-31": "", "2014-09-30": "2054.90000", "2014-06-30": "2065.00000", "2014-03-31": "2026.80000", "2013-12-31": "", "2013-09-30": "1975.90000", "2013-06-30": "1949.10000", "2013-03-31": "1923.30000", "2012-12-31": "", "2012-09-30": "1887.30000", "2012-06-30": "1866.20000", "2012-03-31": "1850.37100", "2011-12-31": "", "2011-09-30": "1835.50200", "2011-06-30": "1804.97500", "2011-03-31": "1776.65500", "2010-12-31": "", "2010-09-30": "1724.15800", "2010-06-30": "1688.56800", "2010-03-31": "1654.66600", "2009-12-31": "", "2009-09-30": "1648.73700", "2009-06-30": "1637.94700", "2009-03-31": "1612.66000", "2008-12-31": "", "2008-09-30": "1588.63900", "2008-06-30": "1567.03600", "2008-03-31": "1543.27800", "2007-12-31": "", "2007-09-30": "1503.57300", "2007-06-30": "1483.97100", "2007-03-31": "1457.44100", "2006-12-31": "", "2006-09-30": "1410.66900", "2006-06-30": "1383.21500", "2006-03-31": "1355.46600", "2005-12-31": "", "2005-09-30": "1311.64300", "2005-06-30": "1286.61000", "2005-03-31": "1264.66500"}, "Comprehensive Income": {"2020-12-31": "-884.00000", "2020-09-30": "-1019.00000", "2020-06-30": "-1049.00000", "2020-03-31": "-1057.90000", "2019-12-31": "-702.60000", "2019-09-30": "-773.50000", "2019-06-30": "-722.40000", "2019-03-31": "-521.60000", "2018-12-31": "", "2018-09-30": "-483.60000", "2018-06-30": "", "2018-03-31": "-375.90000", "2017-12-31": "", "2017-09-30": "-383.60000", "2017-06-30": "-417.50000", "2017-03-31": "-415.80000", "2016-12-31": "", "2016-09-30": "-435.10000", "2016-06-30": "-426.20000", "2016-03-31": "-462.80000", "2015-12-31": "", "2015-09-30": "-488.20000", "2015-06-30": "-371.60000", "2015-03-31": "-387.60000", "2014-12-31": "", "2014-09-30": "-162.70000", "2014-06-30": "-71.00000", "2014-03-31": "-87.40000", "2013-12-31": "", "2013-09-30": "-106.80000", "2013-06-30": "-171.10000", "2013-03-31": "-100.30000", "2012-12-31": "", "2012-09-30": "-117.90000", "2012-06-30": "-137.80000", "2012-03-31": "-48.44500", "2011-12-31": "", "2011-09-30": "9.10600", "2011-06-30": "162.66400", "2011-03-31": "126.46200", "2010-12-31": "", "2010-09-30": "93.19300", "2010-06-30": "25.17000", "2010-03-31": "50.79200", "2009-12-31": "", "2009-09-30": "39.63000", "2009-06-30": "-15.89500", "2009-03-31": "-122.02900", "2008-12-31": "", "2008-09-30": "110.56900", "2008-06-30": "258.16500", "2008-03-31": "199.69600", "2007-12-31": "", "2007-09-30": "132.00300", "2007-06-30": "88.18000", "2007-03-31": "48.91000", "2006-12-31": "", "2006-09-30": "75.84000", "2006-06-30": "76.64500", "2006-03-31": "64.29200", "2005-12-31": "", "2005-09-30": "67.02300", "2005-06-30": "49.16000", "2005-03-31": "29.85500"}, "Other Share Holders Equity": {"2020-12-31": "", "2020-09-30": "", "2020-06-30": "", "2020-03-31": "", "2019-12-31": "", "2019-09-30": "", "2019-06-30": "", "2019-03-31": "", "2018-12-31": "", "2018-09-30": "", "2018-06-30": "", "2018-03-31": "", "2017-12-31": "", "2017-09-30": "", "2017-06-30": "", "2017-03-31": "", "2016-12-31": "", "2016-09-30": "", "2016-06-30": "", "2016-03-31": "", "2015-12-31": "", "2015-09-30": "", "2015-06-30": "", "2015-03-31": "", "2014-12-31": "", "2014-09-30": "", "2014-06-30": "", "2014-03-31": "", "2013-12-31": "", "2013-09-30": "", "2013-06-30": "", "2013-03-31": "", "2012-12-31": "", "2012-09-30": "", "2012-06-30": "", "2012-03-31": "", "2011-12-31": "", "2011-09-30": "", "2011-06-30": "", "2011-03-31": "", "2010-12-31": "", "2010-09-30": "", "2010-06-30": "", "2010-03-31": "", "2009-12-31": "", "2009-09-30": "", "2009-06-30": "", "2009-03-31": "", "2008-12-31": "", "2008-09-30": "", "2008-06-30": "", "2008-03-31": "", "2007-12-31": "", "2007-09-30": "", "2007-06-30": "", "2007-03-31": "", "2006-12-31": "", "2006-09-30": "", "2006-06-30": "", "2006-03-31": "", "2005-12-31": "", "2005-09-30": "", "2005-06-30": "", "2005-03-31": ""}, "Share Holder Equity": {"2020-12-31": "4848.00000", "2020-09-30": "4744.00000", "2020-06-30": "4687.00000", "2020-03-31": "4802.80000", "2019-12-31": "5402.90000", "2019-09-30": "5491.40000", "2019-06-30": "5674.70000", "2019-03-31": "1248.20000", "2018-12-31": "", "2018-09-30": "1187.30000", "2018-06-30": "", "2018-03-31": "1238.20000", "2017-12-31": "", "2017-09-30": "1275.90000", "2017-06-30": "1264.70000", "2017-03-31": "1261.80000", "2016-12-31": "", "2016-09-30": "1283.00000", "2016-06-30": "1297.40000", "2016-03-31": "1232.40000", "2015-12-31": "", "2015-09-30": "1243.30000", "2015-06-30": "1341.70000", "2015-03-31": "1328.30000", "2014-12-31": "", "2014-09-30": "1595.00000", "2014-06-30": "1695.30000", "2014-03-31": "1677.00000", "2013-12-31": "", "2013-09-30": "1687.40000", "2013-06-30": "1592.40000", "2013-03-31": "1631.20000", "2012-12-31": "", "2012-09-30": "1617.60000", "2012-06-30": "1575.20000", "2012-03-31": "1644.94600", "2011-12-31": "", "2011-09-30": "1682.46400", "2011-06-30": "1939.46100", "2011-03-31": "1936.75500", "2010-12-31": "", "2010-09-30": "1911.78300", "2010-06-30": "1829.32400", "2010-03-31": "1814.56200", "2009-12-31": "", "2009-09-30": "1813.39400", "2009-06-30": "1533.34200", "2009-03-31": "1389.96300", "2008-12-31": "", "2008-09-30": "1553.63200", "2008-06-30": "1674.66700", "2008-03-31": "1587.65400", "2007-12-31": "", "2007-09-30": "1495.43800", "2007-06-30": "1544.91500", "2007-03-31": "1479.45500", "2006-12-31": "", "2006-09-30": "1493.40000", "2006-06-30": "1463.44900", "2006-03-31": "1382.51400", "2005-12-31": "", "2005-09-30": "1357.70600", "2005-06-30": "1364.22500", "2005-03-31": "1322.84700"}, "Total Liabilities And Share Holders Equity": {"2020-12-31": "16718.00000", "2020-09-30": "16465.00000", "2020-06-30": "16442.00000", "2020-03-31": "16421.00000", "2019-12-31": "16832.60000", "2019-09-30": "16730.70000", "2019-06-30": "17165.00000", "2019-03-31": "3647.80000", "2018-12-31": "", "2018-09-30": "3604.40000", "2018-06-30": "", "2018-03-31": "3753.80000", "2017-12-31": "", "2017-09-30": "3876.70000", "2017-06-30": "3830.30000", "2017-03-31": "3778.80000", "2016-12-31": "", "2016-09-30": "3753.10000", "2016-06-30": "3767.30000", "2016-03-31": "3573.10000", "2015-12-31": "", "2015-09-30": "3447.90000", "2015-06-30": "3573.80000", "2015-03-31": "3570.70000", "2014-12-31": "", "2014-09-30": "4020.80000", "2014-06-30": "4153.00000", "2014-03-31": "4148.20000", "2013-12-31": "", "2013-09-30": "4195.40000", "2013-06-30": "4145.50000", "2013-03-31": "4305.40000", "2012-12-31": "", "2012-09-30": "4276.90000", "2012-06-30": "4295.30000", "2012-03-31": "4391.11700", "2011-12-31": "", "2011-09-30": "4344.22000", "2011-06-30": "4503.29000", "2011-03-31": "4410.08300", "2010-12-31": "", "2010-09-30": "4326.94300", "2010-06-30": "4326.58400", "2010-03-31": "4344.02000", "2009-12-31": "", "2009-09-30": "4010.58100", "2009-06-30": "2931.46800", "2009-03-31": "2776.77700", "2008-12-31": "", "2008-09-30": "3200.68800", "2008-06-30": "3380.83900", "2008-03-31": "3265.82300", "2007-12-31": "", "2007-09-30": "3199.44500", "2007-06-30": "3146.42500", "2007-03-31": "3089.21000", "2006-12-31": "", "2006-09-30": "3095.24200", "2006-06-30": "3111.79800", "2006-03-31": "3096.50400", "2005-12-31": "", "2005-09-30": "3007.55200", "2005-06-30": "2971.96300", "2005-03-31": "2966.07800"}}, "cash flow statement": {"Net Income/Loss": {"2020-06-30": "616.60000", "2019-06-30": "437.40000", "2018-12-31": "225.70000", "2018-06-30": "586.60000", "2017-12-31": "94.00000", "2017-06-30": "581.00000", "2016-12-31": "236.20000", "2015-12-31": "239.30000", "2014-12-31": "191.10000", "2013-12-31": "212.60000", "2012-12-31": "173.80000", "2011-12-31": "187.30000", "2010-12-31": "211.50000", "2009-12-31": "152.51000", "2008-12-31": "172.22500", "2007-12-31": "185.30500", "2006-12-31": "176.29600", "2005-12-31": "162.52900"}, "Total Depreciation And Amortization - Cash Flow": {"2020-06-30": "659.70000", "2019-06-30": "451.80000", "2018-12-31": "167.60000", "2018-06-30": "357.80000", "2017-12-31": "366.40000", "2017-06-30": "377.30000", "2016-12-31": "162.10000", "2015-12-31": "158.10000", "2014-12-31": "180.60000", "2013-12-31": "190.30000", "2012-12-31": "204.30000", "2011-12-31": "220.30000", "2010-12-31": "209.70000", "2009-12-31": "159.27400", "2008-12-31": "162.00400", "2007-12-31": "158.54600", "2006-12-31": "152.37500", "2005-12-31": "150.77900"}, "Other Non-Cash Items": {"2020-06-30": "-31.70000", "2019-06-30": "-119.80000", "2018-12-31": "45.40000", "2018-06-30": "49.50000", "2017-12-31": "-110.10000", "2017-06-30": "1.60000", "2016-12-31": "40.20000", "2015-12-31": "31.80000", "2014-12-31": "44.30000", "2013-12-31": "-1.70000", "2012-12-31": "64.00000", "2011-12-31": "78.50000", "2010-12-31": "21.20000", "2009-12-31": "20.15500", "2008-12-31": "33.56300", "2007-12-31": "16.37400", "2006-12-31": "20.38700", "2005-12-31": "20.05900"}, "Total Non-Cash Items": {"2020-06-30": "627.99990", "2019-06-30": "332.00000", "2018-12-31": "213.00000", "2018-06-30": "407.30000", "2017-12-31": "256.30000", "2017-06-30": "378.90000", "2016-12-31": "202.30000", "2015-12-31": "189.90000", "2014-12-31": "224.90000", "2013-12-31": "188.60000", "2012-12-31": "268.30000", "2011-12-31": "298.80000", "2010-12-31": "230.90000", "2009-12-31": "179.42900", "2008-12-31": "195.56700", "2007-12-31": "174.92000", "2006-12-31": "172.76200", "2005-12-31": "170.83800"}, "Change In Accounts Receivable": {"2020-06-30": "133.30000", "2019-06-30": "-83.70000", "2018-12-31": "-26.40000", "2018-06-30": "0.70000", "2017-12-31": "17.30000", "2017-06-30": "-13.20000", "2016-12-31": "7.50000", "2015-12-31": "-3.30000", "2014-12-31": "-63.90000", "2013-12-31": "0.70000", "2012-12-31": "9.40000", "2011-12-31": "-44.70000", "2010-12-31": "-18.50000", "2009-12-31": "16.70400", "2008-12-31": "-25.01500", "2007-12-31": "32.00700", "2006-12-31": "9.70900", "2005-12-31": "-13.40400"}, "Change In Inventories": {"2020-06-30": "25.60000", "2019-06-30": "3.20000", "2018-12-31": "-19.10000", "2018-06-30": "-95.00000", "2017-12-31": "-64.10000", "2017-06-30": "-48.10000", "2016-12-31": "-7.50000", "2015-12-31": "16.00000", "2014-12-31": "-48.00000", "2013-12-31": "-0.40000", "2012-12-31": "-20.40000", "2011-12-31": "15.40000", "2010-12-31": "-92.10000", "2009-12-31": "67.50800", "2008-12-31": "8.58400", "2007-12-31": "11.70500", "2006-12-31": "-31.38700", "2005-12-31": "-0.78300"}, "Change In Accounts Payable": {"2020-06-30": "-48.10000", "2019-06-30": "120.50000", "2018-12-31": "60.10000", "2018-06-30": "137.00000", "2017-12-31": "90.80000", "2017-06-30": "137.50000", "2016-12-31": "37.80000", "2015-12-31": "77.50000", "2014-12-31": "-7.60000", "2013-12-31": "-9.60000", "2012-12-31": "-28.40000", "2011-12-31": "-7.60000", "2010-12-31": "42.90000", "2009-12-31": "15.03400", "2008-12-31": "-26.71700", "2007-12-31": "-21.67200", "2006-12-31": "36.72000", "2005-12-31": "-8.96700"}, "Change In Assets/Liabilities": {"2020-06-30": "-52.50000", "2019-06-30": "-0.90000", "2018-12-31": "-20.70000", "2018-06-30": "-111.30000", "2017-12-31": "-7.70000", "2017-06-30": "-122.10000", "2016-12-31": "-22.60000", "2015-12-31": "7.10000", "2014-12-31": "-52.20000", "2013-12-31": "-11.20000", "2012-12-31": "-4.80000", "2011-12-31": "-24.00000", "2010-12-31": "-12.00000", "2009-12-31": "8.68700", "2008-12-31": "-28.83700", "2007-12-31": "44.50100", "2006-12-31": "-28.66700", "2005-12-31": "-28.05400"}, "Total Change In Assets/Liabilities": {"2020-06-30": "139.60000", "2019-06-30": "6.70000", "2018-12-31": "22.80000", "2018-06-30": "-122.50000", "2017-12-31": "28.70000", "2017-06-30": "-51.00000", "2016-12-31": "-1.10000", "2015-12-31": "123.20000", "2014-12-31": "-167.90000", "2013-12-31": "-28.00000", "2012-12-31": "-20.80000", "2011-12-31": "-65.20000", "2010-12-31": "-74.40000", "2009-12-31": "143.87400", "2008-12-31": "-74.24200", "2007-12-31": "46.00300", "2006-12-31": "-0.09900", "2005-12-31": "-52.95000"}, "Cash Flow From Operating Activities": {"2020-06-30": "1384.20000", "2019-06-30": "776.10000", "2018-12-31": "461.50000", "2018-06-30": "871.40000", "2017-12-31": "379.00000", "2017-06-30": "908.90000", "2016-12-31": "437.40000", "2015-12-31": "552.40000", "2014-12-31": "248.10000", "2013-12-31": "373.20000", "2012-12-31": "421.30000", "2011-12-31": "420.90000", "2010-12-31": "368.00000", "2009-12-31": "475.81300", "2008-12-31": "293.55000", "2007-12-31": "406.22800", "2006-12-31": "348.95900", "2005-12-31": "280.41700"}, "Net Change In Property, Plant, And Equipment": {"2020-06-30": "-386.80000", "2019-06-30": "-247.50000", "2018-12-31": "-139.90000", "2018-06-30": "-228.00000", "2017-12-31": "-174.00000", "2017-06-30": "-296.40000", "2016-12-31": "-196.70000", "2015-12-31": "-209.80000", "2014-12-31": "-175.10000", "2013-12-31": "-126.10000", "2012-12-31": "-131.70000", "2011-12-31": "-131.30000", "2010-12-31": "-110.90000", "2009-12-31": "-78.23300", "2008-12-31": "-118.08400", "2007-12-31": "-171.44700", "2006-12-31": "-157.46400", "2005-12-31": "-185.06500"}, "Net Change In Intangible Assets": {"2020-06-30": "", "2019-06-30": "", "2018-12-31": "", "2018-06-30": "", "2017-12-31": "", "2017-06-30": "", "2016-12-31": "", "2015-12-31": "", "2014-12-31": "", "2013-12-31": "", "2012-12-31": "", "2011-12-31": "", "2010-12-31": "", "2009-12-31": "", "2008-12-31": "", "2007-12-31": "", "2006-12-31": "", "2005-12-31": ""}, "Net Acquisitions/Divestitures": {"2020-06-30": "424.90000", "2019-06-30": "258.20000", "2018-12-31": "", "2018-06-30": "", "2017-12-31": "-3.90000", "2017-06-30": "-335.60000", "2016-12-31": "-114.50000", "2015-12-31": "-52.80000", "2014-12-31": "215.60000", "2013-12-31": "-29.70000", "2012-12-31": "-19.10000", "2011-12-31": "-152.80000", "2010-12-31": "-1104.50000", "2009-12-31": "-30.34300", "2008-12-31": "", "2007-12-31": "", "2006-12-31": "-10.80000", "2005-12-31": "-237.99200"}, "Net Change In Short-term Investments": {"2020-06-30": "", "2019-06-30": "", "2018-12-31": "", "2018-06-30": "", "2017-12-31": "", "2017-06-30": "", "2016-12-31": "", "2015-12-31": "", "2014-12-31": "", "2013-12-31": "", "2012-12-31": "", "2011-12-31": "", "2010-12-31": "", "2009-12-31": "", "2008-12-31": "", "2007-12-31": "", "2006-12-31": "", "2005-12-31": ""}, "Net Change In Long-Term Investments": {"2020-06-30": "", "2019-06-30": "", "2018-12-31": "", "2018-06-30": "", "2017-12-31": "", "2017-06-30": "", "2016-12-31": "", "2015-12-31": "", "2014-12-31": "", "2013-12-31": "", "2012-12-31": "", "2011-12-31": "", "2010-12-31": "", "2009-12-31": "", "2008-12-31": "", "2007-12-31": "", "2006-12-31": "", "2005-12-31": ""}, "Net Change In Investments - Total": {"2020-06-30": "", "2019-06-30": "", "2018-12-31": "", "2018-06-30": "", "2017-12-31": "", "2017-06-30": "", "2016-12-31": "", "2015-12-31": "", "2014-12-31": "", "2013-12-31": "", "2012-12-31": "", "2011-12-31": "", "2010-12-31": "", "2009-12-31": "", "2008-12-31": "", "2007-12-31": "", "2006-12-31": "", "2005-12-31": ""}, "Investing Activities - Other": {"2020-06-30": "-0.20000", "2019-06-30": "-0.50000", "2018-12-31": "", "2018-06-30": "-13.90000", "2017-12-31": "", "2017-06-30": "", "2016-12-31": "", "2015-12-31": "", "2014-12-31": "", "2013-12-31": "", "2012-12-31": "", "2011-12-31": "", "2010-12-31": "", "2009-12-31": "", "2008-12-31": "", "2007-12-31": "3.63900", "2006-12-31": "2.11600", "2005-12-31": "2.98500"}, "Cash Flow From Investing Activities": {"2020-06-30": "37.90000", "2019-06-30": "10.20000", "2018-12-31": "-139.90000", "2018-06-30": "-241.90000", "2017-12-31": "-177.90000", "2017-06-30": "-632.00000", "2016-12-31": "-311.20000", "2015-12-31": "-262.60000", "2014-12-31": "40.50000", "2013-12-31": "-155.80000", "2012-12-31": "-150.80000", "2011-12-31": "-284.10000", "2010-12-31": "-1215.40000", "2009-12-31": "-108.57600", "2008-12-31": "-118.08400", "2007-12-31": "-167.80800", "2006-12-31": "-166.14800", "2005-12-31": "-420.07200"}, "Net Long-Term Debt": {"2020-06-30": "-1033.30000", "2019-06-30": "118.70000", "2018-12-31": "-4.20000", "2018-06-30": "-140.90000", "2017-12-31": "2.20000", "2017-06-30": "212.70000", "2016-12-31": "275.20000", "2015-12-31": "1.10000", "2014-12-31": "-200.80000", "2013-12-31": "-7.40000", "2012-12-31": "-321.70000", "2011-12-31": "389.10000", "2010-12-31": "-33.70000", "2009-12-31": "798.93400", "2008-12-31": "-250.99300", "2007-12-31": "-35.48500", "2006-12-31": "-41.85900", "2005-12-31": "290.36500"}, "Net Current Debt": {"2020-06-30": "1156.30000", "2019-06-30": "-178.40000", "2018-12-31": "-194.30000", "2018-06-30": "171.70000", "2017-12-31": "14.00000", "2017-06-30": "114.00000", "2016-12-31": "-118.10000", "2015-12-31": "2.60000", "2014-12-31": "97.90000", "2013-12-31": "20.80000", "2012-12-31": "164.90000", "2011-12-31": "-112.80000", "2010-12-31": "54.80000", "2009-12-31": "-251.18900", "2008-12-31": "106.33900", "2007-12-31": "70.82300", "2006-12-31": "-23.89000", "2005-12-31": "-15.56700"}, "Debt Issuance/Retirement Net - Total": {"2020-06-30": "122.99960", "2019-06-30": "-59.70000", "2018-12-31": "-198.50000", "2018-06-30": "30.80000", "2017-12-31": "16.20000", "2017-06-30": "326.70000", "2016-12-31": "157.10000", "2015-12-31": "3.70000", "2014-12-31": "-102.90000", "2013-12-31": "13.40000", "2012-12-31": "-156.80000", "2011-12-31": "276.30000", "2010-12-31": "21.10000", "2009-12-31": "547.74500", "2008-12-31": "-144.65400", "2007-12-31": "35.33800", "2006-12-31": "-65.74900", "2005-12-31": "274.79800"}, "Net Common Equity Issued/Repurchased": {"2020-06-30": "-602.60000", "2019-06-30": "-0.90000", "2018-12-31": "", "2018-06-30": "-7.60000", "2017-12-31": "-103.80000", "2017-06-30": "-16.40000", "2016-12-31": "-143.90000", "2015-12-31": "-150.10000", "2014-12-31": "-152.10000", "2013-12-31": "-77.30000", "2012-12-31": "", "2011-12-31": "-250.80000", "2010-12-31": "-61.60000", "2009-12-31": "202.80900", "2008-12-31": "-28.96700", "2007-12-31": "-168.69800", "2006-12-31": "-17.75300", "2005-12-31": "-48.10300"}, "Net Total Equity Issued/Repurchased": {"2020-06-30": "-602.60000", "2019-06-30": "-0.90000", "2018-12-31": "", "2018-06-30": "-7.60000", "2017-12-31": "-103.80000", "2017-06-30": "-16.40000", "2016-12-31": "-143.90000", "2015-12-31": "-150.10000", "2014-12-31": "-152.10000", "2013-12-31": "-77.30000", "2012-12-31": "", "2011-12-31": "-250.80000", "2010-12-31": "-61.60000", "2009-12-31": "202.80900", "2008-12-31": "-28.96700", "2007-12-31": "-168.69800", "2006-12-31": "-17.75300", "2005-12-31": "-48.10300"}, "Total Common And Preferred Stock Dividends Paid": {"2020-06-30": "-761.10000", "2019-06-30": "-679.70000", "2018-12-31": "-113.80000", "2018-06-30": "-526.80000", "2017-12-31": "-111.20000", "2017-06-30": "-489.10000", "2016-12-31": "-113.90000", "2015-12-31": "-109.70000", "2014-12-31": "-108.40000", "2013-12-31": "-107.50000", "2012-12-31": "-104.30000", "2011-12-31": "-101.90000", "2010-12-31": "-101.90000", "2009-12-31": "-96.59500", "2008-12-31": "-90.69500", "2007-12-31": "-89.80900", "2006-12-31": "-82.13900", "2005-12-31": "-76.63400"}, "Financial Activities - Other": {"2020-06-30": "4.30000", "2019-06-30": "-24.60000", "2018-12-31": "-5.80000", "2018-06-30": "-39.10000", "2017-12-31": "-8.50000", "2017-06-30": "-44.20000", "2016-12-31": "-9.70000", "2015-12-31": "-9.20000", "2014-12-31": "-7.40000", "2013-12-31": "-13.30000", "2012-12-31": "-4.60000", "2011-12-31": "-3.60000", "2010-12-31": "-11.00000", "2009-12-31": "-2.67700", "2008-12-31": "0.20900", "2007-12-31": "5.77300", "2006-12-31": "0.92600", "2005-12-31": ""}, "Cash Flow From Financial Activities": {"2020-06-30": "-1236.40000", "2019-06-30": "-764.90000", "2018-12-31": "-318.10000", "2018-06-30": "-542.70000", "2017-12-31": "-207.30000", "2017-06-30": "-223.00000", "2016-12-31": "-110.40000", "2015-12-31": "-265.30000", "2014-12-31": "-370.80000", "2013-12-31": "-184.70000", "2012-12-31": "-265.70000", "2011-12-31": "-80.00000", "2010-12-31": "-153.40000", "2009-12-31": "651.28200", "2008-12-31": "-264.10700", "2007-12-31": "-217.39600", "2006-12-31": "-164.71500", "2005-12-31": "150.06100"}, "Net Cash Flow": {"2020-06-30": "141.00000", "2019-06-30": "-19.20000", "2018-12-31": "5.00000", "2018-06-30": "59.30000", "2017-12-31": "-3.10000", "2017-06-30": "45.80000", "2016-12-31": "15.00000", "2015-12-31": "12.10000", "2014-12-31": "-94.60000", "2013-12-31": "27.60000", "2012-12-31": "4.30000", "2011-12-31": "49.40000", "2010-12-31": "-1005.30000", "2009-12-31": "1022.23300", "2008-12-31": "-103.95500", "2007-12-31": "35.24900", "2006-12-31": "21.03500", "2005-12-31": "-2.77300"}, "Stock-Based Compensation": {"2020-06-30": "34.00000", "2019-06-30": "18.60000", "2018-12-31": "19.60000", "2018-06-30": "21.00000", "2017-12-31": "17.40000", "2017-06-30": "26.50000", "2016-12-31": "18.10000", "2015-12-31": "18.40000", "2014-12-31": "12.40000", "2013-12-31": "16.40000", "2012-12-31": "17.60000", "2011-12-31": "16.30000", "2010-12-31": "18.40000", "2009-12-31": "19.02000", "2008-12-31": "18.05800", "2007-12-31": "16.84900", "2006-12-31": "11.69400", "2005-12-31": "14.19900"}, "Common Stock Dividends Paid": {"2020-06-30": "-761.10000", "2019-06-30": "-679.70000", "2018-12-31": "-113.80000", "2018-06-30": "-526.80000", "2017-12-31": "-111.20000", "2017-06-30": "-489.10000", "2016-12-31": "-113.90000", "2015-12-31": "-109.70000", "2014-12-31": "-108.40000", "2013-12-31": "-107.50000", "2012-12-31": "-104.30000", "2011-12-31": "-101.90000", "2010-12-31": "-101.90000", "2009-12-31": "-96.59500", "2008-12-31": "-90.69500", "2007-12-31": "-89.80900", "2006-12-31": "-82.13900", "2005-12-31": "-76.63400"}}, "cash flow statement, quarterly": {"Net Income/Loss": {"2020-12-31": 222, "2020-09-30": "200.00000", "2020-06-30": 177.2, "2020-03-31": 183.4, "2019-12-31": 188, "2019-09-30": "68.00000", "2019-06-30": 82.9, "2019-03-31": 354.5, "2018-12-31": -101.5, "2018-09-30": "101.50000", "2018-06-30": 46.7, "2018-03-31": 47.6, "2017-12-31": -134.7, "2017-09-30": "134.70000", "2017-06-30": 28, "2017-03-31": 51.1, "2016-12-31": -175.7, "2016-09-30": "175.70000", "2016-06-30": 50.9, "2016-03-31": 56.2, "2015-12-31": -182.5, "2015-09-30": "182.50000", "2015-06-30": 65.6, "2015-03-31": 54.4, "2014-12-31": -132, "2014-09-30": "132.00000", "2014-06-30": 65.8, "2014-03-31": 49.2, "2013-12-31": -156.4, "2013-09-30": "156.40000", "2013-06-30": 53.1, "2013-03-31": 49.3, "2012-12-31": -133.7, "2012-09-30": "133.70000", "2012-06-30": 42.3, "2012-03-31": 44, "2011-12-31": -164.6, "2011-09-30": "164.60000", "2011-06-30": 55.604, "2011-03-31": 52.796, "2010-12-31": -156.794, "2010-09-30": "156.79400", "2010-06-30": 61.577, "2010-03-31": 32.449, "2009-12-31": -125.481, "2009-09-30": "125.48100", "2009-06-30": 49.697, "2009-03-31": 37.348, "2008-12-31": -137.781, "2008-09-30": "137.78100", "2008-06-30": 49.241, "2008-03-31": 42.333, "2007-12-31": -138.821, "2007-09-30": "138.82100", "2007-06-30": 49.526, "2007-03-31": 48.256, "2006-12-31": -134.691, "2006-09-30": "134.69100", "2006-06-30": 48.907, "2006-03-31": 37.803, "2005-12-31": -117.628, "2005-09-30": "117.62800", "2005-06-30": 41.236, "2005-03-31": 32.224}, "Total Depreciation And Amortization - Cash Flow": {"2020-12-31": 145, "2020-09-30": "147.00000", "2020-06-30": 156, "2020-03-31": 168.7, "2019-12-31": 150, "2019-09-30": "185.00000", "2019-06-30": 183.2, "2019-03-31": 268.6, "2018-12-31": -85.6, "2018-09-30": "85.60000", "2018-06-30": 42.5, "2018-03-31": 43.2, "2017-12-31": -127.5, "2017-09-30": "127.50000", "2017-06-30": 43.2, "2017-03-31": 41.8, "2016-12-31": -121.4, "2016-09-30": "121.40000", "2016-06-30": 40.5, "2016-03-31": 40.8, "2015-12-31": -118.1, "2015-09-30": "118.10000", "2015-06-30": 40.4, "2015-03-31": 39.7, "2014-12-31": -139, "2014-09-30": "139.00000", "2014-06-30": 47.2, "2014-03-31": 47.6, "2013-12-31": -143.5, "2013-09-30": "143.50000", "2013-06-30": 47.8, "2013-03-31": 49.2, "2012-12-31": -157.2, "2012-09-30": "157.20000", "2012-06-30": 52, "2012-03-31": 55, "2011-12-31": -166.7, "2011-09-30": "166.70000", "2011-06-30": 56.507, "2011-03-31": 55.593, "2010-12-31": -156.177, "2010-09-30": "156.17700", "2010-06-30": 59.067, "2010-03-31": 42.717, "2009-12-31": -118.376, "2009-09-30": "118.37600", "2009-06-30": 39.775, "2009-03-31": 38.365, "2008-12-31": -124.476, "2008-09-30": "124.47600", "2008-06-30": 41.914, "2008-03-31": 41.838, "2007-12-31": -119.26, "2007-09-30": "119.26000", "2007-06-30": 39.449, "2007-03-31": 39.677, "2006-12-31": -118.075, "2006-09-30": "118.07500", "2006-06-30": 39.128, "2006-03-31": 38.864, "2005-12-31": -117.551, "2005-09-30": "117.55100", "2005-06-30": 39.29, "2005-03-31": 40.103}, "Other Non-Cash Items": {"2020-12-31": -1, "2020-09-30": "-18.00000", "2020-06-30": 0.2, "2020-03-31": 25.1, "2019-12-31": -63, "2019-09-30": "6.00000", "2019-06-30": -166.2, "2019-03-31": 46.4, "2018-12-31": -27.1, "2018-09-30": "27.10000", "2018-06-30": 8.7, "2018-03-31": 4.8, "2017-12-31": -20.9, "2017-09-30": "20.90000", "2017-06-30": 6.4, "2017-03-31": 8, "2016-12-31": -26.5, "2016-09-30": "26.50000", "2016-06-30": 8.6, "2016-03-31": 5.6, "2015-12-31": -7.1, "2015-09-30": "7.10000", "2015-06-30": 1.5, "2015-03-31": 5.3, "2014-12-31": -25.3, "2014-09-30": "25.30000", "2014-06-30": 1.9, "2014-03-31": -19.2, "2013-12-31": -28.1, "2013-09-30": "28.10000", "2013-06-30": 7.4, "2013-03-31": 8.2, "2012-12-31": -34.6, "2012-09-30": "34.60000", "2012-06-30": 18.1, "2012-03-31": 6.8, "2011-12-31": -29.7, "2011-09-30": "29.70000", "2011-06-30": 6.778, "2011-03-31": 10.622, "2010-12-31": -6.162, "2010-09-30": "6.16200", "2010-06-30": 5.341, "2010-03-31": 1.909, "2009-12-31": -23.515, "2009-09-30": "23.51500", "2009-06-30": 10.114, "2009-03-31": 7.151, "2008-12-31": -20.079, "2008-09-30": "20.07900", "2008-06-30": 4.253, "2008-03-31": 5.883, "2007-12-31": -18.723, "2007-09-30": "18.72300", "2007-06-30": 7.089, "2007-03-31": -1.403, "2006-12-31": -9.483, "2006-09-30": "9.48300", "2006-06-30": -7.393, "2006-03-31": 7.39, "2005-12-31": -26.434, "2005-09-30": "26.43400", "2005-06-30": 7.392, "2005-03-31": 8.829}, "Total Non-Cash Items": {"2020-12-31": 144, "2020-09-30": "129.00000", "2020-06-30": 156.1999, "2020-03-31": 193.8, "2019-12-31": 87, "2019-09-30": "191.00000", "2019-06-30": 17, "2019-03-31": 315, "2018-12-31": -112.7, "2018-09-30": "112.70000", "2018-06-30": 51.2, "2018-03-31": 48, "2017-12-31": -148.4, "2017-09-30": "148.40000", "2017-06-30": 49.6, "2017-03-31": 49.8, "2016-12-31": -147.9, "2016-09-30": "147.90000", "2016-06-30": 49.1, "2016-03-31": 46.4, "2015-12-31": -125.2, "2015-09-30": "125.20000", "2015-06-30": 41.9, "2015-03-31": 45, "2014-12-31": -164.3, "2014-09-30": "164.30000", "2014-06-30": 49.1, "2014-03-31": 28.4, "2013-12-31": -171.6, "2013-09-30": "171.60000", "2013-06-30": 55.2, "2013-03-31": 57.4, "2012-12-31": -191.8, "2012-09-30": "191.80000", "2012-06-30": 70.1, "2012-03-31": 61.8, "2011-12-31": -196.4, "2011-09-30": "196.40000", "2011-06-30": 63.285, "2011-03-31": 66.215, "2010-12-31": -162.339, "2010-09-30": "162.33900", "2010-06-30": 64.408, "2010-03-31": 44.626, "2009-12-31": -141.891, "2009-09-30": "141.89100", "2009-06-30": 49.889, "2009-03-31": 45.516, "2008-12-31": -144.555, "2008-09-30": "144.55500", "2008-06-30": 46.167, "2008-03-31": 47.721, "2007-12-31": -137.983, "2007-09-30": "137.98300", "2007-06-30": 46.538, "2007-03-31": 38.274, "2006-12-31": -127.558, "2006-09-30": "127.55800", "2006-06-30": 31.735, "2006-03-31": 46.254, "2005-12-31": -143.985, "2005-09-30": "143.98500", "2005-06-30": 46.682, "2005-03-31": 48.932}, "Change In Accounts Receivable": {"2020-12-31": 0, "2020-09-30": "", "2020-06-30": 133.3, "2020-03-31": 0, "2019-12-31": 0, "2019-09-30": "", "2019-06-30": -83.7, "2019-03-31": 0, "2018-12-31": 0, "2018-09-30": "", "2018-06-30": 0, "2018-03-31": 0, "2017-12-31": 0, "2017-09-30": "", "2017-06-30": 0, "2017-03-31": 0, "2016-12-31": 0, "2016-09-30": "", "2016-06-30": 0, "2016-03-31": 0, "2015-12-31": 0, "2015-09-30": "", "2015-06-30": 0, "2015-03-31": 0, "2014-12-31": 0, "2014-09-30": "", "2014-06-30": 0, "2014-03-31": 0, "2013-12-31": 0, "2013-09-30": "", "2013-06-30": 0, "2013-03-31": 0, "2012-12-31": 0, "2012-09-30": "", "2012-06-30": 0, "2012-03-31": 0, "2011-12-31": 0, "2011-09-30": "", "2011-06-30": 0, "2011-03-31": 0, "2010-12-31": 0, "2010-09-30": "", "2010-06-30": 0, "2010-03-31": 0, "2009-12-31": 0, "2009-09-30": "", "2009-06-30": 0, "2009-03-31": 0, "2008-12-31": 0, "2008-09-30": "", "2008-06-30": 0, "2008-03-31": 0, "2007-12-31": 0, "2007-09-30": "", "2007-06-30": 0, "2007-03-31": 0, "2006-12-31": 0, "2006-09-30": "", "2006-06-30": 0, "2006-03-31": 0, "2005-12-31": 0, "2005-09-30": "", "2005-06-30": 0, "2005-03-31": 0}, "Change In Inventories": {"2020-12-31": 0, "2020-09-30": "", "2020-06-30": 25.6, "2020-03-31": 0, "2019-12-31": 0, "2019-09-30": "", "2019-06-30": 3.2, "2019-03-31": 0, "2018-12-31": 0, "2018-09-30": "", "2018-06-30": 0, "2018-03-31": 0, "2017-12-31": 0, "2017-09-30": "", "2017-06-30": 0, "2017-03-31": 0, "2016-12-31": 0, "2016-09-30": "", "2016-06-30": 0, "2016-03-31": 0, "2015-12-31": 0, "2015-09-30": "", "2015-06-30": 0, "2015-03-31": 0, "2014-12-31": 0, "2014-09-30": "", "2014-06-30": 0, "2014-03-31": 0, "2013-12-31": 0, "2013-09-30": "", "2013-06-30": 0, "2013-03-31": 0, "2012-12-31": 0, "2012-09-30": "", "2012-06-30": 0, "2012-03-31": 0, "2011-12-31": 0, "2011-09-30": "", "2011-06-30": 0, "2011-03-31": 0, "2010-12-31": 0, "2010-09-30": "", "2010-06-30": 0, "2010-03-31": 0, "2009-12-31": 0, "2009-09-30": "", "2009-06-30": 0, "2009-03-31": 0, "2008-12-31": 0, "2008-09-30": "", "2008-06-30": 0, "2008-03-31": 0, "2007-12-31": 0, "2007-09-30": "", "2007-06-30": 0, "2007-03-31": 0, "2006-12-31": 0, "2006-09-30": "", "2006-06-30": 0, "2006-03-31": 0, "2005-12-31": 0, "2005-09-30": "", "2005-06-30": 0, "2005-03-31": 0}, "Change In Accounts Payable": {"2020-12-31": 0, "2020-09-30": "", "2020-06-30": -48.1, "2020-03-31": 0, "2019-12-31": 0, "2019-09-30": "", "2019-06-30": 120.5, "2019-03-31": 0, "2018-12-31": 0, "2018-09-30": "", "2018-06-30": 0, "2018-03-31": 0, "2017-12-31": 0, "2017-09-30": "", "2017-06-30": 0, "2017-03-31": 0, "2016-12-31": 0, "2016-09-30": "", "2016-06-30": 0, "2016-03-31": 0, "2015-12-31": 0, "2015-09-30": "", "2015-06-30": 0, "2015-03-31": 0, "2014-12-31": 0, "2014-09-30": "", "2014-06-30": 0, "2014-03-31": 0, "2013-12-31": 0, "2013-09-30": "", "2013-06-30": 0, "2013-03-31": 0, "2012-12-31": 0, "2012-09-30": "", "2012-06-30": 0, "2012-03-31": 0, "2011-12-31": 0, "2011-09-30": "", "2011-06-30": 0, "2011-03-31": 0, "2010-12-31": 0, "2010-09-30": "", "2010-06-30": 0, "2010-03-31": 0, "2009-12-31": 0, "2009-09-30": "", "2009-06-30": 0, "2009-03-31": 0, "2008-12-31": 0, "2008-09-30": "", "2008-06-30": 0, "2008-03-31": 0, "2007-12-31": 0, "2007-09-30": "", "2007-06-30": 0, "2007-03-31": 0, "2006-12-31": 0, "2006-09-30": "", "2006-06-30": 0, "2006-03-31": 0, "2005-12-31": 0, "2005-09-30": "", "2005-06-30": 0, "2005-03-31": 0}, "Change In Assets/Liabilities": {"2020-12-31": 186, "2020-09-30": "-439.00000", "2020-06-30": 388.4, "2020-03-31": -248.9, "2019-12-31": 156, "2019-09-30": "-348.00000", "2019-06-30": 547.2, "2019-03-31": -548.1, "2018-12-31": 520, "2018-09-30": "-520.00000", "2018-06-30": 8.6, "2018-03-31": -41.3, "2017-12-31": -16.4, "2017-09-30": "16.40000", "2017-06-30": 28.4, "2017-03-31": -6.4, "2016-12-31": -24.8, "2016-09-30": "24.80000", "2016-06-30": 0.4, "2016-03-31": -50, "2015-12-31": -104.3, "2015-09-30": "104.30000", "2015-06-30": 25.8, "2015-03-31": -14.2, "2014-12-31": 104.8, "2014-09-30": "-104.80000", "2014-06-30": -57, "2014-03-31": -65.1, "2013-12-31": 65.6, "2013-09-30": "-65.60000", "2013-06-30": -14.3, "2013-03-31": -98.3, "2012-12-31": 35.3, "2012-09-30": "-35.30000", "2012-06-30": -17.9, "2012-03-31": -57, "2011-12-31": 110.5, "2011-09-30": "-110.50000", "2011-06-30": -28.677, "2011-03-31": -127.323, "2010-12-31": 65.47, "2010-09-30": "-65.47000", "2010-06-30": -0.496, "2010-03-31": -73.852, "2009-12-31": -128.513, "2009-09-30": "128.51300", "2009-06-30": 19.36, "2009-03-31": 65.443, "2008-12-31": 75.796, "2008-09-30": "-75.79600", "2008-06-30": -23.058, "2008-03-31": -34.461, "2007-12-31": -15.7, "2007-09-30": "15.70000", "2007-06-30": 18.811, "2007-03-31": -13.421, "2006-12-31": -26.266, "2006-09-30": "26.26600", "2006-06-30": 38.463, "2006-03-31": -35.019, "2005-12-31": 7.923, "2005-09-30": "-7.92300", "2005-06-30": -8.099, "2005-03-31": -51.105}, "Total Change In Assets/Liabilities": {"2020-12-31": 186, "2020-09-30": "-439.00000", "2020-06-30": 580.5, "2020-03-31": -248.9, "2019-12-31": 156, "2019-09-30": "-348.00000", "2019-06-30": 554.8, "2019-03-31": -548.1, "2018-12-31": 520, "2018-09-30": "-520.00000", "2018-06-30": 8.6, "2018-03-31": -41.3, "2017-12-31": -16.4, "2017-09-30": "16.40000", "2017-06-30": 28.4, "2017-03-31": -6.4, "2016-12-31": -24.8, "2016-09-30": "24.80000", "2016-06-30": 0.4, "2016-03-31": -50, "2015-12-31": -104.3, "2015-09-30": "104.30000", "2015-06-30": 25.8, "2015-03-31": -14.2, "2014-12-31": 104.8, "2014-09-30": "-104.80000", "2014-06-30": -57, "2014-03-31": -65.1, "2013-12-31": 65.6, "2013-09-30": "-65.60000", "2013-06-30": -14.3, "2013-03-31": -98.3, "2012-12-31": 35.3, "2012-09-30": "-35.30000", "2012-06-30": -17.9, "2012-03-31": -57, "2011-12-31": 110.5, "2011-09-30": "-110.50000", "2011-06-30": -28.677, "2011-03-31": -127.323, "2010-12-31": 65.47, "2010-09-30": "-65.47000", "2010-06-30": -0.496, "2010-03-31": -73.852, "2009-12-31": -128.513, "2009-09-30": "128.51300", "2009-06-30": 19.36, "2009-03-31": 65.443, "2008-12-31": 75.796, "2008-09-30": "-75.79600", "2008-06-30": -23.058, "2008-03-31": -34.461, "2007-12-31": -15.7, "2007-09-30": "15.70000", "2007-06-30": 18.811, "2007-03-31": -13.421, "2006-12-31": -26.266, "2006-09-30": "26.26600", "2006-06-30": 38.463, "2006-03-31": -35.019, "2005-12-31": 7.923, "2005-09-30": "-7.92300", "2005-06-30": -8.099, "2005-03-31": -51.105}, "Cash Flow From Operating Activities": {"2020-12-31": 552, "2020-09-30": "-110.00000", "2020-06-30": 913.9, "2020-03-31": 128.3, "2019-12-31": 431, "2019-09-30": "-89.00000", "2019-06-30": 654.7, "2019-03-31": 121.4, "2018-12-31": 305.8, "2018-09-30": "-305.80000", "2018-06-30": 106.5, "2018-03-31": 54.3, "2017-12-31": -299.5, "2017-09-30": "299.50000", "2017-06-30": 106, "2017-03-31": 94.5, "2016-12-31": -348.4, "2016-09-30": "348.40000", "2016-06-30": 100.4, "2016-03-31": 52.6, "2015-12-31": -412, "2015-09-30": "412.00000", "2015-06-30": 133.3, "2015-03-31": 85.2, "2014-12-31": -191.5, "2014-09-30": "191.50000", "2014-06-30": 57.9, "2014-03-31": 12.5, "2013-12-31": -262.4, "2013-09-30": "262.40000", "2013-06-30": 94, "2013-03-31": 8.4, "2012-12-31": -290.2, "2012-09-30": "290.20000", "2012-06-30": 94.5, "2012-03-31": 48.8, "2011-12-31": -250.5, "2011-09-30": "250.50000", "2011-06-30": 90.212, "2011-03-31": -8.312, "2010-12-31": -253.663, "2010-09-30": "253.66300", "2010-06-30": 125.489, "2010-03-31": 3.223, "2009-12-31": -395.885, "2009-09-30": "395.88500", "2009-06-30": 118.946, "2009-03-31": 148.307, "2008-12-31": -206.54, "2008-09-30": "206.54000", "2008-06-30": 72.35, "2008-03-31": 55.593, "2007-12-31": -292.504, "2007-09-30": "292.50400", "2007-06-30": 114.875, "2007-03-31": 73.109, "2006-12-31": -288.515, "2006-09-30": "288.51500", "2006-06-30": 119.105, "2006-03-31": 49.038, "2005-12-31": -253.69, "2005-09-30": "253.69000", "2005-06-30": 79.819, "2005-03-31": 30.051}, "Net Change In Property, Plant, And Equipment": {"2020-12-31": -103, "2020-09-30": "-111.00000", "2020-06-30": -78.5, "2020-03-31": -104.3, "2019-12-31": -91, "2019-09-30": "-113.00000", "2019-06-30": -65.3, "2019-03-31": -182.2, "2018-12-31": 105, "2018-09-30": "-105.00000", "2018-06-30": -35.1, "2018-03-31": -46.1, "2017-12-31": 136.5, "2017-09-30": "-136.50000", "2017-06-30": -55.1, "2017-03-31": -41.6, "2016-12-31": 121.7, "2016-09-30": "-121.70000", "2016-06-30": -47.2, "2016-03-31": -30.5, "2015-12-31": 138.5, "2015-09-30": "-138.50000", "2015-06-30": -53.4, "2015-03-31": -35.5, "2014-12-31": 104.8, "2014-09-30": "-104.80000", "2014-06-30": -30.5, "2014-03-31": -31, "2013-12-31": 79.6, "2013-09-30": "-79.60000", "2013-06-30": -22.1, "2013-03-31": -26.9, "2012-12-31": 88.4, "2012-09-30": "-88.40000", "2012-06-30": -32.9, "2012-03-31": -22.4, "2011-12-31": 88.5, "2011-09-30": "-88.50000", "2011-06-30": -33.341, "2011-03-31": -27.259, "2010-12-31": 62.972, "2010-09-30": "-62.97200", "2010-06-30": -21.092, "2010-03-31": -17.345, "2009-12-31": 51.9, "2009-09-30": "-51.90000", "2009-06-30": -22.921, "2009-03-31": -21.978, "2008-12-31": 85.537, "2008-09-30": "-85.53700", "2008-06-30": -29.29, "2008-03-31": -28.103, "2007-12-31": 132.092, "2007-09-30": "-132.09200", "2007-06-30": -55.469, "2007-03-31": -39.959, "2006-12-31": 113.776, "2006-09-30": "-113.77600", "2006-06-30": -42.622, "2006-03-31": -36.79, "2005-12-31": 122.215, "2005-09-30": "-122.21500", "2005-06-30": -41.725, "2005-03-31": -43.266}, "Net Change In Intangible Assets": {"2020-12-31": 0, "2020-09-30": "", "2020-06-30": 0, "2020-03-31": 0, "2019-12-31": 0, "2019-09-30": "", "2019-06-30": 0, "2019-03-31": 0, "2018-12-31": 0, "2018-09-30": "", "2018-06-30": 0, "2018-03-31": 0, "2017-12-31": 0, "2017-09-30": "", "2017-06-30": 0, "2017-03-31": 0, "2016-12-31": 0, "2016-09-30": "", "2016-06-30": 0, "2016-03-31": 0, "2015-12-31": 0, "2015-09-30": "", "2015-06-30": 0, "2015-03-31": 0, "2014-12-31": 0, "2014-09-30": "", "2014-06-30": 0, "2014-03-31": 0, "2013-12-31": 0, "2013-09-30": "", "2013-06-30": 0, "2013-03-31": 0, "2012-12-31": 0, "2012-09-30": "", "2012-06-30": 0, "2012-03-31": 0, "2011-12-31": 0, "2011-09-30": "", "2011-06-30": 0, "2011-03-31": 0, "2010-12-31": 0, "2010-09-30": "", "2010-06-30": 0, "2010-03-31": 0, "2009-12-31": 0, "2009-09-30": "", "2009-06-30": 0, "2009-03-31": 0, "2008-12-31": 0, "2008-09-30": "", "2008-06-30": 0, "2008-03-31": 0, "2007-12-31": 0, "2007-09-30": "", "2007-06-30": 0, "2007-03-31": 0, "2006-12-31": 0, "2006-09-30": "", "2006-06-30": 0, "2006-03-31": 0, "2005-12-31": 0, "2005-09-30": "", "2005-06-30": 0, "2005-03-31": 0}, "Net Acquisitions/Divestitures": {"2020-12-31": 0, "2020-09-30": "138.00000", "2020-06-30": 0, "2020-03-31": 27.9, "2019-12-31": 0, "2019-09-30": "397.00000", "2019-06-30": 258.2, "2019-03-31": 0, "2018-12-31": 0, "2018-09-30": "", "2018-06-30": 0, "2018-03-31": 0, "2017-12-31": 3.9, "2017-09-30": "-3.90000", "2017-06-30": 0, "2017-03-31": 0, "2016-12-31": 114.5, "2016-09-30": "-114.50000", "2016-06-30": -107.3, "2016-03-31": 0, "2015-12-31": -13.6, "2015-09-30": "13.60000", "2015-06-30": 13.6, "2015-03-31": 0, "2014-12-31": -79.8, "2014-09-30": "79.80000", "2014-06-30": 0, "2014-03-31": 79.8, "2013-12-31": 25.9, "2013-09-30": "-25.90000", "2013-06-30": 30.4, "2013-03-31": 0.2, "2012-12-31": 19.1, "2012-09-30": "-19.10000", "2012-06-30": 0, "2012-03-31": 0, "2011-12-31": 102.7, "2011-09-30": "-102.70000", "2011-06-30": 0.026, "2011-03-31": -15.826, "2010-12-31": 1131.03, "2010-09-30": "-1131.03000", "2010-06-30": 0, "2010-03-31": -1222.111, "2009-12-31": 30.637, "2009-09-30": "-30.63700", "2009-06-30": -30.694, "2009-03-31": 0, "2008-12-31": 0, "2008-09-30": "", "2008-06-30": 0, "2008-03-31": 0, "2007-12-31": 0.097, "2007-09-30": "-0.09700", "2007-06-30": 0, "2007-03-31": -0.097, "2006-12-31": 10.8, "2006-09-30": "-10.80000", "2006-06-30": -10.8, "2006-03-31": 0, "2005-12-31": 237.079, "2005-09-30": "-237.07900", "2005-06-30": -7.864, "2005-03-31": -222.411}, "Net Change In Short-term Investments": {"2020-12-31": 0, "2020-09-30": "", "2020-06-30": 0, "2020-03-31": 0, "2019-12-31": 0, "2019-09-30": "", "2019-06-30": 0, "2019-03-31": 0, "2018-12-31": 0, "2018-09-30": "", "2018-06-30": 0, "2018-03-31": 0, "2017-12-31": 0, "2017-09-30": "", "2017-06-30": 0, "2017-03-31": 0, "2016-12-31": 0, "2016-09-30": "", "2016-06-30": 0, "2016-03-31": 0, "2015-12-31": 0, "2015-09-30": "", "2015-06-30": 0, "2015-03-31": 0, "2014-12-31": 0, "2014-09-30": "", "2014-06-30": 0, "2014-03-31": 0, "2013-12-31": 0, "2013-09-30": "", "2013-06-30": 0, "2013-03-31": 0, "2012-12-31": 0, "2012-09-30": "", "2012-06-30": 0, "2012-03-31": 0, "2011-12-31": 0, "2011-09-30": "", "2011-06-30": 0, "2011-03-31": 0, "2010-12-31": 0, "2010-09-30": "", "2010-06-30": 0, "2010-03-31": 0, "2009-12-31": 0, "2009-09-30": "", "2009-06-30": 0, "2009-03-31": 0, "2008-12-31": 0, "2008-09-30": "", "2008-06-30": 0, "2008-03-31": 0, "2007-12-31": 0, "2007-09-30": "", "2007-06-30": 0, "2007-03-31": 0, "2006-12-31": 0, "2006-09-30": "", "2006-06-30": 0, "2006-03-31": 0, "2005-12-31": 0, "2005-09-30": "", "2005-06-30": 0, "2005-03-31": 0}, "Net Change In Long-Term Investments": {"2020-12-31": 0, "2020-09-30": "", "2020-06-30": 0, "2020-03-31": 0, "2019-12-31": 0, "2019-09-30": "", "2019-06-30": 0, "2019-03-31": 0, "2018-12-31": 0, "2018-09-30": "", "2018-06-30": 0, "2018-03-31": 0, "2017-12-31": 0, "2017-09-30": "", "2017-06-30": 0, "2017-03-31": 0, "2016-12-31": 0, "2016-09-30": "", "2016-06-30": 0, "2016-03-31": 0, "2015-12-31": 0, "2015-09-30": "", "2015-06-30": 0, "2015-03-31": 0, "2014-12-31": 0, "2014-09-30": "", "2014-06-30": 0, "2014-03-31": 0, "2013-12-31": 0, "2013-09-30": "", "2013-06-30": 0, "2013-03-31": 0, "2012-12-31": 0, "2012-09-30": "", "2012-06-30": 0, "2012-03-31": 0, "2011-12-31": 0, "2011-09-30": "", "2011-06-30": 0, "2011-03-31": 0, "2010-12-31": 0, "2010-09-30": "", "2010-06-30": 0, "2010-03-31": 0, "2009-12-31": 0, "2009-09-30": "", "2009-06-30": 0, "2009-03-31": 0, "2008-12-31": 0, "2008-09-30": "", "2008-06-30": 0, "2008-03-31": 0, "2007-12-31": 0, "2007-09-30": "", "2007-06-30": 0, "2007-03-31": 0, "2006-12-31": 0, "2006-09-30": "", "2006-06-30": 0, "2006-03-31": 0, "2005-12-31": 0, "2005-09-30": "", "2005-06-30": 0, "2005-03-31": 0}, "Net Change In Investments - Total": {"2020-12-31": 0, "2020-09-30": "", "2020-06-30": 0, "2020-03-31": 0, "2019-12-31": 0, "2019-09-30": "", "2019-06-30": 0, "2019-03-31": 0, "2018-12-31": 0, "2018-09-30": "", "2018-06-30": 0, "2018-03-31": 0, "2017-12-31": 0, "2017-09-30": "", "2017-06-30": 0, "2017-03-31": 0, "2016-12-31": 0, "2016-09-30": "", "2016-06-30": 0, "2016-03-31": 0, "2015-12-31": 0, "2015-09-30": "", "2015-06-30": 0, "2015-03-31": 0, "2014-12-31": 0, "2014-09-30": "", "2014-06-30": 0, "2014-03-31": 0, "2013-12-31": 0, "2013-09-30": "", "2013-06-30": 0, "2013-03-31": 0, "2012-12-31": 0, "2012-09-30": "", "2012-06-30": 0, "2012-03-31": 0, "2011-12-31": 0, "2011-09-30": "", "2011-06-30": 0, "2011-03-31": 0, "2010-12-31": 0, "2010-09-30": "", "2010-06-30": 0, "2010-03-31": 0, "2009-12-31": 0, "2009-09-30": "", "2009-06-30": 0, "2009-03-31": 0, "2008-12-31": 0, "2008-09-30": "", "2008-06-30": 0, "2008-03-31": 0, "2007-12-31": 0, "2007-09-30": "", "2007-06-30": 0, "2007-03-31": 0, "2006-12-31": 0, "2006-09-30": "", "2006-06-30": 0, "2006-03-31": 0, "2005-12-31": 0, "2005-09-30": "", "2005-06-30": 0, "2005-03-31": 0}, "Investing Activities - Other": {"2020-12-31": 0, "2020-09-30": "", "2020-06-30": 0, "2020-03-31": -1.2, "2019-12-31": 1, "2019-09-30": "", "2019-06-30": 1.1, "2019-03-31": -1.6, "2018-12-31": 0.8, "2018-09-30": "-0.80000", "2018-06-30": 0, "2018-03-31": 0, "2017-12-31": 0, "2017-09-30": "", "2017-06-30": 0, "2017-03-31": 0, "2016-12-31": 0, "2016-09-30": "", "2016-06-30": 0, "2016-03-31": 0, "2015-12-31": 0, "2015-09-30": "", "2015-06-30": 0, "2015-03-31": 0, "2014-12-31": 0, "2014-09-30": "", "2014-06-30": 0, "2014-03-31": 0, "2013-12-31": 0, "2013-09-30": "", "2013-06-30": 0, "2013-03-31": 0, "2012-12-31": 0, "2012-09-30": "", "2012-06-30": 0, "2012-03-31": 0, "2011-12-31": 0, "2011-09-30": "", "2011-06-30": 0, "2011-03-31": 0, "2010-12-31": 0, "2010-09-30": "", "2010-06-30": 0, "2010-03-31": 0, "2009-12-31": 0, "2009-09-30": "", "2009-06-30": 0, "2009-03-31": 0, "2008-12-31": 0, "2008-09-30": "", "2008-06-30": 0, "2008-03-31": 0, "2007-12-31": 0, "2007-09-30": "", "2007-06-30": 7.611, "2007-03-31": 0, "2006-12-31": 0, "2006-09-30": "", "2006-06-30": 0, "2006-03-31": 0, "2005-12-31": -4.664, "2005-09-30": "4.66400", "2005-06-30": 0, "2005-03-31": 0}, "Cash Flow From Investing Activities": {"2020-12-31": -103, "2020-09-30": "27.00000", "2020-06-30": -78.5, "2020-03-31": -77.6, "2019-12-31": -90, "2019-09-30": "284.00000", "2019-06-30": 194, "2019-03-31": -183.8, "2018-12-31": 105.8, "2018-09-30": "-105.80000", "2018-06-30": -35.1, "2018-03-31": -46.1, "2017-12-31": 140.4, "2017-09-30": "-140.40000", "2017-06-30": -55.1, "2017-03-31": -41.6, "2016-12-31": 236.2, "2016-09-30": "-236.20000", "2016-06-30": -154.5, "2016-03-31": -30.5, "2015-12-31": 124.9, "2015-09-30": "-124.90000", "2015-06-30": -39.8, "2015-03-31": -35.5, "2014-12-31": 25, "2014-09-30": "-25.00000", "2014-06-30": -30.5, "2014-03-31": 48.8, "2013-12-31": 105.5, "2013-09-30": "-105.50000", "2013-06-30": 8.3, "2013-03-31": -26.7, "2012-12-31": 107.5, "2012-09-30": "-107.50000", "2012-06-30": -32.9, "2012-03-31": -22.4, "2011-12-31": 191.2, "2011-09-30": "-191.20000", "2011-06-30": -33.315, "2011-03-31": -43.085, "2010-12-31": 1194.002, "2010-09-30": "-1194.00200", "2010-06-30": -21.092, "2010-03-31": -1239.456, "2009-12-31": 82.537, "2009-09-30": "-82.53700", "2009-06-30": -53.615, "2009-03-31": -21.978, "2008-12-31": 85.537, "2008-09-30": "-85.53700", "2008-06-30": -29.29, "2008-03-31": -28.103, "2007-12-31": 132.189, "2007-09-30": "-132.18900", "2007-06-30": -47.858, "2007-03-31": -40.056, "2006-12-31": 124.576, "2006-09-30": "-124.57600", "2006-06-30": -53.422, "2006-03-31": -36.79, "2005-12-31": 354.63, "2005-09-30": "-354.63000", "2005-06-30": -49.589, "2005-03-31": -265.677}, "Net Long-Term Debt": {"2020-12-31": 0, "2020-09-30": "-122.00000", "2020-06-30": -140.0001, "2020-03-31": 1174.7001, "2019-12-31": -937, "2019-09-30": "-1131.00000", "2019-06-30": 202.9001, "2019-03-31": -84.2001, "2018-12-31": -174.5, "2018-09-30": "174.50000", "2018-06-30": -3, "2018-03-31": -0.3, "2017-12-31": -2.2, "2017-09-30": "2.20000", "2017-06-30": 2.6, "2017-03-31": -0.4, "2016-12-31": -273.2, "2016-09-30": "273.20000", "2016-06-30": -0.1, "2016-03-31": -23.4, "2015-12-31": -2, "2015-09-30": "2.00000", "2015-06-30": 2, "2015-03-31": 0, "2014-12-31": 200.4, "2014-09-30": "-200.40000", "2014-06-30": -0.2, "2014-03-31": 0, "2013-12-31": 0, "2013-09-30": "", "2013-06-30": 0, "2013-03-31": 0, "2012-12-31": 313.6, "2012-09-30": "-313.60000", "2012-06-30": -301.9, "2012-03-31": -1.1, "2011-12-31": -2.3, "2011-09-30": "2.30000", "2011-06-30": 2.691, "2011-03-31": -0.091, "2010-12-31": 37.994, "2010-09-30": "-37.99400", "2010-06-30": -7.21, "2010-03-31": -17.476, "2009-12-31": -789.59, "2009-09-30": "789.59000", "2009-06-30": 0.318, "2009-03-31": -2.095, "2008-12-31": 251.256, "2008-09-30": "-251.25600", "2008-06-30": 6.945, "2008-03-31": -8.898, "2007-12-31": 18.394, "2007-09-30": "-18.39400", "2007-06-30": -13.97, "2007-03-31": 8.167, "2006-12-31": 47.335, "2006-09-30": "-47.33500", "2006-06-30": -17.915, "2006-03-31": -9.801, "2005-12-31": -196.518, "2005-09-30": "196.51800", "2005-06-30": -3.462, "2005-03-31": 299.992}, "Net Current Debt": {"2020-12-31": -220, "2020-09-30": "380.00000", "2020-06-30": -204.9, "2020-03-31": -883.8, "2019-12-31": 1352, "2019-09-30": "893.00000", "2019-06-30": -583.9, "2019-03-31": 405.5, "2018-12-31": -22.7, "2018-09-30": "22.70000", "2018-06-30": -43.4, "2018-03-31": 12.6, "2017-12-31": -0.6, "2017-09-30": "0.60000", "2017-06-30": -22.5, "2017-03-31": 7.6, "2016-12-31": 173.9, "2016-09-30": "-173.90000", "2016-06-30": 92.7, "2016-03-31": 77.8, "2015-12-31": 51.8, "2015-09-30": "-51.80000", "2015-06-30": 11.1, "2015-03-31": 31.9, "2014-12-31": -210.2, "2014-09-30": "210.20000", "2014-06-30": 19.4, "2014-03-31": 18.4, "2013-12-31": -15.3, "2013-09-30": "15.30000", "2013-06-30": -69.6, "2013-03-31": 129.3, "2012-12-31": -227.6, "2012-09-30": "227.60000", "2012-06-30": 282.6, "2012-03-31": 5.5, "2011-12-31": -317, "2011-09-30": "317.00000", "2011-06-30": 57.511, "2011-03-31": 133.389, "2010-12-31": -151.32, "2010-09-30": "151.32000", "2010-06-30": -52.385, "2010-03-31": 290.147, "2009-12-31": 177.753, "2009-09-30": "-177.75300", "2009-06-30": -42.452, "2009-03-31": -67.336, "2008-12-31": -242.796, "2008-09-30": "242.79600", "2008-06-30": -21.266, "2008-03-31": 38.383, "2007-12-31": -130.524, "2007-09-30": "130.52400", "2007-06-30": -22.905, "2007-03-31": 54.55, "2006-12-31": 22.974, "2006-09-30": "-22.97400", "2006-06-30": -27.775, "2006-03-31": 56.116, "2005-12-31": -61.872, "2005-09-30": "61.87200", "2005-06-30": -21.887, "2005-03-31": -9.5}, "Debt Issuance/Retirement Net - Total": {"2020-12-31": -220, "2020-09-30": "258.00000", "2020-06-30": -344.9005, "2020-03-31": 290.9001, "2019-12-31": 415, "2019-09-30": "-238.00000", "2019-06-30": -380.9999, "2019-03-31": 321.2999, "2018-12-31": -197.2, "2018-09-30": "197.20000", "2018-06-30": -46.4, "2018-03-31": 12.3, "2017-12-31": -2.8, "2017-09-30": "2.80000", "2017-06-30": -19.9, "2017-03-31": 7.2, "2016-12-31": -99.3, "2016-09-30": "99.30000", "2016-06-30": 92.6, "2016-03-31": 54.4, "2015-12-31": 49.8, "2015-09-30": "-49.80000", "2015-06-30": 13.1, "2015-03-31": 31.9, "2014-12-31": -9.8, "2014-09-30": "9.80000", "2014-06-30": 19.2, "2014-03-31": 18.4, "2013-12-31": -15.3, "2013-09-30": "15.30000", "2013-06-30": -69.6, "2013-03-31": 129.3, "2012-12-31": 86, "2012-09-30": "-86.00000", "2012-06-30": -19.3, "2012-03-31": 4.4, "2011-12-31": -319.3, "2011-09-30": "319.30000", "2011-06-30": 60.202, "2011-03-31": 133.298, "2010-12-31": -113.326, "2010-09-30": "113.32600", "2010-06-30": -59.595, "2010-03-31": 272.671, "2009-12-31": -611.837, "2009-09-30": "611.83700", "2009-06-30": -42.134, "2009-03-31": -69.431, "2008-12-31": 8.46, "2008-09-30": "-8.46000", "2008-06-30": -14.321, "2008-03-31": 29.485, "2007-12-31": -112.13, "2007-09-30": "112.13000", "2007-06-30": -36.875, "2007-03-31": 62.717, "2006-12-31": 70.309, "2006-09-30": "-70.30900", "2006-06-30": -45.69, "2006-03-31": 46.315, "2005-12-31": -258.39, "2005-09-30": "258.39000", "2005-06-30": -25.349, "2005-03-31": 290.492}, "Net Common Equity Issued/Repurchased": {"2020-12-31": -72, "2020-09-30": "6.00000", "2020-06-30": -118.6, "2020-03-31": -251, "2019-12-31": -166, "2019-09-30": "-67.00000", "2019-06-30": -1.7, "2019-03-31": 0.8, "2018-12-31": 12.1, "2018-09-30": "-12.10000", "2018-06-30": 0, "2018-03-31": 0, "2017-12-31": 103.8, "2017-09-30": "-103.80000", "2017-06-30": 0, "2017-03-31": -48.9, "2016-12-31": 95.4, "2016-09-30": "-95.40000", "2016-06-30": 0, "2016-03-31": -44.3, "2015-12-31": 104.3, "2015-09-30": "-104.30000", "2015-06-30": -45.9, "2015-03-31": -37.5, "2014-12-31": 84.1, "2014-09-30": "-84.10000", "2014-06-30": -40.9, "2014-03-31": -43.2, "2013-12-31": 35.6, "2013-09-30": "-35.60000", "2013-06-30": 0, "2013-03-31": -35.6, "2012-12-31": 0, "2012-09-30": "", "2012-06-30": 0, "2012-03-31": 0, "2011-12-31": 250.8, "2011-09-30": "-250.80000", "2011-06-30": -65.318, "2011-03-31": -58.182, "2010-12-31": 45.104, "2010-09-30": "-45.10400", "2010-06-30": 0, "2010-03-31": 0, "2009-12-31": -202.808, "2009-09-30": "202.80800", "2009-06-30": 0, "2009-03-31": 0, "2008-12-31": 26.771, "2008-09-30": "-26.77100", "2008-06-30": 1.364, "2008-03-31": -28.135, "2007-12-31": 157.066, "2007-09-30": "-157.06600", "2007-06-30": -5.036, "2007-03-31": -34.15, "2006-12-31": 17.803, "2006-09-30": "-17.80300", "2006-06-30": 0, "2006-03-31": -17.804, "2005-12-31": 48.103, "2005-09-30": "-48.10300", "2005-06-30": 0, "2005-03-31": 1.316}, "Net Total Equity Issued/Repurchased": {"2020-12-31": -72, "2020-09-30": "6.00000", "2020-06-30": -118.6, "2020-03-31": -251, "2019-12-31": -166, "2019-09-30": "-67.00000", "2019-06-30": -1.7, "2019-03-31": 0.8, "2018-12-31": 12.1, "2018-09-30": "-12.10000", "2018-06-30": 0, "2018-03-31": 0, "2017-12-31": 103.8, "2017-09-30": "-103.80000", "2017-06-30": 0, "2017-03-31": -48.9, "2016-12-31": 95.4, "2016-09-30": "-95.40000", "2016-06-30": 0, "2016-03-31": -44.3, "2015-12-31": 104.3, "2015-09-30": "-104.30000", "2015-06-30": -45.9, "2015-03-31": -37.5, "2014-12-31": 84.1, "2014-09-30": "-84.10000", "2014-06-30": -40.9, "2014-03-31": -43.2, "2013-12-31": 35.6, "2013-09-30": "-35.60000", "2013-06-30": 0, "2013-03-31": -35.6, "2012-12-31": 0, "2012-09-30": "", "2012-06-30": 0, "2012-03-31": 0, "2011-12-31": 250.8, "2011-09-30": "-250.80000", "2011-06-30": -65.318, "2011-03-31": -58.182, "2010-12-31": 45.104, "2010-09-30": "-45.10400", "2010-06-30": 0, "2010-03-31": 0, "2009-12-31": -202.808, "2009-09-30": "202.80800", "2009-06-30": 0, "2009-03-31": 0, "2008-12-31": 26.771, "2008-09-30": "-26.77100", "2008-06-30": 1.364, "2008-03-31": -28.135, "2007-12-31": 157.066, "2007-09-30": "-157.06600", "2007-06-30": -5.036, "2007-03-31": -34.15, "2006-12-31": 17.803, "2006-09-30": "-17.80300", "2006-06-30": 0, "2006-03-31": -17.804, "2005-12-31": 48.103, "2005-09-30": "-48.10300", "2005-06-30": 0, "2005-03-31": 1.316}, "Total Common And Preferred Stock Dividends Paid": {"2020-12-31": -186, "2020-09-30": "-188.00000", "2020-06-30": -187.3, "2020-03-31": -182.8, "2019-12-31": -390, "2019-09-30": "-1.00000", "2019-06-30": -388.2, "2019-03-31": -291.5, "2018-12-31": 2.1, "2018-09-30": "-2.10000", "2018-06-30": -28.2, "2018-03-31": -29.2, "2017-12-31": 84, "2017-09-30": "-84.00000", "2017-06-30": -27.6, "2017-03-31": -29.1, "2016-12-31": 86.9, "2016-09-30": "-86.90000", "2016-06-30": -27.5, "2016-03-31": -32.1, "2015-12-31": 82.2, "2015-09-30": "-82.20000", "2015-06-30": -27.2, "2015-03-31": -28, "2014-12-31": 81.6, "2014-09-30": "-81.60000", "2014-06-30": -27.1, "2014-03-31": -27.5, "2013-12-31": 80.8, "2013-09-30": "-80.80000", "2013-06-30": -26.8, "2013-03-31": -27.2, "2012-12-31": 78.3, "2012-09-30": "-78.30000", "2012-06-30": -26.1, "2012-03-31": -26.1, "2011-12-31": 76.8, "2011-09-30": "-76.80000", "2011-06-30": -25.596, "2011-03-31": -26.104, "2010-12-31": 76.65, "2010-09-30": "-76.65000", "2010-06-30": -25.184, "2010-03-31": -25.921, "2009-12-31": 71.512, "2009-09-30": "-71.51200", "2009-06-30": -23.236, "2009-03-31": -23.226, "2008-12-31": 68.029, "2008-09-30": "-68.02900", "2008-06-30": -22.655, "2008-03-31": -22.714, "2007-12-31": 67.162, "2007-09-30": "-67.16200", "2007-06-30": -22.996, "2007-03-31": -22.729, "2006-12-31": 61.612, "2006-09-30": "-61.61200", "2006-06-30": -21.158, "2006-03-31": -19.927, "2005-12-31": 57.68, "2005-09-30": "-57.68000", "2005-06-30": -19.291, "2005-03-31": -19.254}, "Financial Activities - Other": {"2020-12-31": -7, "2020-09-30": "", "2020-06-30": 4.3, "2020-03-31": -5, "2019-12-31": 5, "2019-09-30": "", "2019-06-30": 3.6, "2019-03-31": -28.2, "2018-12-31": 28.7, "2018-09-30": "-28.70000", "2018-06-30": 0, "2018-03-31": -5.6, "2017-12-31": 8.5, "2017-09-30": "-8.50000", "2017-06-30": 0, "2017-03-31": -8.5, "2016-12-31": 10.2, "2016-09-30": "-10.20000", "2016-06-30": 0.1, "2016-03-31": -10.4, "2015-12-31": 6.7, "2015-09-30": "-6.70000", "2015-06-30": -4.4, "2015-03-31": -2.2, "2014-12-31": 7.5, "2014-09-30": "-7.50000", "2014-06-30": -6.4, "2014-03-31": -1.1, "2013-12-31": 13.5, "2013-09-30": "-13.50000", "2013-06-30": 0, "2013-03-31": -12.7, "2012-12-31": 4.8, "2012-09-30": "-4.80000", "2012-06-30": 0.1, "2012-03-31": -1.8, "2011-12-31": 2.8, "2011-09-30": "-2.80000", "2011-06-30": -3.231, "2011-03-31": 0.431, "2010-12-31": 11.093, "2010-09-30": "-11.09300", "2010-06-30": 1.551, "2010-03-31": -12.003, "2009-12-31": 2.458, "2009-09-30": "-2.45800", "2009-06-30": -0.412, "2009-03-31": -2.161, "2008-12-31": 1.263, "2008-09-30": "-1.26300", "2008-06-30": -1.368, "2008-03-31": 0.056, "2007-12-31": 8.972, "2007-09-30": "-8.97200", "2007-06-30": -1.21, "2007-03-31": -7.955, "2006-12-31": -0.915, "2006-09-30": "0.91500", "2006-06-30": 0.104, "2006-03-31": 0.811, "2005-12-31": 0, "2005-09-30": "", "2005-06-30": 0, "2005-03-31": 0}, "Cash Flow From Financial Activities": {"2020-12-31": -485, "2020-09-30": "76.00000", "2020-06-30": -646.5, "2020-03-31": -147.9, "2019-12-31": -136, "2019-09-30": "-306.00000", "2019-06-30": -767.3, "2019-03-31": 2.4, "2018-12-31": -154.3, "2018-09-30": "154.30000", "2018-06-30": -74.6, "2018-03-31": -22.5, "2017-12-31": 193.5, "2017-09-30": "-193.50000", "2017-06-30": -47.5, "2017-03-31": -79.3, "2016-12-31": 93.2, "2016-09-30": "-93.20000", "2016-06-30": 65.2, "2016-03-31": -32.4, "2015-12-31": 243, "2015-09-30": "-243.00000", "2015-06-30": -64.4, "2015-03-31": -35.8, "2014-12-31": 163.4, "2014-09-30": "-163.40000", "2014-06-30": -55.2, "2014-03-31": -53.4, "2013-12-31": 114.6, "2013-09-30": "-114.60000", "2013-06-30": -96.4, "2013-03-31": 53.8, "2012-12-31": 169.1, "2012-09-30": "-169.10000", "2012-06-30": -45.3, "2012-03-31": -23.5, "2011-12-31": 11.1, "2011-09-30": "-11.10000", "2011-06-30": -33.943, "2011-03-31": 49.443, "2010-12-31": 19.521, "2010-09-30": "-19.52100", "2010-06-30": -83.228, "2010-03-31": 234.747, "2009-12-31": -740.675, "2009-09-30": "740.67500", "2009-06-30": -65.782, "2009-03-31": -94.818, "2008-12-31": 104.523, "2008-09-30": "-104.52300", "2008-06-30": -36.98, "2008-03-31": -21.308, "2007-12-31": 121.07, "2007-09-30": "-121.07000", "2007-06-30": -66.117, "2007-03-31": -2.117, "2006-12-31": 148.809, "2006-09-30": "-148.80900", "2006-06-30": -66.744, "2006-03-31": 9.395, "2005-12-31": -152.607, "2005-09-30": "152.60700", "2005-06-30": -44.64, "2005-03-31": 272.554}, "Net Cash Flow": {"2020-12-31": -2, "2020-09-30": "14.00000", "2020-06-30": 204.8, "2020-03-31": -135.8, "2019-12-31": 194, "2019-09-30": "-122.00000", "2019-06-30": 52.9, "2019-03-31": -72.1, "2018-12-31": 266.6, "2018-09-30": "-266.60000", "2018-06-30": -8.7, "2018-03-31": -11.4, "2017-12-31": 29.5, "2017-09-30": "-29.50000", "2017-06-30": 4.2, "2017-03-31": -23.4, "2016-12-31": -19.9, "2016-09-30": "19.90000", "2016-06-30": 11.7, "2016-03-31": -9.1, "2015-12-31": -31.5, "2015-09-30": "31.50000", "2015-06-30": 27.5, "2015-03-31": 13.2, "2014-12-31": 15.6, "2014-09-30": "-15.60000", "2014-06-30": -25, "2014-03-31": 10.5, "2013-12-31": -41.5, "2013-09-30": "41.50000", "2013-06-30": -2.5, "2013-03-31": 38.6, "2012-12-31": -13.5, "2012-09-30": "13.50000", "2012-06-30": 14.2, "2012-03-31": 3.2, "2011-12-31": -37.5, "2011-09-30": "37.50000", "2011-06-30": 16.639, "2011-03-31": -4.339, "2010-12-31": 973.189, "2010-09-30": "-973.18900", "2010-06-30": 16.444, "2010-03-31": -1001.845, "2009-12-31": -1060.558, "2009-09-30": "1060.55800", "2009-06-30": 6.866, "2009-03-31": 29.742, "2008-12-31": -1.515, "2008-09-30": "1.51500", "2008-06-30": 13.817, "2008-03-31": 9.787, "2007-12-31": -53.321, "2007-09-30": "53.32100", "2007-06-30": 10.468, "2007-03-31": 30.688, "2006-12-31": -14.302, "2006-09-30": "14.30200", "2006-06-30": -4.537, "2006-03-31": 23.857, "2005-12-31": -56.781, "2005-09-30": "56.78100", "2005-06-30": -10.556, "2005-03-31": 36.809}, "Stock-Based Compensation": {"2020-12-31": 14, "2020-09-30": "14.00000", "2020-06-30": 10.4, "2020-03-31": 10.6, "2019-12-31": 7, "2019-09-30": "6.00000", "2019-06-30": 6.7, "2019-03-31": 11.9, "2018-12-31": -4.5, "2018-09-30": "4.50000", "2018-06-30": 4.9, "2018-03-31": 4.8, "2017-12-31": -13, "2017-09-30": "13.00000", "2017-06-30": 4.4, "2017-03-31": 4.4, "2016-12-31": -13.9, "2016-09-30": "13.90000", "2016-06-30": 5.2, "2016-03-31": 4.2, "2015-12-31": -13.7, "2015-09-30": "13.70000", "2015-06-30": 5.2, "2015-03-31": 4.3, "2014-12-31": -9.4, "2014-09-30": "9.40000", "2014-06-30": 4.4, "2014-03-31": 3.5, "2013-12-31": -15.1, "2013-09-30": "15.10000", "2013-06-30": 6.1, "2013-03-31": 4.5, "2012-12-31": -13.1, "2012-09-30": "13.10000", "2012-06-30": 3.7, "2012-03-31": 4.9, "2011-12-31": -13.5, "2011-09-30": "13.50000", "2011-06-30": 4.02, "2011-03-31": 4.68, "2010-12-31": -14, "2010-09-30": "14.00000", "2010-06-30": 3.443, "2010-03-31": 5.814, "2009-12-31": -13.898, "2009-09-30": "13.89800", "2009-06-30": 4.714, "2009-03-31": 4.86, "2008-12-31": -13.444, "2008-09-30": "13.44400", "2008-06-30": 4.129, "2008-03-31": 4.677, "2007-12-31": -12.49, "2007-09-30": "12.49000", "2007-06-30": 4.172, "2007-03-31": 3.831, "2006-12-31": -8.368, "2006-09-30": "8.36800", "2006-06-30": 2.761, "2006-03-31": 2.572, "2005-12-31": -10.569, "2005-09-30": "10.56900", "2005-06-30": 3.504, "2005-03-31": 4.122}, "Common Stock Dividends Paid": {"2020-12-31": -186, "2020-09-30": "-188.00000", "2020-06-30": -187.3, "2020-03-31": -182.8, "2019-12-31": -390, "2019-09-30": "-1.00000", "2019-06-30": -388.2, "2019-03-31": -291.5, "2018-12-31": 2.1, "2018-09-30": "-2.10000", "2018-06-30": -28.2, "2018-03-31": -29.2, "2017-12-31": 84, "2017-09-30": "-84.00000", "2017-06-30": -27.6, "2017-03-31": -29.1, "2016-12-31": 86.9, "2016-09-30": "-86.90000", "2016-06-30": -27.5, "2016-03-31": -32.1, "2015-12-31": 82.2, "2015-09-30": "-82.20000", "2015-06-30": -27.2, "2015-03-31": -28, "2014-12-31": 81.6, "2014-09-30": "-81.60000", "2014-06-30": -27.1, "2014-03-31": -27.5, "2013-12-31": 80.8, "2013-09-30": "-80.80000", "2013-06-30": -26.8, "2013-03-31": -27.2, "2012-12-31": 78.3, "2012-09-30": "-78.30000", "2012-06-30": -26.1, "2012-03-31": -26.1, "2011-12-31": 76.8, "2011-09-30": "-76.80000", "2011-06-30": -25.596, "2011-03-31": -26.104, "2010-12-31": 76.65, "2010-09-30": "-76.65000", "2010-06-30": -25.184, "2010-03-31": -25.921, "2009-12-31": 71.512, "2009-09-30": "-71.51200", "2009-06-30": -23.236, "2009-03-31": -23.226, "2008-12-31": 68.029, "2008-09-30": "-68.02900", "2008-06-30": -22.655, "2008-03-31": -22.714, "2007-12-31": 67.162, "2007-09-30": "-67.16200", "2007-06-30": -22.996, "2007-03-31": -22.729, "2006-12-31": 61.612, "2006-09-30": "-61.61200", "2006-06-30": -21.158, "2006-03-31": -19.927, "2005-12-31": 57.68, "2005-09-30": "-57.68000", "2005-06-30": -19.291, "2005-03-31": -19.254}}, "financial ratios": {"Current Ratio": {"2020-06-30": "1.14120", "2019-06-30": "1.14710", "2018-12-31": "1.75970", "2018-06-30": "0.71620", "2017-12-31": "1.85720", "2017-06-30": "", "2016-12-31": "2.02310", "2015-12-31": "1.89950", "2014-12-31": "2.67510", "2013-12-31": "2.49960", "2012-12-31": "2.37170", "2011-12-31": "2.27130", "2010-12-31": "2.17240", "2009-12-31": "3.82080", "2008-12-31": "2.32980", "2007-12-31": "2.12690", "2006-12-31": "1.96900", "2005-12-31": "2.08260"}, "Long-term Debt / Capital": {"2020-06-30": "0.56260", "2019-06-30": "0.48340", "2018-12-31": "0.52590", "2018-06-30": "0.79460", "2017-12-31": "0.56220", "2017-06-30": "", "2016-12-31": "0.54810", "2015-12-31": "0.52860", "2014-12-31": "0.47790", "2013-12-31": "0.45760", "2012-12-31": "0.46350", "2011-12-31": "0.49560", "2010-12-31": "0.39970", "2009-12-31": "0.39860", "2008-12-31": "0.32310", "2007-12-31": "0.33170", "2006-12-31": "0.32910", "2005-12-31": "0.36930"}, "Debt/Equity Ratio": {"2020-06-30": "1.33020", "2019-06-30": "1.07550", "2018-12-31": "1.11900", "2018-06-30": "6.97200", "2017-12-31": "1.30150", "2017-06-30": "", "2016-12-31": "1.22660", "2015-12-31": "1.15070", "2014-12-31": "0.93710", "2013-12-31": "0.85250", "2012-12-31": "0.86930", "2011-12-31": "0.99230", "2010-12-31": "0.66750", "2009-12-31": "0.67980", "2008-12-31": "0.49660", "2007-12-31": "0.53970", "2006-12-31": "0.53650", "2005-12-31": "0.62560"}, "Gross Margin": {"2020-06-30": "20.33690", "2019-06-30": "19.02160", "2018-12-31": "19.68510", "2018-06-30": "19.92470", "2017-12-31": "19.43060", "2017-06-30": "21.00650", "2016-12-31": "21.63870", "2015-12-31": "21.45210", "2014-12-31": "19.77900", "2013-12-31": "19.55500", "2012-12-31": "18.58150", "2011-12-31": "17.10030", "2010-12-31": "18.47360", "2009-12-31": "19.92190", "2008-12-31": "17.14660", "2007-12-31": "18.52290", "2006-12-31": "19.14380", "2005-12-31": "19.44830"}, "Operating Margin": {"2020-06-30": "7.97270", "2019-06-30": "8.37050", "2018-12-31": "8.77770", "2018-06-30": "10.66520", "2017-12-31": "3.01520", "2017-06-30": "10.06590", "2016-12-31": "10.27120", "2015-12-31": "10.06040", "2014-12-31": "9.38640", "2013-12-31": "7.82290", "2012-12-31": "6.72620", "2011-12-31": "6.90250", "2010-12-31": "8.28960", "2009-12-31": "7.97310", "2008-12-31": "7.78490", "2007-12-31": "8.45150", "2006-12-31": "9.21260", "2005-12-31": "9.24640"}, "EBIT Margin": {"2020-06-30": "7.97270", "2019-06-30": "8.37050", "2018-12-31": "8.77770", "2018-06-30": "10.66520", "2017-12-31": "3.01520", "2017-06-30": "10.06590", "2016-12-31": "10.27120", "2015-12-31": "10.06040", "2014-12-31": "9.38640", "2013-12-31": "7.82290", "2012-12-31": "6.72620", "2011-12-31": "6.90250", "2010-12-31": "8.28960", "2009-12-31": "7.97310", "2008-12-31": "7.78490", "2007-12-31": "8.45150", "2006-12-31": "9.21260", "2005-12-31": "9.24640"}, "EBITDA Margin": {"2020-06-30": "13.26410", "2019-06-30": "13.14730", "2018-12-31": "12.87560", "2018-06-30": "14.50460", "2017-12-31": "12.07060", "2017-06-30": "14.21160", "2016-12-31": "14.31920", "2015-12-31": "13.94360", "2014-12-31": "13.54440", "2013-12-31": "12.07390", "2012-12-31": "11.18340", "2011-12-31": "11.04140", "2010-12-31": "12.62670", "2009-12-31": "12.50490", "2008-12-31": "12.07150", "2007-12-31": "12.79610", "2006-12-31": "13.39950", "2005-12-31": "13.58670"}, "Pre-Tax Profit Margin": {"2020-06-30": "6.61880", "2019-06-30": "6.38710", "2018-12-31": "6.98550", "2018-06-30": "7.75720", "2017-12-31": "1.30250", "2017-06-30": "7.86510", "2016-12-31": "8.76290", "2015-12-31": "8.93800", "2014-12-31": "8.37340", "2013-12-31": "6.47140", "2012-12-31": "5.26220", "2011-12-31": "5.48970", "2010-12-31": "6.76940", "2009-12-31": "6.83750", "2008-12-31": "7.10500", "2007-12-31": "7.93590", "2006-12-31": "7.85290", "2005-12-31": "7.95720"}, "Net Profit Margin": {"2020-06-30": "4.91040", "2019-06-30": "4.54840", "2018-12-31": "5.51850", "2018-06-30": "6.17230", "2017-12-31": "2.32320", "2017-06-30": "6.19710", "2016-12-31": "5.89850", "2015-12-31": "5.87760", "2014-12-31": "4.39970", "2013-12-31": "4.74910", "2012-12-31": "3.75250", "2011-12-31": "3.40620", "2010-12-31": "4.16550", "2009-12-31": "4.18890", "2008-12-31": "4.39790", "2007-12-31": "4.82000", "2006-12-31": "4.84410", "2005-12-31": "4.67850"}, "Asset Turnover": {"2020-06-30": "0.75830", "2019-06-30": "0.55100", "2018-12-31": "1.14530", "2018-06-30": "1.02890", "2017-12-31": "1.09360", "2017-06-30": "", "2016-12-31": "1.07770", "2015-12-31": "1.16670", "2014-12-31": "1.20290", "2013-12-31": "1.08910", "2012-12-31": "1.09510", "2011-12-31": "1.23200", "2010-12-31": "1.12810", "2009-12-31": "0.89460", "2008-12-31": "1.33910", "2007-12-31": "1.14350", "2006-12-31": "1.19750", "2005-12-31": "1.17180"}, "Inventory Turnover Ratio": {"2020-06-30": "5.42170", "2019-06-30": "3.92010", "2018-12-31": "5.30230", "2018-06-30": "5.49180", "2017-12-31": "5.25640", "2017-06-30": "", "2016-12-31": "5.71150", "2015-12-31": "6.08100", "2014-12-31": "6.05140", "2013-12-31": "5.55310", "2012-12-31": "5.63820", "2011-12-31": "6.83050", "2010-12-31": "5.84960", "2009-12-31": "7.05250", "2008-12-31": "7.18750", "2007-12-31": "6.21090", "2006-12-31": "6.28970", "2005-12-31": "6.64760"}, "Receiveable Turnover": {"2020-06-30": "7.71550", "2019-06-30": "5.07330", "2018-12-31": "9.22600", "2018-06-30": "6.75790", "2017-12-31": "9.01760", "2017-06-30": "", "2016-12-31": "8.66940", "2015-12-31": "9.02150", "2014-12-31": "8.75180", "2013-12-31": "7.27430", "2012-12-31": "7.10420", "2011-12-31": "7.99920", "2010-12-31": "7.58150", "2009-12-31": "7.51000", "2008-12-31": "8.85330", "2007-12-31": "8.14210", "2006-12-31": "8.11670", "2005-12-31": "7.96710"}, "Days Sales In Receivables": {"2020-06-30": "47.30730", "2019-06-30": "71.94490", "2018-12-31": "39.56200", "2018-06-30": "54.01110", "2017-12-31": "40.47640", "2017-06-30": "", "2016-12-31": "42.10210", "2015-12-31": "40.45890", "2014-12-31": "41.70590", "2013-12-31": "50.17670", "2012-12-31": "51.37840", "2011-12-31": "45.62930", "2010-12-31": "48.14360", "2009-12-31": "48.60190", "2008-12-31": "41.22750", "2007-12-31": "44.82880", "2006-12-31": "44.96930", "2005-12-31": "45.81320"}, "ROE - Return On Equity": {"2020-06-30": "13.31950", "2019-06-30": "7.69560", "2018-12-31": "18.56240", "2018-06-30": "84.35430", "2017-12-31": "7.82550", "2017-06-30": "", "2016-12-31": "18.75050", "2015-12-31": "20.03480", "2014-12-31": "16.68530", "2013-12-31": "11.42570", "2012-12-31": "9.07430", "2011-12-31": "11.83870", "2010-12-31": "10.87980", "2009-12-31": "8.23630", "2008-12-31": "12.45710", "2007-12-31": "11.86080", "2006-12-31": "11.97650", "2005-12-31": "12.04490"}, "Return On Tangible Equity": {"2020-06-30": "-23.58970", "2019-06-30": "-24.42260", "2018-12-31": "90.53350", "2018-06-30": "-34.79240", "2017-12-31": "45.58680", "2017-06-30": "", "2016-12-31": "312.02130", "2015-12-31": "223.77410", "2014-12-31": "79.35610", "2013-12-31": "43.55200", "2012-12-31": "36.72910", "2011-12-31": "60.18640", "2010-12-31": "29.38540", "2009-12-31": "13.62270", "2008-12-31": "24.38400", "2007-12-31": "22.70700", "2006-12-31": "23.00910", "2005-12-31": "24.53800"}, "ROA - Return On Assets": {"2020-06-30": "3.79700", "2019-06-30": "2.54410", "2018-12-31": "6.32040", "2018-06-30": "6.47640", "2017-12-31": "2.54060", "2017-06-30": "", "2016-12-31": "6.35680", "2015-12-31": "6.93160", "2014-12-31": "6.62180", "2013-12-31": "4.68350", "2012-12-31": "3.55740", "2011-12-31": "4.33520", "2010-12-31": "4.89290", "2009-12-31": "3.88190", "2008-12-31": "6.10230", "2007-12-31": "5.80640", "2006-12-31": "5.80110", "2005-12-31": "5.48230"}, "ROI - Return On Investment": {"2020-06-30": "5.82610", "2019-06-30": "3.97590", "2018-12-31": "8.80090", "2018-06-30": "17.32530", "2017-12-31": "3.42620", "2017-06-30": "", "2016-12-31": "8.47350", "2015-12-31": "9.44440", "2014-12-31": "8.71170", "2013-12-31": "6.19730", "2012-12-31": "4.86840", "2011-12-31": "5.97090", "2010-12-31": "6.53080", "2009-12-31": "4.95290", "2008-12-31": "8.43200", "2007-12-31": "7.92650", "2006-12-31": "8.03450", "2005-12-31": "7.59670"}, "Book Value Per Share": {"2020-06-30": "3.00110", "2019-06-30": "3.49320", "2018-12-31": "2.61990", "2018-06-30": "0.60140", "2017-12-31": "2.59390", "2017-06-30": "", "2016-12-31": "2.66450", "2015-12-31": "2.48940", "2014-12-31": "2.86130", "2013-12-31": "3.24190", "2012-12-31": "3.11770", "2011-12-31": "3.01470", "2010-12-31": "3.50990", "2009-12-31": "3.07110", "2008-12-31": "2.71880", "2007-12-31": "3.04760", "2006-12-31": "2.75300", "2005-12-31": "2.51250"}, "Operating Cash Flow Per Share": {"2020-06-30": 0.2087, "2019-06-30": -0.3334, "2018-12-31": 0.2389, "2018-06-30": -0.0585, "2017-12-31": 0.0279, "2017-06-30": -0.1211, "2016-12-31": -0.2046, "2015-12-31": 0.6257, "2014-12-31": -0.2236, "2013-12-31": -0.0908, "2012-12-31": 0.0091, "2011-12-31": 0.1228, "2010-12-31": -0.2373, "2009-12-31": 0.3252, "2008-12-31": -0.1947, "2007-12-31": 0.1291, "2006-12-31": 0.1309, "2005-12-31": 0.51}, "Free Cash Flow Per Share": {"2020-06-30": 0.1763, "2019-06-30": -0.2427, "2018-12-31": 0.1354, "2018-06-30": 0.1164, "2017-12-31": -0.0887, "2017-06-30": 0.0298, "2016-12-31": -0.1899, "2015-12-31": 0.5448, "2014-12-31": -0.3249, "2013-12-31": -0.0802, "2012-12-31": 0.0057, "2011-12-31": 0.0775, "2010-12-31": -0.2892, "2009-12-31": 0.4086, "2008-12-31": -0.1011, "2007-12-31": 0.0933, "2006-12-31": 0.1783, "2005-12-31": 0.1734}}, "financial ratios, quarterly": {"Current Ratio": {"2020-12-31": "1.28140", "2020-09-30": "1.27190", "2020-06-30": "1.14120", "2020-03-31": "1.23280", "2019-12-31": "1.24430", "2019-09-30": "1.18820", "2019-06-30": "1.14710", "2019-03-31": "1.93410", "2018-12-31": "", "2018-09-30": "1.78480", "2018-06-30": "", "2018-03-31": "1.88250", "2017-12-31": "", "2017-09-30": "1.79750", "2017-06-30": "1.78420", "2017-03-31": "1.91210", "2016-12-31": "", "2016-09-30": "1.91870", "2016-06-30": "2.07490", "2016-03-31": "2.06200", "2015-12-31": "", "2015-09-30": "2.15810", "2015-06-30": "2.56890", "2015-03-31": "2.55140", "2014-12-31": "", "2014-09-30": "2.63540", "2014-06-30": "2.58870", "2014-03-31": "2.45380", "2013-12-31": "", "2013-09-30": "2.39940", "2013-06-30": "2.52130", "2013-03-31": "2.59680", "2012-12-31": "", "2012-09-30": "2.27690", "2012-06-30": "2.31940", "2012-03-31": "2.37020", "2011-12-31": "", "2011-09-30": "2.39870", "2011-06-30": "2.40500", "2011-03-31": "2.46860", "2010-12-31": "", "2010-09-30": "2.24550", "2010-06-30": "2.18180", "2010-03-31": "2.15380", "2009-12-31": "", "2009-09-30": "3.81090", "2009-06-30": "2.08550", "2009-03-31": "2.21590", "2008-12-31": "", "2008-09-30": "2.15570", "2008-06-30": "2.06820", "2008-03-31": "2.25420", "2007-12-31": "", "2007-09-30": "2.16210", "2007-06-30": "2.18370", "2007-03-31": "2.11380", "2006-12-31": "", "2006-09-30": "1.92400", "2006-06-30": "1.98460", "2006-03-31": "2.11930", "2005-12-31": "", "2005-09-30": "2.14760", "2005-06-30": "2.37640", "2005-03-31": "2.35940"}, "Long-term Debt / Capital": {"2020-12-31": "0.57020", "2020-09-30": "0.57280", "2020-06-30": "0.56260", "2020-03-31": "0.56380", "2019-12-31": "0.52000", "2019-09-30": "0.49830", "2019-06-30": "0.48340", "2019-03-31": "0.52780", "2018-12-31": "", "2018-09-30": "0.54660", "2018-06-30": "", "2018-03-31": "0.55500", "2017-12-31": "", "2017-09-30": "0.54540", "2017-06-30": "0.54530", "2017-03-31": "0.54910", "2016-12-31": "", "2016-09-30": "0.53660", "2016-06-30": "0.54150", "2016-03-31": "0.53840", "2015-12-31": "", "2015-09-30": "0.50990", "2015-06-30": "0.50300", "2015-03-31": "0.50540", "2014-12-31": "", "2014-09-30": "0.47320", "2014-06-30": "0.46360", "2014-03-31": "0.46220", "2013-12-31": "", "2013-09-30": "0.45740", "2013-06-30": "0.47660", "2013-03-31": "0.48610", "2012-12-31": "", "2012-09-30": "0.48020", "2012-06-30": "0.49590", "2012-03-31": "0.48550", "2011-12-31": "", "2011-09-30": "0.48610", "2011-06-30": "0.42950", "2011-03-31": "0.42260", "2010-12-31": "", "2010-09-30": "0.41830", "2010-06-30": "0.44400", "2010-03-31": "0.45430", "2009-12-31": "", "2009-09-30": "0.41560", "2009-06-30": "0.26720", "2009-03-31": "0.29610", "2008-12-31": "", "2008-09-30": "0.32460", "2008-06-30": "0.30660", "2008-03-31": "0.33940", "2007-12-31": "", "2007-09-30": "0.36020", "2007-06-30": "0.32640", "2007-03-31": "0.34350", "2006-12-31": "", "2006-09-30": "0.32320", "2006-06-30": "0.34670", "2006-03-31": "0.37410", "2005-12-31": "", "2005-09-30": "0.36640", "2005-06-30": "0.37400", "2005-03-31": "0.38890"}, "Debt/Equity Ratio": {"2020-12-31": "1.33770", "2020-09-30": "1.39100", "2020-06-30": "1.33010", "2020-03-31": "1.35790", "2019-12-31": "1.14950", "2019-09-30": "1.05120", "2019-06-30": "1.07550", "2019-03-31": "1.12910", "2018-12-31": "", "2018-09-30": "1.21620", "2018-06-30": "", "2018-03-31": "1.26790", "2017-12-31": "", "2017-09-30": "1.21600", "2017-06-30": "1.21440", "2017-03-31": "1.23090", "2016-12-31": "", "2016-09-30": "1.17170", "2016-06-30": "1.19780", "2016-03-31": "1.18210", "2015-12-31": "", "2015-09-30": "1.04560", "2015-06-30": "1.03150", "2015-03-31": "1.04370", "2014-12-31": "", "2014-09-30": "0.90960", "2014-06-30": "0.87360", "2014-03-31": "0.87060", "2013-12-31": "", "2013-09-30": "0.85930", "2013-06-30": "0.91530", "2013-03-31": "0.95110", "2012-12-31": "", "2012-09-30": "0.92790", "2012-06-30": "0.99350", "2012-03-31": "0.95320", "2011-12-31": "", "2011-09-30": "0.95510", "2011-06-30": "0.76440", "2011-03-31": "0.73350", "2010-12-31": "", "2010-09-30": "0.72110", "2010-06-30": "0.80630", "2010-03-31": "0.84620", "2009-12-31": "", "2009-09-30": "0.72610", "2009-06-30": "0.38610", "2009-03-31": "0.44420", "2008-12-31": "", "2008-09-30": "0.53190", "2008-06-30": "0.51530", "2008-03-31": "0.55160", "2007-12-31": "", "2007-09-30": "0.61310", "2007-06-30": "0.53300", "2007-03-31": "0.57750", "2006-12-31": "", "2006-09-30": "0.52350", "2006-06-30": "0.57800", "2006-03-31": "0.64360", "2005-12-31": "", "2005-09-30": "0.61810", "2005-06-30": "0.62000", "2005-03-31": "0.64850"}, "Gross Margin": {"2020-12-31": "20.97970", "2020-09-30": "21.11720", "2020-06-30": "22.89580", "2020-03-31": "20.75770", "2019-12-31": "20.27600", "2019-09-30": "17.41480", "2019-06-30": "20.47680", "2019-03-31": "18.17400", "2018-12-31": "", "2018-09-30": "17.40630", "2018-06-30": "19.52000", "2018-03-31": "19.27200", "2017-12-31": "", "2017-09-30": "20.09470", "2017-06-30": "18.38750", "2017-03-31": "19.92160", "2016-12-31": "", "2016-09-30": "21.88470", "2016-06-30": "21.24740", "2016-03-31": "21.57250", "2015-12-31": "", "2015-09-30": "21.78140", "2015-06-30": "21.46950", "2015-03-31": "20.91150", "2014-12-31": "", "2014-09-30": "20.09650", "2014-06-30": "19.95260", "2014-03-31": "19.26030", "2013-12-31": "", "2013-09-30": "19.99110", "2013-06-30": "19.41250", "2013-03-31": "19.26690", "2012-12-31": "", "2012-09-30": "19.18780", "2012-06-30": "17.77250", "2012-03-31": "17.70390", "2011-12-31": "", "2011-09-30": "16.47400", "2011-06-30": "17.36970", "2011-03-31": "17.35490", "2010-12-31": "", "2010-09-30": "18.71660", "2010-06-30": "18.41950", "2010-03-31": "18.18890", "2009-12-31": "", "2009-09-30": "20.03670", "2009-06-30": "", "2009-03-31": "19.44910", "2008-12-31": "", "2008-09-30": "16.85790", "2008-06-30": "", "2008-03-31": "17.20390", "2007-12-31": "", "2007-09-30": "17.76740", "2007-06-30": "", "2007-03-31": "19.48580", "2006-12-31": "", "2006-09-30": "19.26980", "2006-06-30": "", "2006-03-31": "18.56010", "2005-12-31": "", "2005-09-30": "19.85130", "2005-06-30": "", "2005-03-31": "18.66520"}, "Operating Margin": {"2020-12-31": "9.89370", "2020-09-30": "8.91190", "2020-06-30": "9.85840", "2020-03-31": "8.63420", "2019-12-31": "8.93850", "2019-09-30": "4.48900", "2019-06-30": "8.12930", "2019-03-31": "7.84880", "2018-12-31": "", "2018-09-30": "7.84570", "2018-06-30": "100.00000", "2018-03-31": "7.83530", "2017-12-31": "", "2017-09-30": "9.37110", "2017-06-30": "100.00000", "2017-03-31": "8.88090", "2016-12-31": "", "2016-09-30": "11.31230", "2016-06-30": "100.00000", "2016-03-31": "10.26970", "2015-12-31": "", "2015-09-30": "10.38990", "2015-06-30": "100.00000", "2015-03-31": "9.36450", "2014-12-31": "", "2014-09-30": "9.77050", "2014-06-30": "100.00000", "2014-03-31": "8.70320", "2013-12-31": "", "2013-09-30": "7.81100", "2013-06-30": "100.00000", "2013-03-31": "7.33860", "2012-12-31": "", "2012-09-30": "6.98090", "2012-06-30": "100.00000", "2012-03-31": "6.78260", "2011-12-31": "", "2011-09-30": "7.67360", "2011-06-30": "100.00000", "2011-03-31": "7.78840", "2010-12-31": "", "2010-09-30": "9.21460", "2010-06-30": "100.00000", "2010-03-31": "6.34150", "2009-12-31": "", "2009-09-30": "7.61550", "2009-06-30": "100.00000", "2009-03-31": "7.57950", "2008-12-31": "", "2008-09-30": "7.51030", "2008-06-30": "100.00000", "2008-03-31": "7.22030", "2007-12-31": "", "2007-09-30": "7.77000", "2007-06-30": "100.00000", "2007-03-31": "9.39910", "2006-12-31": "", "2006-09-30": "9.60790", "2006-06-30": "100.00000", "2006-03-31": "8.59570", "2005-12-31": "", "2005-09-30": "9.64830", "2005-06-30": "100.00000", "2005-03-31": "7.59940"}, "EBIT Margin": {"2020-12-31": "9.89370", "2020-09-30": "8.91190", "2020-06-30": "9.85840", "2020-03-31": "8.63420", "2019-12-31": "8.93850", "2019-09-30": "4.48900", "2019-06-30": "8.12930", "2019-03-31": "7.84880", "2018-12-31": "", "2018-09-30": "7.84570", "2018-06-30": "", "2018-03-31": "7.83530", "2017-12-31": "", "2017-09-30": "9.37110", "2017-06-30": "", "2017-03-31": "8.88090", "2016-12-31": "", "2016-09-30": "11.31230", "2016-06-30": "", "2016-03-31": "10.26970", "2015-12-31": "", "2015-09-30": "10.38990", "2015-06-30": "", "2015-03-31": "9.36450", "2014-12-31": "", "2014-09-30": "9.77050", "2014-06-30": "", "2014-03-31": "8.70320", "2013-12-31": "", "2013-09-30": "7.81100", "2013-06-30": "", "2013-03-31": "7.33860", "2012-12-31": "", "2012-09-30": "6.98090", "2012-06-30": "", "2012-03-31": "6.78260", "2011-12-31": "", "2011-09-30": "7.67360", "2011-06-30": "", "2011-03-31": "7.78840", "2010-12-31": "", "2010-09-30": "9.21460", "2010-06-30": "", "2010-03-31": "6.34150", "2009-12-31": "", "2009-09-30": "7.61550", "2009-06-30": "", "2009-03-31": "7.57950", "2008-12-31": "", "2008-09-30": "7.51030", "2008-06-30": "", "2008-03-31": "7.22030", "2007-12-31": "", "2007-09-30": "7.77000", "2007-06-30": "", "2007-03-31": "9.39910", "2006-12-31": "", "2006-09-30": "9.60790", "2006-06-30": "", "2006-03-31": "8.59570", "2005-12-31": "", "2005-09-30": "9.64830", "2005-06-30": "", "2005-03-31": "7.59940"}, "EBITDA Margin": {"2020-12-31": "", "2020-09-30": "", "2020-06-30": "", "2020-03-31": "", "2019-12-31": "", "2019-09-30": "", "2019-06-30": "", "2019-03-31": "", "2018-12-31": "", "2018-09-30": "", "2018-06-30": "", "2018-03-31": "", "2017-12-31": "", "2017-09-30": "", "2017-06-30": "", "2017-03-31": "", "2016-12-31": "", "2016-09-30": "", "2016-06-30": "", "2016-03-31": "", "2015-12-31": "", "2015-09-30": "", "2015-06-30": "", "2015-03-31": "", "2014-12-31": "", "2014-09-30": "", "2014-06-30": "", "2014-03-31": "", "2013-12-31": "", "2013-09-30": "", "2013-06-30": "", "2013-03-31": "", "2012-12-31": "", "2012-09-30": "", "2012-06-30": "", "2012-03-31": "", "2011-12-31": "", "2011-09-30": "", "2011-06-30": "", "2011-03-31": "", "2010-12-31": "", "2010-09-30": "", "2010-06-30": "", "2010-03-31": "", "2009-12-31": "", "2009-09-30": "", "2009-06-30": "", "2009-03-31": "", "2008-12-31": "", "2008-09-30": "", "2008-06-30": "", "2008-03-31": "", "2007-12-31": "", "2007-09-30": "", "2007-06-30": "", "2007-03-31": "", "2006-12-31": "", "2006-09-30": "", "2006-06-30": "", "2006-03-31": "", "2005-12-31": "", "2005-09-30": "", "2005-06-30": "", "2005-03-31": ""}, "Pre-Tax Profit Margin": {"2020-12-31": "8.92680", "2020-09-30": "7.81400", "2020-06-30": "8.37230", "2020-03-31": "7.51670", "2019-12-31": "7.55830", "2019-09-30": "3.05640", "2019-06-30": "6.44110", "2019-03-31": "5.83580", "2018-12-31": "", "2018-09-30": "5.37040", "2018-06-30": "5.87440", "2018-03-31": "6.08330", "2017-12-31": "", "2017-09-30": "7.92190", "2017-06-30": "4.06090", "2017-03-31": "7.46430", "2016-12-31": "", "2016-09-30": "9.90070", "2016-06-30": "7.40230", "2016-03-31": "8.66830", "2015-12-31": "", "2015-09-30": "9.23110", "2015-06-30": "9.57000", "2015-03-31": "8.27810", "2014-12-31": "", "2014-09-30": "8.60500", "2014-06-30": "8.31820", "2014-03-31": "8.31960", "2013-12-31": "", "2013-09-30": "6.59830", "2013-06-30": "6.20620", "2013-03-31": "5.68920", "2012-12-31": "", "2012-09-30": "5.76180", "2012-06-30": "5.06590", "2012-03-31": "5.20390", "2011-12-31": "", "2011-09-30": "6.42170", "2011-06-30": "6.39320", "2011-03-31": "6.27410", "2010-12-31": "", "2010-09-30": "7.67970", "2010-06-30": "7.33070", "2010-03-31": "4.86380", "2009-12-31": "", "2009-09-30": "6.66750", "2009-06-30": "9.06040", "2009-03-31": "6.95380", "2008-12-31": "", "2008-09-30": "7.28540", "2008-06-30": "7.69430", "2008-03-31": "7.22840", "2007-12-31": "", "2007-09-30": "7.14830", "2007-06-30": "8.56200", "2007-03-31": "8.53080", "2006-12-31": "", "2006-09-30": "8.69900", "2006-06-30": "8.58950", "2006-03-31": "6.87660", "2005-12-31": "", "2005-09-30": "8.40870", "2005-06-30": "7.74370", "2005-03-31": "6.36210"}, "Net Profit Margin": {"2020-12-31": "7.05770", "2020-09-30": "6.39330", "2020-06-30": "5.68660", "2020-03-31": "5.77840", "2019-12-31": "6.11240", "2019-09-30": "2.10120", "2019-06-30": "3.09940", "2019-03-31": "4.87470", "2018-12-31": "", "2018-09-30": "4.34940", "2018-06-30": "4.51950", "2018-03-31": "4.63310", "2017-12-31": "", "2017-09-30": "5.37150", "2017-06-30": "2.76650", "2017-03-31": "5.13360", "2016-12-31": "", "2016-09-30": "6.67830", "2016-06-30": "4.98380", "2016-03-31": "5.80640", "2015-12-31": "", "2015-09-30": "6.13770", "2015-06-30": "6.36710", "2015-03-31": "5.23030", "2014-12-31": "", "2014-09-30": "1.54800", "2014-06-30": "5.99490", "2014-03-31": "4.49320", "2013-12-31": "", "2013-09-30": "4.80610", "2013-06-30": "4.08600", "2013-03-31": "3.92830", "2012-12-31": "", "2012-09-30": "3.64960", "2012-06-30": "3.18430", "2012-03-31": "3.33380", "2011-12-31": "", "2011-09-30": "4.05770", "2011-06-30": "3.90450", "2011-03-31": "3.80930", "2010-12-31": "", "2010-09-30": "4.66230", "2010-06-30": "4.61090", "2010-03-31": "2.95550", "2009-12-31": "", "2009-09-30": "3.86520", "2009-06-30": "5.41950", "2009-03-31": "4.21250", "2008-12-31": "", "2008-09-30": "4.35190", "2008-06-30": "4.58250", "2008-03-31": "4.32250", "2007-12-31": "", "2007-09-30": "4.53140", "2007-06-30": "5.37260", "2007-03-31": "5.30790", "2006-12-31": "", "2006-09-30": "5.31160", "2006-06-30": "5.23750", "2006-03-31": "4.19270", "2005-12-31": "", "2005-09-30": "5.07590", "2005-06-30": "4.68650", "2005-03-31": "3.87370"}, "Asset Turnover": {"2020-12-31": "0.18560", "2020-09-30": "0.18810", "2020-06-30": "0.19110", "2020-03-31": "0.19130", "2019-12-31": "0.18080", "2019-09-30": "0.18770", "2019-06-30": "0.15150", "2019-03-31": "0.63320", "2018-12-31": "", "2018-09-30": "0.62770", "2018-06-30": "", "2018-03-31": "0.27370", "2017-12-31": "", "2017-09-30": "0.26700", "2017-06-30": "0.26420", "2017-03-31": "0.26340", "2016-12-31": "", "2016-09-30": "0.27370", "2016-06-30": "0.27110", "2016-03-31": "0.27090", "2015-12-31": "", "2015-09-30": "0.29530", "2015-06-30": "0.28830", "2015-03-31": "0.29130", "2014-12-31": "", "2014-09-30": "0.27310", "2014-06-30": "0.26430", "2014-03-31": "0.26400", "2013-12-31": "", "2013-09-30": "0.26730", "2013-06-30": "0.31290", "2013-03-31": "0.29150", "2012-12-31": "", "2012-09-30": "0.30110", "2012-06-30": "0.30560", "2012-03-31": "0.29710", "2011-12-31": "", "2011-09-30": "0.31260", "2011-06-30": "0.30430", "2011-03-31": "0.30030", "2010-12-31": "", "2010-09-30": "0.29910", "2010-06-30": "0.29360", "2010-03-31": "0.23520", "2009-12-31": "", "2009-09-30": "0.22410", "2009-06-30": "0.29550", "2009-03-31": "0.30370", "2008-12-31": "", "2008-09-30": "0.30750", "2008-06-30": "0.28990", "2008-03-31": "0.29010", "2007-12-31": "", "2007-09-30": "0.28310", "2007-06-30": "0.29300", "2007-03-31": "0.29430", "2006-12-31": "", "2006-09-30": "0.29180", "2006-06-30": "0.30010", "2006-03-31": "0.29120", "2005-12-31": "", "2005-09-30": "0.28930", "2005-06-30": "0.29610", "2005-03-31": "0.28050"}, "Inventory Turnover Ratio": {"2020-12-31": "1.33040", "2020-09-30": "1.36940", "2020-06-30": "1.32260", "2020-03-31": "1.36770", "2019-12-31": "1.28240", "2019-09-30": "1.38390", "2019-06-30": "1.05850", "2019-03-31": "2.95280", "2018-12-31": "", "2018-09-30": "2.97690", "2018-06-30": "", "2018-03-31": "1.32050", "2017-12-31": "", "2017-09-30": "1.31870", "2017-06-30": "1.35740", "2017-03-31": "1.37360", "2016-12-31": "", "2016-09-30": "1.41120", "2016-06-30": "1.45970", "2016-03-31": "1.39160", "2015-12-31": "", "2015-09-30": "1.47990", "2015-06-30": "1.45260", "2015-03-31": "1.44090", "2014-12-31": "", "2014-09-30": "1.47500", "2014-06-30": "1.28430", "2014-03-31": "1.32770", "2013-12-31": "", "2013-09-30": "1.33910", "2013-06-30": "1.56130", "2013-03-31": "1.45160", "2012-12-31": "", "2012-09-30": "1.59230", "2012-06-30": "1.67190", "2012-03-31": "1.57620", "2011-12-31": "", "2011-09-30": "1.65550", "2011-06-30": "1.52920", "2011-03-31": "1.51500", "2010-12-31": "", "2010-09-30": "1.60260", "2010-06-30": "1.67730", "2010-03-31": "1.37520", "2009-12-31": "", "2009-09-30": "1.68180", "2009-06-30": "1.66370", "2009-03-31": "1.68510", "2008-12-31": "", "2008-09-30": "1.57700", "2008-06-30": "1.53250", "2008-03-31": "1.57430", "2007-12-31": "", "2007-09-30": "1.55230", "2007-06-30": "1.58350", "2007-03-31": "1.56070", "2006-12-31": "", "2006-09-30": "1.54920", "2006-06-30": "1.64410", "2006-03-31": "1.62650", "2005-12-31": "", "2005-09-30": "1.69730", "2005-06-30": "1.72640", "2005-03-31": "1.50190"}, "Receiveable Turnover": {"2020-12-31": "1.84590", "2020-09-30": "1.85120", "2020-06-30": "1.94460", "2020-03-31": "1.81510", "2019-12-31": "1.82310", "2019-09-30": "1.75520", "2019-06-30": "1.39490", "2019-03-31": "4.79130", "2018-12-31": "", "2018-09-30": "4.68310", "2018-06-30": "", "2018-03-31": "2.05560", "2017-12-31": "", "2017-09-30": "2.09700", "2017-06-30": "2.12940", "2017-03-31": "2.09250", "2016-12-31": "", "2016-09-30": "2.16390", "2016-06-30": "1.95840", "2016-03-31": "1.97690", "2015-12-31": "", "2015-09-30": "2.20510", "2015-06-30": "2.06760", "2015-03-31": "1.82920", "2014-12-31": "", "2014-09-30": "1.95410", "2014-06-30": "1.63940", "2014-03-31": "1.67410", "2013-12-31": "", "2013-09-30": "1.71270", "2013-06-30": "1.89250", "2013-03-31": "1.76840", "2012-12-31": "", "2012-09-30": "1.87320", "2012-06-30": "1.86650", "2012-03-31": "1.85840", "2011-12-31": "", "2011-09-30": "1.93440", "2011-06-30": "1.79750", "2011-03-31": "1.85940", "2010-12-31": "", "2010-09-30": "1.93730", "2010-06-30": "1.96790", "2010-03-31": "1.49880", "2009-12-31": "", "2009-09-30": "1.91150", "2009-06-30": "1.90870", "2009-03-31": "2.02010", "2008-12-31": "", "2008-09-30": "1.97790", "2008-06-30": "1.89130", "2008-03-31": "1.95650", "2007-12-31": "", "2007-09-30": "1.92470", "2007-06-30": "1.94230", "2007-03-31": "1.96440", "2006-12-31": "", "2006-09-30": "1.92580", "2006-06-30": "1.91400", "2006-03-31": "1.91340", "2005-12-31": "", "2005-09-30": "1.92370", "2005-06-30": "1.92440", "2005-03-31": "1.83470"}, "Days Sales In Receivables": {"2020-12-31": "48.75600", "2020-09-30": "48.61800", "2020-06-30": "46.28160", "2020-03-31": "49.58450", "2019-12-31": "49.36540", "2019-09-30": "51.27510", "2019-06-30": "64.52100", "2019-03-31": "18.78390", "2018-12-31": "", "2018-09-30": "19.21810", "2018-06-30": "", "2018-03-31": "43.78240", "2017-12-31": "", "2017-09-30": "42.91760", "2017-06-30": "42.26560", "2017-03-31": "43.01090", "2016-12-31": "", "2016-09-30": "41.59170", "2016-06-30": "45.95610", "2016-03-31": "45.52540", "2015-12-31": "", "2015-09-30": "40.81510", "2015-06-30": "43.52810", "2015-03-31": "49.20100", "2014-12-31": "", "2014-09-30": "46.05720", "2014-06-30": "54.89710", "2014-03-31": "53.76160", "2013-12-31": "", "2013-09-30": "52.54750", "2013-06-30": "47.55690", "2013-03-31": "50.89480", "2012-12-31": "", "2012-09-30": "48.04710", "2012-06-30": "48.21890", "2012-03-31": "48.42860", "2011-12-31": "", "2011-09-30": "46.52560", "2011-06-30": "50.06920", "2011-03-31": "48.40330", "2010-12-31": "", "2010-09-30": "46.45580", "2010-06-30": "45.73380", "2010-03-31": "60.04970", "2009-12-31": "", "2009-09-30": "47.08470", "2009-06-30": "47.15330", "2009-03-31": "44.55210", "2008-12-31": "", "2008-09-30": "45.50310", "2008-06-30": "47.58580", "2008-03-31": "45.99950", "2007-12-31": "", "2007-09-30": "46.76160", "2007-06-30": "46.33740", "2007-03-31": "45.81540", "2006-12-31": "", "2006-09-30": "46.73430", "2006-06-30": "47.02190", "2006-03-31": "47.03700", "2005-12-31": "", "2005-09-30": "46.78580", "2005-06-30": "46.76770", "2005-03-31": "49.05320"}, "ROE - Return On Equity": {"2020-12-31": "4.57920", "2020-09-30": "4.21590", "2020-06-30": "3.77000", "2020-03-31": "3.82280", "2019-12-31": "3.47960", "2019-09-30": "1.38400", "2019-06-30": "1.44850", "2019-03-31": "9.00500", "2018-12-31": "", "2018-09-30": "8.54880", "2018-06-30": "", "2018-03-31": "3.84430", "2017-12-31": "", "2017-09-30": "4.35770", "2017-06-30": "", "2017-03-31": "4.04980", "2016-12-31": "", "2016-09-30": "5.34680", "2016-06-30": "", "2016-03-31": "4.56020", "2015-12-31": "", "2015-09-30": "5.02690", "2015-06-30": "4.88930", "2015-03-31": "4.29120", "2014-12-31": "", "2014-09-30": "3.85580", "2014-06-30": "3.58050", "2014-03-31": "3.55990", "2013-12-31": "", "2013-09-30": "2.89800", "2013-06-30": "", "2013-03-31": "3.02230", "2012-12-31": "", "2012-09-30": "2.93030", "2012-06-30": "", "2012-03-31": "2.67490", "2011-12-31": "", "2011-09-30": "3.34030", "2011-06-30": "", "2011-03-31": "2.72600", "2010-12-31": "", "2010-09-30": "3.32680", "2010-06-30": "3.25890", "2010-03-31": "1.75220", "2009-12-31": "", "2009-09-30": "2.11960", "2009-06-30": "3.24110", "2009-03-31": "2.68700", "2008-12-31": "", "2008-09-30": "2.97410", "2008-06-30": "", "2008-03-31": "2.75080", "2007-12-31": "", "2007-09-30": "2.74430", "2007-06-30": "", "2007-03-31": "3.26170", "2006-12-31": "", "2006-09-30": "3.21290", "2006-06-30": "", "2006-03-31": "2.73440", "2005-12-31": "", "2005-09-30": "3.25310", "2005-06-30": "", "2005-03-31": "2.43600"}, "Return On Tangible Equity": {"2020-12-31": "-8.84810", "2020-09-30": "-7.72500", "2020-06-30": "-6.67800", "2020-03-31": "-7.45890", "2019-12-31": "-9.70320", "2019-09-30": "-4.34560", "2019-06-30": "-4.59710", "2019-03-31": "39.35580", "2018-12-31": "", "2018-09-30": "47.09980", "2018-06-30": "", "2018-03-31": "19.58850", "2017-12-31": "", "2017-09-30": "67.47580", "2017-06-30": "", "2017-03-31": "70.67770", "2016-12-31": "", "2016-09-30": "81.47260", "2016-06-30": "", "2016-03-31": "45.61690", "2015-12-31": "", "2015-09-30": "32.99900", "2015-06-30": "26.58020", "2015-03-31": "24.43210", "2014-12-31": "", "2014-09-30": "13.93930", "2014-06-30": "13.20710", "2014-03-31": "13.45500", "2013-12-31": "", "2013-09-30": "11.26470", "2013-06-30": "", "2013-03-31": "12.49680", "2012-12-31": "", "2012-09-30": "12.59970", "2012-06-30": "", "2012-03-31": "11.89410", "2011-12-31": "", "2011-09-30": "12.41170", "2011-06-30": "", "2011-03-31": "7.34530", "2010-12-31": "", "2010-09-30": "8.84320", "2010-06-30": "9.16440", "2010-03-31": "4.89060", "2009-12-31": "", "2009-09-30": "3.54730", "2009-06-30": "6.03570", "2009-03-31": "5.22730", "2008-12-31": "", "2008-09-30": "5.53740", "2008-06-30": "", "2008-03-31": "5.21250", "2007-12-31": "", "2007-09-30": "5.42290", "2007-06-30": "", "2007-03-31": "6.28610", "2006-12-31": "", "2006-09-30": "6.07370", "2006-06-30": "", "2006-03-31": "5.52610", "2005-12-31": "", "2005-09-30": "6.90230", "2005-06-30": "", "2005-03-31": "5.11940"}, "ROA - Return On Assets": {"2020-12-31": "1.32790", "2020-09-30": "1.21470", "2020-06-30": "1.07470", "2020-03-31": "1.11810", "2019-12-31": "1.11690", "2019-09-30": "0.45430", "2019-06-30": "0.47890", "2019-03-31": "3.08130", "2018-12-31": "", "2018-09-30": "2.81600", "2018-06-30": "", "2018-03-31": "1.26800", "2017-12-31": "", "2017-09-30": "1.43420", "2017-06-30": "", "2017-03-31": "1.35230", "2016-12-31": "", "2016-09-30": "1.82780", "2016-06-30": "", "2016-03-31": "1.57290", "2015-12-31": "", "2015-09-30": "1.81270", "2015-06-30": "1.83560", "2015-03-31": "1.59630", "2014-12-31": "", "2014-09-30": "1.52950", "2014-06-30": "1.46160", "2014-03-31": "1.43920", "2013-12-31": "", "2013-09-30": "1.16560", "2013-06-30": "", "2013-03-31": "1.14510", "2012-12-31": "", "2012-09-30": "1.10830", "2012-06-30": "", "2012-03-31": "1.00200", "2011-12-31": "", "2011-09-30": "1.29370", "2011-06-30": "", "2011-03-31": "1.19720", "2010-12-31": "", "2010-09-30": "1.46990", "2010-06-30": "1.37790", "2010-03-31": "0.73190", "2009-12-31": "", "2009-09-30": "0.95840", "2009-06-30": "1.69530", "2009-03-31": "1.34500", "2008-12-31": "", "2008-09-30": "1.44370", "2008-06-30": "", "2008-03-31": "1.33730", "2007-12-31": "", "2007-09-30": "1.28270", "2007-06-30": "", "2007-03-31": "1.56210", "2006-12-31": "", "2006-09-30": "1.55020", "2006-06-30": "", "2006-03-31": "1.22080", "2005-12-31": "", "2005-09-30": "1.46860", "2005-06-30": "", "2005-03-31": "1.08640"}, "ROI - Return On Investment": {"2020-12-31": "1.96810", "2020-09-30": "1.80100", "2020-06-30": "1.64910", "2020-03-31": "1.66730", "2019-12-31": "1.67020", "2019-09-30": "0.69430", "2019-06-30": "0.74840", "2019-03-31": "4.25240", "2018-12-31": "", "2018-09-30": "3.87600", "2018-06-30": "", "2018-03-31": "1.71080", "2017-12-31": "", "2017-09-30": "1.98110", "2017-06-30": "", "2017-03-31": "1.82600", "2016-12-31": "", "2016-09-30": "2.47750", "2016-06-30": "", "2016-03-31": "2.10520", "2015-12-31": "", "2015-09-30": "2.46360", "2015-06-30": "2.43010", "2015-03-31": "2.12260", "2014-12-31": "", "2014-09-30": "2.03110", "2014-06-30": "1.92060", "2014-03-31": "1.91440", "2013-12-31": "", "2013-09-30": "1.57240", "2013-06-30": "", "2013-03-31": "1.55320", "2012-12-31": "", "2012-09-30": "1.52310", "2012-06-30": "", "2012-03-31": "1.37620", "2011-12-31": "", "2011-09-30": "1.71650", "2011-06-30": "", "2011-03-31": "1.57410", "2010-12-31": "", "2010-09-30": "1.93530", "2010-06-30": "1.81200", "2010-03-31": "0.95620", "2009-12-31": "", "2009-09-30": "1.23870", "2009-06-30": "2.37500", "2009-03-31": "1.89130", "2008-12-31": "", "2008-09-30": "2.00860", "2008-06-30": "", "2008-03-31": "1.81710", "2007-12-31": "", "2007-09-30": "1.75570", "2007-06-30": "", "2007-03-31": "2.14130", "2006-12-31": "", "2006-09-30": "2.17460", "2006-06-30": "", "2006-03-31": "1.71130", "2005-12-31": "", "2005-09-30": "2.06120", "2005-06-30": "", "2005-03-31": "1.48860"}, "Book Value Per Share": {"2020-12-31": "3.11270", "2020-09-30": "3.03400", "2020-06-30": "3.00100", "2020-03-31": "3.05270", "2019-12-31": "3.37070", "2019-09-30": "3.39180", "2019-06-30": "3.49320", "2019-03-31": "2.68360", "2018-12-31": "", "2018-09-30": "2.55830", "2018-06-30": "", "2018-03-31": "2.66800", "2017-12-31": "", "2017-09-30": "2.75520", "2017-06-30": "2.69540", "2017-03-31": "2.68930", "2016-12-31": "", "2016-09-30": "2.68480", "2016-06-30": "2.68630", "2016-03-31": "2.55170", "2015-12-31": "", "2015-09-30": "2.53940", "2015-06-30": "2.72620", "2015-03-31": "2.67130", "2014-12-31": "", "2014-09-30": "3.13060", "2014-06-30": "3.32740", "2014-03-31": "3.25890", "2013-12-31": "", "2013-09-30": "3.21540", "2013-06-30": "3.03440", "2013-03-31": "3.11130", "2012-12-31": "", "2012-09-30": "3.07340", "2012-06-30": "2.99580", "2012-03-31": "3.12860", "2011-12-31": "", "2011-09-30": "3.20520", "2011-06-30": "3.65330", "2011-03-31": "3.57580", "2010-12-31": "", "2010-09-30": "3.46480", "2010-06-30": "3.28680", "2010-03-31": "3.26250", "2009-12-31": "", "2009-09-30": "3.28630", "2009-06-30": "3.00860", "2009-03-31": "2.72890", "2008-12-31": "", "2008-09-30": "3.05630", "2008-06-30": "3.29520", "2008-03-31": "3.12460", "2007-12-31": "", "2007-09-30": "2.91710", "2007-06-30": "2.89920", "2007-03-31": "2.77360", "2006-12-31": "", "2006-09-30": "2.79320", "2006-06-30": "2.73710", "2006-03-31": "2.58620", "2005-12-31": "", "2005-09-30": "2.52820", "2005-06-30": "2.49600", "2005-03-31": "2.42050"}, "Operating Cash Flow Per Share": {"2020-12-31": 0.3518, "2020-09-30": "-0.07030", "2020-06-30": 0.5694, "2020-03-31": 0.0832, "2019-12-31": 0.2664, "2019-09-30": "-0.05470", "2019-06-30": 0.5507, "2019-03-31": 0.1049, "2018-12-31": 0.2639, "2018-09-30": "-0.26390", "2018-06-30": 0.229, "2018-03-31": 0.1167, "2017-12-31": -0.6439, "2017-09-30": "0.64390", "2017-06-30": 0.2262, "2017-03-31": 0.1997, "2016-12-31": -0.7191, "2016-09-30": "0.71910", "2016-06-30": 0.206, "2016-03-31": 0.1075, "2015-12-31": -0.8269, "2015-09-30": "0.82690", "2015-06-30": 0.2676, "2015-03-31": 0.1691, "2014-12-31": -0.3721, "2014-09-30": "0.37210", "2014-06-30": 0.1124, "2014-03-31": 0.0239, "2013-12-31": -0.4957, "2013-09-30": "0.49570", "2013-06-30": 0.1774, "2013-03-31": 0.0158, "2012-12-31": -0.5477, "2012-09-30": "0.54770", "2012-06-30": 0.1784, "2012-03-31": 0.0923, "2011-12-31": -0.4732, "2011-09-30": "0.47320", "2011-06-30": 0.1673, "2011-03-31": -0.0152, "2010-12-31": -0.4576, "2010-09-30": "0.45760", "2010-06-30": 0.2253, "2010-03-31": 0.0058, "2009-12-31": -0.7329, "2009-09-30": "0.73290", "2009-06-30": 0.2328, "2009-03-31": 0.2909, "2008-12-31": -0.4051, "2008-09-30": "0.40510", "2008-06-30": 0.1423, "2008-03-31": 0.1086, "2007-12-31": -0.5572, "2007-09-30": "0.55720", "2007-06-30": 0.2145, "2007-03-31": 0.1346, "2006-12-31": -0.5303, "2006-09-30": "0.53030", "2006-06-30": 0.219, "2006-03-31": 0.0901, "2005-12-31": -0.4621, "2005-09-30": "0.46210", "2005-06-30": 0.1441, "2005-03-31": 0.0544}, "Free Cash Flow Per Share": {"2020-12-31": 0.2864, "2020-09-30": "-0.14120", "2020-06-30": 0.5212, "2020-03-31": 0.0162, "2019-12-31": 0.2096, "2019-09-30": "-0.12420", "2019-06-30": 0.499, "2019-03-31": -0.0525, "2018-12-31": 0.3545, "2018-09-30": "-0.35450", "2018-06-30": 0.1535, "2018-03-31": 0.0176, "2017-12-31": -0.3504, "2017-09-30": "0.35040", "2017-06-30": 0.1087, "2017-03-31": 0.1118, "2016-12-31": -0.4679, "2016-09-30": "0.46790", "2016-06-30": 0.1091, "2016-03-31": 0.0452, "2015-12-31": -0.5489, "2015-09-30": "0.54890", "2015-06-30": 0.1604, "2015-03-31": 0.0986, "2014-12-31": -0.1685, "2014-09-30": "0.16850", "2014-06-30": 0.0526, "2014-03-31": -0.0354, "2013-12-31": -0.3453, "2013-09-30": "0.34530", "2013-06-30": 0.1356, "2013-03-31": -0.0348, "2012-12-31": -0.3808, "2012-09-30": "0.38080", "2012-06-30": 0.1163, "2012-03-31": 0.0499, "2011-12-31": -0.306, "2011-09-30": "0.30600", "2011-06-30": 0.1044, "2011-03-31": -0.0649, "2010-12-31": -0.344, "2010-09-30": "0.34400", "2010-06-30": 0.1875, "2010-03-31": -0.0254, "2009-12-31": -0.6368, "2009-09-30": "0.63680", "2009-06-30": 0.1879, "2009-03-31": 0.2478, "2008-12-31": -0.2374, "2008-09-30": "0.23740", "2008-06-30": 0.0847, "2008-03-31": 0.0537, "2007-12-31": -0.3056, "2007-09-30": "0.30560", "2007-06-30": 0.1109, "2007-03-31": 0.061, "2006-12-31": -0.3211, "2006-09-30": "0.32110", "2006-06-30": 0.1406, "2006-03-31": 0.0225, "2005-12-31": -0.2395, "2005-09-30": "0.23950", "2005-06-30": 0.0688, "2005-03-31": -0.0239}}, "revenue": {"Amcor Annual Revenue (Millions of US $)": {"2020": "$12,468", "2019": "$9,458", "2018": "$9,319", "2017": "$9,101", "2016": "$4,004", "2015": "$4,071", "2014": "$4,344", "2013": "$4,477", "2012": "$4,584", "2011": "$5,323", "2010": "$4,835", "2009": "$3,515", "2008": "$3,779", "2007": "$3,649", "2006": "$3,639", "2005": "$3,474"}, "Amcor Quarterly Revenue (Millions of US $)": {"2020-12-31": "$3,103", "2020-09-30": "$3,097", "2020-06-30": "$3,143", "2020-03-31": "$3,141", "2019-12-31": "$3,043", "2019-09-30": "$3,141", "2019-06-30": "$2,601", "2019-03-31": "$2,310", "2018-12-31": "", "2018-09-30": "$2,262", "2018-06-30": "$1,033", "2018-03-31": "$1,027", "2017-12-31": "", "2017-09-30": "$1,035", "2017-06-30": "$1,012", "2017-03-31": "$995", "2016-12-31": "", "2016-09-30": "$1,027", "2016-06-30": "$1,021", "2016-03-31": "$968", "2015-12-31": "", "2015-09-30": "$1,018", "2015-06-30": "$1,030", "2015-03-31": "$1,040", "2014-12-31": "", "2014-09-30": "$1,098", "2014-06-30": "$1,098", "2014-03-31": "$1,095", "2013-12-31": "", "2013-09-30": "$1,122", "2013-06-30": "$1,297", "2013-03-31": "$1,255", "2012-12-31": "", "2012-09-30": "$1,288", "2012-06-30": "$1,313", "2012-03-31": "$1,305", "2011-12-31": "", "2011-09-30": "$1,358", "2011-06-30": "$1,370", "2011-03-31": "$1,324", "2010-12-31": "", "2010-09-30": "$1,294", "2010-06-30": "$1,270", "2010-03-31": "$1,022", "2009-12-31": "", "2009-09-30": "$899", "2009-06-30": "$866", "2009-03-31": "$843", "2008-12-31": "", "2008-09-30": "$984", "2008-06-30": "$980", "2008-03-31": "$947", "2007-12-31": "", "2007-09-30": "$906", "2007-06-30": "$922", "2007-03-31": "$909", "2006-12-31": "", "2006-09-30": "$903", "2006-06-30": "$934", "2006-03-31": "$902", "2005-12-31": "", "2005-09-30": "$870", "2005-06-30": "$880", "2005-03-31": "$832"}}, "gross-profit": {"Amcor Annual Gross Profit (Millions of US $)": {"2020": "$2,536", "2019": "$1,799", "2018": "$1,857", "2017": "$1,912", "2016": "$867", "2015": "$873", "2014": "$859", "2013": "$875", "2012": "$852", "2011": "$910", "2010": "$893", "2009": "$700", "2008": "$648", "2007": "$676", "2006": "$697", "2005": "$676"}, "Amcor Quarterly Gross Profit (Millions of US $)": {"2020-12-31": "$651", "2020-09-30": "$654", "2020-06-30": "$720", "2020-03-31": "$652", "2019-12-31": "$617", "2019-09-30": "$547", "2019-06-30": "$533", "2019-03-31": "$420", "2018-12-31": "", "2018-09-30": "$394", "2018-06-30": "$202", "2018-03-31": "$198", "2017-12-31": "", "2017-09-30": "$208", "2017-06-30": "$186", "2017-03-31": "$198", "2016-12-31": "", "2016-09-30": "$225", "2016-06-30": "$217", "2016-03-31": "$209", "2015-12-31": "", "2015-09-30": "$222", "2015-06-30": "$221", "2015-03-31": "$218", "2014-12-31": "", "2014-09-30": "$221", "2014-06-30": "$219", "2014-03-31": "$211", "2013-12-31": "", "2013-09-30": "$224", "2013-06-30": "$252", "2013-03-31": "$242", "2012-12-31": "", "2012-09-30": "$247", "2012-06-30": "$233", "2012-03-31": "$231", "2011-12-31": "", "2011-09-30": "$224", "2011-06-30": "$238", "2011-03-31": "$230", "2010-12-31": "", "2010-09-30": "$242", "2010-06-30": "$234", "2010-03-31": "$186", "2009-12-31": "", "2009-09-30": "$180", "2009-06-30": "$178", "2009-03-31": "$164", "2008-12-31": "", "2008-09-30": "$166", "2008-06-30": "$173", "2008-03-31": "$163", "2007-12-31": "", "2007-09-30": "$161", "2007-06-30": "$177", "2007-03-31": "$177", "2006-12-31": "", "2006-09-30": "$174", "2006-06-30": "$186", "2006-03-31": "$167", "2005-12-31": "", "2005-09-30": "$173", "2005-06-30": "$168", "2005-03-31": "$155"}}, "operating-income": {"Amcor Annual Operating Income (Millions of US $)": {"2020": "$994", "2019": "$792", "2018": "$994", "2017": "$916", "2016": "$411", "2015": "$410", "2014": "$408", "2013": "$350", "2012": "$308", "2011": "$367", "2010": "$401", "2009": "$280", "2008": "$294", "2007": "$308", "2006": "$335", "2005": "$321"}, "Amcor Quarterly Operating Income (Millions of US $)": {"2020-12-31": "$307", "2020-09-30": "$276", "2020-06-30": "$310", "2020-03-31": "$271", "2019-12-31": "$272", "2019-09-30": "$141", "2019-06-30": "$211", "2019-03-31": "$181", "2018-12-31": "", "2018-09-30": "$178", "2018-06-30": "$1,033", "2018-03-31": "$81", "2017-12-31": "", "2017-09-30": "$97", "2017-06-30": "$1,012", "2017-03-31": "$88", "2016-12-31": "", "2016-09-30": "$116", "2016-06-30": "$1,021", "2016-03-31": "$99", "2015-12-31": "", "2015-09-30": "$106", "2015-06-30": "$1,030", "2015-03-31": "$97", "2014-12-31": "", "2014-09-30": "$107", "2014-06-30": "$1,098", "2014-03-31": "$95", "2013-12-31": "", "2013-09-30": "$88", "2013-06-30": "$1,297", "2013-03-31": "$92", "2012-12-31": "", "2012-09-30": "$90", "2012-06-30": "$1,313", "2012-03-31": "$89", "2011-12-31": "", "2011-09-30": "$104", "2011-06-30": "$1,370", "2011-03-31": "$103", "2010-12-31": "", "2010-09-30": "$119", "2010-06-30": "$1,270", "2010-03-31": "$65", "2009-12-31": "", "2009-09-30": "$68", "2009-06-30": "$866", "2009-03-31": "$64", "2008-12-31": "", "2008-09-30": "$74", "2008-06-30": "$980", "2008-03-31": "$68", "2007-12-31": "", "2007-09-30": "$70", "2007-06-30": "$922", "2007-03-31": "$85", "2006-12-31": "", "2006-09-30": "$87", "2006-06-30": "$934", "2006-03-31": "$78", "2005-12-31": "", "2005-09-30": "$84", "2005-06-30": "$880", "2005-03-31": "$63"}}, "ebitda": {"Amcor Annual EBITDA (Millions of US $)": {"2020": "$1,654", "2019": "$1,244", "2018": "$1,352", "2017": "$1,293", "2016": "$573", "2015": "$568", "2014": "$588", "2013": "$541", "2012": "$513", "2011": "$588", "2010": "$611", "2009": "$439", "2008": "$456", "2007": "$467", "2006": "$488", "2005": "$472"}, "Amcor Quarterly EBITDA (Millions of US $)": {"2020-12-31": "$452", "2020-09-30": "$423", "2020-06-30": "$466", "2020-03-31": "$440", "2019-12-31": "$422", "2019-09-30": "$326", "2019-06-30": "$395", "2019-03-31": "$263", "2018-12-31": "", "2018-09-30": "$263", "2018-06-30": "$1,076", "2018-03-31": "$81", "2017-12-31": "", "2017-09-30": "$225", "2017-06-30": "$1,055", "2017-03-31": "$88", "2016-12-31": "", "2016-09-30": "$238", "2016-06-30": "$1,062", "2016-03-31": "$99", "2015-12-31": "", "2015-09-30": "$224", "2015-06-30": "$1,071", "2015-03-31": "$97", "2014-12-31": "", "2014-09-30": "$246", "2014-06-30": "$1,145", "2014-03-31": "$95", "2013-12-31": "", "2013-09-30": "$231", "2013-06-30": "$1,345", "2013-03-31": "$92", "2012-12-31": "", "2012-09-30": "$247", "2012-06-30": "$1,365", "2012-03-31": "$89", "2011-12-31": "", "2011-09-30": "$271", "2011-06-30": "$1,427", "2011-03-31": "$103", "2010-12-31": "", "2010-09-30": "$275", "2010-06-30": "$1,329", "2010-03-31": "$65", "2009-12-31": "", "2009-09-30": "$187", "2009-06-30": "$906", "2009-03-31": "$64", "2008-12-31": "", "2008-09-30": "$198", "2008-06-30": "$1,022", "2008-03-31": "$68", "2007-12-31": "", "2007-09-30": "$190", "2007-06-30": "$961", "2007-03-31": "$85", "2006-12-31": "", "2006-09-30": "$205", "2006-06-30": "$973", "2006-03-31": "$78", "2005-12-31": "", "2005-09-30": "$202", "2005-06-30": "$919", "2005-03-31": "$63"}}, "net-income": {"Amcor Annual Net Income (Millions of US $)": {"2020": "$612", "2019": "$430", "2018": "$575", "2017": "$564", "2016": "$236", "2015": "$239", "2014": "$191", "2013": "$213", "2012": "$172", "2011": "$181", "2010": "$201", "2009": "$147", "2008": "$166", "2007": "$176", "2006": "$176", "2005": "$163"}, "Amcor Quarterly Net Income (Millions of US $)": {"2020-12-31": "$219", "2020-09-30": "$198", "2020-06-30": "$179", "2020-03-31": "$182", "2019-12-31": "$186", "2019-09-30": "$66", "2019-06-30": "$81", "2019-03-31": "$113", "2018-12-31": "", "2018-09-30": "$98", "2018-06-30": "$47", "2018-03-31": "$48", "2017-12-31": "", "2017-09-30": "$56", "2017-06-30": "$28", "2017-03-31": "$51", "2016-12-31": "", "2016-09-30": "$69", "2016-06-30": "$51", "2016-03-31": "$56", "2015-12-31": "", "2015-09-30": "$63", "2015-06-30": "$66", "2015-03-31": "$54", "2014-12-31": "", "2014-09-30": "$17", "2014-06-30": "$66", "2014-03-31": "$49", "2013-12-31": "", "2013-09-30": "$54", "2013-06-30": "$53", "2013-03-31": "$49", "2012-12-31": "", "2012-09-30": "$47", "2012-06-30": "$42", "2012-03-31": "$44", "2011-12-31": "", "2011-09-30": "$55", "2011-06-30": "$54", "2011-03-31": "$50", "2010-12-31": "", "2010-09-30": "$60", "2010-06-30": "$59", "2010-03-31": "$30", "2009-12-31": "", "2009-09-30": "$35", "2009-06-30": "$47", "2009-03-31": "$36", "2008-12-31": "", "2008-09-30": "$43", "2008-06-30": "$45", "2008-03-31": "$41", "2007-12-31": "", "2007-09-30": "$41", "2007-06-30": "$50", "2007-03-31": "$48", "2006-12-31": "", "2006-09-30": "$48", "2006-06-30": "$49", "2006-03-31": "$38", "2005-12-31": "", "2005-09-30": "$44", "2005-06-30": "$41", "2005-03-31": "$32"}}, "eps-earnings-per-share-diluted": {"Amcor Annual EPS": {"2020": "$0.38", "2019": "$0.36", "2018": "$0.49", "2017": "$0.48", "2016": "$0.49", "2015": "$0.48", "2014": "$0.37", "2013": "$0.40", "2012": "$0.33", "2011": "$0.34", "2010": "$0.36", "2009": "$0.27", "2008": "$0.32", "2007": "$0.33", "2006": "$0.32", "2005": "$0.30"}, "Amcor Quarterly EPS": {"2020-12-31": "$0.14", "2020-09-30": "$0.13", "2020-06-30": "$0.11", "2020-03-31": "$0.11", "2019-12-31": "$0.12", "2019-09-30": "$0.04", "2019-06-30": "$0.07", "2019-03-31": "$0.10", "2018-12-31": "$0.00", "2018-09-30": "$0.08", "2018-06-30": "$0.10", "2018-03-31": "$0.10", "2017-12-31": "$0.00", "2017-09-30": "$0.12", "2017-06-30": "$0.06", "2017-03-31": "$0.11", "2016-12-31": "$0.00", "2016-09-30": "$0.14", "2016-06-30": "$0.10", "2016-03-31": "$0.12", "2015-12-31": "$0.00", "2015-09-30": "$0.13", "2015-06-30": "$0.13", "2015-03-31": "$0.11", "2014-12-31": "$0.00", "2014-09-30": "$0.03", "2014-06-30": "$0.13", "2014-03-31": "$0.09", "2013-12-31": "$0.00", "2013-09-30": "$0.10", "2013-06-30": "$0.10", "2013-03-31": "$0.09", "2012-12-31": "$0.00", "2012-09-30": "$0.09", "2012-06-30": "$0.08", "2012-03-31": "$0.08", "2011-12-31": "$0.00", "2011-09-30": "$0.10", "2011-06-30": "$0.10", "2011-03-31": "$0.09", "2010-12-31": "$0.00", "2010-09-30": "$0.11", "2010-06-30": "$0.11", "2010-03-31": "$0.06", "2009-12-31": "$0.00", "2009-09-30": "$0.07", "2009-06-30": "$0.09", "2009-03-31": "$0.07", "2008-12-31": "$0.00", "2008-09-30": "$0.08", "2008-06-30": "$0.09", "2008-03-31": "$0.08", "2007-12-31": "$0.00", "2007-09-30": "$0.08", "2007-06-30": "$0.09", "2007-03-31": "$0.09", "2006-12-31": "$0.00", "2006-09-30": "$0.09", "2006-06-30": "$0.09", "2006-03-31": "$0.07", "2005-12-31": "$0.00", "2005-09-30": "$0.08", "2005-06-30": "$0.08", "2005-03-31": "$0.06"}}, "shares-outstanding": {"Amcor Annual Shares Outstanding (Millions of Shares)": {"2020": "1,602", "2019": "1,184", "2018": "1,162", "2017": "1,164", "2016": "485", "2015": "499", "2014": "516", "2013": "530", "2012": "530", "2011": "536", "2010": "555", "2009": "528", "2008": "510", "2007": "528", "2006": "545", "2005": "550"}, "Amcor Quarterly Shares Outstanding (Millions of Shares)": {"2020-12-31": "1,570", "2020-09-30": "1,565", "2020-06-30": "1,602", "2020-03-31": "1,595", "2019-12-31": "1,615", "2019-09-30": "1,626", "2019-06-30": "1,184", "2019-03-31": "1,158", "2018-12-31": "", "2018-09-30": "1,159", "2018-06-30": "465", "2018-03-31": "465", "2017-12-31": "", "2017-09-30": "465", "2017-06-30": "471", "2017-03-31": "473", "2016-12-31": "", "2016-09-30": "485", "2016-06-30": "488", "2016-03-31": "489", "2015-12-31": "", "2015-09-30": "498", "2015-06-30": "500", "2015-03-31": "504", "2014-12-31": "", "2014-09-30": "515", "2014-06-30": "517", "2014-03-31": "522", "2013-12-31": "", "2013-09-30": "529", "2013-06-30": "530", "2013-03-31": "532", "2012-12-31": "", "2012-09-30": "530", "2012-06-30": "529", "2012-03-31": "529", "2011-12-31": "", "2011-09-30": "529", "2011-06-30": "539", "2011-03-31": "548", "2010-12-31": "", "2010-09-30": "554", "2010-06-30": "557", "2010-03-31": "557", "2009-12-31": "", "2009-09-30": "540", "2009-06-30": "510", "2009-03-31": "510", "2008-12-31": "", "2008-09-30": "510", "2008-06-30": "510", "2008-03-31": "512", "2007-12-31": "", "2007-09-30": "525", "2007-06-30": "539", "2007-03-31": "543", "2006-12-31": "", "2006-09-30": "544", "2006-06-30": "544", "2006-03-31": "544", "2005-12-31": "", "2005-09-30": "549", "2005-06-30": "554", "2005-03-31": "553"}}, "total-assets": {"Amcor Annual Total Assets (Millions of US $)": {"2020": "$16,442", "2019": "$17,165", "2018": "$9,058", "2017": "$0", "2016": "$3,716", "2015": "$3,490", "2014": "$3,611", "2013": "$4,110", "2012": "$4,186", "2011": "$4,320", "2010": "$4,286", "2009": "$3,929", "2008": "$2,822", "2007": "$3,191", "2006": "$3,039", "2005": "$2,965"}, "Amcor Quarterly Total Assets (Millions of US $)": {"2020-12-31": "$16,718", "2020-09-30": "$16,465", "2020-06-30": "$16,442", "2020-03-31": "$16,421", "2019-12-31": "$16,833", "2019-09-30": "$16,731", "2019-06-30": "$17,165", "2019-03-31": "$3,648", "2018-12-31": "$0", "2018-09-30": "$3,604", "2018-06-30": "$0", "2018-03-31": "$3,754", "2017-12-31": "$0", "2017-09-30": "$3,877", "2017-06-30": "$3,830", "2017-03-31": "$3,779", "2016-12-31": "$0", "2016-09-30": "$3,753", "2016-06-30": "$3,767", "2016-03-31": "$3,573", "2015-12-31": "$0", "2015-09-30": "$3,448", "2015-06-30": "$3,574", "2015-03-31": "$3,571", "2014-12-31": "$0", "2014-09-30": "$4,021", "2014-06-30": "$4,153", "2014-03-31": "$4,148", "2013-12-31": "$0", "2013-09-30": "$4,195", "2013-06-30": "$4,146", "2013-03-31": "$4,305", "2012-12-31": "$0", "2012-09-30": "$4,277", "2012-06-30": "$4,295", "2012-03-31": "$4,391", "2011-12-31": "$0", "2011-09-30": "$4,344", "2011-06-30": "$4,503", "2011-03-31": "$4,410", "2010-12-31": "$0", "2010-09-30": "$4,327", "2010-06-30": "$4,327", "2010-03-31": "$4,344", "2009-12-31": "$0", "2009-09-30": "$4,011", "2009-06-30": "$2,931", "2009-03-31": "$2,777", "2008-12-31": "$0", "2008-09-30": "$3,201", "2008-06-30": "$3,381", "2008-03-31": "$3,266", "2007-12-31": "$0", "2007-09-30": "$3,199", "2007-06-30": "$3,146", "2007-03-31": "$3,089", "2006-12-31": "$0", "2006-09-30": "$3,095", "2006-06-30": "$3,112", "2006-03-31": "$3,097", "2005-12-31": "$0", "2005-09-30": "$3,008", "2005-06-30": "$2,972", "2005-03-31": "$2,966"}}, "cash-on-hand": {"Amcor Annual Cash on Hand (Millions of US $)": {"2020": "$743", "2019": "$602", "2018": "$621", "2017": "$", "2016": "$74", "2015": "$59", "2014": "$47", "2013": "$142", "2012": "$114", "2011": "$110", "2010": "$60", "2009": "$1,066", "2008": "$43", "2007": "$147", "2006": "$112", "2005": "$91"}, "Amcor Quarterly Cash on Hand (Millions of US $)": {"2020-12-31": "$755", "2020-09-30": "$757", "2020-06-30": "$743", "2020-03-31": "$538", "2019-12-31": "$674", "2019-09-30": "$480", "2019-06-30": "$602", "2019-03-31": "$58", "2018-12-31": "", "2018-09-30": "$62", "2018-06-30": "", "2018-03-31": "$60", "2017-12-31": "", "2017-09-30": "$45", "2017-06-30": "$55", "2017-03-31": "$51", "2016-12-31": "", "2016-09-30": "$79", "2016-06-30": "$62", "2016-03-31": "$50", "2015-12-31": "", "2015-09-30": "$79", "2015-06-30": "$88", "2015-03-31": "$60", "2014-12-31": "", "2014-09-30": "$126", "2014-06-30": "$127", "2014-03-31": "$152", "2013-12-31": "", "2013-09-30": "$156", "2013-06-30": "$150", "2013-03-31": "$153", "2012-12-31": "", "2012-09-30": "$123", "2012-06-30": "$127", "2012-03-31": "$113", "2011-12-31": "", "2011-09-30": "$98", "2011-06-30": "$73", "2011-03-31": "$56", "2010-12-31": "", "2010-09-30": "$92", "2010-06-30": "$80", "2010-03-31": "$64", "2009-12-31": "", "2009-09-30": "$1,104", "2009-06-30": "$80", "2009-03-31": "$73", "2008-12-31": "", "2008-09-30": "$149", "2008-06-30": "$171", "2008-03-31": "$157", "2007-12-31": "", "2007-09-30": "$165", "2007-06-30": "$153", "2007-03-31": "$143", "2006-12-31": "", "2006-09-30": "$105", "2006-06-30": "$110", "2006-03-31": "$115", "2005-12-31": "", "2005-09-30": "$151", "2005-06-30": "$120", "2005-03-31": "$131"}}, "long-term-debt": {"Amcor Annual Long Term Debt (Millions of US $)": {"2020": "$6,028", "2019": "$5,309", "2018": "$2,690", "2017": "$", "2016": "$1,528", "2015": "$1,354", "2014": "$1,312", "2013": "$1,421", "2012": "$1,418", "2011": "$1,555", "2010": "$1,284", "2009": "$1,228", "2008": "$660", "2007": "$775", "2006": "$722", "2005": "$790"}, "Amcor Quarterly Long Term Debt (Millions of US $)": {"2020-12-31": "$6,432", "2020-09-30": "$6,361", "2020-06-30": "$6,028", "2020-03-31": "$6,209", "2019-12-31": "$5,854", "2019-09-30": "$5,455", "2019-06-30": "$5,309", "2019-03-31": "$1,395", "2018-12-31": "", "2018-09-30": "$1,431", "2018-06-30": "", "2018-03-31": "$1,544", "2017-12-31": "", "2017-09-30": "$1,531", "2017-06-30": "$1,517", "2017-03-31": "$1,537", "2016-12-31": "", "2016-09-30": "$1,486", "2016-06-30": "$1,532", "2016-03-31": "$1,437", "2015-12-31": "", "2015-09-30": "$1,294", "2015-06-30": "$1,358", "2015-03-31": "$1,357", "2014-12-31": "", "2014-09-30": "$1,433", "2014-06-30": "$1,465", "2014-03-31": "$1,442", "2013-12-31": "", "2013-09-30": "$1,422", "2013-06-30": "$1,450", "2013-03-31": "$1,543", "2012-12-31": "", "2012-09-30": "$1,494", "2012-06-30": "$1,549", "2012-03-31": "$1,552", "2011-12-31": "", "2011-09-30": "$1,592", "2011-06-30": "$1,460", "2011-03-31": "$1,417", "2010-12-31": "", "2010-09-30": "$1,375", "2010-06-30": "$1,461", "2010-03-31": "$1,511", "2009-12-31": "", "2009-09-30": "$1,290", "2009-06-30": "$559", "2009-03-31": "$585", "2008-12-31": "", "2008-09-30": "$747", "2008-06-30": "$740", "2008-03-31": "$816", "2007-12-31": "", "2007-09-30": "$842", "2007-06-30": "$748", "2007-03-31": "$774", "2006-12-31": "", "2006-09-30": "$713", "2006-06-30": "$777", "2006-03-31": "$826", "2005-12-31": "", "2005-09-30": "$785", "2005-06-30": "$815", "2005-03-31": "$842"}}, "total-liabilities": {"Amcor Annual Total Liabilities (Millions of US $)": {"2020": "$11,755", "2019": "$11,490", "2018": "$8,362", "2017": "$", "2016": "$2,456", "2015": "$2,282", "2014": "$2,178", "2013": "$2,425", "2012": "$2,545", "2011": "$2,738", "2010": "$2,358", "2009": "$2,077", "2008": "$1,440", "2007": "$1,629", "2006": "$1,567", "2005": "$1,615"}, "Amcor Quarterly Total Liabilities (Millions of US $)": {"2020-12-31": "$11,870", "2020-09-30": "$11,721", "2020-06-30": "$11,755", "2020-03-31": "$11,618", "2019-12-31": "$11,430", "2019-09-30": "$11,239", "2019-06-30": "$11,490", "2019-03-31": "$2,400", "2018-12-31": "", "2018-09-30": "$2,417", "2018-06-30": "", "2018-03-31": "$2,516", "2017-12-31": "", "2017-09-30": "$2,601", "2017-06-30": "$2,566", "2017-03-31": "$2,517", "2016-12-31": "", "2016-09-30": "$2,470", "2016-06-30": "$2,470", "2016-03-31": "$2,341", "2015-12-31": "", "2015-09-30": "$2,205", "2015-06-30": "$2,232", "2015-03-31": "$2,242", "2014-12-31": "", "2014-09-30": "$2,426", "2014-06-30": "$2,458", "2014-03-31": "$2,471", "2013-12-31": "", "2013-09-30": "$2,508", "2013-06-30": "$2,553", "2013-03-31": "$2,674", "2012-12-31": "", "2012-09-30": "$2,659", "2012-06-30": "$2,720", "2012-03-31": "$2,746", "2011-12-31": "", "2011-09-30": "$2,662", "2011-06-30": "$2,564", "2011-03-31": "$2,473", "2010-12-31": "", "2010-09-30": "$2,415", "2010-06-30": "$2,497", "2010-03-31": "$2,529", "2009-12-31": "", "2009-09-30": "$2,197", "2009-06-30": "$1,398", "2009-03-31": "$1,387", "2008-12-31": "", "2008-09-30": "$1,647", "2008-06-30": "$1,706", "2008-03-31": "$1,678", "2007-12-31": "", "2007-09-30": "$1,704", "2007-06-30": "$1,602", "2007-03-31": "$1,610", "2006-12-31": "", "2006-09-30": "$1,602", "2006-06-30": "$1,648", "2006-03-31": "$1,714", "2005-12-31": "", "2005-09-30": "$1,650", "2005-06-30": "$1,608", "2005-03-31": "$1,643"}}, "total-share-holder-equity": {"Amcor Annual Share Holder Equity (Millions of US $)": {"2020": "$4,687", "2019": "$5,675", "2018": "$695", "2017": "$", "2016": "$1,260", "2015": "$1,207", "2014": "$1,433", "2013": "$1,685", "2012": "$1,641", "2011": "$1,582", "2010": "$1,927", "2009": "$1,852", "2008": "$1,383", "2007": "$1,562", "2006": "$1,472", "2005": "$1,349"}, "Amcor Quarterly Share Holder Equity (Millions of US $)": {"2020-12-31": "$4,848", "2020-09-30": "$4,744", "2020-06-30": "$4,687", "2020-03-31": "$4,803", "2019-12-31": "$5,403", "2019-09-30": "$5,491", "2019-06-30": "$5,675", "2019-03-31": "$1,248", "2018-12-31": "", "2018-09-30": "$1,187", "2018-06-30": "", "2018-03-31": "$1,238", "2017-12-31": "", "2017-09-30": "$1,276", "2017-06-30": "$1,265", "2017-03-31": "$1,262", "2016-12-31": "", "2016-09-30": "$1,283", "2016-06-30": "$1,297", "2016-03-31": "$1,232", "2015-12-31": "", "2015-09-30": "$1,243", "2015-06-30": "$1,342", "2015-03-31": "$1,328", "2014-12-31": "", "2014-09-30": "$1,595", "2014-06-30": "$1,695", "2014-03-31": "$1,677", "2013-12-31": "", "2013-09-30": "$1,687", "2013-06-30": "$1,592", "2013-03-31": "$1,631", "2012-12-31": "", "2012-09-30": "$1,618", "2012-06-30": "$1,575", "2012-03-31": "$1,645", "2011-12-31": "", "2011-09-30": "$1,682", "2011-06-30": "$1,939", "2011-03-31": "$1,937", "2010-12-31": "", "2010-09-30": "$1,912", "2010-06-30": "$1,829", "2010-03-31": "$1,815", "2009-12-31": "", "2009-09-30": "$1,813", "2009-06-30": "$1,533", "2009-03-31": "$1,390", "2008-12-31": "", "2008-09-30": "$1,554", "2008-06-30": "$1,675", "2008-03-31": "$1,588", "2007-12-31": "", "2007-09-30": "$1,495", "2007-06-30": "$1,545", "2007-03-31": "$1,479", "2006-12-31": "", "2006-09-30": "$1,493", "2006-06-30": "$1,463", "2006-03-31": "$1,383", "2005-12-31": "", "2005-09-30": "$1,358", "2005-06-30": "$1,364", "2005-03-31": "$1,323"}}, "profit-margins": {"current": "6.23%"}, "gross margin": {"2020-12-31": "21.44%", "2020-09-30": "21.27%", "2020-06-30": "20.34%", "2020-03-31": "19.70%", "2019-12-31": "19.08%", "2019-06-30": "18.78%", "2019-03-31": "18.13%", "2018-06-30": "19.64%", "2018-03-31": "19.26%", "2017-06-30": "20.07%", "2017-03-31": "21.03%", "2016-06-30": "21.55%", "2016-03-31": "21.62%", "2015-06-30": "20.83%", "2015-03-31": "20.33%", "2014-06-30": "19.73%", "2014-03-31": "19.55%", "2013-06-30": "19.30%", "2013-03-31": "18.72%", "2012-06-30": "17.30%", "2012-03-31": "17.18%", "2011-06-30": "17.80%", "2011-03-31": "18.16%", "2010-06-30": "18.80%", "2010-03-31": "19.52%", "2009-06-30": "18.86%", "2009-03-31": "17.92%", "2008-06-30": "17.54%", "2008-03-31": "18.05%", "2007-06-30": "19.31%", "2007-03-31": "19.56%", "2006-06-30": "19.44%", "2006-03-31": "19.16%"}, "operating margin": {"2020-12-31": "9.32%", "2020-09-30": "9.09%", "2020-06-30": "7.97%", "2020-03-31": "7.50%", "2019-12-31": "7.26%", "2019-06-30": "7.95%", "2019-03-31": "24.83%", "2018-06-30": "39.10%", "2018-03-31": "38.68%", "2017-06-30": "40.08%", "2017-03-31": "40.26%", "2016-06-30": "40.77%", "2016-03-31": "40.95%", "2015-06-30": "38.95%", "2015-03-31": "40.23%", "2014-06-30": "38.64%", "2014-03-31": "42.12%", "2013-06-30": "38.52%", "2013-03-31": "38.77%", "2012-06-30": "37.88%", "2012-03-31": "38.76%", "2011-06-30": "39.92%", "2011-03-31": "38.37%", "2010-06-30": "43.97%", "2010-03-31": "35.84%", "2009-06-30": "37.28%", "2009-03-31": "39.83%", "2008-06-30": "39.46%", "2008-03-31": "38.20%", "2007-06-30": "40.01%", "2007-03-31": "40.28%", "2006-06-30": "40.50%", "2006-03-31": "39.29%"}, "ebitda margin": {"2020-12-31": "14.27%", "2020-09-30": "14.09%", "2020-06-30": "13.27%", "2020-03-31": "13.27%", "2019-12-31": "12.67%", "2019-06-30": "12.84%", "2019-03-31": "28.58%", "2018-06-30": "44.59%", "2018-03-31": "44.21%", "2017-06-30": "45.52%", "2017-03-31": "45.61%", "2016-06-30": "46.06%", "2016-03-31": "46.22%", "2015-06-30": "44.63%", "2015-03-31": "45.98%", "2014-06-30": "44.37%", "2014-03-31": "47.55%", "2013-06-30": "43.85%", "2013-03-31": "44.19%", "2012-06-30": "43.39%", "2012-03-31": "44.31%", "2011-06-30": "45.26%", "2011-03-31": "43.90%", "2010-06-30": "49.55%", "2010-03-31": "41.55%", "2009-06-30": "43.37%", "2009-03-31": "45.74%", "2008-06-30": "45.18%", "2008-03-31": "43.93%", "2007-06-30": "45.76%", "2007-03-31": "45.99%", "2006-06-30": "46.30%", "2006-03-31": "45.21%"}, "pre tax profit margin": {"2020-12-31": "8.15%", "2020-09-30": "7.82%", "2020-06-30": "6.62%", "2020-03-31": "6.12%", "2019-12-31": "5.67%", "2019-06-30": "5.92%", "2019-03-31": "5.67%", "2018-06-30": "6.66%", "2018-03-31": "6.05%", "2017-06-30": "7.15%", "2017-03-31": "8.28%", "2016-06-30": "8.45%", "2016-03-31": "9.18%", "2015-06-30": "8.84%", "2015-03-31": "8.41%", "2014-06-30": "7.72%", "2014-03-31": "7.00%", "2013-06-30": "5.89%", "2013-03-31": "5.50%", "2012-06-30": "5.58%", "2012-03-31": "6.03%", "2011-06-30": "6.77%", "2011-03-31": "7.07%", "2010-06-30": "6.36%", "2010-03-31": "6.75%", "2009-06-30": "7.76%", "2009-03-31": "7.34%", "2008-06-30": "7.34%", "2008-03-31": "7.64%", "2007-06-30": "8.63%", "2007-03-31": "8.63%", "2006-06-30": "7.95%", "2006-03-31": "7.65%"}, "net profit margin": {"2020-12-31": "6.23%", "2020-09-30": "6.00%", "2020-06-30": "4.92%", "2020-03-31": "4.32%", "2019-12-31": "4.02%", "2019-06-30": "4.07%", "2019-03-31": "4.60%", "2018-06-30": "4.88%", "2018-03-31": "4.29%", "2017-06-30": "4.88%", "2017-03-31": "5.62%", "2016-06-30": "5.65%", "2016-03-31": "6.13%", "2015-06-30": "4.32%", "2015-03-31": "4.23%", "2014-06-30": "5.10%", "2014-03-31": "4.44%", "2013-06-30": "3.88%", "2013-03-31": "3.58%", "2012-06-30": "3.55%", "2012-03-31": "3.79%", "2011-06-30": "4.11%", "2011-03-31": "4.35%", "2010-06-30": "3.89%", "2010-03-31": "4.02%", "2009-06-30": "4.68%", "2009-03-31": "4.42%", "2008-06-30": "4.48%", "2008-03-31": "4.76%", "2007-06-30": "5.34%", "2007-03-31": "5.28%", "2006-06-30": "4.84%", "2006-03-31": "4.64%"}, "pe ratio": {"current": "0.00", "2021-02-11": "47.08", "2020-12-31": "49.04", "2020-09-30": "30.39", "2020-06-30": "37.06", "2020-03-31": "29.14"}, "price sales": {"2021-02-11": "1.43", "2020-12-31": "1.49", "2020-09-30": "1.40", "2020-06-30": "1.29", "2020-03-31": "0.99"}, "price book": {"current": "3.64", "2021-02-11": "3.63", "2020-12-31": "3.78", "2020-09-30": "3.61", "2020-06-30": "3.33", "2020-03-31": "2.58", "2019-12-31": "3.08", "2019-09-30": "2.72", "2019-06-30": "3.08"}, "price fcf": {"2021-02-11": "", "2020-12-31": "$0.68", "2020-09-30": "$0.61", "2020-06-30": "$0.62", "2020-03-31": "$0.55"}, "net worth": {"value": "$17.56B"}, "current ratio": {"current": "1.28", "2020-12-31": "1.28", "2020-09-30": "1.27", "2020-06-30": "1.14", "2020-03-31": "1.23", "2019-12-31": "1.24", "2019-09-30": "1.19", "2019-06-30": "1.15", "2019-03-31": "1.93", "2018-12-31": "0.00", "2018-09-30": "1.79", "2018-06-30": "0.00", "2018-03-31": "1.88", "2017-12-31": "0.00", "2017-09-30": "1.80", "2017-06-30": "1.78", "2017-03-31": "1.91", "2016-12-31": "0.00", "2016-09-30": "1.92", "2016-06-30": "2.08", "2016-03-31": "2.06", "2015-12-31": "0.00", "2015-09-30": "2.16", "2015-06-30": "2.57", "2015-03-31": "2.55", "2014-12-31": "0.00", "2014-09-30": "2.64", "2014-06-30": "2.59", "2014-03-31": "2.45", "2013-12-31": "0.00", "2013-09-30": "2.40", "2013-06-30": "2.52", "2013-03-31": "2.60", "2012-12-31": "0.00", "2012-09-30": "2.28", "2012-06-30": "2.32", "2012-03-31": "2.37", "2011-12-31": "0.00", "2011-09-30": "2.40", "2011-06-30": "2.41", "2011-03-31": "2.47", "2010-12-31": "0.00", "2010-09-30": "2.25", "2010-06-30": "2.18", "2010-03-31": "2.15", "2009-12-31": "0.00", "2009-09-30": "3.81", "2009-06-30": "2.09", "2009-03-31": "2.22", "2008-12-31": "0.00", "2008-09-30": "2.16", "2008-06-30": "2.07", "2008-03-31": "2.25", "2007-12-31": "0.00", "2007-09-30": "2.16", "2007-06-30": "2.18", "2007-03-31": "2.11", "2006-12-31": "0.00", "2006-09-30": "1.92", "2006-06-30": "1.99", "2006-03-31": "2.12", "2005-12-31": "0.00", "2005-09-30": "2.15", "2005-06-30": "2.38", "2005-03-31": "2.36"}, "quick ratio": {"2020-12-31": "0.78", "2020-09-30": "0.78", "2020-06-30": "0.68", "2020-03-31": "0.74", "2019-12-31": "0.74", "2019-09-30": "0.70", "2019-06-30": "0.72", "2019-03-31": "0.97", "2018-12-31": "0.00", "2018-09-30": "0.90", "2018-06-30": "0.00", "2018-03-31": "0.96", "2017-12-31": "0.00", "2017-09-30": "0.91", "2017-06-30": "0.91", "2017-03-31": "0.98", "2016-12-31": "0.00", "2016-09-30": "1.01", "2016-06-30": "1.14", "2016-03-31": "1.10", "2015-12-31": "0.00", "2015-09-30": "1.21", "2015-06-30": "1.46", "2015-03-31": "1.43", "2014-12-31": "0.00", "2014-09-30": "1.69", "2014-06-30": "1.48", "2014-03-31": "1.42", "2013-12-31": "0.00", "2013-09-30": "1.39", "2013-06-30": "1.48", "2013-03-31": "1.51", "2012-12-31": "0.00", "2012-09-30": "1.34", "2012-06-30": "1.39", "2012-03-31": "1.38", "2011-12-31": "0.00", "2011-09-30": "1.36", "2011-06-30": "1.34", "2011-03-31": "1.35", "2010-12-31": "0.00", "2010-09-30": "1.28", "2010-06-30": "1.27", "2010-03-31": "1.26", "2009-12-31": "0.00", "2009-09-30": "3.03", "2009-06-30": "1.24", "2009-03-31": "1.29", "2008-12-31": "0.00", "2008-09-30": "1.25", "2008-06-30": "1.22", "2008-03-31": "1.33", "2007-12-31": "0.00", "2007-09-30": "1.28", "2007-06-30": "1.30", "2007-03-31": "1.25", "2006-12-31": "0.00", "2006-09-30": "1.10", "2006-06-30": "1.17", "2006-03-31": "1.24", "2005-12-31": "0.00", "2005-09-30": "1.31", "2005-06-30": "1.42", "2005-03-31": "1.37"}, "debt equity ratio": {"current": "1.33", "2020-12-31": "2.45", "2020-09-30": "2.47", "2020-06-30": "2.51", "2020-03-31": "2.42", "2019-12-31": "2.12", "2019-09-30": "2.05", "2019-06-30": "2.03", "2019-03-31": "1.92", "2018-12-31": "0.00", "2018-09-30": "2.04", "2018-06-30": "0.00", "2018-03-31": "2.03", "2017-12-31": "0.00", "2017-09-30": "2.04", "2017-06-30": "2.03", "2017-03-31": "2.00", "2016-12-31": "0.00", "2016-09-30": "1.93", "2016-06-30": "1.90", "2016-03-31": "1.90", "2015-12-31": "0.00", "2015-09-30": "1.77", "2015-06-30": "1.66", "2015-03-31": "1.69", "2014-12-31": "0.00", "2014-09-30": "1.52", "2014-06-30": "1.45", "2014-03-31": "1.47", "2013-12-31": "0.00", "2013-09-30": "1.49", "2013-06-30": "1.60", "2013-03-31": "1.64", "2012-12-31": "0.00", "2012-09-30": "1.64", "2012-06-30": "1.73", "2012-03-31": "1.67", "2011-12-31": "0.00", "2011-09-30": "1.58", "2011-06-30": "1.32", "2011-03-31": "1.28", "2010-12-31": "0.00", "2010-09-30": "1.26", "2010-06-30": "1.37", "2010-03-31": "1.39", "2009-12-31": "0.00", "2009-09-30": "1.21", "2009-06-30": "0.91", "2009-03-31": "1.00", "2008-12-31": "0.00", "2008-09-30": "1.06", "2008-06-30": "1.02", "2008-03-31": "1.06", "2007-12-31": "0.00", "2007-09-30": "1.14", "2007-06-30": "1.04", "2007-03-31": "1.09", "2006-12-31": "0.00", "2006-09-30": "1.07", "2006-06-30": "1.13", "2006-03-31": "1.24", "2005-12-31": "0.00", "2005-09-30": "1.22", "2005-06-30": "1.18", "2005-03-31": "1.24"}, "return on equity": {"2020-12-31": "16.31%", "2020-09-30": "15.18%", "2020-06-30": "12.03%", "2020-03-31": "9.64%", "2019-12-31": "10.01%", "2019-06-30": "14.40%", "2019-03-31": "42.38%", "2018-06-30": "24.03%", "2018-03-31": "13.97%", "2017-06-30": "15.54%", "2017-03-31": "17.80%", "2016-06-30": "18.03%", "2016-03-31": "19.39%", "2015-06-30": "12.85%", "2015-03-31": "11.87%", "2014-06-30": "13.36%", "2014-03-31": "12.59%", "2013-06-30": "12.31%", "2013-03-31": "11.44%", "2012-06-30": "11.51%", "2012-03-31": "11.62%", "2011-06-30": "11.33%", "2011-03-31": "11.91%", "2010-06-30": "9.09%", "2010-03-31": "8.68%", "2009-06-30": "11.26%", "2009-03-31": "10.74%", "2008-06-30": "10.68%", "2008-03-31": "11.41%", "2007-06-30": "12.93%", "2007-03-31": "13.08%", "2006-06-30": "12.46%", "2006-03-31": "11.99%"}, "return on assets": {"2020-12-31": "4.71%", "2020-09-30": "4.50%", "2020-06-30": "3.69%", "2020-03-31": "3.07%", "2019-12-31": "3.28%", "2019-06-30": "4.78%", "2019-03-31": "14.23%", "2018-06-30": "7.92%", "2018-03-31": "4.61%", "2017-06-30": "5.21%", "2017-03-31": "6.05%", "2016-06-30": "6.30%", "2016-03-31": "6.98%", "2015-06-30": "4.91%", "2015-03-31": "4.67%", "2014-06-30": "5.41%", "2014-03-31": "5.00%", "2013-06-30": "4.68%", "2013-03-31": "4.29%", "2012-06-30": "4.33%", "2012-03-31": "4.62%", "2011-06-30": "4.95%", "2011-03-31": "5.17%", "2010-06-30": "3.91%", "2010-03-31": "3.97%", "2009-06-30": "5.66%", "2009-03-31": "5.30%", "2008-06-30": "5.16%", "2008-03-31": "5.49%", "2007-06-30": "6.26%", "2007-03-31": "6.24%", "2006-06-30": "5.69%", "2006-03-31": "5.42%"}, "return on investments": {"2020-12-31": "10.55%", "2020-09-30": "10.24%", "2020-06-30": "9.05%", "2020-03-31": "8.10%", "2019-12-31": "8.99%", "2019-06-30": "14.03%", "2019-03-31": "105.82%", "2018-06-30": "86.60%", "2018-03-31": "56.82%", "2017-06-30": "58.25%", "2017-03-31": "58.35%", "2016-06-30": "61.02%", "2016-03-31": "62.48%", "2015-06-30": "58.67%", "2015-03-31": "58.69%", "2014-06-30": "54.57%", "2014-03-31": "63.85%", "2013-06-30": "63.42%", "2013-03-31": "63.54%", "2012-06-30": "62.78%", "2012-03-31": "63.34%", "2011-06-30": "63.43%", "2011-03-31": "60.10%", "2010-06-30": "57.75%", "2010-03-31": "46.90%", "2009-06-30": "63.07%", "2009-03-31": "66.85%", "2008-06-30": "62.49%", "2008-03-31": "60.28%", "2007-06-30": "64.80%", "2007-03-31": "66.03%", "2006-06-30": "66.50%", "2006-03-31": "63.82%"}, "return on tangible equity": {"2020-12-31": "-30.49%", "2020-09-30": "-30.93%", "2020-06-30": "-27.88%", "2020-03-31": "-25.95%", "2019-12-31": "-34.38%", "2019-06-30": "-90.75%", "2019-03-31": "205.99%", "2018-06-30": "185.85%", "2018-03-31": "130.69%", "2017-06-30": "251.91%", "2017-03-31": "275.81%", "2016-06-30": "168.32%", "2016-03-31": "132.38%", "2015-06-30": "59.50%", "2015-03-31": "48.32%", "2014-06-30": "50.52%", "2014-03-31": "49.10%", "2013-06-30": "51.20%", "2013-03-31": "49.91%", "2012-06-30": "48.70%", "2012-03-31": "39.90%", "2011-06-30": "30.53%", "2011-03-31": "32.36%", "2010-06-30": "20.80%", "2010-03-31": "17.52%", "2009-06-30": "21.26%", "2009-03-31": "20.22%", "2008-06-30": "20.32%", "2008-03-31": "21.85%", "2007-06-30": "24.54%", "2007-03-31": "25.06%", "2006-06-30": "25.19%", "2006-03-31": "24.90%"}, "dividend yield history": {"last payout": "$0.47", "last yield": "4.18%"}}