{"ticker": "DOX", "price": {"title": "Amdocs Historical Annual Stock Price Data", "value": 75.01, "historical": {"2021": {"Average Stock Price": "71.2358", "Year Open": "69.5400", "Year High": "75.0100", "Year Low": "69.3400", "Year Close": "75.0100", "Annual % Change": "5.75%"}, "2020": {"Average Stock Price": "62.8083", "Year Open": "72.4500", "Year High": "76.0700", "Year Low": "46.1300", "Year Close": "70.9300", "Annual % Change": "-1.75%"}, "2019": {"Average Stock Price": "61.6629", "Year Open": "58.2400", "Year High": "72.6800", "Year Low": "53.3200", "Year Close": "72.1900", "Annual % Change": "23.23%"}, "2018": {"Average Stock Price": "65.8424", "Year Open": "66.1800", "Year High": "70.3000", "Year Low": "56.7600", "Year Close": "58.5800", "Annual % Change": "-10.54%"}, "2017": {"Average Stock Price": "63.1888", "Year Open": "58.1900", "Year High": "67.5500", "Year Low": "58.0200", "Year Close": "65.4800", "Annual % Change": "12.41%"}, "2016": {"Average Stock Price": "57.8271", "Year Open": "54.2300", "Year High": "61.1200", "Year Low": "51.6900", "Year Close": "58.2500", "Annual % Change": "6.74%"}, "2015": {"Average Stock Price": "55.0552", "Year Open": "46.5100", "Year High": "60.9800", "Year Low": "46.0300", "Year Close": "54.5700", "Annual % Change": "16.96%"}, "2014": {"Average Stock Price": "46.1456", "Year Open": "40.7600", "Year High": "48.8500", "Year Low": "40.3900", "Year Close": "46.6550", "Annual % Change": "13.13%"}, "2013": {"Average Stock Price": "37.1535", "Year Open": "34.3300", "Year High": "41.2600", "Year Low": "34.2800", "Year Close": "41.2400", "Annual % Change": "21.33%"}, "2012": {"Average Stock Price": "31.2534", "Year Open": "28.4700", "Year High": "34.9400", "Year Low": "28.3700", "Year Close": "33.9900", "Annual % Change": "19.14%"}, "2011": {"Average Stock Price": "28.9952", "Year Open": "27.5800", "Year High": "31.7700", "Year Low": "25.9700", "Year Close": "28.5300", "Annual % Change": "3.86%"}, "2010": {"Average Stock Price": "28.5380", "Year Open": "28.7400", "Year High": "32.2300", "Year Low": "25.9300", "Year Close": "27.4700", "Annual % Change": "-3.72%"}, "2009": {"Average Stock Price": "22.4753", "Year Open": "19.6300", "Year High": "28.9800", "Year Low": "15.8300", "Year Close": "28.5300", "Annual % Change": "55.99%"}, "2008": {"Average Stock Price": "27.8560", "Year Open": "34.0100", "Year High": "34.0500", "Year Low": "15.9800", "Year Close": "18.2900", "Annual % Change": "-46.94%"}, "2007": {"Average Stock Price": "35.8560", "Year Open": "38.1200", "Year High": "39.9600", "Year Low": "31.3800", "Year Close": "34.4700", "Annual % Change": "-11.05%"}, "2006": {"Average Stock Price": "36.2447", "Year Open": "27.2400", "Year High": "40.7000", "Year Low": "27.2400", "Year Close": "38.7500", "Annual % Change": "40.91%"}, "2005": {"Average Stock Price": "27.8696", "Year Open": "25.7700", "Year High": "30.2600", "Year Low": "24.5000", "Year Close": "27.5000", "Annual % Change": "4.76%"}, "2004": {"Average Stock Price": "24.9332", "Year Open": "22.4100", "Year High": "30.0000", "Year Low": "18.3000", "Year Close": "26.2500", "Annual % Change": "16.77%"}, "2003": {"Average Stock Price": "19.0283", "Year Open": "10.4800", "Year High": "26.9500", "Year Low": "10.4800", "Year Close": "22.4800", "Annual % Change": "128.92%"}, "2002": {"Average Stock Price": "16.3964", "Year Open": "34.1500", "Year High": "39.0100", "Year Low": "5.9500", "Year Close": "9.8200", "Annual % Change": "-71.09%"}, "2001": {"Average Stock Price": "48.3373", "Year Open": "62.0600", "Year High": "79.3800", "Year Low": "24.5100", "Year Close": "33.9700", "Annual % Change": "-48.72%"}, "2000": {"Average Stock Price": "66.3207", "Year Open": "35.0000", "Year High": "89.7500", "Year Low": "33.5000", "Year Close": "66.2500", "Annual % Change": "92.03%"}, "1999": {"Average Stock Price": "25.4295", "Year Open": "17.3800", "Year High": "37.1900", "Year Low": "15.0600", "Year Close": "34.5000", "Annual % Change": "101.40%"}}}, "market cap": {"value": "$9.83B"}, "income statement": {"Revenue": {"2020-09-30": "4169.03900", "2019-09-30": "4086.66900", "2018-09-30": "3974.83700", "2017-09-30": "3867.15500", "2016-09-30": "3718.22900", "2015-09-30": "3643.53800", "2014-09-30": "3563.63700", "2013-09-30": "3345.85400", "2012-09-30": "3246.90300", "2011-09-30": "3177.72800", "2010-09-30": "2984.22300", "2009-09-30": "2862.60700", "2008-09-30": "3162.09600", "2007-09-30": "2836.17300", "2006-09-30": "2480.05000", "2005-09-30": "2038.62100"}, "Cost Of Goods Sold": {"2020-09-30": "2755.56300", "2019-09-30": "2653.17200", "2018-09-30": "2595.27600", "2017-09-30": "2507.65600", "2016-09-30": "2408.04000", "2015-09-30": "2349.48800", "2014-09-30": "2306.89200", "2013-09-30": "2167.05200", "2012-09-30": "2085.46800", "2011-09-30": "2069.36700", "2010-09-30": "1905.66600", "2009-09-30": "1834.63300", "2008-09-30": "2026.29100", "2007-09-30": "1796.38200", "2006-09-30": "1583.82600", "2005-09-30": "1295.65500"}, "Gross Profit": {"2020-09-30": "1413.47600", "2019-09-30": "1433.49700", "2018-09-30": "1379.56100", "2017-09-30": "1359.49900", "2016-09-30": "1310.18900", "2015-09-30": "1294.05000", "2014-09-30": "1256.74500", "2013-09-30": "1178.80200", "2012-09-30": "1161.43500", "2011-09-30": "1108.36100", "2010-09-30": "1078.55700", "2009-09-30": "1027.97400", "2008-09-30": "1135.80500", "2007-09-30": "1039.79100", "2006-09-30": "896.22400", "2005-09-30": "742.96590"}, "Research And Development Expenses": {"2020-09-30": "282.04200", "2019-09-30": "273.93600", "2018-09-30": "276.61500", "2017-09-30": "259.09700", "2016-09-30": "252.29200", "2015-09-30": "254.94400", "2014-09-30": "257.89600", "2013-09-30": "240.26600", "2012-09-30": "242.06300", "2011-09-30": "221.88600", "2010-09-30": "207.83600", "2009-09-30": "210.38700", "2008-09-30": "225.49200", "2007-09-30": "230.44400", "2006-09-30": "186.76000", "2005-09-30": "144.45700"}, "SG&A Expenses": {"2020-09-30": "458.53900", "2019-09-30": "492.45700", "2018-09-30": "481.09300", "2017-09-30": "472.77800", "2016-09-30": "464.88300", "2015-09-30": "440.08500", "2014-09-30": "445.13400", "2013-09-30": "418.57400", "2012-09-30": "424.67100", "2011-09-30": "409.46500", "2010-09-30": "373.58500", "2009-09-30": "344.33500", "2008-09-30": "404.13400", "2007-09-30": "370.19400", "2006-09-30": "313.99700", "2005-09-30": "232.06600"}, "Other Operating Income Or Expenses": {"2020-09-30": "", "2019-09-30": "", "2018-09-30": "-85.05700", "2017-09-30": "", "2016-09-30": "", "2015-09-30": "", "2014-09-30": "", "2013-09-30": "", "2012-09-30": "", "2011-09-30": "", "2010-09-30": "", "2009-09-30": "", "2008-09-30": "", "2007-09-30": "", "2006-09-30": "", "2005-09-30": ""}, "Operating Expenses": {"2020-09-30": "3574.28100", "2019-09-30": "3516.92300", "2018-09-30": "3546.53000", "2017-09-30": "3349.82200", "2016-09-30": "3235.08800", "2015-09-30": "3127.59000", "2014-09-30": "3067.98900", "2013-09-30": "2864.30200", "2012-09-30": "2804.43100", "2011-09-30": "2773.36400", "2010-09-30": "2573.79000", "2009-09-30": "2495.28800", "2008-09-30": "2756.50000", "2007-09-30": "2478.74000", "2006-09-30": "2147.91800", "2005-09-30": "1700.12900"}, "Operating Income": {"2020-09-30": "594.75810", "2019-09-30": "569.74580", "2018-09-30": "428.30710", "2017-09-30": "517.33300", "2016-09-30": "483.14090", "2015-09-30": "515.94800", "2014-09-30": "495.64790", "2013-09-30": "481.55200", "2012-09-30": "442.47220", "2011-09-30": "404.36400", "2010-09-30": "410.43290", "2009-09-30": "367.31880", "2008-09-30": "405.59590", "2007-09-30": "357.43310", "2006-09-30": "332.13180", "2005-09-30": "338.49190"}, "Total Non-Operating Income/Expense": {"2020-09-30": "-11.43600", "2019-09-30": "-1.85900", "2018-09-30": "-6.76600", "2017-09-30": "-4.42100", "2016-09-30": "1.55700", "2015-09-30": "-2.54400", "2014-09-30": "-6.09800", "2013-09-30": "-6.07500", "2012-09-30": "-0.94800", "2011-09-30": "-8.65700", "2010-09-30": "-25.13500", "2009-09-30": "-1.16500", "2008-09-30": "11.95500", "2007-09-30": "50.56600", "2006-09-30": "41.74100", "2005-09-30": "22.30300"}, "Pre-Tax Income": {"2020-09-30": "583.32200", "2019-09-30": "567.88700", "2018-09-30": "421.54100", "2017-09-30": "512.91200", "2016-09-30": "484.69800", "2015-09-30": "513.40400", "2014-09-30": "489.55000", "2013-09-30": "475.47700", "2012-09-30": "441.52400", "2011-09-30": "395.70700", "2010-09-30": "385.29800", "2009-09-30": "366.15400", "2008-09-30": "417.55100", "2007-09-30": "407.99900", "2006-09-30": "373.87300", "2005-09-30": "360.79500"}, "Income Taxes": {"2020-09-30": "85.48200", "2019-09-30": "88.44100", "2018-09-30": "67.14500", "2017-09-30": "76.08600", "2016-09-30": "75.36700", "2015-09-30": "67.24100", "2014-09-30": "67.42800", "2013-09-30": "63.03800", "2012-09-30": "50.15300", "2011-09-30": "49.04200", "2010-09-30": "41.39200", "2009-09-30": "39.97800", "2008-09-30": "38.64500", "2007-09-30": "43.06200", "2006-09-30": "55.23700", "2005-09-30": "72.15900"}, "Income After Taxes": {"2020-09-30": "497.84000", "2019-09-30": "479.44600", "2018-09-30": "354.39600", "2017-09-30": "436.82600", "2016-09-30": "409.33100", "2015-09-30": "446.16300", "2014-09-30": "422.12200", "2013-09-30": "412.43900", "2012-09-30": "391.37100", "2011-09-30": "346.66500", "2010-09-30": "343.90600", "2009-09-30": "326.17600", "2008-09-30": "378.90600", "2007-09-30": "364.93700", "2006-09-30": "318.63600", "2005-09-30": "288.63600"}, "Other Income": {"2020-09-30": "", "2019-09-30": "", "2018-09-30": "", "2017-09-30": "", "2016-09-30": "", "2015-09-30": "", "2014-09-30": "", "2013-09-30": "", "2012-09-30": "", "2011-09-30": "", "2010-09-30": "", "2009-09-30": "", "2008-09-30": "", "2007-09-30": "", "2006-09-30": "", "2005-09-30": ""}, "Income From Continuous Operations": {"2020-09-30": "497.84000", "2019-09-30": "479.44600", "2018-09-30": "354.39600", "2017-09-30": "436.82600", "2016-09-30": "409.33100", "2015-09-30": "446.16300", "2014-09-30": "422.12200", "2013-09-30": "412.43900", "2012-09-30": "391.37100", "2011-09-30": "346.66500", "2010-09-30": "343.90600", "2009-09-30": "326.17600", "2008-09-30": "378.90600", "2007-09-30": "364.93700", "2006-09-30": "318.63600", "2005-09-30": "288.63600"}, "Income From Discontinued Operations": {"2020-09-30": "", "2019-09-30": "", "2018-09-30": "", "2017-09-30": "", "2016-09-30": "", "2015-09-30": "", "2014-09-30": "", "2013-09-30": "", "2012-09-30": "", "2011-09-30": "", "2010-09-30": "", "2009-09-30": "", "2008-09-30": "", "2007-09-30": "", "2006-09-30": "", "2005-09-30": ""}, "Net Income": {"2020-09-30": "494.17700", "2019-09-30": "476.15100", "2018-09-30": "351.74600", "2017-09-30": "433.30900", "2016-09-30": "409.33100", "2015-09-30": "441.56600", "2014-09-30": "417.28500", "2013-09-30": "412.43900", "2012-09-30": "391.37100", "2011-09-30": "346.66500", "2010-09-30": "343.90600", "2009-09-30": "326.17600", "2008-09-30": "378.90600", "2007-09-30": "364.93700", "2006-09-30": "318.63600", "2005-09-30": "288.63600"}, "EBITDA": {"2020-09-30": "793.31100", "2019-09-30": "775.51780", "2018-09-30": "639.53110", "2017-09-30": "732.21800", "2016-09-30": "694.93190", "2015-09-30": "690.74300", "2014-09-30": "658.41990", "2013-09-30": "622.32800", "2012-09-30": "602.08620", "2011-09-30": "585.84100", "2010-09-30": "606.37290", "2009-09-30": "565.43790", "2008-09-30": "598.53300", "2007-09-30": "522.42710", "2006-09-30": "450.03180", "2005-09-30": "432.31990"}, "EBIT": {"2020-09-30": "594.75810", "2019-09-30": "569.74580", "2018-09-30": "428.30710", "2017-09-30": "517.33300", "2016-09-30": "483.14090", "2015-09-30": "515.94800", "2014-09-30": "495.64790", "2013-09-30": "481.55200", "2012-09-30": "442.47220", "2011-09-30": "404.36400", "2010-09-30": "410.43290", "2009-09-30": "367.31880", "2008-09-30": "405.59590", "2007-09-30": "357.43310", "2006-09-30": "332.13180", "2005-09-30": "338.49190"}, "Basic Shares Outstanding": {"2020-09-30": "132.60700", "2019-09-30": "136.47400", "2018-09-30": "141.35700", "2017-09-30": "144.84100", "2016-09-30": "147.85900", "2015-09-30": "152.83200", "2014-09-30": "157.19000", "2013-09-30": "161.33000", "2012-09-30": "168.27500", "2011-09-30": "185.21300", "2010-09-30": "202.58400", "2009-09-30": "204.02300", "2008-09-30": "207.63900", "2007-09-30": "207.84600", "2006-09-30": "203.19400", "2005-09-30": "201.02300"}, "Shares Outstanding": {"2020-09-30": "133.24900", "2019-09-30": "137.16500", "2018-09-30": "142.63900", "2017-09-30": "146.25500", "2016-09-30": "149.86600", "2015-09-30": "155.21800", "2014-09-30": "159.54400", "2013-09-30": "163.11800", "2012-09-30": "169.43700", "2011-09-30": "186.55900", "2010-09-30": "204.07600", "2009-09-30": "208.35000", "2008-09-30": "220.27500", "2007-09-30": "223.25600", "2006-09-30": "218.53400", "2005-09-30": "217.16200"}, "Basic EPS": {"2020-09-30": "3.73000", "2019-09-30": "3.49000", "2018-09-30": "2.49000", "2017-09-30": "2.99000", "2016-09-30": "2.74000", "2015-09-30": "2.89000", "2014-09-30": "2.65000", "2013-09-30": "2.56000", "2012-09-30": "2.33000", "2011-09-30": "1.87000", "2010-09-30": "1.70000", "2009-09-30": "1.60000", "2008-09-30": "1.82000", "2007-09-30": "1.76000", "2006-09-30": "1.57000", "2005-09-30": "1.44000"}, "EPS - Earnings Per Share": {"2020-09-30": "3.71000", "2019-09-30": "3.47000", "2018-09-30": "2.47000", "2017-09-30": "2.96000", "2016-09-30": "2.71000", "2015-09-30": "2.85000", "2014-09-30": "2.62000", "2013-09-30": "2.53000", "2012-09-30": "2.31000", "2011-09-30": "1.86000", "2010-09-30": "1.69000", "2009-09-30": "1.57000", "2008-09-30": "1.74000", "2007-09-30": "1.65000", "2006-09-30": "1.48000", "2005-09-30": "1.35000"}}, "income statement, quarterly": {"Revenue": {"2020-12-31": "1086.34300", "2020-09-30": "1052.94800", "2020-06-30": "1026.20100", "2020-03-31": "1047.93300", "2019-12-31": "1041.95700", "2019-09-30": "1030.25300", "2019-06-30": "1024.70400", "2019-03-31": "1019.65700", "2018-12-31": "1012.05500", "2018-09-30": "1002.58800", "2018-06-30": "1002.19800", "2018-03-31": "992.34000", "2017-12-31": "977.71100", "2017-09-30": "979.72390", "2017-06-30": "966.69500", "2017-03-31": "966.00900", "2016-12-31": "954.72700", "2016-09-30": "940.65590", "2016-06-30": "930.13300", "2016-03-31": "925.93500", "2015-12-31": "921.50500", "2015-09-30": "926.77610", "2015-06-30": "907.89700", "2015-03-31": "902.57800", "2014-12-31": "906.28700", "2014-09-30": "900.26090", "2014-06-30": "902.47700", "2014-03-31": "896.85400", "2013-12-31": "864.04500", "2013-09-30": "845.22500", "2013-06-30": "841.33200", "2013-03-31": "832.93800", "2012-12-31": "826.35900", "2012-09-30": "822.12820", "2012-06-30": "808.83700", "2012-03-31": "808.92800", "2011-12-31": "807.01000", "2011-09-30": "812.20300", "2011-06-30": "801.40900", "2011-03-31": "788.93500", "2010-12-31": "775.18100", "2010-09-30": "762.19390", "2010-06-30": "753.24900", "2010-03-31": "743.96900", "2009-12-31": "724.81100", "2009-09-30": "707.41880", "2009-06-30": "690.26500", "2009-03-31": "711.08400", "2008-12-31": "753.83900", "2008-09-30": "825.27700", "2008-06-30": "820.28800", "2008-03-31": "774.28100", "2007-12-31": "742.25000", "2007-09-30": "726.68900", "2007-06-30": "712.09100", "2007-03-31": "706.36100", "2006-12-31": "691.03200", "2006-09-30": "665.44500", "2006-06-30": "626.44800", "2006-03-31": "601.12900", "2005-12-31": "587.02800", "2005-09-30": "573.31800", "2005-06-30": "507.35500", "2005-03-31": "488.41600"}, "Cost Of Goods Sold": {"2020-12-31": "728.71600", "2020-09-30": "703.55590", "2020-06-30": "681.72500", "2020-03-31": "683.97000", "2019-12-31": "686.31200", "2019-09-30": "667.12900", "2019-06-30": "664.86200", "2019-03-31": "658.61300", "2018-12-31": "662.56800", "2018-09-30": "654.92290", "2018-06-30": "650.56900", "2018-03-31": "646.58700", "2017-12-31": "643.19700", "2017-09-30": "636.44510", "2017-06-30": "628.64000", "2017-03-31": "621.73700", "2016-12-31": "620.83400", "2016-09-30": "611.10710", "2016-06-30": "601.24900", "2016-03-31": "600.11600", "2015-12-31": "595.56800", "2015-09-30": "603.10500", "2015-06-30": "592.36600", "2015-03-31": "580.57100", "2014-12-31": "573.44600", "2014-09-30": "581.60110", "2014-06-30": "584.60400", "2014-03-31": "583.28400", "2013-12-31": "557.40300", "2013-09-30": "545.99800", "2013-06-30": "546.66890", "2013-03-31": "538.73600", "2012-12-31": "535.64900", "2012-09-30": "529.53910", "2012-06-30": "520.27300", "2012-03-31": "518.54400", "2011-12-31": "517.11210", "2011-09-30": "525.35000", "2011-06-30": "521.74300", "2011-03-31": "513.43600", "2010-12-31": "508.83800", "2010-09-30": "486.29110", "2010-06-30": "480.53300", "2010-03-31": "476.18500", "2009-12-31": "462.65700", "2009-09-30": "450.71110", "2009-06-30": "442.31400", "2009-03-31": "456.56600", "2008-12-31": "485.04200", "2008-09-30": "530.89000", "2008-06-30": "528.99200", "2008-03-31": "494.89400", "2007-12-31": "471.51500", "2007-09-30": "462.56100", "2007-06-30": "449.75500", "2007-03-31": "447.87600", "2006-12-31": "436.19000", "2006-09-30": "415.84300", "2006-06-30": "403.62100", "2006-03-31": "389.24900", "2005-12-31": "375.11300", "2005-09-30": "362.89010", "2005-06-30": "325.37400", "2005-03-31": "311.28900"}, "Gross Profit": {"2020-12-31": "357.62700", "2020-09-30": "349.39180", "2020-06-30": "344.47610", "2020-03-31": "363.96300", "2019-12-31": "355.64500", "2019-09-30": "363.12390", "2019-06-30": "359.84200", "2019-03-31": "361.04400", "2018-12-31": "349.48700", "2018-09-30": "347.66500", "2018-06-30": "351.62900", "2018-03-31": "345.75310", "2017-12-31": "334.51400", "2017-09-30": "343.27890", "2017-06-30": "338.05500", "2017-03-31": "344.27200", "2016-12-31": "333.89300", "2016-09-30": "329.54880", "2016-06-30": "328.88400", "2016-03-31": "325.81900", "2015-12-31": "325.93700", "2015-09-30": "323.67110", "2015-06-30": "315.53090", "2015-03-31": "322.00700", "2014-12-31": "332.84100", "2014-09-30": "318.65980", "2014-06-30": "317.87300", "2014-03-31": "313.57000", "2013-12-31": "306.64200", "2013-09-30": "299.22700", "2013-06-30": "294.66300", "2013-03-31": "294.20200", "2012-12-31": "290.71000", "2012-09-30": "292.58910", "2012-06-30": "288.56400", "2012-03-31": "290.38400", "2011-12-31": "289.89790", "2011-09-30": "286.85300", "2011-06-30": "279.66600", "2011-03-31": "275.49900", "2010-12-31": "266.34300", "2010-09-30": "275.90280", "2010-06-30": "272.71600", "2010-03-31": "267.78400", "2009-12-31": "262.15400", "2009-09-30": "256.70780", "2009-06-30": "247.95100", "2009-03-31": "254.51800", "2008-12-31": "268.79700", "2008-09-30": "294.38700", "2008-06-30": "291.29600", "2008-03-31": "279.38700", "2007-12-31": "270.73500", "2007-09-30": "264.12810", "2007-06-30": "262.33600", "2007-03-31": "258.48500", "2006-12-31": "254.84200", "2006-09-30": "249.60200", "2006-06-30": "222.82700", "2006-03-31": "211.88000", "2005-12-31": "211.91500", "2005-09-30": "210.42790", "2005-06-30": "181.98100", "2005-03-31": "177.12700"}, "Research And Development Expenses": {"2020-12-31": "75.66900", "2020-09-30": "75.84300", "2020-06-30": "70.09300", "2020-03-31": "68.79500", "2019-12-31": "67.31100", "2019-09-30": "70.10900", "2019-06-30": "68.37600", "2019-03-31": "66.76500", "2018-12-31": "68.68600", "2018-09-30": "70.78300", "2018-06-30": "72.72900", "2018-03-31": "64.92600", "2017-12-31": "68.17700", "2017-09-30": "64.68600", "2017-06-30": "67.11800", "2017-03-31": "67.30300", "2016-12-31": "59.99000", "2016-09-30": "61.04300", "2016-06-30": "65.05100", "2016-03-31": "63.71100", "2015-12-31": "62.48700", "2015-09-30": "65.90000", "2015-06-30": "62.59800", "2015-03-31": "62.80500", "2014-12-31": "63.64100", "2014-09-30": "67.60400", "2014-06-30": "64.86300", "2014-03-31": "63.10400", "2013-12-31": "62.32500", "2013-09-30": "61.26400", "2013-06-30": "59.58300", "2013-03-31": "60.05900", "2012-12-31": "59.36000", "2012-09-30": "61.54800", "2012-06-30": "58.85800", "2012-03-31": "60.35000", "2011-12-31": "61.30700", "2011-09-30": "58.94400", "2011-06-30": "54.41400", "2011-03-31": "53.53600", "2010-12-31": "54.99200", "2010-09-30": "54.28700", "2010-06-30": "52.25300", "2010-03-31": "51.19000", "2009-12-31": "50.10600", "2009-09-30": "50.27400", "2009-06-30": "51.13400", "2009-03-31": "52.75000", "2008-12-31": "56.22900", "2008-09-30": "57.25200", "2008-06-30": "56.13700", "2008-03-31": "56.08800", "2007-12-31": "56.01500", "2007-09-30": "55.51500", "2007-06-30": "56.72700", "2007-03-31": "57.73400", "2006-12-31": "60.46800", "2006-09-30": "55.36800", "2006-06-30": "46.45500", "2006-03-31": "41.82300", "2005-12-31": "43.11400", "2005-09-30": "46.89000", "2005-06-30": "31.39300", "2005-03-31": "33.26300"}, "SG&A Expenses": {"2020-12-31": "121.88800", "2020-09-30": "106.35200", "2020-06-30": "109.61200", "2020-03-31": "119.10800", "2019-12-31": "123.46700", "2019-09-30": "125.04600", "2019-06-30": "125.08800", "2019-03-31": "120.46300", "2018-12-31": "121.86000", "2018-09-30": "125.83000", "2018-06-30": "116.39600", "2018-03-31": "120.19900", "2017-12-31": "118.66800", "2017-09-30": "120.23700", "2017-06-30": "113.99700", "2017-03-31": "114.46500", "2016-12-31": "124.07900", "2016-09-30": "117.03000", "2016-06-30": "113.83100", "2016-03-31": "114.47400", "2015-12-31": "119.54800", "2015-09-30": "111.19100", "2015-06-30": "108.12800", "2015-03-31": "107.18600", "2014-12-31": "113.58000", "2014-09-30": "110.05600", "2014-06-30": "112.68100", "2014-03-31": "110.43800", "2013-12-31": "111.95900", "2013-09-30": "105.03500", "2013-06-30": "103.39600", "2013-03-31": "102.68300", "2012-12-31": "107.46000", "2012-09-30": "104.81400", "2012-06-30": "106.67800", "2012-03-31": "106.84200", "2011-12-31": "106.33700", "2011-09-30": "103.72900", "2011-06-30": "102.31500", "2011-03-31": "99.06400", "2010-12-31": "104.35700", "2010-09-30": "96.53100", "2010-06-30": "93.44600", "2010-03-31": "92.02800", "2009-12-31": "91.58000", "2009-09-30": "88.03000", "2009-06-30": "81.73200", "2009-03-31": "84.30800", "2008-12-31": "90.26500", "2008-09-30": "103.17100", "2008-06-30": "104.63200", "2008-03-31": "98.66600", "2007-12-31": "97.66500", "2007-09-30": "95.29900", "2007-06-30": "94.44500", "2007-03-31": "91.28000", "2006-12-31": "89.17000", "2006-09-30": "86.70800", "2006-06-30": "74.94000", "2006-03-31": "73.79900", "2005-12-31": "78.55000", "2005-09-30": "66.06600", "2005-06-30": "56.44800", "2005-03-31": "54.59200"}, "Other Operating Income Or Expenses": {"2020-12-31": "", "2020-09-30": "", "2020-06-30": "", "2020-03-31": "", "2019-12-31": "", "2019-09-30": "", "2019-06-30": "", "2019-03-31": "", "2018-12-31": "", "2018-09-30": "", "2018-06-30": "", "2018-03-31": "", "2017-12-31": "", "2017-09-30": "", "2017-06-30": "", "2017-03-31": "", "2016-12-31": "", "2016-09-30": "", "2016-06-30": "", "2016-03-31": "", "2015-12-31": "", "2015-09-30": "", "2015-06-30": "", "2015-03-31": "", "2014-12-31": "", "2014-09-30": "", "2014-06-30": "", "2014-03-31": "", "2013-12-31": "", "2013-09-30": "", "2013-06-30": "", "2013-03-31": "", "2012-12-31": "", "2012-09-30": "", "2012-06-30": "", "2012-03-31": "", "2011-12-31": "", "2011-09-30": "", "2011-06-30": "", "2011-03-31": "", "2010-12-31": "", "2010-09-30": "", "2010-06-30": "", "2010-03-31": "", "2009-12-31": "", "2009-09-30": "", "2009-06-30": "", "2009-03-31": "", "2008-12-31": "", "2008-09-30": "", "2008-06-30": "", "2008-03-31": "", "2007-12-31": "", "2007-09-30": "", "2007-06-30": "", "2007-03-31": "", "2006-12-31": "", "2006-09-30": "", "2006-06-30": "", "2006-03-31": "", "2005-12-31": "", "2005-09-30": "", "2005-06-30": "", "2005-03-31": ""}, "Operating Expenses": {"2020-12-31": "946.14300", "2020-09-30": "906.01020", "2020-06-30": "878.67000", "2020-03-31": "891.22090", "2019-12-31": "898.37990", "2019-09-30": "886.09920", "2019-06-30": "882.38400", "2019-03-31": "869.48200", "2018-12-31": "878.95790", "2018-09-30": "933.76890", "2018-06-30": "896.68000", "2018-03-31": "860.51300", "2017-12-31": "855.56800", "2017-09-30": "847.67710", "2017-06-30": "836.78300", "2017-03-31": "832.22800", "2016-12-31": "833.13400", "2016-09-30": "822.15890", "2016-06-30": "805.17100", "2016-03-31": "805.78800", "2015-12-31": "801.97000", "2015-09-30": "817.07600", "2015-06-30": "781.17000", "2015-03-31": "764.57790", "2014-12-31": "764.76600", "2014-09-30": "774.15410", "2014-06-30": "777.47400", "2014-03-31": "773.00600", "2013-12-31": "743.35500", "2013-09-30": "722.34910", "2013-06-30": "718.16800", "2013-03-31": "710.08300", "2012-12-31": "713.70200", "2012-09-30": "708.62710", "2012-06-30": "698.78600", "2012-03-31": "699.05600", "2011-12-31": "697.96200", "2011-09-30": "707.65090", "2011-06-30": "695.73700", "2011-03-31": "682.37900", "2010-12-31": "687.59700", "2010-09-30": "659.30600", "2010-06-30": "647.98000", "2010-03-31": "640.84200", "2009-12-31": "625.66200", "2009-09-30": "610.57400", "2009-06-30": "597.01900", "2009-03-31": "615.12500", "2008-12-31": "672.57000", "2008-09-30": "723.81400", "2008-06-30": "714.33710", "2008-03-31": "671.40100", "2007-12-31": "646.94790", "2007-09-30": "632.54900", "2007-06-30": "620.10200", "2007-03-31": "622.56300", "2006-12-31": "603.52600", "2006-09-30": "589.25120", "2006-06-30": "541.97800", "2006-03-31": "512.34000", "2005-12-31": "504.34900", "2005-09-30": "495.92210", "2005-06-30": "415.29300", "2005-03-31": "401.22300"}, "Operating Income": {"2020-12-31": "140.20000", "2020-09-30": "146.93760", "2020-06-30": "147.53110", "2020-03-31": "156.71200", "2019-12-31": "143.57710", "2019-09-30": "144.15370", "2019-06-30": "142.32000", "2019-03-31": "150.17500", "2018-12-31": "133.09700", "2018-09-30": "68.81890", "2018-06-30": "105.51800", "2018-03-31": "131.82700", "2017-12-31": "122.14300", "2017-09-30": "132.04690", "2017-06-30": "129.91200", "2017-03-31": "133.78090", "2016-12-31": "121.59300", "2016-09-30": "118.49690", "2016-06-30": "124.96200", "2016-03-31": "120.14700", "2015-12-31": "119.53500", "2015-09-30": "109.70010", "2015-06-30": "126.72690", "2015-03-31": "138.00010", "2014-12-31": "141.52100", "2014-09-30": "126.10680", "2014-06-30": "125.00300", "2014-03-31": "123.84800", "2013-12-31": "120.68990", "2013-09-30": "122.87590", "2013-06-30": "123.16400", "2013-03-31": "122.85500", "2012-12-31": "112.65700", "2012-09-30": "113.50110", "2012-06-30": "110.05100", "2012-03-31": "109.87200", "2011-12-31": "109.04800", "2011-09-30": "104.55210", "2011-06-30": "105.67200", "2011-03-31": "106.55600", "2010-12-31": "87.58410", "2010-09-30": "102.88790", "2010-06-30": "105.26900", "2010-03-31": "103.12700", "2009-12-31": "99.14900", "2009-09-30": "96.84480", "2009-06-30": "93.24600", "2009-03-31": "95.95900", "2008-12-31": "81.26900", "2008-09-30": "101.46300", "2008-06-30": "105.95090", "2008-03-31": "102.88000", "2007-12-31": "95.30210", "2007-09-30": "94.14000", "2007-06-30": "91.98900", "2007-03-31": "83.79800", "2006-12-31": "87.50600", "2006-09-30": "76.19380", "2006-06-30": "84.47000", "2006-03-31": "88.78910", "2005-12-31": "82.67900", "2005-09-30": "77.39590", "2005-06-30": "92.06200", "2005-03-31": "87.19300"}, "Total Non-Operating Income/Expense": {"2020-12-31": "219.92000", "2020-09-30": "-6.37700", "2020-06-30": "-2.41700", "2020-03-31": "-2.29000", "2019-12-31": "-0.35200", "2019-09-30": "2.44400", "2019-06-30": "-3.95900", "2019-03-31": "-1.86600", "2018-12-31": "1.52200", "2018-09-30": "-3.43600", "2018-06-30": "-3.21200", "2018-03-31": "-0.23900", "2017-12-31": "0.12100", "2017-09-30": "-2.34200", "2017-06-30": "1.15200", "2017-03-31": "-0.46800", "2016-12-31": "-2.76300", "2016-09-30": "0.64900", "2016-06-30": "1.11300", "2016-03-31": "1.46000", "2015-12-31": "-1.66500", "2015-09-30": "-1.37500", "2015-06-30": "-1.04400", "2015-03-31": "-1.66900", "2014-12-31": "1.54400", "2014-09-30": "-2.03800", "2014-06-30": "-0.74800", "2014-03-31": "-1.90800", "2013-12-31": "-1.40400", "2013-09-30": "-1.48400", "2013-06-30": "-2.72600", "2013-03-31": "-1.75700", "2012-12-31": "-0.10800", "2012-09-30": "0.11600", "2012-06-30": "-2.73700", "2012-03-31": "5.28600", "2011-12-31": "-3.61300", "2011-09-30": "-5.40500", "2011-06-30": "-0.18400", "2011-03-31": "0.04900", "2010-12-31": "-3.11700", "2010-09-30": "2.10900", "2010-06-30": "-3.76800", "2010-03-31": "-22.76100", "2009-12-31": "-0.71500", "2009-09-30": "-0.15100", "2009-06-30": "2.51400", "2009-03-31": "-5.76300", "2008-12-31": "2.23500", "2008-09-30": "-11.84200", "2008-06-30": "6.15900", "2008-03-31": "8.82200", "2007-12-31": "8.81600", "2007-09-30": "13.63800", "2007-06-30": "14.29000", "2007-03-31": "10.89900", "2006-12-31": "11.73900", "2006-09-30": "8.08200", "2006-06-30": "14.93800", "2006-03-31": "10.30700", "2005-12-31": "8.41400", "2005-09-30": "7.35900", "2005-06-30": "4.30500", "2005-03-31": "5.68000"}, "Pre-Tax Income": {"2020-12-31": "360.12000", "2020-09-30": "140.56100", "2020-06-30": "145.11400", "2020-03-31": "154.42200", "2019-12-31": "143.22500", "2019-09-30": "146.59800", "2019-06-30": "138.36100", "2019-03-31": "148.30900", "2018-12-31": "134.61900", "2018-09-30": "65.38300", "2018-06-30": "102.30600", "2018-03-31": "131.58800", "2017-12-31": "122.26400", "2017-09-30": "129.70500", "2017-06-30": "131.06400", "2017-03-31": "133.31300", "2016-12-31": "118.83000", "2016-09-30": "119.14600", "2016-06-30": "126.07500", "2016-03-31": "121.60700", "2015-12-31": "117.87000", "2015-09-30": "108.32500", "2015-06-30": "125.68300", "2015-03-31": "136.33100", "2014-12-31": "143.06500", "2014-09-30": "124.06900", "2014-06-30": "124.25500", "2014-03-31": "121.94000", "2013-12-31": "119.28600", "2013-09-30": "121.39200", "2013-06-30": "120.43800", "2013-03-31": "121.09800", "2012-12-31": "112.54900", "2012-09-30": "113.61700", "2012-06-30": "107.31400", "2012-03-31": "115.15800", "2011-12-31": "105.43500", "2011-09-30": "99.14700", "2011-06-30": "105.48800", "2011-03-31": "106.60500", "2010-12-31": "84.46700", "2010-09-30": "104.99700", "2010-06-30": "101.50100", "2010-03-31": "80.36600", "2009-12-31": "98.43400", "2009-09-30": "96.69400", "2009-06-30": "95.76000", "2009-03-31": "90.19600", "2008-12-31": "83.50400", "2008-09-30": "89.62100", "2008-06-30": "112.11000", "2008-03-31": "111.70200", "2007-12-31": "104.11800", "2007-09-30": "107.77800", "2007-06-30": "106.27900", "2007-03-31": "94.69700", "2006-12-31": "99.24500", "2006-09-30": "84.27600", "2006-06-30": "99.40800", "2006-03-31": "99.09600", "2005-12-31": "91.09300", "2005-09-30": "84.75500", "2005-06-30": "96.36700", "2005-03-31": "92.87300"}, "Income Taxes": {"2020-12-31": "60.48800", "2020-09-30": "6.09800", "2020-06-30": "24.70700", "2020-03-31": "27.38400", "2019-12-31": "27.29300", "2019-09-30": "24.57100", "2019-06-30": "6.91300", "2019-03-31": "24.03000", "2018-12-31": "32.92700", "2018-09-30": "21.11700", "2018-06-30": "10.77600", "2018-03-31": "29.86100", "2017-12-31": "5.39100", "2017-09-30": "22.49600", "2017-06-30": "11.80000", "2017-03-31": "20.75300", "2016-12-31": "21.03700", "2016-09-30": "23.43700", "2016-06-30": "21.01500", "2016-03-31": "13.88700", "2015-12-31": "17.02800", "2015-09-30": "17.19500", "2015-06-30": "17.90100", "2015-03-31": "20.07000", "2014-12-31": "12.07500", "2014-09-30": "23.56600", "2014-06-30": "14.42800", "2014-03-31": "11.58300", "2013-12-31": "17.85100", "2013-09-30": "32.43800", "2013-06-30": "0.88000", "2013-03-31": "16.18600", "2012-12-31": "13.53400", "2012-09-30": "15.59600", "2012-06-30": "8.56500", "2012-03-31": "13.28800", "2011-12-31": "12.70400", "2011-09-30": "11.76800", "2011-06-30": "13.70300", "2011-03-31": "12.49500", "2010-12-31": "11.07600", "2010-09-30": "10.25900", "2010-06-30": "9.23600", "2010-03-31": "11.81600", "2009-12-31": "10.08100", "2009-09-30": "10.94300", "2009-06-30": "10.21200", "2009-03-31": "9.56600", "2008-12-31": "9.25700", "2008-09-30": "6.91000", "2008-06-30": "11.43800", "2008-03-31": "11.84300", "2007-12-31": "8.45400", "2007-09-30": "11.53500", "2007-06-30": "18.09800", "2007-03-31": "7.52600", "2006-12-31": "5.90300", "2006-09-30": "8.32100", "2006-06-30": "13.82300", "2006-03-31": "17.33400", "2005-12-31": "15.75900", "2005-09-30": "16.95600", "2005-06-30": "19.27000", "2005-03-31": "18.57600"}, "Income After Taxes": {"2020-12-31": "299.63200", "2020-09-30": "134.46300", "2020-06-30": "120.40700", "2020-03-31": "127.03800", "2019-12-31": "115.93200", "2019-09-30": "122.02700", "2019-06-30": "131.44800", "2019-03-31": "124.27900", "2018-12-31": "101.69200", "2018-09-30": "44.26600", "2018-06-30": "91.53000", "2018-03-31": "101.72700", "2017-12-31": "116.87300", "2017-09-30": "107.20900", "2017-06-30": "119.26400", "2017-03-31": "112.56000", "2016-12-31": "97.79300", "2016-09-30": "95.70900", "2016-06-30": "105.06000", "2016-03-31": "107.72000", "2015-12-31": "100.84200", "2015-09-30": "91.13000", "2015-06-30": "107.78200", "2015-03-31": "116.26100", "2014-12-31": "130.99000", "2014-09-30": "100.50300", "2014-06-30": "109.82700", "2014-03-31": "110.35700", "2013-12-31": "101.43500", "2013-09-30": "88.95400", "2013-06-30": "119.55800", "2013-03-31": "104.91200", "2012-12-31": "99.01500", "2012-09-30": "98.02100", "2012-06-30": "98.74900", "2012-03-31": "101.87000", "2011-12-31": "92.73100", "2011-09-30": "87.37900", "2011-06-30": "91.78500", "2011-03-31": "94.11000", "2010-12-31": "73.39100", "2010-09-30": "94.73800", "2010-06-30": "92.26500", "2010-03-31": "68.55000", "2009-12-31": "88.35300", "2009-09-30": "85.75100", "2009-06-30": "85.54800", "2009-03-31": "80.63000", "2008-12-31": "74.24700", "2008-09-30": "82.71100", "2008-06-30": "100.67200", "2008-03-31": "99.85900", "2007-12-31": "95.66400", "2007-09-30": "96.24300", "2007-06-30": "88.18100", "2007-03-31": "87.17100", "2006-12-31": "93.34200", "2006-09-30": "75.95500", "2006-06-30": "85.58500", "2006-03-31": "81.76200", "2005-12-31": "75.33400", "2005-09-30": "67.79900", "2005-06-30": "77.09700", "2005-03-31": "74.29700"}, "Other Income": {"2020-12-31": "", "2020-09-30": "", "2020-06-30": "", "2020-03-31": "", "2019-12-31": "", "2019-09-30": "", "2019-06-30": "", "2019-03-31": "", "2018-12-31": "", "2018-09-30": "", "2018-06-30": "", "2018-03-31": "", "2017-12-31": "", "2017-09-30": "", "2017-06-30": "", "2017-03-31": "", "2016-12-31": "", "2016-09-30": "", "2016-06-30": "", "2016-03-31": "", "2015-12-31": "", "2015-09-30": "", "2015-06-30": "", "2015-03-31": "", "2014-12-31": "", "2014-09-30": "", "2014-06-30": "", "2014-03-31": "", "2013-12-31": "", "2013-09-30": "", "2013-06-30": "", "2013-03-31": "", "2012-12-31": "", "2012-09-30": "", "2012-06-30": "", "2012-03-31": "", "2011-12-31": "", "2011-09-30": "", "2011-06-30": "", "2011-03-31": "", "2010-12-31": "", "2010-09-30": "", "2010-06-30": "", "2010-03-31": "", "2009-12-31": "", "2009-09-30": "", "2009-06-30": "", "2009-03-31": "", "2008-12-31": "", "2008-09-30": "", "2008-06-30": "", "2008-03-31": "", "2007-12-31": "", "2007-09-30": "", "2007-06-30": "", "2007-03-31": "", "2006-12-31": "", "2006-09-30": "", "2006-06-30": "", "2006-03-31": "", "2005-12-31": "", "2005-09-30": "", "2005-06-30": "", "2005-03-31": ""}, "Income From Continuous Operations": {"2020-12-31": "299.63200", "2020-09-30": "134.46300", "2020-06-30": "120.40700", "2020-03-31": "127.03800", "2019-12-31": "115.93200", "2019-09-30": "122.02700", "2019-06-30": "131.44800", "2019-03-31": "124.27900", "2018-12-31": "101.69200", "2018-09-30": "44.26600", "2018-06-30": "91.53000", "2018-03-31": "101.72700", "2017-12-31": "116.87300", "2017-09-30": "107.20900", "2017-06-30": "119.26400", "2017-03-31": "112.56000", "2016-12-31": "97.79300", "2016-09-30": "95.70900", "2016-06-30": "105.06000", "2016-03-31": "107.72000", "2015-12-31": "100.84200", "2015-09-30": "91.13000", "2015-06-30": "107.78200", "2015-03-31": "116.26100", "2014-12-31": "130.99000", "2014-09-30": "100.50300", "2014-06-30": "109.82700", "2014-03-31": "110.35700", "2013-12-31": "101.43500", "2013-09-30": "88.95400", "2013-06-30": "119.55800", "2013-03-31": "104.91200", "2012-12-31": "99.01500", "2012-09-30": "98.02100", "2012-06-30": "98.74900", "2012-03-31": "101.87000", "2011-12-31": "92.73100", "2011-09-30": "87.37900", "2011-06-30": "91.78500", "2011-03-31": "94.11000", "2010-12-31": "73.39100", "2010-09-30": "94.73800", "2010-06-30": "92.26500", "2010-03-31": "68.55000", "2009-12-31": "88.35300", "2009-09-30": "85.75100", "2009-06-30": "85.54800", "2009-03-31": "80.63000", "2008-12-31": "74.24700", "2008-09-30": "82.71100", "2008-06-30": "100.67200", "2008-03-31": "99.85900", "2007-12-31": "95.66400", "2007-09-30": "96.24300", "2007-06-30": "88.18100", "2007-03-31": "87.17100", "2006-12-31": "93.34200", "2006-09-30": "75.95500", "2006-06-30": "85.58500", "2006-03-31": "81.76200", "2005-12-31": "75.33400", "2005-09-30": "67.79900", "2005-06-30": "77.09700", "2005-03-31": "74.29700"}, "Income From Discontinued Operations": {"2020-12-31": "", "2020-09-30": "", "2020-06-30": "", "2020-03-31": "", "2019-12-31": "", "2019-09-30": "", "2019-06-30": "", "2019-03-31": "", "2018-12-31": "", "2018-09-30": "", "2018-06-30": "", "2018-03-31": "", "2017-12-31": "", "2017-09-30": "", "2017-06-30": "", "2017-03-31": "", "2016-12-31": "", "2016-09-30": "", "2016-06-30": "", "2016-03-31": "", "2015-12-31": "", "2015-09-30": "", "2015-06-30": "", "2015-03-31": "", "2014-12-31": "", "2014-09-30": "", "2014-06-30": "", "2014-03-31": "", "2013-12-31": "", "2013-09-30": "", "2013-06-30": "", "2013-03-31": "", "2012-12-31": "", "2012-09-30": "", "2012-06-30": "", "2012-03-31": "", "2011-12-31": "", "2011-09-30": "", "2011-06-30": "", "2011-03-31": "", "2010-12-31": "", "2010-09-30": "", "2010-06-30": "", "2010-03-31": "", "2009-12-31": "", "2009-09-30": "", "2009-06-30": "", "2009-03-31": "", "2008-12-31": "", "2008-09-30": "", "2008-06-30": "", "2008-03-31": "", "2007-12-31": "", "2007-09-30": "", "2007-06-30": "", "2007-03-31": "", "2006-12-31": "", "2006-09-30": "", "2006-06-30": "", "2006-03-31": "", "2005-12-31": "", "2005-09-30": "", "2005-06-30": "", "2005-03-31": ""}, "Net Income": {"2020-12-31": "299.63200", "2020-09-30": "131.75800", "2020-06-30": "120.40700", "2020-03-31": "126.08000", "2019-12-31": "115.93200", "2019-09-30": "119.59900", "2019-06-30": "131.44800", "2019-03-31": "123.41200", "2018-12-31": "101.69200", "2018-09-30": "43.04100", "2018-06-30": "90.85400", "2018-03-31": "100.97800", "2017-12-31": "116.87300", "2017-09-30": "104.59900", "2017-06-30": "119.26400", "2017-03-31": "111.65300", "2016-12-31": "97.79300", "2016-09-30": "95.70900", "2016-06-30": "105.06000", "2016-03-31": "107.72000", "2015-12-31": "100.84200", "2015-09-30": "86.53300", "2015-06-30": "107.78200", "2015-03-31": "116.26100", "2014-12-31": "130.99000", "2014-09-30": "95.66600", "2014-06-30": "109.82700", "2014-03-31": "110.35700", "2013-12-31": "101.43500", "2013-09-30": "88.95400", "2013-06-30": "119.55800", "2013-03-31": "104.91200", "2012-12-31": "99.01500", "2012-09-30": "98.02100", "2012-06-30": "98.74900", "2012-03-31": "101.87000", "2011-12-31": "92.73100", "2011-09-30": "87.37900", "2011-06-30": "91.78500", "2011-03-31": "94.11000", "2010-12-31": "73.39100", "2010-09-30": "94.73800", "2010-06-30": "92.26500", "2010-03-31": "68.55000", "2009-12-31": "88.35300", "2009-09-30": "85.75100", "2009-06-30": "85.54800", "2009-03-31": "80.63000", "2008-12-31": "74.24700", "2008-09-30": "82.71100", "2008-06-30": "100.67200", "2008-03-31": "99.85900", "2007-12-31": "95.66400", "2007-09-30": "96.24300", "2007-06-30": "88.18100", "2007-03-31": "87.17100", "2006-12-31": "93.34200", "2006-09-30": "75.95500", "2006-06-30": "85.58500", "2006-03-31": "81.76200", "2005-12-31": "75.33400", "2005-09-30": "67.79900", "2005-06-30": "77.09700", "2005-03-31": "74.29700"}, "EBITDA": {"2020-12-31": "", "2020-09-30": "200.76660", "2020-06-30": "194.14810", "2020-03-31": "205.82000", "2019-12-31": "192.57610", "2019-09-30": "194.66780", "2019-06-30": "195.72500", "2019-03-31": "200.55100", "2018-12-31": "184.57410", "2018-09-30": "122.62190", "2018-06-30": "160.03900", "2018-03-31": "185.49000", "2017-12-31": "171.38000", "2017-09-30": "183.39890", "2017-06-30": "184.40700", "2017-03-31": "185.26700", "2016-12-31": "179.14500", "2016-09-30": "170.49590", "2016-06-30": "180.52900", "2016-03-31": "173.24500", "2015-12-31": "170.66200", "2015-09-30": "161.35910", "2015-06-30": "166.55990", "2015-03-31": "181.59410", "2014-12-31": "181.23000", "2014-09-30": "171.96780", "2014-06-30": "165.17500", "2014-03-31": "164.85800", "2013-12-31": "156.41890", "2013-09-30": "156.25190", "2013-06-30": "156.94100", "2013-03-31": "157.19000", "2012-12-31": "151.94500", "2012-09-30": "153.85410", "2012-06-30": "149.43900", "2012-03-31": "149.20300", "2011-12-31": "149.59000", "2011-09-30": "147.81010", "2011-06-30": "149.84200", "2011-03-31": "151.45200", "2010-12-31": "136.73700", "2010-09-30": "152.78190", "2010-06-30": "153.79100", "2010-03-31": "150.60100", "2009-12-31": "149.19900", "2009-09-30": "147.09480", "2009-06-30": "142.62400", "2009-03-31": "145.68800", "2008-12-31": "130.03100", "2008-09-30": "150.42200", "2008-06-30": "155.72690", "2008-03-31": "150.37600", "2007-12-31": "142.00810", "2007-09-30": "138.55300", "2007-06-30": "134.76500", "2007-03-31": "123.56100", "2006-12-31": "125.54800", "2006-09-30": "110.94280", "2006-06-30": "113.49000", "2006-03-31": "114.28810", "2005-12-31": "111.31100", "2005-09-30": "106.38890", "2005-06-30": "113.65200", "2005-03-31": "107.68300"}, "EBIT": {"2020-12-31": "140.20000", "2020-09-30": "146.93790", "2020-06-30": "147.53110", "2020-03-31": "156.71200", "2019-12-31": "143.57710", "2019-09-30": "144.15380", "2019-06-30": "142.32000", "2019-03-31": "150.17500", "2018-12-31": "133.09700", "2018-09-30": "68.81910", "2018-06-30": "105.51800", "2018-03-31": "131.82700", "2017-12-31": "122.14300", "2017-09-30": "132.04710", "2017-06-30": "129.91200", "2017-03-31": "133.78090", "2016-12-31": "121.59300", "2016-09-30": "118.49690", "2016-06-30": "124.96200", "2016-03-31": "120.14700", "2015-12-31": "119.53500", "2015-09-30": "109.70000", "2015-06-30": "126.72690", "2015-03-31": "138.00010", "2014-12-31": "141.52100", "2014-09-30": "126.10700", "2014-06-30": "125.00300", "2014-03-31": "123.84800", "2013-12-31": "120.68990", "2013-09-30": "122.87600", "2013-06-30": "123.16400", "2013-03-31": "122.85500", "2012-12-31": "112.65700", "2012-09-30": "113.50120", "2012-06-30": "110.05100", "2012-03-31": "109.87200", "2011-12-31": "109.04800", "2011-09-30": "104.55200", "2011-06-30": "105.67200", "2011-03-31": "106.55600", "2010-12-31": "87.58410", "2010-09-30": "102.88780", "2010-06-30": "105.26900", "2010-03-31": "103.12700", "2009-12-31": "99.14900", "2009-09-30": "96.84490", "2009-06-30": "93.24600", "2009-03-31": "95.95900", "2008-12-31": "81.26900", "2008-09-30": "101.46300", "2008-06-30": "105.95090", "2008-03-31": "102.88000", "2007-12-31": "95.30210", "2007-09-30": "94.14000", "2007-06-30": "91.98900", "2007-03-31": "83.79800", "2006-12-31": "87.50600", "2006-09-30": "76.19370", "2006-06-30": "84.47000", "2006-03-31": "88.78910", "2005-12-31": "82.67900", "2005-09-30": "77.39590", "2005-06-30": "92.06200", "2005-03-31": "87.19300"}, "Basic Shares Outstanding": {"2020-12-31": "131.12500", "2020-09-30": "132.60700", "2020-06-30": "132.12500", "2020-03-31": "133.27600", "2019-12-31": "134.59600", "2019-09-30": "136.47400", "2019-06-30": "135.59500", "2019-03-31": "137.21800", "2018-12-31": "139.63900", "2018-09-30": "141.35700", "2018-06-30": "140.92400", "2018-03-31": "141.97700", "2017-12-31": "143.91500", "2017-09-30": "144.84100", "2017-06-30": "145.90400", "2017-03-31": "145.41400", "2016-12-31": "146.81700", "2016-09-30": "147.85900", "2016-06-30": "148.84400", "2016-03-31": "148.58100", "2015-12-31": "149.15500", "2015-09-30": "152.83200", "2015-06-30": "153.97000", "2015-03-31": "155.01500", "2014-12-31": "154.07200", "2014-09-30": "157.19000", "2014-06-30": "159.25700", "2014-03-31": "159.81200", "2013-12-31": "159.65900", "2013-09-30": "161.33000", "2013-06-30": "160.91400", "2013-03-31": "160.95500", "2012-12-31": "162.17600", "2012-09-30": "168.27500", "2012-06-30": "167.19400", "2012-03-31": "169.73900", "2011-12-31": "172.71200", "2011-09-30": "185.21300", "2011-06-30": "183.27300", "2011-03-31": "187.78800", "2010-12-31": "191.59900", "2010-09-30": "202.58400", "2010-06-30": "203.78600", "2010-03-31": "206.02500", "2009-12-31": "205.43000", "2009-09-30": "204.02300", "2009-06-30": "203.95100", "2009-03-31": "203.82700", "2008-12-31": "203.57800", "2008-09-30": "205.16400", "2008-06-30": "206.32900", "2008-03-31": "206.75900", "2007-12-31": "208.10900", "2007-09-30": "209.37100", "2007-06-30": "208.26200", "2007-03-31": "207.29300", "2006-12-31": "206.45000", "2006-09-30": "203.19400", "2006-06-30": "204.40400", "2006-03-31": "202.51500", "2005-12-31": "200.52500", "2005-09-30": "201.02300", "2005-06-30": "200.49400", "2005-03-31": "202.16800"}, "Shares Outstanding": {"2020-12-31": "131.58200", "2020-09-30": "133.24900", "2020-06-30": "132.56800", "2020-03-31": "134.04700", "2019-12-31": "135.61700", "2019-09-30": "137.16500", "2019-06-30": "136.13600", "2019-03-31": "137.73300", "2018-12-31": "140.51100", "2018-09-30": "142.63900", "2018-06-30": "142.14700", "2018-03-31": "143.33700", "2017-12-31": "145.34600", "2017-09-30": "146.25500", "2017-06-30": "144.74500", "2017-03-31": "146.77300", "2016-12-31": "148.38200", "2016-09-30": "149.86600", "2016-06-30": "149.49400", "2016-03-31": "150.60500", "2015-12-31": "151.57700", "2015-09-30": "155.21800", "2015-06-30": "156.21000", "2015-03-31": "157.10900", "2014-12-31": "156.28500", "2014-09-30": "159.54400", "2014-06-30": "161.72500", "2014-03-31": "162.25100", "2013-12-31": "161.84500", "2013-09-30": "163.11800", "2013-06-30": "162.66700", "2013-03-31": "162.88400", "2012-12-31": "163.58700", "2012-09-30": "169.43700", "2012-06-30": "168.29000", "2012-03-31": "170.97100", "2011-12-31": "173.81200", "2011-09-30": "186.55900", "2011-06-30": "184.68200", "2011-03-31": "189.23200", "2010-12-31": "192.96900", "2010-09-30": "204.07600", "2010-06-30": "205.47100", "2010-03-31": "207.69100", "2009-12-31": "206.65600", "2009-09-30": "208.35000", "2009-06-30": "204.25200", "2009-03-31": "210.64500", "2008-12-31": "213.06900", "2008-09-30": "217.47900", "2008-06-30": "219.12000", "2008-03-31": "219.78600", "2007-12-31": "222.03900", "2007-09-30": "224.03300", "2007-06-30": "223.77500", "2007-03-31": "222.49900", "2006-12-31": "222.71800", "2006-09-30": "218.53400", "2006-06-30": "220.10900", "2006-03-31": "217.91900", "2005-12-31": "214.87100", "2005-09-30": "217.16200", "2005-06-30": "216.57000", "2005-03-31": "218.80700"}, "Basic EPS": {"2020-12-31": "2.29000", "2020-09-30": "1.02000", "2020-06-30": "0.90000", "2020-03-31": "0.95000", "2019-12-31": "0.86000", "2019-09-30": "0.90000", "2019-06-30": "0.96000", "2019-03-31": "0.90000", "2018-12-31": "0.73000", "2018-09-30": "0.33000", "2018-06-30": "0.64000", "2018-03-31": "0.71000", "2017-12-31": "0.81000", "2017-09-30": "0.73000", "2017-06-30": "0.82000", "2017-03-31": "0.77000", "2016-12-31": "0.67000", "2016-09-30": "0.64000", "2016-06-30": "0.71000", "2016-03-31": "0.72000", "2015-12-31": "0.67000", "2015-09-30": "0.60000", "2015-06-30": "0.70000", "2015-03-31": "0.75000", "2014-12-31": "0.84000", "2014-09-30": "0.63000", "2014-06-30": "0.69000", "2014-03-31": "0.69000", "2013-12-31": "0.64000", "2013-09-30": "0.56000", "2013-06-30": "0.74000", "2013-03-31": "0.65000", "2012-12-31": "0.61000", "2012-09-30": "0.60000", "2012-06-30": "0.59000", "2012-03-31": "0.60000", "2011-12-31": "0.54000", "2011-09-30": "0.49000", "2011-06-30": "0.50000", "2011-03-31": "0.50000", "2010-12-31": "0.38000", "2010-09-30": "0.49000", "2010-06-30": "0.45000", "2010-03-31": "0.33000", "2009-12-31": "0.43000", "2009-09-30": "0.42000", "2009-06-30": "0.42000", "2009-03-31": "0.40000", "2008-12-31": "0.36000", "2008-09-30": "0.40000", "2008-06-30": "0.49000", "2008-03-31": "0.48000", "2007-12-31": "0.46000", "2007-09-30": "0.46000", "2007-06-30": "0.42000", "2007-03-31": "0.42000", "2006-12-31": "0.45000", "2006-09-30": "0.37000", "2006-06-30": "0.42000", "2006-03-31": "0.40000", "2005-12-31": "0.38000", "2005-09-30": "0.35000", "2005-06-30": "0.38000", "2005-03-31": "0.37000"}, "EPS - Earnings Per Share": {"2020-12-31": "2.28000", "2020-09-30": "1.02000", "2020-06-30": "0.90000", "2020-03-31": "0.94000", "2019-12-31": "0.85000", "2019-09-30": "0.89000", "2019-06-30": "0.96000", "2019-03-31": "0.90000", "2018-12-31": "0.72000", "2018-09-30": "0.33000", "2018-06-30": "0.64000", "2018-03-31": "0.70000", "2017-12-31": "0.80000", "2017-09-30": "0.73000", "2017-06-30": "0.81000", "2017-03-31": "0.76000", "2016-12-31": "0.66000", "2016-09-30": "0.64000", "2016-06-30": "0.70000", "2016-03-31": "0.71000", "2015-12-31": "0.66000", "2015-09-30": "0.59000", "2015-06-30": "0.69000", "2015-03-31": "0.74000", "2014-12-31": "0.83000", "2014-09-30": "0.63000", "2014-06-30": "0.68000", "2014-03-31": "0.68000", "2013-12-31": "0.63000", "2013-09-30": "0.55000", "2013-06-30": "0.73000", "2013-03-31": "0.64000", "2012-12-31": "0.61000", "2012-09-30": "0.59000", "2012-06-30": "0.59000", "2012-03-31": "0.60000", "2011-12-31": "0.53000", "2011-09-30": "0.48000", "2011-06-30": "0.50000", "2011-03-31": "0.50000", "2010-12-31": "0.38000", "2010-09-30": "0.48000", "2010-06-30": "0.45000", "2010-03-31": "0.33000", "2009-12-31": "0.43000", "2009-09-30": "0.41000", "2009-06-30": "0.42000", "2009-03-31": "0.39000", "2008-12-31": "0.35000", "2008-09-30": "0.38000", "2008-06-30": "0.46000", "2008-03-31": "0.46000", "2007-12-31": "0.44000", "2007-09-30": "0.43000", "2007-06-30": "0.40000", "2007-03-31": "0.40000", "2006-12-31": "0.42000", "2006-09-30": "0.35000", "2006-06-30": "0.39000", "2006-03-31": "0.38000", "2005-12-31": "0.36000", "2005-09-30": "0.33000", "2005-06-30": "0.36000", "2005-03-31": "0.34000"}}, "balance sheet": {"Cash On Hand": {"2020-09-30": "983.94000", "2019-09-30": "471.63200", "2018-09-30": "519.21600", "2017-09-30": "979.60800", "2016-09-30": "1095.72300", "2015-09-30": "1354.01200", "2014-09-30": "1424.46500", "2013-09-30": "1326.38000", "2012-09-30": "1118.17700", "2011-09-30": "1173.47000", "2010-09-30": "1433.29900", "2009-09-30": "1173.04100", "2008-09-30": "1244.37800", "2007-09-30": "1179.28000", "2006-09-30": "979.38100", "2005-09-30": "1145.56300"}, "Receivables": {"2020-09-30": "861.03300", "2019-09-30": "987.85800", "2018-09-30": "971.50200", "2017-09-30": "865.06800", "2016-09-30": "818.53100", "2015-09-30": "714.78400", "2014-09-30": "715.83700", "2013-09-30": "678.21900", "2012-09-30": "687.22300", "2011-09-30": "565.85300", "2010-09-30": "580.00000", "2009-09-30": "454.96500", "2008-09-30": "573.76400", "2007-09-30": "473.84700", "2006-09-30": "425.80500", "2005-09-30": "304.23700"}, "Inventory": {"2020-09-30": "", "2019-09-30": "", "2018-09-30": "", "2017-09-30": "", "2016-09-30": "", "2015-09-30": "", "2014-09-30": "", "2013-09-30": "", "2012-09-30": "", "2011-09-30": "", "2010-09-30": "", "2009-09-30": "", "2008-09-30": "", "2007-09-30": "", "2006-09-30": "", "2005-09-30": ""}, "Pre-Paid Expenses": {"2020-09-30": "229.60400", "2019-09-30": "216.08400", "2018-09-30": "229.99900", "2017-09-30": "203.81000", "2016-09-30": "186.13700", "2015-09-30": "158.63300", "2014-09-30": "135.32600", "2013-09-30": "151.59500", "2012-09-30": "126.38800", "2011-09-30": "127.34100", "2010-09-30": "112.41700", "2009-09-30": "126.70400", "2008-09-30": "102.93000", "2007-09-30": "98.74600", "2006-09-30": "97.47600", "2005-09-30": "76.78000"}, "Other Current Assets": {"2020-09-30": "", "2019-09-30": "", "2018-09-30": "", "2017-09-30": "", "2016-09-30": "", "2015-09-30": "", "2014-09-30": "", "2013-09-30": "", "2012-09-30": "", "2011-09-30": "", "2010-09-30": "", "2009-09-30": "", "2008-09-30": "", "2007-09-30": "", "2006-09-30": "", "2005-09-30": ""}, "Total Current Assets": {"2020-09-30": "2074.57700", "2019-09-30": "1675.57400", "2018-09-30": "1720.71700", "2017-09-30": "2048.48600", "2016-09-30": "2100.39100", "2015-09-30": "2378.16200", "2014-09-30": "2423.97400", "2013-09-30": "2282.07400", "2012-09-30": "2041.07000", "2011-09-30": "1979.32000", "2010-09-30": "2251.79900", "2009-09-30": "1872.55800", "2008-09-30": "2005.58700", "2007-09-30": "1869.49600", "2006-09-30": "1638.70600", "2005-09-30": "1627.74200"}, "Property, Plant, And Equipment": {"2020-09-30": "607.95100", "2019-09-30": "525.31400", "2018-09-30": "496.58500", "2017-09-30": "355.68500", "2016-09-30": "331.72800", "2015-09-30": "309.32000", "2014-09-30": "288.95600", "2013-09-30": "275.54400", "2012-09-30": "277.90700", "2011-09-30": "258.40200", "2010-09-30": "258.27300", "2009-09-30": "279.65900", "2008-09-30": "317.08100", "2007-09-30": "283.83900", "2006-09-30": "220.29000", "2005-09-30": "181.81200"}, "Long-Term Investments": {"2020-09-30": "", "2019-09-30": "", "2018-09-30": "", "2017-09-30": "", "2016-09-30": "", "2015-09-30": "", "2014-09-30": "", "2013-09-30": "", "2012-09-30": "", "2011-09-30": "", "2010-09-30": "", "2009-09-30": "", "2008-09-30": "", "2007-09-30": "", "2006-09-30": "", "2005-09-30": ""}, "Goodwill And Intangible Assets": {"2020-09-30": "2874.97900", "2019-09-30": "2667.99700", "2018-09-30": "2710.14400", "2017-09-30": "2398.53500", "2016-09-30": "2493.16600", "2015-09-30": "2301.61000", "2014-09-30": "2106.45200", "2013-09-30": "1975.06000", "2012-09-30": "1883.06400", "2011-09-30": "1933.15400", "2010-09-30": "1856.17800", "2009-09-30": "1766.76100", "2008-09-30": "1796.92200", "2007-09-30": "1792.58800", "2006-09-30": "1809.32200", "2005-09-30": "1129.25800"}, "Other Long-Term Assets": {"2020-09-30": "488.62000", "2019-09-30": "423.94100", "2018-09-30": "420.36900", "2017-09-30": "476.67400", "2016-09-30": "406.07000", "2015-09-30": "335.56000", "2014-09-30": "365.89500", "2013-09-30": "279.16900", "2012-09-30": "315.91600", "2011-09-30": "342.52500", "2010-09-30": "321.95100", "2009-09-30": "271.77700", "2008-09-30": "272.30000", "2007-09-30": "206.66600", "2006-09-30": "160.82000", "2005-09-30": "143.43900"}, "Total Long-Term Assets": {"2020-09-30": "4267.04400", "2019-09-30": "3617.25200", "2018-09-30": "3627.09800", "2017-09-30": "3230.89400", "2016-09-30": "3230.96400", "2015-09-30": "2946.49000", "2014-09-30": "2761.30300", "2013-09-30": "2643.73900", "2012-09-30": "2604.15300", "2011-09-30": "2657.25200", "2010-09-30": "2568.80500", "2009-09-30": "2455.85900", "2008-09-30": "2573.47600", "2007-09-30": "2475.85400", "2006-09-30": "2324.12200", "2005-09-30": "1574.72600"}, "Total Assets": {"2020-09-30": "6341.62100", "2019-09-30": "5292.82600", "2018-09-30": "5347.81500", "2017-09-30": "5279.38000", "2016-09-30": "5331.35500", "2015-09-30": "5324.65200", "2014-09-30": "5185.27700", "2013-09-30": "4925.81300", "2012-09-30": "4645.22300", "2011-09-30": "4636.57200", "2010-09-30": "4820.60400", "2009-09-30": "4328.41700", "2008-09-30": "4579.06300", "2007-09-30": "4345.35000", "2006-09-30": "3962.82800", "2005-09-30": "3202.46800"}, "Total Current Liabilities": {"2020-09-30": "1216.20000", "2019-09-30": "1207.93000", "2018-09-30": "1294.95700", "2017-09-30": "1172.94600", "2016-09-30": "1366.01000", "2015-09-30": "1363.50300", "2014-09-30": "1200.74700", "2013-09-30": "1074.25600", "2012-09-30": "1065.55800", "2011-09-30": "1011.20600", "2010-09-30": "1024.14700", "2009-09-30": "610.86700", "2008-09-30": "830.02400", "2007-09-30": "975.47800", "2006-09-30": "1031.68700", "2005-09-30": "858.90300"}, "Long Term Debt": {"2020-09-30": "874.09900", "2019-09-30": "", "2018-09-30": "", "2017-09-30": "", "2016-09-30": "", "2015-09-30": "", "2014-09-30": "", "2013-09-30": "", "2012-09-30": "", "2011-09-30": "", "2010-09-30": "", "2009-09-30": "", "2008-09-30": "450.00000", "2007-09-30": "450.00000", "2006-09-30": "450.00000", "2005-09-30": "450.27200"}, "Other Non-Current Liabilities": {"2020-09-30": "327.68000", "2019-09-30": "334.92200", "2018-09-30": "336.24400", "2017-09-30": "312.94700", "2016-09-30": "284.68500", "2015-09-30": "248.32200", "2014-09-30": "277.56000", "2013-09-30": "260.80900", "2012-09-30": "244.66800", "2011-09-30": "292.02000", "2010-09-30": "273.35400", "2009-09-30": "231.38700", "2008-09-30": "227.30000", "2007-09-30": "196.64600", "2006-09-30": "197.63700", "2005-09-30": "186.27000"}, "Total Long Term Liabilities": {"2020-09-30": "1460.26600", "2019-09-30": "542.43000", "2018-09-30": "560.81600", "2017-09-30": "532.36400", "2016-09-30": "511.78400", "2015-09-30": "554.30700", "2014-09-30": "588.69400", "2013-09-30": "576.77400", "2012-09-30": "546.46300", "2011-09-30": "602.06500", "2010-09-30": "567.07700", "2009-09-30": "504.49700", "2008-09-30": "943.84800", "2007-09-30": "769.62900", "2006-09-30": "776.97600", "2005-09-30": "687.11300"}, "Total Liabilities": {"2020-09-30": "2676.46600", "2019-09-30": "1750.36000", "2018-09-30": "1855.77300", "2017-09-30": "1705.31000", "2016-09-30": "1877.79400", "2015-09-30": "1917.81000", "2014-09-30": "1789.44100", "2013-09-30": "1651.03000", "2012-09-30": "1612.02100", "2011-09-30": "1613.27100", "2010-09-30": "1591.22400", "2009-09-30": "1115.36400", "2008-09-30": "1773.87200", "2007-09-30": "1745.10700", "2006-09-30": "1808.66300", "2005-09-30": "1546.01600"}, "Common Stock Net": {"2020-09-30": "4.48300", "2019-09-30": "4.45200", "2018-09-30": "4.43600", "2017-09-30": "4.41000", "2016-09-30": "4.37700", "2015-09-30": "4.33100", "2014-09-30": "4.28400", "2013-09-30": "4.19900", "2012-09-30": "4.07700", "2011-09-30": "4.01300", "2010-09-30": "3.95600", "2009-09-30": "3.93000", "2008-09-30": "3.90000", "2007-09-30": "3.85000", "2006-09-30": "3.76300", "2005-09-30": "3.64400"}, "Retained Earnings (Accumulated Deficit)": {"2020-09-30": "5341.90700", "2019-09-30": "5012.79900", "2018-09-30": "4673.90100", "2017-09-30": "4457.10700", "2016-09-30": "4144.82700", "2015-09-30": "3847.79600", "2014-09-30": "3503.82900", "2013-09-30": "3176.12500", "2012-09-30": "2847.38600", "2011-09-30": "2477.13500", "2010-09-30": "2130.47000", "2009-09-30": "1786.56400", "2008-09-30": "1458.60500", "2007-09-30": "1079.69900", "2006-09-30": "714.76200", "2005-09-30": "396.12600"}, "Comprehensive Income": {"2020-09-30": "11.66200", "2019-09-30": "-2.54700", "2018-09-30": "-32.73100", "2017-09-30": "18.79000", "2016-09-30": "6.09500", "2015-09-30": "-16.75300", "2014-09-30": "-9.97200", "2013-09-30": "0.63200", "2012-09-30": "-25.50100", "2011-09-30": "-19.65600", "2010-09-30": "1.95200", "2009-09-30": "8.34300", "2008-09-30": "-14.83400", "2007-09-30": "0.68900", "2006-09-30": "2.72300", "2005-09-30": "-10.88600"}, "Other Share Holders Equity": {"2020-09-30": "", "2019-09-30": "", "2018-09-30": "", "2017-09-30": "", "2016-09-30": "", "2015-09-30": "", "2014-09-30": "", "2013-09-30": "", "2012-09-30": "", "2011-09-30": "", "2010-09-30": "", "2009-09-30": "", "2008-09-30": "", "2007-09-30": "", "2006-09-30": "", "2005-09-30": ""}, "Share Holder Equity": {"2020-09-30": "3665.15500", "2019-09-30": "3542.46600", "2018-09-30": "3492.04200", "2017-09-30": "3574.07000", "2016-09-30": "3453.56100", "2015-09-30": "3406.84200", "2014-09-30": "3395.83600", "2013-09-30": "3274.78300", "2012-09-30": "3033.20200", "2011-09-30": "3023.30100", "2010-09-30": "3229.38000", "2009-09-30": "3213.05300", "2008-09-30": "2805.19100", "2007-09-30": "2600.24300", "2006-09-30": "2154.16500", "2005-09-30": "1656.45200"}, "Total Liabilities And Share Holders Equity": {"2020-09-30": "6341.62100", "2019-09-30": "5292.82600", "2018-09-30": "5347.81500", "2017-09-30": "5279.38000", "2016-09-30": "5331.35500", "2015-09-30": "5324.65200", "2014-09-30": "5185.27700", "2013-09-30": "4925.81300", "2012-09-30": "4645.22300", "2011-09-30": "4636.57200", "2010-09-30": "4820.60400", "2009-09-30": "4328.41700", "2008-09-30": "4579.06300", "2007-09-30": "4345.35000", "2006-09-30": "3962.82800", "2005-09-30": "3202.46800"}}, "balance sheet, quarterly": {"Cash On Hand": {"2020-12-31": "1512.90700", "2020-09-30": "983.94000", "2020-06-30": "1194.04300", "2020-03-31": "762.60200", "2019-12-31": "471.63200", "2019-09-30": "471.63200", "2019-06-30": "457.70700", "2019-03-31": "449.69600", "2018-12-31": "458.65000", "2018-09-30": "519.21600", "2018-06-30": "561.04100", "2018-03-31": "666.84300", "2017-12-31": "965.93800", "2017-09-30": "979.60800", "2017-06-30": "963.03900", "2017-03-31": "1149.45400", "2016-12-31": "1095.72300", "2016-09-30": "1095.72300", "2016-06-30": "1124.93800", "2016-03-31": "1150.08500", "2015-12-31": "1185.85600", "2015-09-30": "1354.01200", "2015-06-30": "1401.70800", "2015-03-31": "1292.48900", "2014-12-31": "1268.57300", "2014-09-30": "1424.46500", "2014-06-30": "1174.61000", "2014-03-31": "1108.68900", "2013-12-31": "1211.55800", "2013-09-30": "1326.38000", "2013-06-30": "1090.69900", "2013-03-31": "978.15700", "2012-12-31": "961.32400", "2012-09-30": "1118.17700", "2012-06-30": "894.11100", "2012-03-31": "895.54700", "2011-12-31": "924.97600", "2011-09-30": "1173.47000", "2011-06-30": "1133.84400", "2011-03-31": "1156.51200", "2010-12-31": "1251.63900", "2010-09-30": "1433.29900", "2010-06-30": "1289.93900", "2010-03-31": "1361.49900", "2009-12-31": "1292.15000", "2009-09-30": "1173.04100", "2009-06-30": "1280.28900", "2009-03-31": "1334.85600", "2008-12-31": "1279.82700", "2008-09-30": "1244.37800", "2008-06-30": "1180.40500", "2008-03-31": "1181.79700", "2007-12-31": "1167.09000", "2007-09-30": "1179.28000", "2007-06-30": "1151.64900", "2007-03-31": "1039.43500", "2006-12-31": "1018.53000", "2006-09-30": "979.38100", "2006-06-30": "1207.55200", "2006-03-31": "1353.04600", "2005-12-31": "1220.94400", "2005-09-30": "1145.56300", "2005-06-30": "1289.81800", "2005-03-31": "1332.33400"}, "Receivables": {"2020-12-31": "929.11300", "2020-09-30": "861.03300", "2020-06-30": "952.54300", "2020-03-31": "946.27900", "2019-12-31": "987.85800", "2019-09-30": "987.85800", "2019-06-30": "952.89100", "2019-03-31": "958.85400", "2018-12-31": "1008.74800", "2018-09-30": "971.50200", "2018-06-30": "982.21300", "2018-03-31": "972.27900", "2017-12-31": "919.93700", "2017-09-30": "865.06800", "2017-06-30": "893.38600", "2017-03-31": "844.63100", "2016-12-31": "818.53100", "2016-09-30": "818.53100", "2016-06-30": "738.06300", "2016-03-31": "755.38100", "2015-12-31": "728.05900", "2015-09-30": "714.78400", "2015-06-30": "739.92700", "2015-03-31": "732.80300", "2014-12-31": "683.77800", "2014-09-30": "715.83700", "2014-06-30": "755.62200", "2014-03-31": "746.81400", "2013-12-31": "680.94700", "2013-09-30": "678.21900", "2013-06-30": "667.74800", "2013-03-31": "669.53100", "2012-12-31": "682.26800", "2012-09-30": "687.22300", "2012-06-30": "676.56800", "2012-03-31": "612.37300", "2011-12-31": "590.68100", "2011-09-30": "565.85300", "2011-06-30": "589.10300", "2011-03-31": "569.27700", "2010-12-31": "547.86700", "2010-09-30": "580.00000", "2010-06-30": "506.77800", "2010-03-31": "484.76400", "2009-12-31": "486.78300", "2009-09-30": "454.96500", "2009-06-30": "507.50700", "2009-03-31": "506.68500", "2008-12-31": "539.96800", "2008-09-30": "573.76400", "2008-06-30": "588.66700", "2008-03-31": "568.50300", "2007-12-31": "530.95700", "2007-09-30": "473.84700", "2007-06-30": "480.43300", "2007-03-31": "476.22400", "2006-12-31": "419.43800", "2006-09-30": "425.80500", "2006-06-30": "414.15400", "2006-03-31": "349.74400", "2005-12-31": "343.48700", "2005-09-30": "304.23700", "2005-06-30": "293.09700", "2005-03-31": "260.39700"}, "Inventory": {"2020-12-31": "", "2020-09-30": "", "2020-06-30": "", "2020-03-31": "", "2019-12-31": "", "2019-09-30": "", "2019-06-30": "", "2019-03-31": "", "2018-12-31": "", "2018-09-30": "", "2018-06-30": "", "2018-03-31": "", "2017-12-31": "", "2017-09-30": "", "2017-06-30": "", "2017-03-31": "", "2016-12-31": "", "2016-09-30": "", "2016-06-30": "", "2016-03-31": "", "2015-12-31": "", "2015-09-30": "", "2015-06-30": "", "2015-03-31": "", "2014-12-31": "", "2014-09-30": "", "2014-06-30": "", "2014-03-31": "", "2013-12-31": "", "2013-09-30": "", "2013-06-30": "", "2013-03-31": "", "2012-12-31": "", "2012-09-30": "", "2012-06-30": "", "2012-03-31": "", "2011-12-31": "", "2011-09-30": "", "2011-06-30": "", "2011-03-31": "", "2010-12-31": "", "2010-09-30": "", "2010-06-30": "", "2010-03-31": "", "2009-12-31": "", "2009-09-30": "", "2009-06-30": "", "2009-03-31": "", "2008-12-31": "", "2008-09-30": "", "2008-06-30": "", "2008-03-31": "", "2007-12-31": "", "2007-09-30": "", "2007-06-30": "", "2007-03-31": "", "2006-12-31": "", "2006-09-30": "", "2006-06-30": "", "2006-03-31": "", "2005-12-31": "", "2005-09-30": "", "2005-06-30": "", "2005-03-31": ""}, "Pre-Paid Expenses": {"2020-12-31": "216.30300", "2020-09-30": "229.60400", "2020-06-30": "252.71100", "2020-03-31": "242.35300", "2019-12-31": "216.08400", "2019-09-30": "216.08400", "2019-06-30": "235.64400", "2019-03-31": "230.14000", "2018-12-31": "213.99600", "2018-09-30": "229.99900", "2018-06-30": "236.98800", "2018-03-31": "221.82500", "2017-12-31": "207.28800", "2017-09-30": "203.81000", "2017-06-30": "228.61100", "2017-03-31": "223.83800", "2016-12-31": "186.13700", "2016-09-30": "186.13700", "2016-06-30": "188.83700", "2016-03-31": "202.14400", "2015-12-31": "183.84700", "2015-09-30": "158.63300", "2015-06-30": "130.95700", "2015-03-31": "134.86500", "2014-12-31": "129.71300", "2014-09-30": "135.32600", "2014-06-30": "146.91700", "2014-03-31": "160.93900", "2013-12-31": "182.39500", "2013-09-30": "151.59500", "2013-06-30": "162.73700", "2013-03-31": "166.34700", "2012-12-31": "151.80000", "2012-09-30": "126.38800", "2012-06-30": "137.44900", "2012-03-31": "145.46800", "2011-12-31": "127.05900", "2011-09-30": "127.34100", "2011-06-30": "126.15600", "2011-03-31": "145.27800", "2010-12-31": "156.72000", "2010-09-30": "112.41700", "2010-06-30": "84.44900", "2010-03-31": "90.31700", "2009-12-31": "112.16900", "2009-09-30": "126.70400", "2009-06-30": "95.22400", "2009-03-31": "96.37100", "2008-12-31": "104.50600", "2008-09-30": "102.93000", "2008-06-30": "104.05000", "2008-03-31": "113.46300", "2007-12-31": "105.23300", "2007-09-30": "98.74600", "2007-06-30": "93.99100", "2007-03-31": "99.25900", "2006-12-31": "90.72400", "2006-09-30": "97.47600", "2006-06-30": "81.79300", "2006-03-31": "78.53800", "2005-12-31": "80.68100", "2005-09-30": "76.78000", "2005-06-30": "69.20000", "2005-03-31": "76.58300"}, "Other Current Assets": {"2020-12-31": "", "2020-09-30": "", "2020-06-30": "", "2020-03-31": "", "2019-12-31": "", "2019-09-30": "", "2019-06-30": "", "2019-03-31": "", "2018-12-31": "", "2018-09-30": "", "2018-06-30": "", "2018-03-31": "", "2017-12-31": "", "2017-09-30": "", "2017-06-30": "", "2017-03-31": "", "2016-12-31": "", "2016-09-30": "", "2016-06-30": "", "2016-03-31": "", "2015-12-31": "", "2015-09-30": "", "2015-06-30": "", "2015-03-31": "", "2014-12-31": "", "2014-09-30": "", "2014-06-30": "", "2014-03-31": "", "2013-12-31": "", "2013-09-30": "", "2013-06-30": "", "2013-03-31": "", "2012-12-31": "", "2012-09-30": "", "2012-06-30": "", "2012-03-31": "", "2011-12-31": "", "2011-09-30": "", "2011-06-30": "", "2011-03-31": "", "2010-12-31": "", "2010-09-30": "", "2010-06-30": "", "2010-03-31": "", "2009-12-31": "", "2009-09-30": "", "2009-06-30": "", "2009-03-31": "", "2008-12-31": "", "2008-09-30": "", "2008-06-30": "", "2008-03-31": "", "2007-12-31": "", "2007-09-30": "", "2007-06-30": "", "2007-03-31": "", "2006-12-31": "", "2006-09-30": "", "2006-06-30": "", "2006-03-31": "", "2005-12-31": "", "2005-09-30": "", "2005-06-30": "", "2005-03-31": ""}, "Total Current Assets": {"2020-12-31": "2658.32300", "2020-09-30": "2074.57700", "2020-06-30": "2399.29700", "2020-03-31": "1951.23400", "2019-12-31": "1675.57400", "2019-09-30": "1675.57400", "2019-06-30": "1646.24200", "2019-03-31": "1638.69000", "2018-12-31": "1681.39400", "2018-09-30": "1720.71700", "2018-06-30": "1780.24200", "2018-03-31": "1860.94700", "2017-12-31": "2093.16300", "2017-09-30": "2048.48600", "2017-06-30": "2085.03600", "2017-03-31": "2217.92300", "2016-12-31": "2100.39100", "2016-09-30": "2100.39100", "2016-06-30": "2051.83800", "2016-03-31": "2107.61000", "2015-12-31": "2097.76200", "2015-09-30": "2378.16200", "2015-06-30": "2455.01400", "2015-03-31": "2325.18800", "2014-12-31": "2240.82500", "2014-09-30": "2423.97400", "2014-06-30": "2233.95800", "2014-03-31": "2177.20000", "2013-12-31": "2236.71000", "2013-09-30": "2282.07400", "2013-06-30": "2045.57900", "2013-03-31": "1937.46300", "2012-12-31": "1920.07300", "2012-09-30": "2041.07000", "2012-06-30": "1818.67900", "2012-03-31": "1751.57500", "2011-12-31": "1749.08400", "2011-09-30": "1979.32000", "2011-06-30": "1970.90500", "2011-03-31": "1995.24900", "2010-12-31": "2094.10500", "2010-09-30": "2251.79900", "2010-06-30": "1992.72600", "2010-03-31": "2055.37400", "2009-12-31": "2022.60900", "2009-09-30": "1872.55800", "2009-06-30": "1989.92600", "2009-03-31": "2036.75500", "2008-12-31": "2018.23300", "2008-09-30": "2005.58700", "2008-06-30": "1971.72700", "2008-03-31": "1972.72200", "2007-12-31": "1917.98100", "2007-09-30": "1869.49600", "2007-06-30": "1856.94900", "2007-03-31": "1728.56800", "2006-12-31": "1664.22600", "2006-09-30": "1638.70600", "2006-06-30": "1781.15200", "2006-03-31": "1862.21700", "2005-12-31": "1751.95200", "2005-09-30": "1627.74200", "2005-06-30": "1750.88600", "2005-03-31": "1763.30700"}, "Property, Plant, And Equipment": {"2020-12-31": "620.34700", "2020-09-30": "607.95100", "2020-06-30": "573.94800", "2020-03-31": "554.76500", "2019-12-31": "525.31400", "2019-09-30": "525.31400", "2019-06-30": "492.71800", "2019-03-31": "487.40700", "2018-12-31": "486.66200", "2018-09-30": "496.58500", "2018-06-30": "476.12600", "2018-03-31": "471.81800", "2017-12-31": "364.93700", "2017-09-30": "355.68500", "2017-06-30": "336.79100", "2017-03-31": "331.52300", "2016-12-31": "331.72800", "2016-09-30": "331.72800", "2016-06-30": "308.79900", "2016-03-31": "311.72300", "2015-12-31": "305.21800", "2015-09-30": "309.32000", "2015-06-30": "286.18300", "2015-03-31": "285.40200", "2014-12-31": "284.23300", "2014-09-30": "288.95600", "2014-06-30": "276.10100", "2014-03-31": "277.09800", "2013-12-31": "266.40400", "2013-09-30": "275.54400", "2013-06-30": "261.93300", "2013-03-31": "268.96200", "2012-12-31": "272.92300", "2012-09-30": "277.90700", "2012-06-30": "261.88500", "2012-03-31": "247.35300", "2011-12-31": "248.04700", "2011-09-30": "258.40200", "2011-06-30": "243.57200", "2011-03-31": "245.53400", "2010-12-31": "250.90200", "2010-09-30": "258.27300", "2010-06-30": "246.72800", "2010-03-31": "254.18000", "2009-12-31": "266.22400", "2009-09-30": "279.65900", "2009-06-30": "279.24700", "2009-03-31": "292.26100", "2008-12-31": "302.94100", "2008-09-30": "317.08100", "2008-06-30": "304.14600", "2008-03-31": "296.28800", "2007-12-31": "282.55100", "2007-09-30": "283.83900", "2007-06-30": "258.27200", "2007-03-31": "242.78400", "2006-12-31": "227.64400", "2006-09-30": "220.29000", "2006-06-30": "184.87800", "2006-03-31": "159.89100", "2005-12-31": "168.33800", "2005-09-30": "181.81200", "2005-06-30": "173.40200", "2005-03-31": "174.12300"}, "Long-Term Investments": {"2020-12-31": "", "2020-09-30": "", "2020-06-30": "", "2020-03-31": "", "2019-12-31": "", "2019-09-30": "", "2019-06-30": "", "2019-03-31": "", "2018-12-31": "", "2018-09-30": "", "2018-06-30": "", "2018-03-31": "", "2017-12-31": "", "2017-09-30": "", "2017-06-30": "", "2017-03-31": "", "2016-12-31": "", "2016-09-30": "", "2016-06-30": "", "2016-03-31": "", "2015-12-31": "", "2015-09-30": "", "2015-06-30": "", "2015-03-31": "", "2014-12-31": "", "2014-09-30": "", "2014-06-30": "", "2014-03-31": "", "2013-12-31": "", "2013-09-30": "", "2013-06-30": "", "2013-03-31": "", "2012-12-31": "", "2012-09-30": "", "2012-06-30": "", "2012-03-31": "", "2011-12-31": "", "2011-09-30": "", "2011-06-30": "", "2011-03-31": "", "2010-12-31": "", "2010-09-30": "", "2010-06-30": "", "2010-03-31": "", "2009-12-31": "", "2009-09-30": "", "2009-06-30": "", "2009-03-31": "", "2008-12-31": "", "2008-09-30": "", "2008-06-30": "", "2008-03-31": "", "2007-12-31": "", "2007-09-30": "", "2007-06-30": "", "2007-03-31": "", "2006-12-31": "", "2006-09-30": "", "2006-06-30": "", "2006-03-31": "", "2005-12-31": "", "2005-09-30": "", "2005-06-30": "", "2005-03-31": ""}, "Goodwill And Intangible Assets": {"2020-12-31": "2798.29300", "2020-09-30": "2874.97900", "2020-06-30": "2652.32500", "2020-03-31": "2656.03800", "2019-12-31": "2667.99700", "2019-09-30": "2667.99700", "2019-06-30": "2648.39500", "2019-03-31": "2671.55800", "2018-12-31": "2690.05000", "2018-09-30": "2710.14400", "2018-06-30": "2751.26600", "2018-03-31": "2780.95600", "2017-12-31": "2486.88500", "2017-09-30": "2398.53500", "2017-06-30": "2395.25300", "2017-03-31": "2423.88600", "2016-12-31": "2493.16600", "2016-09-30": "2493.16600", "2016-06-30": "2251.19100", "2016-03-31": "2269.27200", "2015-12-31": "2269.29700", "2015-09-30": "2301.61000", "2015-06-30": "2071.67800", "2015-03-31": "2085.78800", "2014-12-31": "2100.21900", "2014-09-30": "2106.45200", "2014-06-30": "2127.36000", "2014-03-31": "2140.20800", "2013-12-31": "1972.77700", "2013-09-30": "1975.06000", "2013-06-30": "1854.43500", "2013-03-31": "1862.80500", "2012-12-31": "1871.66600", "2012-09-30": "1883.06400", "2012-06-30": "1896.09300", "2012-03-31": "1909.09800", "2011-12-31": "1921.48100", "2011-09-30": "1933.15400", "2011-06-30": "1804.17600", "2011-03-31": "1820.18900", "2010-12-31": "1836.72200", "2010-09-30": "1856.17800", "2010-06-30": "1877.21000", "2010-03-31": "1883.76500", "2009-12-31": "1820.74700", "2009-09-30": "1766.76100", "2009-06-30": "1790.57200", "2009-03-31": "1809.33500", "2008-12-31": "1831.44900", "2008-09-30": "1796.92200", "2008-06-30": "1794.89300", "2008-03-31": "1772.34600", "2007-12-31": "1784.51900", "2007-09-30": "1792.58800", "2007-06-30": "1804.07700", "2007-03-31": "1838.38300", "2006-12-31": "1805.96300", "2006-09-30": "1809.32200", "2006-06-30": "1411.56100", "2006-03-31": "1111.75200", "2005-12-31": "1119.87600", "2005-09-30": "1129.25800", "2005-06-30": "834.65400", "2005-03-31": "837.38790"}, "Other Long-Term Assets": {"2020-12-31": "517.27100", "2020-09-30": "488.62000", "2020-06-30": "454.28400", "2020-03-31": "455.05200", "2019-12-31": "423.94100", "2019-09-30": "423.94100", "2019-06-30": "447.26400", "2019-03-31": "436.05900", "2018-12-31": "437.92300", "2018-09-30": "420.36900", "2018-06-30": "435.83400", "2018-03-31": "465.27000", "2017-12-31": "456.88400", "2017-09-30": "476.67400", "2017-06-30": "476.53700", "2017-03-31": "442.63300", "2016-12-31": "406.07000", "2016-09-30": "406.07000", "2016-06-30": "263.81900", "2016-03-31": "279.26200", "2015-12-31": "250.46400", "2015-09-30": "335.56000", "2015-06-30": "268.34600", "2015-03-31": "249.52600", "2014-12-31": "254.57500", "2014-09-30": "365.89500", "2014-06-30": "294.96400", "2014-03-31": "291.39400", "2013-12-31": "285.63400", "2013-09-30": "279.16900", "2013-06-30": "287.45100", "2013-03-31": "308.21700", "2012-12-31": "320.08600", "2012-09-30": "315.91600", "2012-06-30": "315.92300", "2012-03-31": "492.50100", "2011-12-31": "488.62900", "2011-09-30": "342.52500", "2011-06-30": "372.39100", "2011-03-31": "364.40800", "2010-12-31": "354.56800", "2010-09-30": "321.95100", "2010-06-30": "313.76100", "2010-03-31": "294.62900", "2009-12-31": "416.51600", "2009-09-30": "271.77700", "2009-06-30": "279.09500", "2009-03-31": "254.15500", "2008-12-31": "255.64500", "2008-09-30": "272.30000", "2008-06-30": "292.27800", "2008-03-31": "262.42100", "2007-12-31": "193.33700", "2007-09-30": "399.42700", "2007-06-30": "175.02500", "2007-03-31": "172.57900", "2006-12-31": "166.48200", "2006-09-30": "160.82000", "2006-06-30": "155.54900", "2006-03-31": "145.91200", "2005-12-31": "145.43400", "2005-09-30": "143.43900", "2005-06-30": "138.87600", "2005-03-31": "138.30700"}, "Total Long-Term Assets": {"2020-12-31": "4208.62100", "2020-09-30": "4267.04400", "2020-06-30": "3985.05800", "2020-03-31": "3954.34400", "2019-12-31": "3617.25200", "2019-09-30": "3617.25200", "2019-06-30": "3588.37700", "2019-03-31": "3595.02400", "2018-12-31": "3614.63500", "2018-09-30": "3627.09800", "2018-06-30": "3663.22600", "2018-03-31": "3718.04400", "2017-12-31": "3308.70600", "2017-09-30": "3230.89400", "2017-06-30": "3208.58100", "2017-03-31": "3198.04200", "2016-12-31": "3230.96400", "2016-09-30": "3230.96400", "2016-06-30": "2945.92100", "2016-03-31": "2983.91700", "2015-12-31": "2955.84300", "2015-09-30": "2946.49000", "2015-06-30": "2713.31300", "2015-03-31": "2718.70700", "2014-12-31": "2733.18700", "2014-09-30": "2761.30300", "2014-06-30": "2796.87800", "2014-03-31": "2802.31000", "2013-12-31": "2621.24600", "2013-09-30": "2643.73900", "2013-06-30": "2515.24000", "2013-03-31": "2556.21400", "2012-12-31": "2577.52600", "2012-09-30": "2604.15300", "2012-06-30": "2621.23900", "2012-03-31": "2648.95200", "2011-12-31": "2658.15700", "2011-09-30": "2657.25200", "2011-06-30": "2534.44200", "2011-03-31": "2547.40700", "2010-12-31": "2553.23800", "2010-09-30": "2568.80500", "2010-06-30": "2578.03900", "2010-03-31": "2571.55900", "2009-12-31": "2503.48700", "2009-09-30": "2455.85900", "2009-06-30": "2508.92300", "2009-03-31": "2527.95700", "2008-12-31": "2576.11000", "2008-09-30": "2573.47600", "2008-06-30": "2592.26400", "2008-03-31": "2532.68100", "2007-12-31": "2457.18600", "2007-09-30": "2475.85400", "2007-06-30": "2426.85100", "2007-03-31": "2433.44900", "2006-12-31": "2346.46700", "2006-09-30": "2324.12200", "2006-06-30": "1915.17900", "2006-03-31": "1559.87400", "2005-12-31": "1550.68900", "2005-09-30": "1574.72600", "2005-06-30": "1262.25900", "2005-03-31": "1271.80100"}, "Total Assets": {"2020-12-31": "6866.94400", "2020-09-30": "6341.62100", "2020-06-30": "6384.35500", "2020-03-31": "5905.57800", "2019-12-31": "5292.82600", "2019-09-30": "5292.82600", "2019-06-30": "5234.61900", "2019-03-31": "5233.71400", "2018-12-31": "5296.02900", "2018-09-30": "5347.81500", "2018-06-30": "5443.46800", "2018-03-31": "5578.99100", "2017-12-31": "5401.86900", "2017-09-30": "5279.38000", "2017-06-30": "5293.61700", "2017-03-31": "5415.96500", "2016-12-31": "5331.35500", "2016-09-30": "5331.35500", "2016-06-30": "4997.75900", "2016-03-31": "5091.52700", "2015-12-31": "5053.60500", "2015-09-30": "5324.65200", "2015-06-30": "5168.32700", "2015-03-31": "5043.89500", "2014-12-31": "4974.01200", "2014-09-30": "5185.27700", "2014-06-30": "5030.83600", "2014-03-31": "4979.51000", "2013-12-31": "4857.95600", "2013-09-30": "4925.81300", "2013-06-30": "4560.81900", "2013-03-31": "4493.67700", "2012-12-31": "4497.59900", "2012-09-30": "4645.22300", "2012-06-30": "4439.91800", "2012-03-31": "4400.52700", "2011-12-31": "4407.24100", "2011-09-30": "4636.57200", "2011-06-30": "4505.34700", "2011-03-31": "4542.65600", "2010-12-31": "4647.34300", "2010-09-30": "4820.60400", "2010-06-30": "4570.76500", "2010-03-31": "4626.93300", "2009-12-31": "4526.09600", "2009-09-30": "4328.41700", "2009-06-30": "4498.84900", "2009-03-31": "4564.71200", "2008-12-31": "4594.34300", "2008-09-30": "4579.06300", "2008-06-30": "4563.99100", "2008-03-31": "4505.40300", "2007-12-31": "4375.16700", "2007-09-30": "4345.35000", "2007-06-30": "4283.80000", "2007-03-31": "4162.01700", "2006-12-31": "4010.69300", "2006-09-30": "3962.82800", "2006-06-30": "3696.33100", "2006-03-31": "3422.09100", "2005-12-31": "3302.64100", "2005-09-30": "3202.46800", "2005-06-30": "3013.14500", "2005-03-31": "3035.10800"}, "Total Current Liabilities": {"2020-12-31": "1367.94300", "2020-09-30": "1216.20000", "2020-06-30": "1306.95700", "2020-03-31": "1566.79300", "2019-12-31": "1207.93000", "2019-09-30": "1207.93000", "2019-06-30": "1183.02800", "2019-03-31": "1213.63900", "2018-12-31": "1273.69700", "2018-09-30": "1294.95700", "2018-06-30": "1318.75700", "2018-03-31": "1390.35500", "2017-12-31": "1221.69600", "2017-09-30": "1172.94600", "2017-06-30": "1177.16900", "2017-03-31": "1350.99300", "2016-12-31": "1366.01000", "2016-09-30": "1366.01000", "2016-06-30": "1092.12300", "2016-03-31": "1142.20300", "2015-12-31": "1168.80500", "2015-09-30": "1363.50300", "2015-06-30": "1101.39200", "2015-03-31": "1049.71500", "2014-12-31": "1001.39300", "2014-09-30": "1200.74700", "2014-06-30": "1003.21500", "2014-03-31": "964.79000", "2013-12-31": "940.84100", "2013-09-30": "1074.25600", "2013-06-30": "773.81700", "2013-03-31": "781.35800", "2012-12-31": "843.82100", "2012-09-30": "1065.55800", "2012-06-30": "871.59300", "2012-03-31": "761.50100", "2011-12-31": "813.65600", "2011-09-30": "1011.20600", "2011-06-30": "760.78400", "2011-03-31": "769.02400", "2010-12-31": "846.86300", "2010-09-30": "1024.14700", "2010-06-30": "724.72500", "2010-03-31": "666.45300", "2009-12-31": "667.36200", "2009-09-30": "610.86700", "2009-06-30": "640.02500", "2009-03-31": "716.39500", "2008-12-31": "803.41600", "2008-09-30": "830.02400", "2008-06-30": "814.38400", "2008-03-31": "828.72300", "2007-12-31": "803.20300", "2007-09-30": "975.47800", "2007-06-30": "1003.70700", "2007-03-31": "998.60700", "2006-12-31": "953.75800", "2006-09-30": "1031.68700", "2006-06-30": "933.16500", "2006-03-31": "844.97500", "2005-12-31": "864.73100", "2005-09-30": "858.90300", "2005-06-30": "776.60400", "2005-03-31": "769.44300"}, "Long Term Debt": {"2020-12-31": "860.05800", "2020-09-30": "874.09900", "2020-06-30": "877.49690", "2020-03-31": "218.39100", "2019-12-31": "", "2019-09-30": "", "2019-06-30": "", "2019-03-31": "", "2018-12-31": "", "2018-09-30": "", "2018-06-30": "", "2018-03-31": "", "2017-12-31": "", "2017-09-30": "", "2017-06-30": "", "2017-03-31": "", "2016-12-31": "", "2016-09-30": "", "2016-06-30": "", "2016-03-31": "", "2015-12-31": "", "2015-09-30": "", "2015-06-30": "", "2015-03-31": "", "2014-12-31": "", "2014-09-30": "", "2014-06-30": "", "2014-03-31": "", "2013-12-31": "", "2013-09-30": "", "2013-06-30": "", "2013-03-31": "", "2012-12-31": "", "2012-09-30": "", "2012-06-30": "", "2012-03-31": "", "2011-12-31": "", "2011-09-30": "", "2011-06-30": "", "2011-03-31": "", "2010-12-31": "", "2010-09-30": "", "2010-06-30": "", "2010-03-31": "", "2009-12-31": "", "2009-09-30": "", "2009-06-30": "301.02000", "2009-03-31": "451.02000", "2008-12-31": "450.00000", "2008-09-30": "450.00000", "2008-06-30": "450.00000", "2008-03-31": "450.00000", "2007-12-31": "450.00000", "2007-09-30": "450.00000", "2007-06-30": "450.00000", "2007-03-31": "450.00000", "2006-12-31": "450.00000", "2006-09-30": "450.00000", "2006-06-30": "450.00000", "2006-03-31": "450.00000", "2005-12-31": "450.00000", "2005-09-30": "450.27200", "2005-06-30": "450.00000", "2005-03-31": "450.00000"}, "Other Non-Current Liabilities": {"2020-12-31": "770.43800", "2020-09-30": "327.68000", "2020-06-30": "319.58700", "2020-03-31": "312.08800", "2019-12-31": "334.92200", "2019-09-30": "334.92200", "2019-06-30": "321.64300", "2019-03-31": "316.82500", "2018-12-31": "523.17200", "2018-09-30": "336.24400", "2018-06-30": "351.30100", "2018-03-31": "358.11000", "2017-12-31": "552.28100", "2017-09-30": "312.94700", "2017-06-30": "304.18000", "2017-03-31": "286.80000", "2016-12-31": "284.68500", "2016-09-30": "284.68500", "2016-06-30": "255.83500", "2016-03-31": "257.27000", "2015-12-31": "248.45600", "2015-09-30": "248.32200", "2015-06-30": "250.94900", "2015-03-31": "244.73700", "2014-12-31": "263.47600", "2014-09-30": "277.56000", "2014-06-30": "289.08600", "2014-03-31": "285.59800", "2013-12-31": "262.01400", "2013-09-30": "260.80900", "2013-06-30": "260.56700", "2013-03-31": "252.72300", "2012-12-31": "250.21200", "2012-09-30": "244.66800", "2012-06-30": "243.75100", "2012-03-31": "599.83400", "2011-12-31": "603.26800", "2011-09-30": "292.02000", "2011-06-30": "307.14100", "2011-03-31": "300.49700", "2010-12-31": "290.91900", "2010-09-30": "273.35400", "2010-06-30": "260.82900", "2010-03-31": "269.09300", "2009-12-31": "548.19900", "2009-09-30": "231.38700", "2009-06-30": "208.23200", "2009-03-31": "174.71400", "2008-12-31": "200.64800", "2008-09-30": "227.30000", "2008-06-30": "229.21000", "2008-03-31": "213.72700", "2007-12-31": "197.54800", "2007-09-30": "319.62900", "2007-06-30": "189.24100", "2007-03-31": "187.21700", "2006-12-31": "196.86100", "2006-09-30": "197.63700", "2006-06-30": "201.07000", "2006-03-31": "175.38400", "2005-12-31": "180.96800", "2005-09-30": "186.27000", "2005-06-30": "163.47900", "2005-03-31": "172.93500"}, "Total Long Term Liabilities": {"2020-12-31": "1630.49600", "2020-09-30": "1460.26600", "2020-06-30": "1430.23100", "2020-03-31": "759.97300", "2019-12-31": "542.43000", "2019-09-30": "542.43000", "2019-06-30": "523.90600", "2019-03-31": "527.28800", "2018-12-31": "523.17200", "2018-09-30": "560.81600", "2018-06-30": "561.84200", "2018-03-31": "582.41900", "2017-12-31": "552.28100", "2017-09-30": "532.36400", "2017-06-30": "534.75900", "2017-03-31": "512.05600", "2016-12-31": "511.78400", "2016-09-30": "511.78400", "2016-06-30": "471.85300", "2016-03-31": "474.34100", "2015-12-31": "458.21600", "2015-09-30": "554.30700", "2015-06-30": "550.63400", "2015-03-31": "540.85600", "2014-12-31": "553.71900", "2014-09-30": "588.69400", "2014-06-30": "598.16000", "2014-03-31": "604.96200", "2013-12-31": "584.10300", "2013-09-30": "576.77400", "2013-06-30": "547.20500", "2013-03-31": "562.74700", "2012-12-31": "559.32400", "2012-09-30": "546.46300", "2012-06-30": "554.46100", "2012-03-31": "599.83400", "2011-12-31": "603.26800", "2011-09-30": "602.06500", "2011-06-30": "604.28900", "2011-03-31": "592.87900", "2010-12-31": "581.50800", "2010-09-30": "567.07700", "2010-06-30": "550.25900", "2010-03-31": "557.08500", "2009-12-31": "548.19900", "2009-09-30": "504.49700", "2009-06-30": "784.15500", "2009-03-31": "890.67100", "2008-12-31": "917.32400", "2008-09-30": "943.84800", "2008-06-30": "950.23800", "2008-03-31": "952.98600", "2007-12-31": "922.29800", "2007-09-30": "769.62900", "2007-06-30": "765.21590", "2007-03-31": "767.82400", "2006-12-31": "776.25400", "2006-09-30": "776.97600", "2006-06-30": "732.27900", "2006-03-31": "678.89800", "2005-12-31": "682.94300", "2005-09-30": "687.11300", "2005-06-30": "660.88800", "2005-03-31": "668.49200"}, "Total Liabilities": {"2020-12-31": "2998.43900", "2020-09-30": "2676.46600", "2020-06-30": "2737.18800", "2020-03-31": "2326.76600", "2019-12-31": "1750.36000", "2019-09-30": "1750.36000", "2019-06-30": "1706.93400", "2019-03-31": "1740.92700", "2018-12-31": "1796.86900", "2018-09-30": "1855.77300", "2018-06-30": "1880.59900", "2018-03-31": "1972.77400", "2017-12-31": "1773.97700", "2017-09-30": "1705.31000", "2017-06-30": "1711.92800", "2017-03-31": "1863.04900", "2016-12-31": "1877.79400", "2016-09-30": "1877.79400", "2016-06-30": "1563.97600", "2016-03-31": "1616.54400", "2015-12-31": "1627.02100", "2015-09-30": "1917.81000", "2015-06-30": "1652.02600", "2015-03-31": "1590.57100", "2014-12-31": "1555.11200", "2014-09-30": "1789.44100", "2014-06-30": "1601.37500", "2014-03-31": "1569.75200", "2013-12-31": "1524.94400", "2013-09-30": "1651.03000", "2013-06-30": "1321.02200", "2013-03-31": "1344.10500", "2012-12-31": "1403.14500", "2012-09-30": "1612.02100", "2012-06-30": "1426.05400", "2012-03-31": "1361.33500", "2011-12-31": "1416.92400", "2011-09-30": "1613.27100", "2011-06-30": "1365.07300", "2011-03-31": "1361.90300", "2010-12-31": "1428.37100", "2010-09-30": "1591.22400", "2010-06-30": "1274.98400", "2010-03-31": "1223.53800", "2009-12-31": "1215.56100", "2009-09-30": "1115.36400", "2009-06-30": "1424.18000", "2009-03-31": "1607.06600", "2008-12-31": "1720.74000", "2008-09-30": "1773.87200", "2008-06-30": "1764.62200", "2008-03-31": "1781.70900", "2007-12-31": "1725.50100", "2007-09-30": "1745.10700", "2007-06-30": "1768.92300", "2007-03-31": "1766.43100", "2006-12-31": "1730.01200", "2006-09-30": "1808.66300", "2006-06-30": "1665.44400", "2006-03-31": "1523.87300", "2005-12-31": "1547.67400", "2005-09-30": "1546.01600", "2005-06-30": "1437.49200", "2005-03-31": "1437.93500"}, "Common Stock Net": {"2020-12-31": "", "2020-09-30": "4.48300", "2020-06-30": "4.48300", "2020-03-31": "4.47700", "2019-12-31": "4.45200", "2019-09-30": "4.45200", "2019-06-30": "4.44900", "2019-03-31": "4.44500", "2018-12-31": "", "2018-09-30": "4.43600", "2018-06-30": "4.43500", "2018-03-31": "4.43200", "2017-12-31": "", "2017-09-30": "4.41000", "2017-06-30": "4.40500", "2017-03-31": "4.40100", "2016-12-31": "4.37700", "2016-09-30": "4.37700", "2016-06-30": "4.36600", "2016-03-31": "4.36300", "2015-12-31": "4.34600", "2015-09-30": "4.33100", "2015-06-30": "4.32200", "2015-03-31": "4.31900", "2014-12-31": "4.29700", "2014-09-30": "4.28400", "2014-06-30": "4.27600", "2014-03-31": "4.26700", "2013-12-31": "4.22900", "2013-09-30": "4.19900", "2013-06-30": "4.17600", "2013-03-31": "4.15200", "2012-12-31": "4.11600", "2012-09-30": "4.07700", "2012-06-30": "4.06300", "2012-03-31": "", "2011-12-31": "", "2011-09-30": "4.01300", "2011-06-30": "4.00200", "2011-03-31": "3.99300", "2010-12-31": "3.97500", "2010-09-30": "3.95600", "2010-06-30": "3.95500", "2010-03-31": "3.95200", "2009-12-31": "", "2009-09-30": "3.93000", "2009-06-30": "3.91100", "2009-03-31": "3.91100", "2008-12-31": "3.90300", "2008-09-30": "3.90000", "2008-06-30": "3.89300", "2008-03-31": "3.87100", "2007-12-31": "3.86100", "2007-09-30": "", "2007-06-30": "3.82800", "2007-03-31": "3.79700", "2006-12-31": "3.78100", "2006-09-30": "3.76300", "2006-06-30": "3.73700", "2006-03-31": "3.71400", "2005-12-31": "3.66500", "2005-09-30": "3.64400", "2005-06-30": "3.62800", "2005-03-31": "3.62000"}, "Retained Earnings (Accumulated Deficit)": {"2020-12-31": "", "2020-09-30": "5341.90700", "2020-06-30": "5250.52800", "2020-03-31": "5173.68900", "2019-12-31": "5012.79900", "2019-09-30": "5012.79900", "2019-06-30": "4929.18500", "2019-03-31": "4836.46700", "2018-12-31": "", "2018-09-30": "4673.90100", "2018-06-30": "4664.68100", "2018-03-31": "4608.51400", "2017-12-31": "", "2017-09-30": "4457.10700", "2017-06-30": "4381.63400", "2017-03-31": "4294.35100", "2016-12-31": "4144.82700", "2016-09-30": "4144.82700", "2016-06-30": "4077.81100", "2016-03-31": "4001.58700", "2015-12-31": "3923.07300", "2015-09-30": "3847.79600", "2015-06-30": "3782.36300", "2015-03-31": "3700.70800", "2014-12-31": "3610.73300", "2014-09-30": "3503.82900", "2014-06-30": "3427.61700", "2014-03-31": "3342.36600", "2013-12-31": "3256.80800", "2013-09-30": "3176.12500", "2013-06-30": "3107.98300", "2013-03-31": "3009.35400", "2012-12-31": "2925.36900", "2012-09-30": "2847.38600", "2012-06-30": "2770.48500", "2012-03-31": "", "2011-12-31": "", "2011-09-30": "2477.13500", "2011-06-30": "2389.75600", "2011-03-31": "2297.97100", "2010-12-31": "2203.86100", "2010-09-30": "2130.47000", "2010-06-30": "2035.73200", "2010-03-31": "1943.46700", "2009-12-31": "", "2009-09-30": "1786.56400", "2009-06-30": "1700.81300", "2009-03-31": "1613.48200", "2008-12-31": "1532.85200", "2008-09-30": "1458.60500", "2008-06-30": "1375.89400", "2008-03-31": "1275.22200", "2007-12-31": "1175.36300", "2007-09-30": "", "2007-06-30": "983.45600", "2007-03-31": "895.27500", "2006-12-31": "808.10400", "2006-09-30": "714.76200", "2006-06-30": "638.80700", "2006-03-31": "553.22200", "2005-12-31": "471.46000", "2005-09-30": "396.12600", "2005-06-30": "328.32700", "2005-03-31": "251.23000"}, "Comprehensive Income": {"2020-12-31": "", "2020-09-30": "11.66200", "2020-06-30": "5.93400", "2020-03-31": "-9.20400", "2019-12-31": "-2.54700", "2019-09-30": "-2.54700", "2019-06-30": "0.19700", "2019-03-31": "-7.80300", "2018-12-31": "", "2018-09-30": "-32.73100", "2018-06-30": "-24.37900", "2018-03-31": "6.34500", "2017-12-31": "", "2017-09-30": "18.79000", "2017-06-30": "34.97000", "2017-03-31": "27.51000", "2016-12-31": "6.09500", "2016-09-30": "6.09500", "2016-06-30": "-4.63400", "2016-03-31": "8.77500", "2015-12-31": "-12.62100", "2015-09-30": "-16.75300", "2015-06-30": "3.06200", "2015-03-31": "-22.60000", "2014-12-31": "-25.05900", "2014-09-30": "-9.97200", "2014-06-30": "12.82100", "2014-03-31": "12.65100", "2013-12-31": "9.66300", "2013-09-30": "0.63200", "2013-06-30": "-3.80300", "2013-03-31": "6.53000", "2012-12-31": "-6.20900", "2012-09-30": "-25.50100", "2012-06-30": "-40.10700", "2012-03-31": "", "2011-12-31": "", "2011-09-30": "-19.65600", "2011-06-30": "8.70600", "2011-03-31": "7.24600", "2010-12-31": "4.46600", "2010-09-30": "1.95200", "2010-06-30": "-3.80700", "2010-03-31": "2.88600", "2009-12-31": "", "2009-09-30": "8.34300", "2009-06-30": "-8.36000", "2009-03-31": "-28.36100", "2008-12-31": "-22.17300", "2008-09-30": "-14.83400", "2008-06-30": "-3.13100", "2008-03-31": "6.57100", "2007-12-31": "5.21300", "2007-09-30": "", "2007-06-30": "-7.50900", "2007-03-31": "4.63700", "2006-12-31": "4.28400", "2006-09-30": "2.72300", "2006-06-30": "-3.62100", "2006-03-31": "-6.98500", "2005-12-31": "-8.18300", "2005-09-30": "-10.88600", "2005-06-30": "-7.56100", "2005-03-31": "-4.59100"}, "Other Share Holders Equity": {"2020-12-31": "", "2020-09-30": "", "2020-06-30": "", "2020-03-31": "", "2019-12-31": "", "2019-09-30": "", "2019-06-30": "", "2019-03-31": "", "2018-12-31": "", "2018-09-30": "", "2018-06-30": "", "2018-03-31": "", "2017-12-31": "", "2017-09-30": "", "2017-06-30": "", "2017-03-31": "", "2016-12-31": "", "2016-09-30": "", "2016-06-30": "", "2016-03-31": "", "2015-12-31": "", "2015-09-30": "", "2015-06-30": "", "2015-03-31": "", "2014-12-31": "", "2014-09-30": "", "2014-06-30": "", "2014-03-31": "", "2013-12-31": "", "2013-09-30": "", "2013-06-30": "", "2013-03-31": "", "2012-12-31": "", "2012-09-30": "", "2012-06-30": "", "2012-03-31": "", "2011-12-31": "", "2011-09-30": "", "2011-06-30": "", "2011-03-31": "", "2010-12-31": "", "2010-09-30": "", "2010-06-30": "", "2010-03-31": "", "2009-12-31": "", "2009-09-30": "", "2009-06-30": "", "2009-03-31": "", "2008-12-31": "", "2008-09-30": "", "2008-06-30": "", "2008-03-31": "", "2007-12-31": "", "2007-09-30": "", "2007-06-30": "", "2007-03-31": "", "2006-12-31": "", "2006-09-30": "", "2006-06-30": "", "2006-03-31": "", "2005-12-31": "", "2005-09-30": "", "2005-06-30": "", "2005-03-31": ""}, "Share Holder Equity": {"2020-12-31": "3868.50500", "2020-09-30": "3665.15500", "2020-06-30": "3647.16700", "2020-03-31": "3578.81200", "2019-12-31": "3542.46600", "2019-09-30": "3542.46600", "2019-06-30": "3527.68500", "2019-03-31": "3492.78700", "2018-12-31": "3499.16000", "2018-09-30": "3492.04200", "2018-06-30": "3562.86900", "2018-03-31": "3606.21700", "2017-12-31": "3627.89200", "2017-09-30": "3574.07000", "2017-06-30": "3581.68900", "2017-03-31": "3552.91600", "2016-12-31": "3453.56100", "2016-09-30": "3453.56100", "2016-06-30": "3433.78300", "2016-03-31": "3474.98300", "2015-12-31": "3426.58400", "2015-09-30": "3406.84200", "2015-06-30": "3516.30100", "2015-03-31": "3453.32400", "2014-12-31": "3418.90000", "2014-09-30": "3395.83600", "2014-06-30": "3429.46100", "2014-03-31": "3409.75800", "2013-12-31": "3333.01200", "2013-09-30": "3274.78300", "2013-06-30": "3239.79700", "2013-03-31": "3149.57200", "2012-12-31": "3094.45400", "2012-09-30": "3033.20200", "2012-06-30": "3013.86400", "2012-03-31": "3039.19200", "2011-12-31": "2990.31700", "2011-09-30": "3023.30100", "2011-06-30": "3140.27400", "2011-03-31": "3180.75300", "2010-12-31": "3218.97200", "2010-09-30": "3229.38000", "2010-06-30": "3295.78100", "2010-03-31": "3403.39500", "2009-12-31": "3310.53500", "2009-09-30": "3213.05300", "2009-06-30": "3074.66900", "2009-03-31": "2957.64600", "2008-12-31": "2873.60300", "2008-09-30": "2805.19100", "2008-06-30": "2799.36900", "2008-03-31": "2723.69400", "2007-12-31": "2649.66600", "2007-09-30": "2600.24300", "2007-06-30": "2514.87700", "2007-03-31": "2395.58600", "2006-12-31": "2280.68100", "2006-09-30": "2154.16500", "2006-06-30": "2030.88700", "2006-03-31": "1898.21800", "2005-12-31": "1754.96700", "2005-09-30": "1656.45200", "2005-06-30": "1575.65300", "2005-03-31": "1597.17300"}, "Total Liabilities And Share Holders Equity": {"2020-12-31": "6866.94400", "2020-09-30": "6341.62100", "2020-06-30": "6384.35500", "2020-03-31": "5905.57800", "2019-12-31": "5292.82600", "2019-09-30": "5292.82600", "2019-06-30": "5234.61900", "2019-03-31": "5233.71400", "2018-12-31": "5296.02900", "2018-09-30": "5347.81500", "2018-06-30": "5443.46800", "2018-03-31": "5578.99100", "2017-12-31": "5401.86900", "2017-09-30": "5279.38000", "2017-06-30": "5293.61700", "2017-03-31": "5415.96500", "2016-12-31": "5331.35500", "2016-09-30": "5331.35500", "2016-06-30": "4997.75900", "2016-03-31": "5091.52700", "2015-12-31": "5053.60500", "2015-09-30": "5324.65200", "2015-06-30": "5168.32700", "2015-03-31": "5043.89500", "2014-12-31": "4974.01200", "2014-09-30": "5185.27700", "2014-06-30": "5030.83600", "2014-03-31": "4979.51000", "2013-12-31": "4857.95600", "2013-09-30": "4925.81300", "2013-06-30": "4560.81900", "2013-03-31": "4493.67700", "2012-12-31": "4497.59900", "2012-09-30": "4645.22300", "2012-06-30": "4439.91800", "2012-03-31": "4400.52700", "2011-12-31": "4407.24100", "2011-09-30": "4636.57200", "2011-06-30": "4505.34700", "2011-03-31": "4542.65600", "2010-12-31": "4647.34300", "2010-09-30": "4820.60400", "2010-06-30": "4570.76500", "2010-03-31": "4626.93300", "2009-12-31": "4526.09600", "2009-09-30": "4328.41700", "2009-06-30": "4498.84900", "2009-03-31": "4564.71200", "2008-12-31": "4594.34300", "2008-09-30": "4579.06300", "2008-06-30": "4563.99100", "2008-03-31": "4505.40300", "2007-12-31": "4375.16700", "2007-09-30": "4345.35000", "2007-06-30": "4283.80000", "2007-03-31": "4162.01700", "2006-12-31": "4010.69300", "2006-09-30": "3962.82800", "2006-06-30": "3696.33100", "2006-03-31": "3422.09100", "2005-12-31": "3302.64100", "2005-09-30": "3202.46800", "2005-06-30": "3013.14500", "2005-03-31": "3035.10800"}}, "cash flow statement": {"Net Income/Loss": {"2020-09-30": "497.84000", "2019-09-30": "479.44600", "2018-09-30": "354.39600", "2017-09-30": "436.82600", "2016-09-30": "409.33100", "2015-09-30": "446.16300", "2014-09-30": "422.12200", "2013-09-30": "412.43900", "2012-09-30": "391.37100", "2011-09-30": "346.66500", "2010-09-30": "343.90600", "2009-09-30": "326.17600", "2008-09-30": "378.90600", "2007-09-30": "364.93700", "2006-09-30": "318.63600", "2005-09-30": "288.63600"}, "Total Depreciation And Amortization - Cash Flow": {"2020-09-30": "198.55300", "2019-09-30": "205.77200", "2018-09-30": "211.22400", "2017-09-30": "214.88500", "2016-09-30": "211.79100", "2015-09-30": "174.79500", "2014-09-30": "162.77200", "2013-09-30": "140.77600", "2012-09-30": "159.61400", "2011-09-30": "181.47700", "2010-09-30": "195.94000", "2009-09-30": "198.11900", "2008-09-30": "192.93700", "2007-09-30": "164.99400", "2006-09-30": "117.90000", "2005-09-30": "93.82800"}, "Other Non-Cash Items": {"2020-09-30": "72.67300", "2019-09-30": "25.33700", "2018-09-30": "73.89800", "2017-09-30": "46.43300", "2016-09-30": "33.87900", "2015-09-30": "12.20000", "2014-09-30": "35.16600", "2013-09-30": "54.72800", "2012-09-30": "32.26000", "2011-09-30": "39.09100", "2010-09-30": "47.30700", "2009-09-30": "61.40600", "2008-09-30": "64.14500", "2007-09-30": "29.42700", "2006-09-30": "65.02600", "2005-09-30": "9.76600"}, "Total Non-Cash Items": {"2020-09-30": "271.22600", "2019-09-30": "231.10900", "2018-09-30": "285.12200", "2017-09-30": "261.31800", "2016-09-30": "245.67000", "2015-09-30": "186.99500", "2014-09-30": "197.93800", "2013-09-30": "195.50400", "2012-09-30": "191.87400", "2011-09-30": "220.56800", "2010-09-30": "243.24700", "2009-09-30": "259.52500", "2008-09-30": "257.08200", "2007-09-30": "194.42100", "2006-09-30": "182.92600", "2005-09-30": "103.59400"}, "Change In Accounts Receivable": {"2020-09-30": "134.58400", "2019-09-30": "6.58900", "2018-09-30": "-66.45100", "2017-09-30": "-41.07500", "2016-09-30": "-70.85900", "2015-09-30": "39.82900", "2014-09-30": "5.54000", "2013-09-30": "29.99900", "2012-09-30": "-106.55100", "2011-09-30": "38.06200", "2010-09-30": "-131.38700", "2009-09-30": "131.52700", "2008-09-30": "-118.29100", "2007-09-30": "-67.33300", "2006-09-30": "-79.36300", "2005-09-30": "-15.10600"}, "Change In Inventories": {"2020-09-30": "", "2019-09-30": "", "2018-09-30": "", "2017-09-30": "", "2016-09-30": "", "2015-09-30": "", "2014-09-30": "", "2013-09-30": "", "2012-09-30": "", "2011-09-30": "", "2010-09-30": "", "2009-09-30": "", "2008-09-30": "", "2007-09-30": "", "2006-09-30": "", "2005-09-30": ""}, "Change In Accounts Payable": {"2020-09-30": "", "2019-09-30": "", "2018-09-30": "", "2017-09-30": "", "2016-09-30": "", "2015-09-30": "", "2014-09-30": "", "2013-09-30": "", "2012-09-30": "", "2011-09-30": "", "2010-09-30": "", "2009-09-30": "", "2008-09-30": "", "2007-09-30": "", "2006-09-30": "", "2005-09-30": ""}, "Change In Assets/Liabilities": {"2020-09-30": "-45.87900", "2019-09-30": "-6.75000", "2018-09-30": "-10.13000", "2017-09-30": "-77.86100", "2016-09-30": "-34.00200", "2015-09-30": "12.26700", "2014-09-30": "8.60300", "2013-09-30": "41.97700", "2012-09-30": "-37.13000", "2011-09-30": "-50.11600", "2010-09-30": "21.50800", "2009-09-30": "-23.41100", "2008-09-30": "19.64100", "2007-09-30": "-110.01600", "2006-09-30": "-62.47700", "2005-09-30": "-18.03200"}, "Total Change In Assets/Liabilities": {"2020-09-30": "-110.93000", "2019-09-30": "-54.17800", "2018-09-30": "-82.26900", "2017-09-30": "-62.03200", "2016-09-30": "-34.76700", "2015-09-30": "139.46400", "2014-09-30": "89.19800", "2013-09-30": "62.60400", "2012-09-30": "-69.17600", "2011-09-30": "-31.74100", "2010-09-30": "98.04500", "2009-09-30": "-72.18500", "2008-09-30": "-152.97500", "2007-09-30": "-135.46400", "2006-09-30": "-98.06700", "2005-09-30": "-13.23900"}, "Cash Flow From Operating Activities": {"2020-09-30": "658.13600", "2019-09-30": "656.37700", "2018-09-30": "557.24900", "2017-09-30": "636.11200", "2016-09-30": "620.23400", "2015-09-30": "772.62200", "2014-09-30": "709.25800", "2013-09-30": "670.54700", "2012-09-30": "514.06900", "2011-09-30": "535.49200", "2010-09-30": "685.19800", "2009-09-30": "519.15600", "2008-09-30": "483.01300", "2007-09-30": "423.89400", "2006-09-30": "429.22000", "2005-09-30": "381.75100"}, "Net Change In Property, Plant, And Equipment": {"2020-09-30": "-205.51000", "2019-09-30": "-128.08600", "2018-09-30": "-231.14600", "2017-09-30": "-133.39200", "2016-09-30": "231.87400", "2015-09-30": "-120.50300", "2014-09-30": "-111.56900", "2013-09-30": "204.95300", "2012-09-30": "-122.05300", "2011-09-30": "-109.77900", "2010-09-30": "-86.94500", "2009-09-30": "962.94700", "2008-09-30": "575.54000", "2007-09-30": "-162.59400", "2006-09-30": "-76.44300", "2005-09-30": "-65.54500"}, "Net Change In Intangible Assets": {"2020-09-30": "", "2019-09-30": "", "2018-09-30": "", "2017-09-30": "", "2016-09-30": "", "2015-09-30": "", "2014-09-30": "", "2013-09-30": "", "2012-09-30": "", "2011-09-30": "", "2010-09-30": "", "2009-09-30": "", "2008-09-30": "", "2007-09-30": "", "2006-09-30": "", "2005-09-30": ""}, "Net Acquisitions/Divestitures": {"2020-09-30": "-249.35800", "2019-09-30": "-60.57200", "2018-09-30": "-355.14200", "2017-09-30": "-18.06400", "2016-09-30": "-283.45000", "2015-09-30": "-263.19300", "2014-09-30": "-180.54000", "2013-09-30": "-112.40500", "2012-09-30": "", "2011-09-30": "-162.96400", "2010-09-30": "-180.03200", "2009-09-30": "-65.89000", "2008-09-30": "-58.77200", "2007-09-30": "-90.72400", "2006-09-30": "-624.80100", "2005-09-30": "-262.25300"}, "Net Change In Short-term Investments": {"2020-09-30": "-0.75300", "2019-09-30": "101.28700", "2018-09-30": "227.05300", "2017-09-30": "-3.91700", "2016-09-30": "-370.74200", "2015-09-30": "2.63400", "2014-09-30": "-10.31600", "2013-09-30": "-386.87600", "2012-09-30": "102.15600", "2011-09-30": "69.14800", "2010-09-30": "53.73700", "2009-09-30": "-963.43300", "2008-09-30": "-685.87300", "2007-09-30": "-187.88300", "2006-09-30": "72.00200", "2005-09-30": "201.63800"}, "Net Change In Long-Term Investments": {"2020-09-30": "", "2019-09-30": "", "2018-09-30": "", "2017-09-30": "", "2016-09-30": "", "2015-09-30": "", "2014-09-30": "", "2013-09-30": "", "2012-09-30": "", "2011-09-30": "", "2010-09-30": "", "2009-09-30": "", "2008-09-30": "", "2007-09-30": "", "2006-09-30": "", "2005-09-30": ""}, "Net Change In Investments - Total": {"2020-09-30": "-0.75300", "2019-09-30": "101.28700", "2018-09-30": "227.05300", "2017-09-30": "-3.91700", "2016-09-30": "-370.74200", "2015-09-30": "2.63400", "2014-09-30": "-10.31600", "2013-09-30": "-386.87600", "2012-09-30": "102.15600", "2011-09-30": "69.14800", "2010-09-30": "53.73700", "2009-09-30": "-963.43300", "2008-09-30": "-685.87300", "2007-09-30": "-187.88300", "2006-09-30": "72.00200", "2005-09-30": "201.63800"}, "Investing Activities - Other": {"2020-09-30": "-6.10400", "2019-09-30": "0.61500", "2018-09-30": "-3.15700", "2017-09-30": "-29.94000", "2016-09-30": "-18.53300", "2015-09-30": "1.40800", "2014-09-30": "3.87200", "2013-09-30": "-2.80100", "2012-09-30": "2.60800", "2011-09-30": "-18.07600", "2010-09-30": "1.73400", "2009-09-30": "", "2008-09-30": "", "2007-09-30": "", "2006-09-30": "", "2005-09-30": ""}, "Cash Flow From Investing Activities": {"2020-09-30": "-461.72500", "2019-09-30": "-86.75600", "2018-09-30": "-362.39200", "2017-09-30": "-185.31300", "2016-09-30": "-440.85100", "2015-09-30": "-379.65400", "2014-09-30": "-298.55300", "2013-09-30": "-297.12900", "2012-09-30": "-17.28900", "2011-09-30": "-221.67100", "2010-09-30": "-211.50600", "2009-09-30": "-66.37600", "2008-09-30": "-169.10500", "2007-09-30": "-441.20100", "2006-09-30": "-629.24200", "2005-09-30": "-126.16000"}, "Net Long-Term Debt": {"2020-09-30": "743.91890", "2019-09-30": "", "2018-09-30": "", "2017-09-30": "-200.00000", "2016-09-30": "-20.00000", "2015-09-30": "10.00000", "2014-09-30": "10.00000", "2013-09-30": "", "2012-09-30": "-50.00000", "2011-09-30": "49.12200", "2010-09-30": "", "2009-09-30": "-896.79500", "2008-09-30": "-0.17500", "2007-09-30": "", "2006-09-30": "-0.09700", "2005-09-30": ""}, "Net Current Debt": {"2020-09-30": "", "2019-09-30": "", "2018-09-30": "", "2017-09-30": "", "2016-09-30": "", "2015-09-30": "", "2014-09-30": "", "2013-09-30": "", "2012-09-30": "", "2011-09-30": "", "2010-09-30": "199.38400", "2009-09-30": "446.04800", "2008-09-30": "-0.33100", "2007-09-30": "", "2006-09-30": "-7.82100", "2005-09-30": "-22.43900"}, "Debt Issuance/Retirement Net - Total": {"2020-09-30": "743.91890", "2019-09-30": "", "2018-09-30": "", "2017-09-30": "-200.00000", "2016-09-30": "-20.00000", "2015-09-30": "10.00000", "2014-09-30": "10.00000", "2013-09-30": "", "2012-09-30": "-50.00000", "2011-09-30": "49.12200", "2010-09-30": "199.38400", "2009-09-30": "-450.74700", "2008-09-30": "-0.50600", "2007-09-30": "", "2006-09-30": "-7.91800", "2005-09-30": "-22.43900"}, "Net Common Equity Issued/Repurchased": {"2020-09-30": "-263.06200", "2019-09-30": "-356.57400", "2018-09-30": "-337.94800", "2017-09-30": "-253.01100", "2016-09-30": "-323.82200", "2015-09-30": "-375.81400", "2014-09-30": "-243.88900", "2013-09-30": "-153.63100", "2012-09-30": "-397.93400", "2011-09-30": "-567.76700", "2010-09-30": "-365.64300", "2009-09-30": "7.87900", "2008-09-30": "-210.05300", "2007-09-30": "24.82600", "2006-09-30": "106.85300", "2005-09-30": "-75.95200"}, "Net Total Equity Issued/Repurchased": {"2020-09-30": "-263.06200", "2019-09-30": "-356.57400", "2018-09-30": "-337.94800", "2017-09-30": "-253.01100", "2016-09-30": "-323.82200", "2015-09-30": "-375.81400", "2014-09-30": "-243.88900", "2013-09-30": "-153.63100", "2012-09-30": "-397.93400", "2011-09-30": "-567.76700", "2010-09-30": "-365.64300", "2009-09-30": "7.87900", "2008-09-30": "-210.05300", "2007-09-30": "24.82600", "2006-09-30": "106.85300", "2005-09-30": "-75.95200"}, "Total Common And Preferred Stock Dividends Paid": {"2020-09-30": "-164.06100", "2019-09-30": "-147.61600", "2018-09-30": "-134.29200", "2017-09-30": "-121.50300", "2016-09-30": "-109.30400", "2015-09-30": "-100.79000", "2014-09-30": "-90.93900", "2013-09-30": "-84.00800", "2012-09-30": "", "2011-09-30": "", "2010-09-30": "", "2009-09-30": "", "2008-09-30": "", "2007-09-30": "", "2006-09-30": "", "2005-09-30": ""}, "Financial Activities - Other": {"2020-09-30": "-1.65100", "2019-09-30": "-12.58200", "2018-09-30": "46.55500", "2017-09-30": "4.66600", "2016-09-30": "6.83000", "2015-09-30": "5.94000", "2014-09-30": "3.20000", "2013-09-30": "-0.74500", "2012-09-30": "-1.05900", "2011-09-30": "", "2010-09-30": "", "2009-09-30": "", "2008-09-30": "", "2007-09-30": "0.79500", "2006-09-30": "0.72200", "2005-09-30": ""}, "Cash Flow From Financial Activities": {"2020-09-30": "315.14500", "2019-09-30": "-516.77200", "2018-09-30": "-425.68500", "2017-09-30": "-569.84800", "2016-09-30": "-446.29600", "2015-09-30": "-460.66400", "2014-09-30": "-321.62800", "2013-09-30": "-238.38400", "2012-09-30": "-448.99300", "2011-09-30": "-518.64500", "2010-09-30": "-166.25900", "2009-09-30": "-442.86800", "2008-09-30": "-210.55900", "2007-09-30": "25.62100", "2006-09-30": "99.65700", "2005-09-30": "-98.39100"}, "Net Cash Flow": {"2020-09-30": "511.55600", "2019-09-30": "52.84900", "2018-09-30": "-230.82800", "2017-09-30": "-119.04900", "2016-09-30": "-266.91300", "2015-09-30": "-67.69600", "2014-09-30": "89.07700", "2013-09-30": "135.03400", "2012-09-30": "47.78700", "2011-09-30": "-204.82400", "2010-09-30": "307.43300", "2009-09-30": "9.91200", "2008-09-30": "103.34900", "2007-09-30": "8.31400", "2006-09-30": "-100.36500", "2005-09-30": "157.20000"}, "Stock-Based Compensation": {"2020-09-30": "42.43400", "2019-09-30": "38.55000", "2018-09-30": "47.47600", "2017-09-30": "44.53900", "2016-09-30": "42.70000", "2015-09-30": "44.56000", "2014-09-30": "44.57800", "2013-09-30": "40.34000", "2012-09-30": "43.42900", "2011-09-30": "36.63100", "2010-09-30": "44.45500", "2009-09-30": "42.91100", "2008-09-30": "57.49000", "2007-09-30": "53.58700", "2006-09-30": "46.17800", "2005-09-30": ""}, "Common Stock Dividends Paid": {"2020-09-30": "-164.06100", "2019-09-30": "-147.61600", "2018-09-30": "-134.29200", "2017-09-30": "-121.50300", "2016-09-30": "-109.30400", "2015-09-30": "-100.79000", "2014-09-30": "-90.93900", "2013-09-30": "-84.00800", "2012-09-30": "", "2011-09-30": "", "2010-09-30": "", "2009-09-30": "", "2008-09-30": "", "2007-09-30": "", "2006-09-30": "", "2005-09-30": ""}}, "cash flow statement, quarterly": {"Net Income/Loss": {"2020-12-31": "299.63200", "2020-09-30": 134.463, "2020-06-30": 120.407, "2020-03-31": 127.038, "2019-12-31": "115.93200", "2019-09-30": 122.027, "2019-06-30": 131.448, "2019-03-31": 124.279, "2018-12-31": "101.69200", "2018-09-30": 44.266, "2018-06-30": 91.53, "2018-03-31": 101.727, "2017-12-31": "116.87300", "2017-09-30": 107.209, "2017-06-30": 119.264, "2017-03-31": 112.56, "2016-12-31": "97.79300", "2016-09-30": 95.709, "2016-06-30": 105.06, "2016-03-31": 107.72, "2015-12-31": "100.84200", "2015-09-30": 91.13, "2015-06-30": 107.782, "2015-03-31": 116.261, "2014-12-31": "130.99000", "2014-09-30": 100.503, "2014-06-30": 109.827, "2014-03-31": 110.357, "2013-12-31": "101.43500", "2013-09-30": 88.954, "2013-06-30": 119.558, "2013-03-31": 104.912, "2012-12-31": "99.01500", "2012-09-30": 98.021, "2012-06-30": 98.749, "2012-03-31": 101.87, "2011-12-31": "92.73100", "2011-09-30": 87.379, "2011-06-30": 91.785, "2011-03-31": 94.11, "2010-12-31": "73.39100", "2010-09-30": 94.738, "2010-06-30": 92.265, "2010-03-31": 68.55, "2009-12-31": "88.35300", "2009-09-30": 85.751, "2009-06-30": 85.548, "2009-03-31": 80.63, "2008-12-31": "74.24700", "2008-09-30": 82.711, "2008-06-30": 100.672, "2008-03-31": 99.859, "2007-12-31": "95.66400", "2007-09-30": 96.243, "2007-06-30": 88.181, "2007-03-31": 87.171, "2006-12-31": "93.34200", "2006-09-30": 75.955, "2006-06-30": 85.585, "2006-03-31": 81.762, "2005-12-31": "75.33400", "2005-09-30": 67.799, "2005-06-30": 77.097, "2005-03-31": 143.74}, "Total Depreciation And Amortization - Cash Flow": {"2020-12-31": "51.84300", "2020-09-30": 53.829, "2020-06-30": 46.617, "2020-03-31": 49.108, "2019-12-31": "48.99900", "2019-09-30": 50.514, "2019-06-30": 53.405, "2019-03-31": 50.376, "2018-12-31": "51.47700", "2018-09-30": 53.803, "2018-06-30": 54.521, "2018-03-31": 53.663, "2017-12-31": "49.23700", "2017-09-30": 51.352, "2017-06-30": 54.495, "2017-03-31": 51.486, "2016-12-31": "57.55200", "2016-09-30": 51.999, "2016-06-30": 55.567, "2016-03-31": 53.098, "2015-12-31": "51.12700", "2015-09-30": 51.659, "2015-06-30": 39.833, "2015-03-31": 43.594, "2014-12-31": "39.70900", "2014-09-30": 45.861, "2014-06-30": 40.172, "2014-03-31": 41.01, "2013-12-31": "35.72900", "2013-09-30": 33.376, "2013-06-30": 33.777, "2013-03-31": 34.335, "2012-12-31": "39.28800", "2012-09-30": 40.353, "2012-06-30": 39.388, "2012-03-31": 39.331, "2011-12-31": "40.54200", "2011-09-30": 43.258, "2011-06-30": 44.17, "2011-03-31": 44.896, "2010-12-31": "49.15300", "2010-09-30": 49.894, "2010-06-30": 48.522, "2010-03-31": 47.474, "2009-12-31": "50.05000", "2009-09-30": 50.25, "2009-06-30": 49.378, "2009-03-31": 49.729, "2008-12-31": "48.76200", "2008-09-30": 48.959, "2008-06-30": 49.776, "2008-03-31": 47.496, "2007-12-31": "46.70600", "2007-09-30": 44.413, "2007-06-30": 42.776, "2007-03-31": 39.763, "2006-12-31": "38.04200", "2006-09-30": 34.749, "2006-06-30": 29.02, "2006-03-31": 25.499, "2005-12-31": "28.63200", "2005-09-30": 28.993, "2005-06-30": 21.59, "2005-03-31": 43.245}, "Other Non-Cash Items": {"2020-12-31": "-240.09400", "2020-09-30": -3.813, "2020-06-30": 45.827, "2020-03-31": 13.539, "2019-12-31": "17.12000", "2019-09-30": 3.688, "2019-06-30": -4.99, "2019-03-31": 19.057, "2018-12-31": "7.58200", "2018-09-30": 30.047, "2018-06-30": 22.177, "2018-03-31": 17.556, "2017-12-31": "4.11800", "2017-09-30": 8.394, "2017-06-30": -0.349, "2017-03-31": 17.878, "2016-12-31": "20.51000", "2016-09-30": 20.423, "2016-06-30": 2.587, "2016-03-31": 11.224, "2015-12-31": "-0.35500", "2015-09-30": 4.539, "2015-06-30": 14.543, "2015-03-31": 4.148, "2014-12-31": "-11.03000", "2014-09-30": 6.319, "2014-06-30": -4.584, "2014-03-31": 14.853, "2013-12-31": "18.57800", "2013-09-30": 19.4, "2013-06-30": 8.992, "2013-03-31": 8.804, "2012-12-31": "17.53200", "2012-09-30": 19.773, "2012-06-30": 4.599, "2012-03-31": 2.546, "2011-12-31": "5.34200", "2011-09-30": -0.273, "2011-06-30": 7.027, "2011-03-31": 11.352, "2010-12-31": "20.98500", "2010-09-30": 6.695, "2010-06-30": 2.078, "2010-03-31": 36.528, "2009-12-31": "2.00600", "2009-09-30": 11.285, "2009-06-30": 12.125, "2009-03-31": 23.308, "2008-12-31": "14.68800", "2008-09-30": 12.55, "2008-06-30": 26.488, "2008-03-31": 20.374, "2007-12-31": "4.73300", "2007-09-30": 10.73, "2007-06-30": 1.912, "2007-03-31": 5.968, "2006-12-31": "10.81700", "2006-09-30": 14.728, "2006-06-30": 23.385, "2006-03-31": 12.918, "2005-12-31": "13.99500", "2005-09-30": 5.342, "2005-06-30": -9.88, "2005-03-31": 14.304}, "Total Non-Cash Items": {"2020-12-31": "-188.25100", "2020-09-30": 50.016, "2020-06-30": 92.444, "2020-03-31": 62.647, "2019-12-31": "66.11900", "2019-09-30": 54.202, "2019-06-30": 48.415, "2019-03-31": 69.433, "2018-12-31": "59.05900", "2018-09-30": 83.85, "2018-06-30": 76.698, "2018-03-31": 71.219, "2017-12-31": "53.35500", "2017-09-30": 59.746, "2017-06-30": 54.146, "2017-03-31": 69.364, "2016-12-31": "78.06200", "2016-09-30": 72.422, "2016-06-30": 58.154, "2016-03-31": 64.322, "2015-12-31": "50.77200", "2015-09-30": 56.198, "2015-06-30": 54.376, "2015-03-31": 47.742, "2014-12-31": "28.67900", "2014-09-30": 52.18, "2014-06-30": 35.588, "2014-03-31": 55.863, "2013-12-31": "54.30700", "2013-09-30": 52.776, "2013-06-30": 42.769, "2013-03-31": 43.139, "2012-12-31": "56.82000", "2012-09-30": 60.126, "2012-06-30": 43.987, "2012-03-31": 41.877, "2011-12-31": "45.88400", "2011-09-30": 42.985, "2011-06-30": 51.197, "2011-03-31": 56.248, "2010-12-31": "70.13800", "2010-09-30": 56.589, "2010-06-30": 50.6, "2010-03-31": 84.002, "2009-12-31": "52.05600", "2009-09-30": 61.535, "2009-06-30": 61.503, "2009-03-31": 73.037, "2008-12-31": "63.45000", "2008-09-30": 61.509, "2008-06-30": 76.264, "2008-03-31": 67.87, "2007-12-31": "51.43900", "2007-09-30": 55.143, "2007-06-30": 44.688, "2007-03-31": 45.731, "2006-12-31": "48.85900", "2006-09-30": 49.477, "2006-06-30": 52.405, "2006-03-31": 38.417, "2005-12-31": "42.62700", "2005-09-30": 34.335, "2005-06-30": 11.71, "2005-03-31": 57.549}, "Change In Accounts Receivable": {"2020-12-31": "-140.81700", "2020-09-30": 116.062, "2020-06-30": -1.435, "2020-03-31": 54.65, "2019-12-31": "-34.69300", "2019-09-30": -16.132, "2019-06-30": 7.915, "2019-03-31": 41.212, "2018-12-31": "-26.40600", "2018-09-30": 15.239, "2018-06-30": -4.331, "2018-03-31": -8.562, "2017-12-31": "-68.79700", "2017-09-30": 31.958, "2017-06-30": -47.941, "2017-03-31": 17.463, "2016-12-31": "-42.55500", "2016-09-30": -66.696, "2016-06-30": 18.898, "2016-03-31": -15.278, "2015-12-31": "-7.78300", "2015-09-30": 61.91, "2015-06-30": -7.458, "2015-03-31": -47.471, "2014-12-31": "32.84800", "2014-09-30": 46.11, "2014-06-30": -10.067, "2014-03-31": -26.843, "2013-12-31": "-3.66000", "2013-09-30": -1.56, "2013-06-30": 1.508, "2013-03-31": 20.745, "2012-12-31": "9.30600", "2012-09-30": -5.249, "2012-06-30": -64.471, "2012-03-31": -16.158, "2011-12-31": "-20.67300", "2011-09-30": 40.825, "2011-06-30": -23.642, "2011-03-31": -13.451, "2010-12-31": "34.33000", "2010-09-30": -70.464, "2010-06-30": -48.568, "2010-03-31": 9.806, "2009-12-31": "-22.16100", "2009-09-30": 67.684, "2009-06-30": -3.401, "2009-03-31": 32.749, "2008-12-31": "34.49500", "2008-09-30": 30.181, "2008-06-30": -22.838, "2008-03-31": -61.513, "2007-12-31": "-64.12100", "2007-09-30": 0.605, "2007-06-30": -13.113, "2007-03-31": -61.938, "2006-12-31": "7.11300", "2006-09-30": 25.639, "2006-06-30": -59.638, "2006-03-31": -6.114, "2005-12-31": "-39.25000", "2005-09-30": 23.21, "2005-06-30": -32.699, "2005-03-31": -5.617}, "Change In Inventories": {"2020-12-31": "", "2020-09-30": 0, "2020-06-30": 0, "2020-03-31": 0, "2019-12-31": "", "2019-09-30": 0, "2019-06-30": 0, "2019-03-31": 0, "2018-12-31": "", "2018-09-30": 0, "2018-06-30": 0, "2018-03-31": 0, "2017-12-31": "", "2017-09-30": 0, "2017-06-30": 0, "2017-03-31": 0, "2016-12-31": "", "2016-09-30": 0, "2016-06-30": 0, "2016-03-31": 0, "2015-12-31": "", "2015-09-30": 0, "2015-06-30": 0, "2015-03-31": 0, "2014-12-31": "", "2014-09-30": 0, "2014-06-30": 0, "2014-03-31": 0, "2013-12-31": "", "2013-09-30": 0, "2013-06-30": 0, "2013-03-31": 0, "2012-12-31": "", "2012-09-30": 0, "2012-06-30": 0, "2012-03-31": 0, "2011-12-31": "", "2011-09-30": 0, "2011-06-30": 0, "2011-03-31": 0, "2010-12-31": "", "2010-09-30": 0, "2010-06-30": 0, "2010-03-31": 0, "2009-12-31": "", "2009-09-30": 0, "2009-06-30": 0, "2009-03-31": 0, "2008-12-31": "", "2008-09-30": 0, "2008-06-30": 0, "2008-03-31": 0, "2007-12-31": "", "2007-09-30": 0, "2007-06-30": 0, "2007-03-31": 0, "2006-12-31": "", "2006-09-30": 0, "2006-06-30": 0, "2006-03-31": 0, "2005-12-31": "", "2005-09-30": 0, "2005-06-30": 0, "2005-03-31": 0}, "Change In Accounts Payable": {"2020-12-31": "", "2020-09-30": 0, "2020-06-30": 0, "2020-03-31": 0, "2019-12-31": "", "2019-09-30": 0, "2019-06-30": 0, "2019-03-31": 0, "2018-12-31": "", "2018-09-30": 0, "2018-06-30": 0, "2018-03-31": 0, "2017-12-31": "", "2017-09-30": 0, "2017-06-30": 0, "2017-03-31": 0, "2016-12-31": "", "2016-09-30": 0, "2016-06-30": 0, "2016-03-31": 0, "2015-12-31": "", "2015-09-30": 0, "2015-06-30": 0, "2015-03-31": 0, "2014-12-31": "", "2014-09-30": 0, "2014-06-30": 0, "2014-03-31": 0, "2013-12-31": "", "2013-09-30": 0, "2013-06-30": 0, "2013-03-31": 0, "2012-12-31": "", "2012-09-30": 0, "2012-06-30": 0, "2012-03-31": 0, "2011-12-31": "", "2011-09-30": 0, "2011-06-30": 0, "2011-03-31": 0, "2010-12-31": "", "2010-09-30": 0, "2010-06-30": 0, "2010-03-31": 0, "2009-12-31": "", "2009-09-30": 0, "2009-06-30": 0, "2009-03-31": 0, "2008-12-31": "", "2008-09-30": 0, "2008-06-30": 0, "2008-03-31": 0, "2007-12-31": "", "2007-09-30": 0, "2007-06-30": 0, "2007-03-31": 0, "2006-12-31": "", "2006-09-30": 0, "2006-06-30": 0, "2006-03-31": 0, "2005-12-31": "", "2005-09-30": 0, "2005-06-30": 0, "2005-03-31": 0}, "Change In Assets/Liabilities": {"2020-12-31": "228.71200", "2020-09-30": -8.648, "2020-06-30": -1.108, "2020-03-31": -41.49, "2019-12-31": "5.36700", "2019-09-30": 23.708, "2019-06-30": -31.03, "2019-03-31": -1.178, "2018-12-31": "1.75000", "2018-09-30": 4.628, "2018-06-30": 4.506, "2018-03-31": -11.204, "2017-12-31": "-8.06000", "2017-09-30": 10.643, "2017-06-30": -14.883, "2017-03-31": -41.509, "2016-12-31": "-32.11200", "2016-09-30": 30.703, "2016-06-30": -50.583, "2016-03-31": 0.487, "2015-12-31": "-14.60900", "2015-09-30": 7.062, "2015-06-30": -2.589, "2015-03-31": 16.763, "2014-12-31": "-8.96900", "2014-09-30": -49.191, "2014-06-30": 51.468, "2014-03-31": 1.819, "2013-12-31": "4.50700", "2013-09-30": 27.237, "2013-06-30": 10.539, "2013-03-31": 24.995, "2012-12-31": "-20.79400", "2012-09-30": -22.793, "2012-06-30": 29.572, "2012-03-31": -26.661, "2011-12-31": "-17.24800", "2011-09-30": -40.107, "2011-06-30": -3.277, "2011-03-31": 11.773, "2010-12-31": "-18.50500", "2010-09-30": -11.981, "2010-06-30": -6.563, "2010-03-31": -2.415, "2009-12-31": "42.46700", "2009-09-30": -3.096, "2009-06-30": 45.087, "2009-03-31": -9.783, "2008-12-31": "-55.61900", "2008-09-30": 13.022, "2008-06-30": -10.401, "2008-03-31": 5.812, "2007-12-31": "11.20800", "2007-09-30": -87.745, "2007-06-30": -13.259, "2007-03-31": 32.739, "2006-12-31": "-41.75100", "2006-09-30": -52.832, "2006-06-30": -25.46, "2006-03-31": 36.339, "2005-12-31": "-20.52400", "2005-09-30": -44.71, "2005-06-30": -15.599, "2005-03-31": 42.277}, "Total Change In Assets/Liabilities": {"2020-12-31": "305.10400", "2020-09-30": 20.201, "2020-06-30": -26.171, "2020-03-31": -86.817, "2019-12-31": "-18.14300", "2019-09-30": 37.396, "2019-06-30": -15.39, "2019-03-31": -25.083, "2018-12-31": "-51.10100", "2018-09-30": -12.767, "2018-06-30": -4.657, "2018-03-31": -59.218, "2017-12-31": "-5.62700", "2017-09-30": 32.053, "2017-06-30": -11.66, "2017-03-31": -74.598, "2016-12-31": "-7.82700", "2016-09-30": -15.423, "2016-06-30": -12.361, "2016-03-31": -54.212, "2015-12-31": "47.22900", "2015-09-30": 59.447, "2015-06-30": 60.055, "2015-03-31": -28.782, "2014-12-31": "48.74400", "2014-09-30": 40.217, "2014-06-30": 53.39, "2014-03-31": -35.205, "2013-12-31": "30.79600", "2013-09-30": 89.975, "2013-06-30": 10.981, "2013-03-31": -27.98, "2012-12-31": "-10.37200", "2012-09-30": -6.091, "2012-06-30": -5.205, "2012-03-31": -69.211, "2011-12-31": "11.33100", "2011-09-30": 17.277, "2011-06-30": 7.023, "2011-03-31": -74.813, "2010-12-31": "18.77200", "2010-09-30": -3.689, "2010-06-30": 36.62, "2010-03-31": 12.016, "2009-12-31": "53.09800", "2009-09-30": 36.391, "2009-06-30": -33.171, "2009-03-31": -74.552, "2008-12-31": "-0.85300", "2008-09-30": 35.035, "2008-06-30": -63.623, "2008-03-31": -70.43, "2007-12-31": "-53.95700", "2007-09-30": -43.505, "2007-06-30": -6.384, "2007-03-31": -42.443, "2006-12-31": "-43.13200", "2006-09-30": -14.939, "2006-06-30": -26.419, "2006-03-31": -22.222, "2005-12-31": "-34.48700", "2005-09-30": 20.213, "2005-06-30": -8.674, "2005-03-31": -24.778}, "Cash Flow From Operating Activities": {"2020-12-31": "416.48500", "2020-09-30": 204.68, "2020-06-30": 186.68, "2020-03-31": 102.868, "2019-12-31": "163.90800", "2019-09-30": 213.625, "2019-06-30": 164.473, "2019-03-31": 168.629, "2018-12-31": "109.65000", "2018-09-30": 115.349, "2018-06-30": 163.571, "2018-03-31": 113.728, "2017-12-31": "164.60100", "2017-09-30": 199.008, "2017-06-30": 161.75, "2017-03-31": 107.326, "2016-12-31": "168.02800", "2016-09-30": 152.708, "2016-06-30": 150.853, "2016-03-31": 117.83, "2015-12-31": "198.84300", "2015-09-30": 206.775, "2015-06-30": 222.213, "2015-03-31": 135.221, "2014-12-31": "208.41300", "2014-09-30": 192.9, "2014-06-30": 198.805, "2014-03-31": 131.015, "2013-12-31": "186.53800", "2013-09-30": 231.705, "2013-06-30": 173.308, "2013-03-31": 120.071, "2012-12-31": "145.46300", "2012-09-30": 152.056, "2012-06-30": 137.531, "2012-03-31": 74.536, "2011-12-31": "149.94600", "2011-09-30": 147.641, "2011-06-30": 150.005, "2011-03-31": 75.545, "2010-12-31": "162.30100", "2010-09-30": 147.638, "2010-06-30": 179.485, "2010-03-31": 164.568, "2009-12-31": "193.50700", "2009-09-30": 183.677, "2009-06-30": 113.88, "2009-03-31": 79.115, "2008-12-31": "142.48400", "2008-09-30": 177.475, "2008-06-30": 115.093, "2008-03-31": 97.299, "2007-12-31": "93.14600", "2007-09-30": 107.131, "2007-06-30": 126.485, "2007-03-31": 91.209, "2006-12-31": "99.06900", "2006-09-30": 127.803, "2006-06-30": 119.986, "2006-03-31": 97.957, "2005-12-31": "83.47400", "2005-09-30": 125.107, "2005-06-30": 80.133, "2005-03-31": 176.511}, "Net Change In Property, Plant, And Equipment": {"2020-12-31": "-50.06500", "2020-09-30": -59.555, "2020-06-30": -41.25, "2020-03-31": -46.17, "2019-12-31": "-58.53500", "2019-09-30": -85.798, "2019-06-30": 15.64, "2019-03-31": -20.65, "2018-12-31": "-37.27800", "2018-09-30": -33.893, "2018-06-30": -35.127, "2018-03-31": -110.347, "2017-12-31": "-51.77900", "2017-09-30": -34.827, "2017-06-30": -173.579, "2017-03-31": 116.75, "2016-12-31": "-41.73600", "2016-09-30": 333.246, "2016-06-30": -34.083, "2016-03-31": -29.036, "2015-12-31": "-38.25300", "2015-09-30": -209.76, "2015-06-30": 148.591, "2015-03-31": -22.602, "2014-12-31": "-36.73200", "2014-09-30": -33.688, "2014-06-30": -25.91, "2014-03-31": -25.228, "2013-12-31": "-26.74300", "2013-09-30": 26.983, "2013-06-30": 236.336, "2013-03-31": -28.463, "2012-12-31": "-29.90300", "2012-09-30": -331.164, "2012-06-30": 259.315, "2012-03-31": -21.89, "2011-12-31": "-28.31400", "2011-09-30": -536.717, "2011-06-30": 167.537, "2011-03-31": 294.741, "2010-12-31": "-35.34000", "2010-09-30": -27.441, "2010-06-30": -19.43, "2010-03-31": -16.485, "2009-12-31": "-23.58900", "2009-09-30": 1027.992, "2009-06-30": -17.567, "2009-03-31": -17.366, "2008-12-31": "-30.11200", "2008-09-30": 675.967, "2008-06-30": -31.974, "2008-03-31": -34.228, "2007-12-31": "-34.22500", "2007-09-30": -39.519, "2007-06-30": -39.533, "2007-03-31": -33.424, "2006-12-31": "-50.11800", "2006-09-30": -26.562, "2006-06-30": -26.3, "2006-03-31": -10.665, "2005-12-31": "-12.91600", "2005-09-30": -15.873, "2005-06-30": -16.042, "2005-03-31": -33.63}, "Net Change In Intangible Assets": {"2020-12-31": "", "2020-09-30": 0, "2020-06-30": 0, "2020-03-31": 0, "2019-12-31": "", "2019-09-30": 0, "2019-06-30": 0, "2019-03-31": 0, "2018-12-31": "", "2018-09-30": 0, "2018-06-30": 0, "2018-03-31": 0, "2017-12-31": "", "2017-09-30": 0, "2017-06-30": 0, "2017-03-31": 0, "2016-12-31": "", "2016-09-30": 0, "2016-06-30": 0, "2016-03-31": 0, "2015-12-31": "", "2015-09-30": 0, "2015-06-30": 0, "2015-03-31": 0, "2014-12-31": "", "2014-09-30": 0, "2014-06-30": 0, "2014-03-31": 0, "2013-12-31": "", "2013-09-30": 0, "2013-06-30": 0, "2013-03-31": 0, "2012-12-31": "", "2012-09-30": 0, "2012-06-30": 0, "2012-03-31": 0, "2011-12-31": "", "2011-09-30": 0, "2011-06-30": 0, "2011-03-31": 0, "2010-12-31": "", "2010-09-30": 0, "2010-06-30": 0, "2010-03-31": 0, "2009-12-31": "", "2009-09-30": 0, "2009-06-30": 0, "2009-03-31": 0, "2008-12-31": "", "2008-09-30": 0, "2008-06-30": 0, "2008-03-31": 0, "2007-12-31": "", "2007-09-30": 0, "2007-06-30": 0, "2007-03-31": 0, "2006-12-31": "", "2006-09-30": 0, "2006-06-30": 0, "2006-03-31": 0, "2005-12-31": "", "2005-09-30": 0, "2005-06-30": 0, "2005-03-31": 0}, "Net Acquisitions/Divestitures": {"2020-12-31": "280.89200", "2020-09-30": -220.1, "2020-06-30": -29.258, "2020-03-31": 0, "2019-12-31": "", "2019-09-30": -51.79, "2019-06-30": -0.451, "2019-03-31": 0, "2018-12-31": "-8.33100", "2018-09-30": -2.543, "2018-06-30": 0, "2018-03-31": -298.651, "2017-12-31": "-53.94800", "2017-09-30": -18.064, "2017-06-30": 0, "2017-03-31": 0, "2016-12-31": "", "2016-09-30": -258.457, "2016-06-30": 0, "2016-03-31": -24.993, "2015-12-31": "", "2015-09-30": -255.094, "2015-06-30": 0, "2015-03-31": 0, "2014-12-31": "-8.09900", "2014-09-30": 0, "2014-06-30": -6.897, "2014-03-31": -161.04, "2013-12-31": "-12.60300", "2013-09-30": -112.405, "2013-06-30": 0, "2013-03-31": 0, "2012-12-31": "", "2012-09-30": 0, "2012-06-30": 0, "2012-03-31": 0, "2011-12-31": "", "2011-09-30": -162.964, "2011-06-30": 0, "2011-03-31": 0, "2010-12-31": "", "2010-09-30": -0.872, "2010-06-30": -29.475, "2010-03-31": -93.231, "2009-12-31": "-56.45400", "2009-09-30": -4, "2009-06-30": -0.035, "2009-03-31": -6.312, "2008-12-31": "-55.54300", "2008-09-30": -1.802, "2008-06-30": -47.728, "2008-03-31": -0.173, "2007-12-31": "-9.06900", "2007-09-30": -8.973, "2007-06-30": -4.153, "2007-03-31": -51.003, "2006-12-31": "-26.59500", "2006-09-30": -352.871, "2006-06-30": -270.072, "2006-03-31": -0.452, "2005-12-31": "-1.40600", "2005-09-30": -257.644, "2005-06-30": -4.591, "2005-03-31": -0.018}, "Net Change In Short-term Investments": {"2020-12-31": "-174.94300", "2020-09-30": -0.753, "2020-06-30": 0, "2020-03-31": 0, "2019-12-31": "", "2019-09-30": 101.287, "2019-06-30": -50.609, "2019-03-31": 49.749, "2018-12-31": "0.86000", "2018-09-30": 0.141, "2018-06-30": 95.211, "2018-03-31": 127.651, "2017-12-31": "4.05000", "2017-09-30": -3.54, "2017-06-30": 145.36, "2017-03-31": -145.163, "2016-12-31": "-0.57400", "2016-09-30": -365.956, "2016-06-30": 3.554, "2016-03-31": -5.651, "2015-12-31": "-2.68900", "2015-09-30": 187.358, "2015-06-30": -186.212, "2015-03-31": -2.41, "2014-12-31": "3.89800", "2014-09-30": -1.151, "2014-06-30": 2.064, "2014-03-31": -2.114, "2013-12-31": "-9.11500", "2013-09-30": -61.894, "2013-06-30": -246.517, "2013-03-31": 3.298, "2012-12-31": "-81.76300", "2012-09-30": 360.114, "2012-06-30": -275.804, "2012-03-31": 5.413, "2011-12-31": "12.43300", "2011-09-30": 509.231, "2011-06-30": -176.892, "2011-03-31": -299.383, "2010-12-31": "36.19200", "2010-09-30": 223.464, "2010-06-30": -44.983, "2010-03-31": -54.265, "2009-12-31": "-70.47900", "2009-09-30": -888.805, "2009-06-30": -21.283, "2009-03-31": 82.821, "2008-12-31": "-136.16600", "2008-09-30": -748.013, "2008-06-30": 3.103, "2008-03-31": 80.168, "2007-12-31": "-21.13100", "2007-09-30": -33.717, "2007-06-30": -109.853, "2007-03-31": 35.589, "2006-12-31": "-79.90200", "2006-09-30": 351.293, "2006-06-30": 87.201, "2006-03-31": -120.416, "2005-12-31": "-246.07600", "2005-09-30": 211.265, "2005-06-30": 137.121, "2005-03-31": -146.748}, "Net Change In Long-Term Investments": {"2020-12-31": "", "2020-09-30": 0, "2020-06-30": 0, "2020-03-31": 0, "2019-12-31": "", "2019-09-30": 0, "2019-06-30": 0, "2019-03-31": 0, "2018-12-31": "", "2018-09-30": 0, "2018-06-30": 0, "2018-03-31": 0, "2017-12-31": "", "2017-09-30": 0, "2017-06-30": 0, "2017-03-31": 0, "2016-12-31": "", "2016-09-30": 0, "2016-06-30": 0, "2016-03-31": 0, "2015-12-31": "", "2015-09-30": 0, "2015-06-30": 0, "2015-03-31": 0, "2014-12-31": "", "2014-09-30": 0, "2014-06-30": 0, "2014-03-31": 0, "2013-12-31": "", "2013-09-30": 0, "2013-06-30": 0, "2013-03-31": 0, "2012-12-31": "", "2012-09-30": -11.172, "2012-06-30": 4.902, "2012-03-31": 6.27, "2011-12-31": "", "2011-09-30": 0, "2011-06-30": 0, "2011-03-31": 0, "2010-12-31": "", "2010-09-30": 0, "2010-06-30": 0, "2010-03-31": 0, "2009-12-31": "", "2009-09-30": 0, "2009-06-30": 0, "2009-03-31": 0, "2008-12-31": "", "2008-09-30": 0, "2008-06-30": 0, "2008-03-31": 0, "2007-12-31": "", "2007-09-30": 0, "2007-06-30": 0, "2007-03-31": 0, "2006-12-31": "", "2006-09-30": 0, "2006-06-30": 0, "2006-03-31": 0, "2005-12-31": "", "2005-09-30": 0, "2005-06-30": 0, "2005-03-31": 0}, "Net Change In Investments - Total": {"2020-12-31": "-174.94300", "2020-09-30": -0.753, "2020-06-30": 0, "2020-03-31": 0, "2019-12-31": "", "2019-09-30": 101.287, "2019-06-30": -50.609, "2019-03-31": 49.749, "2018-12-31": "0.86000", "2018-09-30": 0.141, "2018-06-30": 95.211, "2018-03-31": 127.651, "2017-12-31": "4.05000", "2017-09-30": -3.54, "2017-06-30": 145.36, "2017-03-31": -145.163, "2016-12-31": "-0.57400", "2016-09-30": -365.956, "2016-06-30": 3.554, "2016-03-31": -5.651, "2015-12-31": "-2.68900", "2015-09-30": 187.358, "2015-06-30": -186.212, "2015-03-31": -2.41, "2014-12-31": "3.89800", "2014-09-30": -1.151, "2014-06-30": 2.064, "2014-03-31": -2.114, "2013-12-31": "-9.11500", "2013-09-30": -61.894, "2013-06-30": -246.517, "2013-03-31": 3.298, "2012-12-31": "-81.76300", "2012-09-30": 348.942, "2012-06-30": -270.902, "2012-03-31": 11.683, "2011-12-31": "12.43300", "2011-09-30": 509.231, "2011-06-30": -176.892, "2011-03-31": -299.383, "2010-12-31": "36.19200", "2010-09-30": 223.464, "2010-06-30": -44.983, "2010-03-31": -54.265, "2009-12-31": "-70.47900", "2009-09-30": -888.805, "2009-06-30": -21.283, "2009-03-31": 82.821, "2008-12-31": "-136.16600", "2008-09-30": -748.013, "2008-06-30": 3.103, "2008-03-31": 80.168, "2007-12-31": "-21.13100", "2007-09-30": -33.717, "2007-06-30": -109.853, "2007-03-31": 35.589, "2006-12-31": "-79.90200", "2006-09-30": 351.293, "2006-06-30": 87.201, "2006-03-31": -120.416, "2005-12-31": "-246.07600", "2005-09-30": 211.265, "2005-06-30": 137.121, "2005-03-31": -146.748}, "Investing Activities - Other": {"2020-12-31": "1.40700", "2020-09-30": -0.814, "2020-06-30": -2.017, "2020-03-31": -0.815, "2019-12-31": "-2.45800", "2019-09-30": -0.501, "2019-06-30": 0.718, "2019-03-31": -0.459, "2018-12-31": "0.85700", "2018-09-30": -0.743, "2018-06-30": 1.032, "2018-03-31": -4.153, "2017-12-31": "0.70700", "2017-09-30": -19.918, "2017-06-30": -11.693, "2017-03-31": -2.062, "2016-12-31": "3.73300", "2016-09-30": 1.576, "2016-06-30": 0.493, "2016-03-31": -20.27, "2015-12-31": "-0.33200", "2015-09-30": 0.477, "2015-06-30": 0.422, "2015-03-31": -0.484, "2014-12-31": "0.99300", "2014-09-30": 0.524, "2014-06-30": 0.197, "2014-03-31": -4.158, "2013-12-31": "7.30900", "2013-09-30": 1.36, "2013-06-30": -0.562, "2013-03-31": -2.069, "2012-12-31": "-1.53000", "2012-09-30": 8.845, "2012-06-30": -1.808, "2012-03-31": -1.462, "2011-12-31": "-2.96700", "2011-09-30": 4.831, "2011-06-30": -5.289, "2011-03-31": -9.946, "2010-12-31": "-7.67200", "2010-09-30": 1.734, "2010-06-30": 0, "2010-03-31": 0, "2009-12-31": "", "2009-09-30": 0, "2009-06-30": 0, "2009-03-31": 0, "2008-12-31": "", "2008-09-30": 0, "2008-06-30": 0, "2008-03-31": 0, "2007-12-31": "", "2007-09-30": 0, "2007-06-30": 0, "2007-03-31": 0, "2006-12-31": "", "2006-09-30": 0, "2006-06-30": 0, "2006-03-31": 0, "2005-12-31": "", "2005-09-30": 0, "2005-06-30": 0, "2005-03-31": 0}, "Cash Flow From Investing Activities": {"2020-12-31": "57.29100", "2020-09-30": -281.222, "2020-06-30": -72.525, "2020-03-31": -46.985, "2019-12-31": "-60.99300", "2019-09-30": -36.802, "2019-06-30": -34.702, "2019-03-31": 28.64, "2018-12-31": "-43.89200", "2018-09-30": -37.038, "2018-06-30": 61.116, "2018-03-31": -285.5, "2017-12-31": "-100.97000", "2017-09-30": -76.349, "2017-06-30": -39.912, "2017-03-31": -30.475, "2016-12-31": "-38.57700", "2016-09-30": -289.591, "2016-06-30": -30.036, "2016-03-31": -79.95, "2015-12-31": "-41.27400", "2015-09-30": -277.019, "2015-06-30": -37.199, "2015-03-31": -25.496, "2014-12-31": "-39.94000", "2014-09-30": -34.315, "2014-06-30": -30.546, "2014-03-31": -192.54, "2013-12-31": "-41.15200", "2013-09-30": -145.956, "2013-06-30": -10.743, "2013-03-31": -27.234, "2012-12-31": "-113.19600", "2012-09-30": 26.623, "2012-06-30": -13.395, "2012-03-31": -11.669, "2011-12-31": "-18.84800", "2011-09-30": -185.619, "2011-06-30": -14.644, "2011-03-31": -14.588, "2010-12-31": "-6.82000", "2010-09-30": 196.885, "2010-06-30": -93.888, "2010-03-31": -163.981, "2009-12-31": "-150.52200", "2009-09-30": 135.187, "2009-06-30": -38.885, "2009-03-31": 59.143, "2008-12-31": "-221.82100", "2008-09-30": -73.848, "2008-06-30": -76.599, "2008-03-31": 45.767, "2007-12-31": "-64.42500", "2007-09-30": -82.209, "2007-06-30": -153.539, "2007-03-31": -48.838, "2006-12-31": "-156.61500", "2006-09-30": -28.14, "2006-06-30": -209.171, "2006-03-31": -131.533, "2005-12-31": "-260.39800", "2005-09-30": -62.252, "2005-06-30": 116.488, "2005-03-31": -180.396}, "Net Long-Term Debt": {"2020-12-31": "", "2020-09-30": -1.7662, "2020-06-30": 395.6851, "2020-03-31": 350, "2019-12-31": "", "2019-09-30": 0, "2019-06-30": 0, "2019-03-31": 0, "2018-12-31": "", "2018-09-30": 0, "2018-06-30": -120, "2018-03-31": 120, "2017-12-31": "", "2017-09-30": 0, "2017-06-30": -200, "2017-03-31": 200, "2016-12-31": "-200.00000", "2016-09-30": 200, "2016-06-30": 0, "2016-03-31": -220, "2015-12-31": "", "2015-09-30": 10, "2015-06-30": 210, "2015-03-31": -210, "2014-12-31": "", "2014-09-30": 210, "2014-06-30": 0, "2014-03-31": 0, "2013-12-31": "-200.00000", "2013-09-30": 0.825, "2013-06-30": -0.825, "2013-03-31": 200.182, "2012-12-31": "-200.18200", "2012-09-30": -49.617, "2012-06-30": -0.383, "2012-03-31": 250.19, "2011-12-31": "-250.19000", "2011-09-30": 249.122, "2011-06-30": -199.557, "2011-03-31": 199.785, "2010-12-31": "-200.22800", "2010-09-30": 0.159, "2010-06-30": -0.034, "2010-03-31": -0.021, "2009-12-31": "-0.10400", "2009-09-30": -746.908, "2009-06-30": -152.682, "2009-03-31": 0.683, "2008-12-31": "2.11200", "2008-09-30": -0.001, "2008-06-30": -0.174, "2008-03-31": 0, "2007-12-31": "", "2007-09-30": 0, "2007-06-30": 0, "2007-03-31": 0, "2006-12-31": "", "2006-09-30": -0.097, "2006-06-30": 0, "2006-03-31": 0, "2005-12-31": "", "2005-09-30": 0, "2005-06-30": 0, "2005-03-31": 0}, "Net Current Debt": {"2020-12-31": "", "2020-09-30": 0, "2020-06-30": 0, "2020-03-31": 0, "2019-12-31": "", "2019-09-30": 0, "2019-06-30": 0, "2019-03-31": 0, "2018-12-31": "", "2018-09-30": 0, "2018-06-30": 0, "2018-03-31": 0, "2017-12-31": "", "2017-09-30": 0, "2017-06-30": 0, "2017-03-31": 0, "2016-12-31": "", "2016-09-30": 0, "2016-06-30": 0, "2016-03-31": 220, "2015-12-31": "-220.00000", "2015-09-30": 210, "2015-06-30": -210, "2015-03-31": 210, "2014-12-31": "-210.00000", "2014-09-30": 0, "2014-06-30": 0, "2014-03-31": 0, "2013-12-31": "", "2013-09-30": 200, "2013-06-30": 0.659, "2013-03-31": -200.659, "2012-12-31": "", "2012-09-30": 250, "2012-06-30": 0.248, "2012-03-31": -250.248, "2011-12-31": "", "2011-09-30": 0.748, "2011-06-30": 199.252, "2011-03-31": -200, "2010-12-31": "", "2010-09-30": 199.384, "2010-06-30": 0, "2010-03-31": 0, "2009-12-31": "", "2009-09-30": 446.048, "2009-06-30": 0, "2009-03-31": -0.54, "2008-12-31": "0.54000", "2008-09-30": -0.331, "2008-06-30": 0, "2008-03-31": 0, "2007-12-31": "", "2007-09-30": 0.025, "2007-06-30": -0.025, "2007-03-31": 0, "2006-12-31": "", "2006-09-30": 0.084, "2006-06-30": -0.101, "2006-03-31": -2.808, "2005-12-31": "-4.99600", "2005-09-30": -4.698, "2005-06-30": -7.604, "2005-03-31": -10.137}, "Debt Issuance/Retirement Net - Total": {"2020-12-31": "", "2020-09-30": -1.7662, "2020-06-30": 395.6851, "2020-03-31": 350, "2019-12-31": "", "2019-09-30": 0, "2019-06-30": 0, "2019-03-31": 0, "2018-12-31": "", "2018-09-30": 0, "2018-06-30": -120, "2018-03-31": 120, "2017-12-31": "", "2017-09-30": 0, "2017-06-30": -200, "2017-03-31": 200, "2016-12-31": "-200.00000", "2016-09-30": 200, "2016-06-30": 0, "2016-03-31": 0, "2015-12-31": "-220.00000", "2015-09-30": 220, "2015-06-30": 0, "2015-03-31": 0, "2014-12-31": "-210.00000", "2014-09-30": 210, "2014-06-30": 0, "2014-03-31": 0, "2013-12-31": "-200.00000", "2013-09-30": 200.825, "2013-06-30": -0.166, "2013-03-31": -0.477, "2012-12-31": "-200.18200", "2012-09-30": 200.383, "2012-06-30": -0.135, "2012-03-31": -0.058, "2011-12-31": "-250.19000", "2011-09-30": 249.87, "2011-06-30": -0.305, "2011-03-31": -0.215, "2010-12-31": "-200.22800", "2010-09-30": 199.543, "2010-06-30": -0.034, "2010-03-31": -0.021, "2009-12-31": "-0.10400", "2009-09-30": -300.86, "2009-06-30": -152.682, "2009-03-31": 0.143, "2008-12-31": "2.65200", "2008-09-30": -0.332, "2008-06-30": -0.174, "2008-03-31": 0, "2007-12-31": "", "2007-09-30": 0.025, "2007-06-30": -0.025, "2007-03-31": 0, "2006-12-31": "", "2006-09-30": -0.013, "2006-06-30": -0.101, "2006-03-31": -2.808, "2005-12-31": "-4.99600", "2005-09-30": -4.698, "2005-06-30": -7.604, "2005-03-31": -10.137}, "Net Common Equity Issued/Repurchased": {"2020-12-31": "-77.31100", "2020-09-30": -88.979, "2020-06-30": -34.674, "2020-03-31": -90.567, "2019-12-31": "-48.84200", "2019-09-30": -74.244, "2019-06-30": -74.615, "2019-03-31": -116.912, "2018-12-31": "-90.80300", "2018-09-30": -84.591, "2018-06-30": -79.209, "2018-03-31": -85.303, "2017-12-31": "-88.84500", "2017-09-30": -78.543, "2017-06-30": -76.604, "2017-03-31": -41.35, "2016-12-31": "-56.51400", "2016-09-30": -67.961, "2016-06-30": -114.313, "2016-03-31": -57.13, "2015-12-31": "-84.41800", "2015-09-30": -166.554, "2015-06-30": -55.181, "2015-03-31": -66.944, "2014-12-31": "-87.13500", "2014-09-30": -98.014, "2014-06-30": -75.269, "2014-03-31": -22.601, "2013-12-31": "-48.00500", "2013-09-30": -37.485, "2013-06-30": -16.483, "2013-03-31": -50.315, "2012-12-31": "-49.34800", "2012-09-30": -82.615, "2012-06-30": -112.489, "2012-03-31": -86.967, "2011-12-31": "-115.86300", "2011-09-30": -185.693, "2011-06-30": -142.496, "2011-03-31": -139.992, "2010-12-31": "-99.58600", "2010-09-30": -179.025, "2010-06-30": -203.943, "2010-03-31": 12.184, "2009-12-31": "5.14100", "2009-09-30": 25.867, "2009-06-30": 0.229, "2009-03-31": 0.688, "2008-12-31": "-18.90500", "2008-09-30": -71.469, "2008-06-30": -31.879, "2008-03-31": -43.817, "2007-12-31": "-62.88800", "2007-09-30": -33.447, "2007-06-30": 29.32, "2007-03-31": 13.453, "2006-12-31": "15.50000", "2006-09-30": 23.658, "2006-06-30": 29.017, "2006-03-31": 46.032, "2005-12-31": "8.14600", "2005-09-30": 9.971, "2005-06-30": -96.293, "2005-03-31": 10.37}, "Net Total Equity Issued/Repurchased": {"2020-12-31": "-77.31100", "2020-09-30": -88.979, "2020-06-30": -34.674, "2020-03-31": -90.567, "2019-12-31": "-48.84200", "2019-09-30": -74.244, "2019-06-30": -74.615, "2019-03-31": -116.912, "2018-12-31": "-90.80300", "2018-09-30": -84.591, "2018-06-30": -79.209, "2018-03-31": -85.303, "2017-12-31": "-88.84500", "2017-09-30": -78.543, "2017-06-30": -76.604, "2017-03-31": -41.35, "2016-12-31": "-56.51400", "2016-09-30": -67.961, "2016-06-30": -114.313, "2016-03-31": -57.13, "2015-12-31": "-84.41800", "2015-09-30": -166.554, "2015-06-30": -55.181, "2015-03-31": -66.944, "2014-12-31": "-87.13500", "2014-09-30": -98.014, "2014-06-30": -75.269, "2014-03-31": -22.601, "2013-12-31": "-48.00500", "2013-09-30": -37.485, "2013-06-30": -16.483, "2013-03-31": -50.315, "2012-12-31": "-49.34800", "2012-09-30": -82.615, "2012-06-30": -112.489, "2012-03-31": -86.967, "2011-12-31": "-115.86300", "2011-09-30": -185.693, "2011-06-30": -142.496, "2011-03-31": -139.992, "2010-12-31": "-99.58600", "2010-09-30": -179.025, "2010-06-30": -203.943, "2010-03-31": 12.184, "2009-12-31": "5.14100", "2009-09-30": 25.867, "2009-06-30": 0.229, "2009-03-31": 0.688, "2008-12-31": "-18.90500", "2008-09-30": -71.469, "2008-06-30": -31.879, "2008-03-31": -43.817, "2007-12-31": "-62.88800", "2007-09-30": -33.447, "2007-06-30": 29.32, "2007-03-31": 13.453, "2006-12-31": "15.50000", "2006-09-30": 23.658, "2006-06-30": 29.017, "2006-03-31": 46.032, "2005-12-31": "8.14600", "2005-09-30": 9.971, "2005-06-30": -96.293, "2005-03-31": 10.37}, "Total Common And Preferred Stock Dividends Paid": {"2020-12-31": "-43.08400", "2020-09-30": -43.568, "2020-06-30": -43.723, "2020-03-31": -38.357, "2019-12-31": "-38.41300", "2019-09-30": -38.73, "2019-06-30": -39.085, "2019-03-31": -34.755, "2018-12-31": "-35.04600", "2018-09-30": -35.363, "2018-06-30": -35.635, "2018-03-31": -31.558, "2017-12-31": "-31.73600", "2017-09-30": -31.981, "2017-06-30": -32.223, "2017-03-31": -28.606, "2016-12-31": "-28.69300", "2016-09-30": -28.836, "2016-06-30": -29.206, "2016-03-31": -25.565, "2015-12-31": "-25.69700", "2015-09-30": -26.127, "2015-06-30": -26.286, "2015-03-31": -24.086, "2014-12-31": "-24.29100", "2014-09-30": -24.576, "2014-06-30": -24.799, "2014-03-31": -20.752, "2013-12-31": "-20.81200", "2013-09-30": -20.929, "2013-06-30": -20.927, "2013-03-31": -21.032, "2012-12-31": "-21.12000", "2012-09-30": 0, "2012-06-30": 0, "2012-03-31": 0, "2011-12-31": "", "2011-09-30": 0, "2011-06-30": 0, "2011-03-31": 0, "2010-12-31": "", "2010-09-30": 0, "2010-06-30": 0, "2010-03-31": 0, "2009-12-31": "", "2009-09-30": 0, "2009-06-30": 0, "2009-03-31": 0, "2008-12-31": "", "2008-09-30": 0, "2008-06-30": 0, "2008-03-31": 0, "2007-12-31": "", "2007-09-30": 0, "2007-06-30": 0, "2007-03-31": 0, "2006-12-31": "", "2006-09-30": 0, "2006-06-30": 0, "2006-03-31": 0, "2005-12-31": "", "2005-09-30": 0, "2005-06-30": 0, "2005-03-31": 0}, "Financial Activities - Other": {"2020-12-31": "", "2020-09-30": 0, "2020-06-30": -0.002, "2020-03-31": -0.232, "2019-12-31": "-1.41700", "2019-09-30": -0.005, "2019-06-30": -7.478, "2019-03-31": -5.064, "2018-12-31": "-0.03500", "2018-09-30": -0.135, "2018-06-30": -0.213, "2018-03-31": -1.22, "2017-12-31": "48.12300", "2017-09-30": 0.95, "2017-06-30": 0.787, "2017-03-31": 2.017, "2016-12-31": "0.91200", "2016-09-30": 1.153, "2016-06-30": 0.433, "2016-03-31": 2.378, "2015-12-31": "2.86600", "2015-09-30": 1.907, "2015-06-30": 0.41, "2015-03-31": 2.5, "2014-12-31": "1.12300", "2014-09-30": 3.336, "2014-06-30": -0.293, "2014-03-31": 0.335, "2013-12-31": "-0.17800", "2013-09-30": -0.745, "2013-06-30": 0, "2013-03-31": 0, "2012-12-31": "", "2012-09-30": -1.059, "2012-06-30": 0, "2012-03-31": 0, "2011-12-31": "", "2011-09-30": 0, "2011-06-30": 0, "2011-03-31": 0, "2010-12-31": "", "2010-09-30": 0, "2010-06-30": 0, "2010-03-31": 0, "2009-12-31": "", "2009-09-30": -0.01, "2009-06-30": 0.008, "2009-03-31": 0.001, "2008-12-31": "0.00100", "2008-09-30": -0.209, "2008-06-30": 0.122, "2008-03-31": 0.022, "2007-12-31": "0.06500", "2007-09-30": 0.358, "2007-06-30": 0.172, "2007-03-31": 0.111, "2006-12-31": "0.15400", "2006-09-30": -1.579, "2006-06-30": 0.706, "2006-03-31": 0.985, "2005-12-31": "0.61000", "2005-09-30": 0, "2005-06-30": 0, "2005-03-31": 0}, "Cash Flow From Financial Activities": {"2020-12-31": "-120.39500", "2020-09-30": -134.313, "2020-06-30": 317.286, "2020-03-31": 220.844, "2019-12-31": "-88.67200", "2019-09-30": -112.979, "2019-06-30": -121.178, "2019-03-31": -156.731, "2018-12-31": "-125.88400", "2018-09-30": -120.089, "2018-06-30": -235.057, "2018-03-31": 1.919, "2017-12-31": "-72.45800", "2017-09-30": -109.574, "2017-06-30": -308.04, "2017-03-31": 132.061, "2016-12-31": "-284.29500", "2016-09-30": 104.356, "2016-06-30": -143.086, "2016-03-31": -80.317, "2015-12-31": "-327.24900", "2015-09-30": 29.226, "2015-06-30": -81.057, "2015-03-31": -88.53, "2014-12-31": "-320.30300", "2014-09-30": 90.746, "2014-06-30": -100.361, "2014-03-31": -43.018, "2013-12-31": "-268.99500", "2013-09-30": 141.666, "2013-06-30": -37.576, "2013-03-31": -71.824, "2012-12-31": "-270.65000", "2012-09-30": 116.709, "2012-06-30": -112.624, "2012-03-31": -87.025, "2011-12-31": "-366.05300", "2011-09-30": 64.177, "2011-06-30": -142.801, "2011-03-31": -140.207, "2010-12-31": "-299.81400", "2010-09-30": 20.518, "2010-06-30": -203.977, "2010-03-31": 12.163, "2009-12-31": "5.03700", "2009-09-30": -275.003, "2009-06-30": -152.445, "2009-03-31": 0.832, "2008-12-31": "-16.25200", "2008-09-30": -72.01, "2008-06-30": -31.931, "2008-03-31": -43.795, "2007-12-31": "-62.82300", "2007-09-30": -33.064, "2007-06-30": 29.467, "2007-03-31": 13.564, "2006-12-31": "15.65400", "2006-09-30": 22.066, "2006-06-30": 29.622, "2006-03-31": 44.209, "2005-12-31": "3.76000", "2005-09-30": 5.273, "2005-06-30": -103.897, "2005-03-31": 0.233}, "Net Cash Flow": {"2020-12-31": "353.38100", "2020-09-30": -210.855, "2020-06-30": 431.441, "2020-03-31": 276.727, "2019-12-31": "14.24300", "2019-09-30": 63.844, "2019-06-30": 8.593, "2019-03-31": 40.538, "2018-12-31": "-60.12600", "2018-09-30": -41.778, "2018-06-30": -10.37, "2018-03-31": -169.853, "2017-12-31": "-8.82700", "2017-09-30": 13.085, "2017-06-30": -186.202, "2017-03-31": 208.912, "2016-12-31": "-154.84400", "2016-09-30": -32.527, "2016-06-30": -22.269, "2016-03-31": -42.437, "2015-12-31": "-169.68000", "2015-09-30": -41.018, "2015-06-30": 103.957, "2015-03-31": 21.195, "2014-12-31": "-151.83000", "2014-09-30": 249.331, "2014-06-30": 67.898, "2014-03-31": -104.543, "2013-12-31": "-123.60900", "2013-09-30": 227.415, "2013-06-30": 124.989, "2013-03-31": 21.013, "2012-12-31": "-238.38300", "2012-09-30": 295.388, "2012-06-30": 11.512, "2012-03-31": -24.158, "2011-12-31": "-234.95500", "2011-09-30": 26.199, "2011-06-30": -7.44, "2011-03-31": -79.25, "2010-12-31": "-144.33300", "2010-09-30": 365.041, "2010-06-30": -118.38, "2010-03-31": 12.75, "2009-12-31": "48.02200", "2009-09-30": 43.861, "2009-06-30": -77.45, "2009-03-31": 139.09, "2008-12-31": "-95.58900", "2008-09-30": 31.617, "2008-06-30": 6.563, "2008-03-31": 99.271, "2007-12-31": "-34.10200", "2007-09-30": -8.142, "2007-06-30": 2.413, "2007-03-31": 55.935, "2006-12-31": "-41.89200", "2006-09-30": 121.729, "2006-06-30": -59.563, "2006-03-31": 10.633, "2005-12-31": "-173.16400", "2005-09-30": 68.128, "2005-06-30": 92.724, "2005-03-31": -3.652}, "Stock-Based Compensation": {"2020-12-31": "12.57700", "2020-09-30": 9.864, "2020-06-30": 11.061, "2020-03-31": 10.748, "2019-12-31": "10.76100", "2019-09-30": 7.984, "2019-06-30": 8.835, "2019-03-31": 9.614, "2018-12-31": "12.11700", "2018-09-30": 12.896, "2018-06-30": 10.517, "2018-03-31": 10.558, "2017-12-31": "13.50500", "2017-09-30": 9.841, "2017-06-30": 10.253, "2017-03-31": 10.184, "2016-12-31": "14.26100", "2016-09-30": 9.602, "2016-06-30": 9.812, "2016-03-31": 10.316, "2015-12-31": "12.97000", "2015-09-30": 10.337, "2015-06-30": 10.5, "2015-03-31": 9.825, "2014-12-31": "13.89800", "2014-09-30": 10.558, "2014-06-30": 10.52, "2014-03-31": 10.535, "2013-12-31": "12.96500", "2013-09-30": 8.439, "2013-06-30": 9.867, "2013-03-31": 8.709, "2012-12-31": "13.32500", "2012-09-30": 10.446, "2012-06-30": 11.31, "2012-03-31": 11.12, "2011-12-31": "10.55300", "2011-09-30": 9.703, "2011-06-30": 8.772, "2011-03-31": 4.882, "2010-12-31": "13.27400", "2010-09-30": 12.127, "2010-06-30": 10.757, "2010-03-31": 10.718, "2009-12-31": "10.85300", "2009-09-30": 9.58, "2009-06-30": 9.397, "2009-03-31": 10.517, "2008-12-31": "13.41700", "2008-09-30": 13.78, "2008-06-30": 16.081, "2008-03-31": 13.413, "2007-12-31": "14.21600", "2007-09-30": 13.617, "2007-06-30": 12.679, "2007-03-31": 11.966, "2006-12-31": "15.32500", "2006-09-30": 14.23, "2006-06-30": 10.948, "2006-03-31": 9.94, "2005-12-31": "11.06000", "2005-09-30": 0, "2005-06-30": 0, "2005-03-31": 0}, "Common Stock Dividends Paid": {"2020-12-31": "-43.08400", "2020-09-30": -43.568, "2020-06-30": -43.723, "2020-03-31": -38.357, "2019-12-31": "-38.41300", "2019-09-30": -38.73, "2019-06-30": -39.085, "2019-03-31": -34.755, "2018-12-31": "-35.04600", "2018-09-30": -35.363, "2018-06-30": -35.635, "2018-03-31": -31.558, "2017-12-31": "-31.73600", "2017-09-30": -31.981, "2017-06-30": -32.223, "2017-03-31": -28.606, "2016-12-31": "-28.69300", "2016-09-30": -28.836, "2016-06-30": -29.206, "2016-03-31": -25.565, "2015-12-31": "-25.69700", "2015-09-30": -26.127, "2015-06-30": -26.286, "2015-03-31": -24.086, "2014-12-31": "-24.29100", "2014-09-30": -24.576, "2014-06-30": -24.799, "2014-03-31": -20.752, "2013-12-31": "-20.81200", "2013-09-30": -20.929, "2013-06-30": -20.927, "2013-03-31": -21.032, "2012-12-31": "-21.12000", "2012-09-30": 0, "2012-06-30": 0, "2012-03-31": 0, "2011-12-31": "", "2011-09-30": 0, "2011-06-30": 0, "2011-03-31": 0, "2010-12-31": "", "2010-09-30": 0, "2010-06-30": 0, "2010-03-31": 0, "2009-12-31": "", "2009-09-30": 0, "2009-06-30": 0, "2009-03-31": 0, "2008-12-31": "", "2008-09-30": 0, "2008-06-30": 0, "2008-03-31": 0, "2007-12-31": "", "2007-09-30": 0, "2007-06-30": 0, "2007-03-31": 0, "2006-12-31": "", "2006-09-30": 0, "2006-06-30": 0, "2006-03-31": 0, "2005-12-31": "", "2005-09-30": 0, "2005-06-30": 0, "2005-03-31": 0}}, "financial ratios": {"Current Ratio": {"2020-09-30": "1.70580", "2019-09-30": "1.38710", "2018-09-30": "1.32880", "2017-09-30": "1.74640", "2016-09-30": "1.53760", "2015-09-30": "1.74420", "2014-09-30": "2.01870", "2013-09-30": "2.12430", "2012-09-30": "1.91550", "2011-09-30": "1.95740", "2010-09-30": "2.19870", "2009-09-30": "3.06540", "2008-09-30": "2.41630", "2007-09-30": "1.91650", "2006-09-30": "1.58840", "2005-09-30": "1.89510"}, "Long-term Debt / Capital": {"2020-09-30": "0.19260", "2019-09-30": "", "2018-09-30": "", "2017-09-30": "", "2016-09-30": "", "2015-09-30": "", "2014-09-30": "", "2013-09-30": "", "2012-09-30": "", "2011-09-30": "", "2010-09-30": "", "2009-09-30": "", "2008-09-30": "0.13820", "2007-09-30": "0.14750", "2006-09-30": "0.17280", "2005-09-30": "0.21370"}, "Debt/Equity Ratio": {"2020-09-30": "0.28190", "2019-09-30": "", "2018-09-30": "", "2017-09-30": "", "2016-09-30": "0.05790", "2015-09-30": "0.06460", "2014-09-30": "0.06180", "2013-09-30": "0.06110", "2012-09-30": "0.06590", "2011-09-30": "0.08270", "2010-09-30": "0.06190", "2009-09-30": "", "2008-09-30": "0.16040", "2007-09-30": "0.17390", "2006-09-30": "0.20980", "2005-09-30": "0.27690"}, "Gross Margin": {"2020-09-30": "33.90410", "2019-09-30": "35.07740", "2018-09-30": "34.70740", "2017-09-30": "35.15500", "2016-09-30": "35.23690", "2015-09-30": "35.51630", "2014-09-30": "35.26580", "2013-09-30": "35.23170", "2012-09-30": "35.77060", "2011-09-30": "34.87900", "2010-09-30": "36.14200", "2009-09-30": "35.91040", "2008-09-30": "35.91940", "2007-09-30": "36.66180", "2006-09-30": "36.13730", "2005-09-30": "36.44450"}, "Operating Margin": {"2020-09-30": "14.26610", "2019-09-30": "13.94160", "2018-09-30": "10.77550", "2017-09-30": "13.37760", "2016-09-30": "12.99380", "2015-09-30": "14.16060", "2014-09-30": "13.90850", "2013-09-30": "14.39250", "2012-09-30": "13.62750", "2011-09-30": "12.72490", "2010-09-30": "13.75340", "2009-09-30": "12.83160", "2008-09-30": "12.82680", "2007-09-30": "12.60270", "2006-09-30": "13.39210", "2005-09-30": "16.60400"}, "EBIT Margin": {"2020-09-30": "14.26610", "2019-09-30": "13.94160", "2018-09-30": "10.77550", "2017-09-30": "13.37760", "2016-09-30": "12.99380", "2015-09-30": "14.16060", "2014-09-30": "13.90850", "2013-09-30": "14.39250", "2012-09-30": "13.62750", "2011-09-30": "12.72490", "2010-09-30": "13.75340", "2009-09-30": "12.83160", "2008-09-30": "12.82680", "2007-09-30": "12.60270", "2006-09-30": "13.39210", "2005-09-30": "16.60400"}, "EBITDA Margin": {"2020-09-30": "19.02860", "2019-09-30": "18.97680", "2018-09-30": "16.08950", "2017-09-30": "18.93430", "2016-09-30": "18.68990", "2015-09-30": "18.95800", "2014-09-30": "18.47610", "2013-09-30": "18.60000", "2012-09-30": "18.54340", "2011-09-30": "18.43580", "2010-09-30": "20.31930", "2009-09-30": "19.75260", "2008-09-30": "18.92840", "2007-09-30": "18.42010", "2006-09-30": "18.14610", "2005-09-30": "21.20650"}, "Pre-Tax Profit Margin": {"2020-09-30": "13.99180", "2019-09-30": "13.89610", "2018-09-30": "10.60520", "2017-09-30": "13.26330", "2016-09-30": "13.03570", "2015-09-30": "14.09080", "2014-09-30": "13.73740", "2013-09-30": "14.21090", "2012-09-30": "13.59830", "2011-09-30": "12.45250", "2010-09-30": "12.91120", "2009-09-30": "12.79090", "2008-09-30": "13.20490", "2007-09-30": "14.38560", "2006-09-30": "15.07520", "2005-09-30": "17.69800"}, "Net Profit Margin": {"2020-09-30": "11.85350", "2019-09-30": "11.65130", "2018-09-30": "8.84930", "2017-09-30": "11.20490", "2016-09-30": "11.00880", "2015-09-30": "12.11920", "2014-09-30": "11.70950", "2013-09-30": "12.32690", "2012-09-30": "12.05370", "2011-09-30": "10.90920", "2010-09-30": "11.52410", "2009-09-30": "11.39440", "2008-09-30": "11.98280", "2007-09-30": "12.86720", "2006-09-30": "12.84800", "2005-09-30": "14.15840"}, "Asset Turnover": {"2020-09-30": "0.65740", "2019-09-30": "0.77210", "2018-09-30": "0.74330", "2017-09-30": "0.73250", "2016-09-30": "0.69740", "2015-09-30": "0.68430", "2014-09-30": "0.68730", "2013-09-30": "0.67920", "2012-09-30": "0.69900", "2011-09-30": "0.68540", "2010-09-30": "0.61910", "2009-09-30": "0.66140", "2008-09-30": "0.69060", "2007-09-30": "0.65270", "2006-09-30": "0.62580", "2005-09-30": "0.63660"}, "Inventory Turnover Ratio": {"2020-09-30": "", "2019-09-30": "", "2018-09-30": "", "2017-09-30": "", "2016-09-30": "", "2015-09-30": "", "2014-09-30": "", "2013-09-30": "", "2012-09-30": "", "2011-09-30": "", "2010-09-30": "", "2009-09-30": "", "2008-09-30": "", "2007-09-30": "", "2006-09-30": "", "2005-09-30": ""}, "Receiveable Turnover": {"2020-09-30": "4.84190", "2019-09-30": "4.13690", "2018-09-30": "4.09140", "2017-09-30": "4.47030", "2016-09-30": "4.54260", "2015-09-30": "5.09740", "2014-09-30": "4.97830", "2013-09-30": "4.93330", "2012-09-30": "4.72470", "2011-09-30": "5.61580", "2010-09-30": "5.14520", "2009-09-30": "6.29190", "2008-09-30": "5.51110", "2007-09-30": "5.98540", "2006-09-30": "5.82440", "2005-09-30": "6.70080"}, "Days Sales In Receivables": {"2020-09-30": "75.38360", "2019-09-30": "88.23030", "2018-09-30": "89.21080", "2017-09-30": "81.64910", "2016-09-30": "80.35110", "2015-09-30": "71.60520", "2014-09-30": "73.31850", "2013-09-30": "73.98710", "2012-09-30": "77.25410", "2011-09-30": "64.99500", "2010-09-30": "70.93970", "2009-09-30": "58.01080", "2008-09-30": "66.22940", "2007-09-30": "60.98150", "2006-09-30": "62.66760", "2005-09-30": "54.47140"}, "ROE - Return On Equity": {"2020-09-30": "13.58310", "2019-09-30": "13.53420", "2018-09-30": "10.14870", "2017-09-30": "12.22210", "2016-09-30": "11.85240", "2015-09-30": "13.09610", "2014-09-30": "12.43060", "2013-09-30": "12.59440", "2012-09-30": "12.90290", "2011-09-30": "11.46640", "2010-09-30": "10.64930", "2009-09-30": "10.15160", "2008-09-30": "13.50730", "2007-09-30": "14.03470", "2006-09-30": "14.79160", "2005-09-30": "17.42500"}, "Return On Tangible Equity": {"2020-09-30": "63.00370", "2019-09-30": "54.82710", "2018-09-30": "45.32510", "2017-09-30": "37.15980", "2016-09-30": "42.62110", "2015-09-30": "40.36830", "2014-09-30": "32.73830", "2013-09-30": "31.73280", "2012-09-30": "34.02820", "2011-09-30": "31.79990", "2010-09-30": "25.04410", "2009-09-30": "22.55260", "2008-09-30": "37.57990", "2007-09-30": "45.18480", "2006-09-30": "92.40030", "2005-09-30": "54.74950"}, "ROA - Return On Assets": {"2020-09-30": "7.85040", "2019-09-30": "9.05840", "2018-09-30": "6.62690", "2017-09-30": "8.27420", "2016-09-30": "7.67780", "2015-09-30": "8.37920", "2014-09-30": "8.14080", "2013-09-30": "8.37300", "2012-09-30": "8.42520", "2011-09-30": "7.47680", "2010-09-30": "7.13410", "2009-09-30": "7.53570", "2008-09-30": "8.27480", "2007-09-30": "8.39830", "2006-09-30": "8.04060", "2005-09-30": "9.01290"}, "ROI - Return On Investment": {"2020-09-30": "10.96740", "2019-09-30": "13.53420", "2018-09-30": "10.14870", "2017-09-30": "12.22210", "2016-09-30": "11.85240", "2015-09-30": "13.09610", "2014-09-30": "12.43060", "2013-09-30": "12.59440", "2012-09-30": "12.90290", "2011-09-30": "11.46640", "2010-09-30": "10.64930", "2009-09-30": "10.15160", "2008-09-30": "11.64010", "2007-09-30": "11.96420", "2006-09-30": "12.23560", "2005-09-30": "13.70070"}, "Book Value Per Share": {"2020-09-30": "27.86450", "2019-09-30": "26.28470", "2018-09-30": "24.91170", "2017-09-30": "24.75270", "2016-09-30": "23.47220", "2015-09-30": "22.53950", "2014-09-30": "21.67040", "2013-09-30": "20.45950", "2012-09-30": "18.67110", "2011-09-30": "17.30650", "2010-09-30": "16.72830", "2009-09-30": "15.66740", "2008-09-30": "13.75660", "2007-09-30": "12.39620", "2006-09-30": "10.41700", "2005-09-30": "8.27470"}, "Operating Cash Flow Per Share": {"2020-09-30": 0.1538, "2019-09-30": 0.8786, "2018-09-30": -0.4426, "2017-09-30": 0.2107, "2016-09-30": -0.8391, "2015-09-30": 0.5322, "2014-09-30": 0.3347, "2013-09-30": 1.0768, "2012-09-30": 0.1636, "2011-09-30": -0.4872, "2010-09-30": 0.8658, "2009-09-30": 0.299, "2008-09-30": 0.2941, "2007-09-30": -0.0654, "2006-09-30": 0.2062, "2005-09-30": 1.7579}, "Free Cash Flow Per Share": {"2020-09-30": -0.4547, "2019-09-30": 1.5653, "2018-09-30": -1.1511, "2017-09-30": -2.2485, "2016-09-30": 1.4845, "2015-09-30": 0.4551, "2014-09-30": -1.6211, "2013-09-30": 3.0537, "2012-09-30": 0.0317, "2011-09-30": -0.6496, "2010-09-30": -4.182, "2009-09-30": 2.3079, "2008-09-30": 3.6352, "2007-09-30": -0.4439, "2006-09-30": 0.1582, "2005-09-30": 1.4561}}, "financial ratios, quarterly": {"Current Ratio": {"2020-09-30": "1.70580", "2020-06-30": "1.83580", "2020-03-31": "1.24540", "2019-12-31": "1.38710", "2019-09-30": "1.38710", "2019-06-30": "1.39150", "2019-03-31": "1.35020", "2018-12-31": "1.32010", "2018-09-30": "1.32880", "2018-06-30": "1.34990", "2018-03-31": "1.33850", "2017-12-31": "1.71330", "2017-09-30": "1.74640", "2017-06-30": "1.77120", "2017-03-31": "1.64170", "2016-12-31": "1.53760", "2016-09-30": "1.53760", "2016-06-30": "1.87880", "2016-03-31": "1.84520", "2015-12-31": "1.79480", "2015-09-30": "1.74420", "2015-06-30": "2.22900", "2015-03-31": "2.21510", "2014-12-31": "2.23770", "2014-09-30": "2.01870", "2014-06-30": "2.22680", "2014-03-31": "2.25670", "2013-12-31": "2.37740", "2013-09-30": "2.12430", "2013-06-30": "2.64350", "2013-03-31": "2.47960", "2012-12-31": "2.27550", "2012-09-30": "1.91550", "2012-06-30": "2.08660", "2012-03-31": "2.30020", "2011-12-31": "2.14970", "2011-09-30": "1.95740", "2011-06-30": "2.59060", "2011-03-31": "2.59450", "2010-12-31": "2.47280", "2010-09-30": "2.19870", "2010-06-30": "2.74960", "2010-03-31": "3.08400", "2009-12-31": "3.03080", "2009-09-30": "3.06540", "2009-06-30": "3.10910", "2009-03-31": "2.84310", "2008-12-31": "2.51210", "2008-09-30": "2.41630", "2008-06-30": "2.42110", "2008-03-31": "2.38040", "2007-12-31": "2.38790", "2007-09-30": "1.91650", "2007-06-30": "1.85010", "2007-03-31": "1.73100", "2006-12-31": "1.74490", "2006-09-30": "1.58840", "2006-06-30": "1.90870", "2006-03-31": "2.20390", "2005-12-31": "2.02600", "2005-09-30": "1.89510", "2005-06-30": "2.25450", "2005-03-31": "2.29170"}, "Long-term Debt / Capital": {"2020-09-30": "0.19260", "2020-06-30": "0.19390", "2020-03-31": "0.05750", "2019-12-31": "", "2019-09-30": "", "2019-06-30": "", "2019-03-31": "", "2018-12-31": "", "2018-09-30": "", "2018-06-30": "", "2018-03-31": "", "2017-12-31": "", "2017-09-30": "", "2017-06-30": "", "2017-03-31": "", "2016-12-31": "", "2016-09-30": "", "2016-06-30": "", "2016-03-31": "", "2015-12-31": "", "2015-09-30": "", "2015-06-30": "", "2015-03-31": "", "2014-12-31": "", "2014-09-30": "", "2014-06-30": "", "2014-03-31": "", "2013-12-31": "", "2013-09-30": "", "2013-06-30": "", "2013-03-31": "", "2012-12-31": "", "2012-09-30": "", "2012-06-30": "", "2012-03-31": "", "2011-12-31": "", "2011-09-30": "", "2011-06-30": "", "2011-03-31": "", "2010-12-31": "", "2010-09-30": "", "2010-06-30": "", "2010-03-31": "", "2009-12-31": "", "2009-09-30": "", "2009-06-30": "0.08920", "2009-03-31": "0.13230", "2008-12-31": "0.13540", "2008-09-30": "0.13820", "2008-06-30": "0.13850", "2008-03-31": "0.14180", "2007-12-31": "0.14520", "2007-09-30": "0.14750", "2007-06-30": "0.15180", "2007-03-31": "0.15810", "2006-12-31": "0.16480", "2006-09-30": "0.17280", "2006-06-30": "0.18140", "2006-03-31": "0.19160", "2005-12-31": "0.20410", "2005-09-30": "0.21370", "2005-06-30": "0.22220", "2005-03-31": "0.21980"}, "Debt/Equity Ratio": {"2020-09-30": "0.28190", "2020-06-30": "0.28520", "2020-03-31": "0.17550", "2019-12-31": "", "2019-09-30": "", "2019-06-30": "", "2019-03-31": "", "2018-12-31": "", "2018-09-30": "", "2018-06-30": "", "2018-03-31": "0.03330", "2017-12-31": "", "2017-09-30": "", "2017-06-30": "", "2017-03-31": "0.05630", "2016-12-31": "0.05790", "2016-09-30": "0.05790", "2016-06-30": "", "2016-03-31": "", "2015-12-31": "", "2015-09-30": "0.06460", "2015-06-30": "", "2015-03-31": "", "2014-12-31": "", "2014-09-30": "0.06180", "2014-06-30": "", "2014-03-31": "", "2013-12-31": "", "2013-09-30": "0.06110", "2013-06-30": "", "2013-03-31": "", "2012-12-31": "", "2012-09-30": "0.06590", "2012-06-30": "", "2012-03-31": "", "2011-12-31": "", "2011-09-30": "0.08270", "2011-06-30": "", "2011-03-31": "", "2010-12-31": "", "2010-09-30": "0.06190", "2010-06-30": "", "2010-03-31": "", "2009-12-31": "", "2009-09-30": "", "2009-06-30": "0.09820", "2009-03-31": "0.15370", "2008-12-31": "0.15810", "2008-09-30": "0.16040", "2008-06-30": "0.16150", "2008-03-31": "0.16600", "2007-12-31": "0.17060", "2007-09-30": "0.17390", "2007-06-30": "0.17970", "2007-03-31": "0.18870", "2006-12-31": "0.19820", "2006-09-30": "0.20980", "2006-06-30": "0.22250", "2006-03-31": "0.23810", "2005-12-31": "0.25910", "2005-09-30": "0.27690", "2005-06-30": "0.29030", "2005-03-31": "0.29100"}, "Gross Margin": {"2020-09-30": "33.18230", "2020-06-30": "33.56810", "2020-03-31": "34.73150", "2019-12-31": "34.13240", "2019-09-30": "35.24610", "2019-06-30": "35.11670", "2019-03-31": "35.40840", "2018-12-31": "34.53240", "2018-09-30": "34.67680", "2018-06-30": "35.08580", "2018-03-31": "34.84220", "2017-12-31": "34.21400", "2017-09-30": "35.03840", "2017-06-30": "34.97020", "2017-03-31": "35.63860", "2016-12-31": "34.97260", "2016-09-30": "35.03400", "2016-06-30": "35.35880", "2016-03-31": "35.18810", "2015-12-31": "35.37010", "2015-09-30": "34.92440", "2015-06-30": "34.75410", "2015-03-31": "35.67640", "2014-12-31": "36.72580", "2014-09-30": "35.39640", "2014-06-30": "35.22230", "2014-03-31": "34.96330", "2013-12-31": "35.48910", "2013-09-30": "35.40210", "2013-06-30": "35.02340", "2013-03-31": "35.32100", "2012-12-31": "35.17960", "2012-09-30": "35.58920", "2012-06-30": "35.67640", "2012-03-31": "35.89740", "2011-12-31": "35.92250", "2011-09-30": "35.31790", "2011-06-30": "34.89680", "2011-03-31": "34.92040", "2010-12-31": "34.35880", "2010-09-30": "36.19850", "2010-06-30": "36.20530", "2010-03-31": "35.99400", "2009-12-31": "36.16860", "2009-09-30": "36.28800", "2009-06-30": "35.92110", "2009-03-31": "35.79300", "2008-12-31": "35.65710", "2008-09-30": "35.67130", "2008-06-30": "35.51140", "2008-03-31": "36.08340", "2007-12-31": "36.47490", "2007-09-30": "36.34680", "2007-06-30": "36.84020", "2007-03-31": "36.59390", "2006-12-31": "36.87850", "2006-09-30": "37.50900", "2006-06-30": "35.56990", "2006-03-31": "35.24700", "2005-12-31": "36.09960", "2005-09-30": "36.70350", "2005-06-30": "35.86860", "2005-03-31": "36.26560"}, "Operating Margin": {"2020-09-30": "13.95490", "2020-06-30": "14.37640", "2020-03-31": "14.95440", "2019-12-31": "13.77960", "2019-09-30": "13.99210", "2019-06-30": "13.88890", "2019-03-31": "14.72800", "2018-12-31": "13.15120", "2018-09-30": "6.86410", "2018-06-30": "10.52870", "2018-03-31": "13.28450", "2017-12-31": "12.49280", "2017-09-30": "13.47800", "2017-06-30": "13.43880", "2017-03-31": "13.84880", "2016-12-31": "12.73590", "2016-09-30": "12.59730", "2016-06-30": "13.43490", "2016-03-31": "12.97580", "2015-12-31": "12.97170", "2015-09-30": "11.83670", "2015-06-30": "13.95830", "2015-03-31": "15.28950", "2014-12-31": "15.61550", "2014-09-30": "14.00780", "2014-06-30": "13.85110", "2014-03-31": "13.80920", "2013-12-31": "13.96800", "2013-09-30": "14.53770", "2013-06-30": "14.63920", "2013-03-31": "14.74960", "2012-12-31": "13.63290", "2012-09-30": "13.80580", "2012-06-30": "13.60610", "2012-03-31": "13.58240", "2011-12-31": "13.51260", "2011-09-30": "12.87270", "2011-06-30": "13.18580", "2011-03-31": "13.50630", "2010-12-31": "11.29850", "2010-09-30": "13.49890", "2010-06-30": "13.97530", "2010-03-31": "13.86170", "2009-12-31": "13.67930", "2009-09-30": "13.68990", "2009-06-30": "13.50870", "2009-03-31": "13.49480", "2008-12-31": "10.78070", "2008-09-30": "12.29440", "2008-06-30": "12.91630", "2008-03-31": "13.28720", "2007-12-31": "12.83960", "2007-09-30": "12.95470", "2007-06-30": "12.91820", "2007-03-31": "11.86330", "2006-12-31": "12.66310", "2006-09-30": "11.45010", "2006-06-30": "13.48400", "2006-03-31": "14.77040", "2005-12-31": "14.08430", "2005-09-30": "13.49970", "2005-06-30": "18.14550", "2005-03-31": "17.85220"}, "EBIT Margin": {"2020-09-30": "13.95490", "2020-06-30": "14.37640", "2020-03-31": "14.95440", "2019-12-31": "13.77960", "2019-09-30": "13.99210", "2019-06-30": "13.88890", "2019-03-31": "14.72800", "2018-12-31": "13.15120", "2018-09-30": "6.86410", "2018-06-30": "10.52870", "2018-03-31": "13.28450", "2017-12-31": "12.49280", "2017-09-30": "13.47800", "2017-06-30": "13.43880", "2017-03-31": "13.84880", "2016-12-31": "12.73590", "2016-09-30": "12.59730", "2016-06-30": "13.43490", "2016-03-31": "12.97580", "2015-12-31": "12.97170", "2015-09-30": "11.83670", "2015-06-30": "13.95830", "2015-03-31": "15.28950", "2014-12-31": "15.61550", "2014-09-30": "14.00780", "2014-06-30": "13.85110", "2014-03-31": "13.80920", "2013-12-31": "13.96800", "2013-09-30": "14.53770", "2013-06-30": "14.63920", "2013-03-31": "14.74960", "2012-12-31": "13.63290", "2012-09-30": "13.80580", "2012-06-30": "13.60610", "2012-03-31": "13.58240", "2011-12-31": "13.51260", "2011-09-30": "12.87260", "2011-06-30": "13.18580", "2011-03-31": "13.50630", "2010-12-31": "11.29850", "2010-09-30": "13.49890", "2010-06-30": "13.97530", "2010-03-31": "13.86170", "2009-12-31": "13.67930", "2009-09-30": "13.68990", "2009-06-30": "13.50870", "2009-03-31": "13.49480", "2008-12-31": "10.78070", "2008-09-30": "12.29440", "2008-06-30": "12.91630", "2008-03-31": "13.28720", "2007-12-31": "12.83960", "2007-09-30": "12.95470", "2007-06-30": "12.91820", "2007-03-31": "11.86330", "2006-12-31": "12.66310", "2006-09-30": "11.45000", "2006-06-30": "13.48400", "2006-03-31": "14.77040", "2005-12-31": "14.08430", "2005-09-30": "13.49970", "2005-06-30": "18.14550", "2005-03-31": "17.85220"}, "EBITDA Margin": {"2020-09-30": "", "2020-06-30": "", "2020-03-31": "", "2019-12-31": "", "2019-09-30": "", "2019-06-30": "", "2019-03-31": "", "2018-12-31": "", "2018-09-30": "", "2018-06-30": "", "2018-03-31": "", "2017-12-31": "", "2017-09-30": "", "2017-06-30": "", "2017-03-31": "", "2016-12-31": "", "2016-09-30": "", "2016-06-30": "", "2016-03-31": "", "2015-12-31": "", "2015-09-30": "", "2015-06-30": "", "2015-03-31": "", "2014-12-31": "", "2014-09-30": "", "2014-06-30": "", "2014-03-31": "", "2013-12-31": "", "2013-09-30": "", "2013-06-30": "", "2013-03-31": "", "2012-12-31": "", "2012-09-30": "", "2012-06-30": "", "2012-03-31": "", "2011-12-31": "", "2011-09-30": "", "2011-06-30": "", "2011-03-31": "", "2010-12-31": "", "2010-09-30": "", "2010-06-30": "", "2010-03-31": "", "2009-12-31": "", "2009-09-30": "", "2009-06-30": "", "2009-03-31": "", "2008-12-31": "", "2008-09-30": "", "2008-06-30": "", "2008-03-31": "", "2007-12-31": "", "2007-09-30": "", "2007-06-30": "", "2007-03-31": "", "2006-12-31": "", "2006-09-30": "", "2006-06-30": "", "2006-03-31": "", "2005-12-31": "", "2005-09-30": "", "2005-06-30": "", "2005-03-31": ""}, "Pre-Tax Profit Margin": {"2020-09-30": "13.34930", "2020-06-30": "14.14090", "2020-03-31": "14.73590", "2019-12-31": "13.74580", "2019-09-30": "14.22930", "2019-06-30": "13.50250", "2019-03-31": "14.54500", "2018-12-31": "13.30160", "2018-09-30": "6.52140", "2018-06-30": "10.20820", "2018-03-31": "13.26040", "2017-12-31": "12.50510", "2017-09-30": "13.23890", "2017-06-30": "13.55800", "2017-03-31": "13.80040", "2016-12-31": "12.44650", "2016-09-30": "12.66630", "2016-06-30": "13.55450", "2016-03-31": "13.13340", "2015-12-31": "12.79100", "2015-09-30": "11.68840", "2015-06-30": "13.84330", "2015-03-31": "15.10460", "2014-12-31": "15.78580", "2014-09-30": "13.78150", "2014-06-30": "13.76820", "2014-03-31": "13.59640", "2013-12-31": "13.80550", "2013-09-30": "14.36210", "2013-06-30": "14.31520", "2013-03-31": "14.53870", "2012-12-31": "13.61990", "2012-09-30": "13.81990", "2012-06-30": "13.26770", "2012-03-31": "14.23590", "2011-12-31": "13.06490", "2011-09-30": "12.20720", "2011-06-30": "13.16280", "2011-03-31": "13.51250", "2010-12-31": "10.89640", "2010-09-30": "13.77560", "2010-06-30": "13.47510", "2010-03-31": "10.80230", "2009-12-31": "13.58060", "2009-09-30": "13.66860", "2009-06-30": "13.87290", "2009-03-31": "12.68430", "2008-12-31": "11.07720", "2008-09-30": "10.85950", "2008-06-30": "13.66720", "2008-03-31": "14.42660", "2007-12-31": "14.02740", "2007-09-30": "14.83140", "2007-06-30": "14.92490", "2007-03-31": "13.40630", "2006-12-31": "14.36190", "2006-09-30": "12.66460", "2006-06-30": "15.86850", "2006-03-31": "16.48500", "2005-12-31": "15.51770", "2005-09-30": "14.78330", "2005-06-30": "18.99400", "2005-03-31": "19.01510"}, "Net Profit Margin": {"2020-09-30": "12.51330", "2020-06-30": "11.73330", "2020-03-31": "12.03130", "2019-12-31": "11.12640", "2019-09-30": "11.60870", "2019-06-30": "12.82790", "2019-03-31": "12.10330", "2018-12-31": "10.04810", "2018-09-30": "4.29300", "2018-06-30": "9.06550", "2018-03-31": "10.17580", "2017-12-31": "11.95370", "2017-09-30": "10.67640", "2017-06-30": "12.33730", "2017-03-31": "11.55820", "2016-12-31": "10.24300", "2016-09-30": "10.17470", "2016-06-30": "11.29520", "2016-03-31": "11.63370", "2015-12-31": "10.94320", "2015-09-30": "9.33700", "2015-06-30": "11.87160", "2015-03-31": "12.88100", "2014-12-31": "14.45350", "2014-09-30": "10.62650", "2014-06-30": "12.16950", "2014-03-31": "12.30490", "2013-12-31": "11.73960", "2013-09-30": "10.52430", "2013-06-30": "14.21060", "2013-03-31": "12.59540", "2012-12-31": "11.98210", "2012-09-30": "11.92280", "2012-06-30": "12.20880", "2012-03-31": "12.59320", "2011-12-31": "11.49070", "2011-09-30": "10.75830", "2011-06-30": "11.45300", "2011-03-31": "11.92870", "2010-12-31": "9.46760", "2010-09-30": "12.42970", "2010-06-30": "12.24890", "2010-03-31": "9.21410", "2009-12-31": "12.18980", "2009-09-30": "12.12170", "2009-06-30": "12.39350", "2009-03-31": "11.33900", "2008-12-31": "9.84920", "2008-09-30": "10.02220", "2008-06-30": "12.27280", "2008-03-31": "12.89700", "2007-12-31": "12.88840", "2007-09-30": "13.24400", "2007-06-30": "12.38340", "2007-03-31": "12.34090", "2006-12-31": "13.50760", "2006-09-30": "11.41420", "2006-06-30": "13.66200", "2006-03-31": "13.60140", "2005-12-31": "12.83310", "2005-09-30": "11.82570", "2005-06-30": "15.19590", "2005-03-31": "15.21180"}, "Asset Turnover": {"2020-09-30": "0.16600", "2020-06-30": "0.16070", "2020-03-31": "0.17740", "2019-12-31": "0.19690", "2019-09-30": "0.19470", "2019-06-30": "0.19580", "2019-03-31": "0.19480", "2018-12-31": "0.19110", "2018-09-30": "0.18750", "2018-06-30": "0.18410", "2018-03-31": "0.17790", "2017-12-31": "0.18100", "2017-09-30": "0.18560", "2017-06-30": "0.18260", "2017-03-31": "0.17840", "2016-12-31": "0.17910", "2016-09-30": "0.17640", "2016-06-30": "0.18610", "2016-03-31": "0.18190", "2015-12-31": "0.18230", "2015-09-30": "0.17410", "2015-06-30": "0.17570", "2015-03-31": "0.17890", "2014-12-31": "0.18220", "2014-09-30": "0.17360", "2014-06-30": "0.17940", "2014-03-31": "0.18010", "2013-12-31": "0.17790", "2013-09-30": "0.17160", "2013-06-30": "0.18450", "2013-03-31": "0.18540", "2012-12-31": "0.18370", "2012-09-30": "0.17700", "2012-06-30": "0.18220", "2012-03-31": "0.18380", "2011-12-31": "0.18310", "2011-09-30": "0.17520", "2011-06-30": "0.17790", "2011-03-31": "0.17370", "2010-12-31": "0.16680", "2010-09-30": "0.15810", "2010-06-30": "0.16480", "2010-03-31": "0.16080", "2009-12-31": "0.16010", "2009-09-30": "0.16340", "2009-06-30": "0.15340", "2009-03-31": "0.15580", "2008-12-31": "0.16410", "2008-09-30": "0.18020", "2008-06-30": "0.17970", "2008-03-31": "0.17190", "2007-12-31": "0.16970", "2007-09-30": "0.16720", "2007-06-30": "0.16620", "2007-03-31": "0.16970", "2006-12-31": "0.17230", "2006-09-30": "0.16790", "2006-06-30": "0.16950", "2006-03-31": "0.17570", "2005-12-31": "0.17770", "2005-09-30": "0.17900", "2005-06-30": "0.16840", "2005-03-31": "0.16090"}, "Inventory Turnover Ratio": {"2020-09-30": "", "2020-06-30": "", "2020-03-31": "", "2019-12-31": "", "2019-09-30": "", "2019-06-30": "", "2019-03-31": "", "2018-12-31": "", "2018-09-30": "", "2018-06-30": "", "2018-03-31": "", "2017-12-31": "", "2017-09-30": "", "2017-06-30": "", "2017-03-31": "", "2016-12-31": "", "2016-09-30": "", "2016-06-30": "", "2016-03-31": "", "2015-12-31": "", "2015-09-30": "", "2015-06-30": "", "2015-03-31": "", "2014-12-31": "", "2014-09-30": "", "2014-06-30": "", "2014-03-31": "", "2013-12-31": "", "2013-09-30": "", "2013-06-30": "", "2013-03-31": "", "2012-12-31": "", "2012-09-30": "", "2012-06-30": "", "2012-03-31": "", "2011-12-31": "", "2011-09-30": "", "2011-06-30": "", "2011-03-31": "", "2010-12-31": "", "2010-09-30": "", "2010-06-30": "", "2010-03-31": "", "2009-12-31": "", "2009-09-30": "", "2009-06-30": "", "2009-03-31": "", "2008-12-31": "", "2008-09-30": "", "2008-06-30": "", "2008-03-31": "", "2007-12-31": "", "2007-09-30": "", "2007-06-30": "", "2007-03-31": "", "2006-12-31": "", "2006-09-30": "", "2006-06-30": "", "2006-03-31": "", "2005-12-31": "", "2005-09-30": "", "2005-06-30": "", "2005-03-31": ""}, "Receiveable Turnover": {"2020-09-30": "1.22290", "2020-06-30": "1.07730", "2020-03-31": "1.10740", "2019-12-31": "1.05480", "2019-09-30": "1.04290", "2019-06-30": "1.07540", "2019-03-31": "1.06340", "2018-12-31": "1.00330", "2018-09-30": "1.03200", "2018-06-30": "1.02030", "2018-03-31": "1.02060", "2017-12-31": "1.06280", "2017-09-30": "1.13250", "2017-06-30": "1.08210", "2017-03-31": "1.14370", "2016-12-31": "1.16640", "2016-09-30": "1.14920", "2016-06-30": "1.26020", "2016-03-31": "1.22580", "2015-12-31": "1.26570", "2015-09-30": "1.29660", "2015-06-30": "1.22700", "2015-03-31": "1.23170", "2014-12-31": "1.32540", "2014-09-30": "1.25760", "2014-06-30": "1.19440", "2014-03-31": "1.20090", "2013-12-31": "1.26890", "2013-09-30": "1.24620", "2013-06-30": "1.26000", "2013-03-31": "1.24410", "2012-12-31": "1.21120", "2012-09-30": "1.19630", "2012-06-30": "1.19550", "2012-03-31": "1.32100", "2011-12-31": "1.36620", "2011-09-30": "1.43540", "2011-06-30": "1.36040", "2011-03-31": "1.38590", "2010-12-31": "1.41490", "2010-09-30": "1.31410", "2010-06-30": "1.48630", "2010-03-31": "1.53470", "2009-12-31": "1.48900", "2009-09-30": "1.55490", "2009-06-30": "1.36010", "2009-03-31": "1.40340", "2008-12-31": "1.39610", "2008-09-30": "1.43840", "2008-06-30": "1.39350", "2008-03-31": "1.36200", "2007-12-31": "1.39790", "2007-09-30": "1.53360", "2007-06-30": "1.48220", "2007-03-31": "1.48330", "2006-12-31": "1.64750", "2006-09-30": "1.56280", "2006-06-30": "1.51260", "2006-03-31": "1.71880", "2005-12-31": "1.70900", "2005-09-30": "1.88440", "2005-06-30": "1.73100", "2005-03-31": "1.87570"}, "Days Sales In Receivables": {"2020-09-30": "73.59620", "2020-06-30": "83.54000", "2020-03-31": "81.26960", "2019-12-31": "85.32710", "2019-09-30": "86.29650", "2019-06-30": "83.69270", "2019-03-31": "84.63320", "2018-12-31": "89.70590", "2018-09-30": "87.20950", "2018-06-30": "88.20530", "2018-03-31": "88.18060", "2017-12-31": "84.68180", "2017-09-30": "79.46740", "2017-06-30": "83.17490", "2017-03-31": "78.69160", "2016-12-31": "77.16110", "2016-09-30": "78.31540", "2016-06-30": "71.41520", "2016-03-31": "73.42230", "2015-12-31": "71.10680", "2015-09-30": "69.41330", "2015-06-30": "73.34910", "2015-03-31": "73.07100", "2014-12-31": "67.90350", "2014-09-30": "71.56300", "2014-06-30": "75.35480", "2014-03-31": "74.94340", "2013-12-31": "70.92830", "2013-09-30": "72.21710", "2013-06-30": "71.43120", "2013-03-31": "72.34370", "2012-12-31": "74.30680", "2012-09-30": "75.23170", "2012-06-30": "75.28230", "2012-03-31": "68.13160", "2011-12-31": "65.87440", "2011-09-30": "62.70200", "2011-06-30": "66.15760", "2011-03-31": "64.94190", "2010-12-31": "63.60840", "2010-09-30": "68.48650", "2010-06-30": "60.55110", "2010-03-31": "58.64330", "2009-12-31": "60.44400", "2009-09-30": "57.88210", "2009-06-30": "66.17120", "2009-03-31": "64.12980", "2008-12-31": "64.46620", "2008-09-30": "62.57140", "2008-06-30": "64.58710", "2008-03-31": "66.08100", "2007-12-31": "64.38010", "2007-09-30": "58.68570", "2007-06-30": "60.72110", "2007-03-31": "60.67740", "2006-12-31": "54.62760", "2006-09-30": "57.58920", "2006-06-30": "59.50030", "2006-03-31": "52.36310", "2005-12-31": "52.66160", "2005-09-30": "47.75940", "2005-06-30": "51.99260", "2005-03-31": "47.98310"}, "ROE - Return On Equity": {"2020-09-30": "3.66870", "2020-06-30": "3.30140", "2020-03-31": "3.54970", "2019-12-31": "3.27260", "2019-09-30": "3.44470", "2019-06-30": "3.72620", "2019-03-31": "3.55820", "2018-12-31": "", "2018-09-30": "1.26760", "2018-06-30": "2.56900", "2018-03-31": "2.82090", "2017-12-31": "", "2017-09-30": "2.99960", "2017-06-30": "3.32980", "2017-03-31": "3.16810", "2016-12-31": "2.83170", "2016-09-30": "2.77130", "2016-06-30": "3.05960", "2016-03-31": "3.09990", "2015-12-31": "2.94290", "2015-09-30": "2.67490", "2015-06-30": "3.06520", "2015-03-31": "3.36660", "2014-12-31": "3.83140", "2014-09-30": "2.95960", "2014-06-30": "3.20250", "2014-03-31": "3.23650", "2013-12-31": "3.04330", "2013-09-30": "2.71630", "2013-06-30": "3.69030", "2013-03-31": "3.33100", "2012-12-31": "3.19980", "2012-09-30": "3.23160", "2012-06-30": "3.27650", "2012-03-31": "", "2011-12-31": "", "2011-09-30": "2.89020", "2011-06-30": "2.92280", "2011-03-31": "2.95870", "2010-12-31": "2.28000", "2010-09-30": "2.93360", "2010-06-30": "2.79950", "2010-03-31": "2.01420", "2009-12-31": "", "2009-09-30": "2.66880", "2009-06-30": "2.78230", "2009-03-31": "2.72620", "2008-12-31": "2.58380", "2008-09-30": "2.94850", "2008-06-30": "3.59620", "2008-03-31": "3.66630", "2007-12-31": "3.61040", "2007-09-30": "", "2007-06-30": "3.50640", "2007-03-31": "3.63880", "2006-12-31": "4.09270", "2006-09-30": "3.52600", "2006-06-30": "4.21420", "2006-03-31": "4.30730", "2005-12-31": "4.29260", "2005-09-30": "4.09300", "2005-06-30": "4.89300", "2005-03-31": "4.65180"}, "Return On Tangible Equity": {"2020-09-30": "17.01690", "2020-06-30": "12.10310", "2020-03-31": "13.76700", "2019-12-31": "13.25740", "2019-09-30": "13.95440", "2019-06-30": "14.94930", "2019-03-31": "15.13330", "2018-12-31": "12.56840", "2018-09-30": "5.66140", "2018-06-30": "11.27770", "2018-03-31": "12.32660", "2017-12-31": "10.24300", "2017-09-30": "9.12000", "2017-06-30": "10.05230", "2017-03-31": "9.96960", "2016-12-31": "10.18260", "2016-09-30": "9.96560", "2016-06-30": "8.88390", "2016-03-31": "8.93410", "2015-12-31": "8.71370", "2015-09-30": "8.24530", "2015-06-30": "7.46090", "2015-03-31": "8.50150", "2014-12-31": "9.93340", "2014-09-30": "7.79470", "2014-06-30": "8.43460", "2014-03-31": "8.69260", "2013-12-31": "7.45720", "2013-09-30": "6.84410", "2013-06-30": "8.63010", "2013-03-31": "8.15310", "2012-12-31": "8.09750", "2012-09-30": "8.52250", "2012-06-30": "8.83450", "2012-03-31": "9.01430", "2011-12-31": "8.67590", "2011-09-30": "8.01530", "2011-06-30": "6.86960", "2011-03-31": "6.91700", "2010-12-31": "5.30950", "2010-09-30": "6.89910", "2010-06-30": "6.50410", "2010-03-31": "4.51100", "2009-12-31": "5.93060", "2009-09-30": "5.92900", "2009-06-30": "6.66210", "2009-03-31": "7.02160", "2008-12-31": "7.12440", "2008-09-30": "8.20330", "2008-06-30": "10.02230", "2008-03-31": "10.49660", "2007-12-31": "11.05750", "2007-09-30": "11.91640", "2007-06-30": "12.40590", "2007-03-31": "15.64440", "2006-12-31": "19.66260", "2006-09-30": "22.02600", "2006-06-30": "13.81910", "2006-03-31": "10.39610", "2005-12-31": "11.86190", "2005-09-30": "12.86040", "2005-06-30": "10.40450", "2005-03-31": "9.77870"}, "ROA - Return On Assets": {"2020-09-30": "2.12030", "2020-06-30": "1.88600", "2020-03-31": "2.15120", "2019-12-31": "2.19040", "2019-09-30": "2.30550", "2019-06-30": "2.51110", "2019-03-31": "2.37460", "2018-12-31": "1.92020", "2018-09-30": "0.82770", "2018-06-30": "1.68150", "2018-03-31": "1.82340", "2017-12-31": "2.16360", "2017-09-30": "2.03070", "2017-06-30": "2.25300", "2017-03-31": "2.07830", "2016-12-31": "1.83430", "2016-09-30": "1.79520", "2016-06-30": "2.10210", "2016-03-31": "2.11570", "2015-12-31": "1.99540", "2015-09-30": "1.71150", "2015-06-30": "2.08540", "2015-03-31": "2.30500", "2014-12-31": "2.63350", "2014-09-30": "1.93820", "2014-06-30": "2.18310", "2014-03-31": "2.21620", "2013-12-31": "2.08800", "2013-09-30": "1.80590", "2013-06-30": "2.62140", "2013-03-31": "2.33470", "2012-12-31": "2.20150", "2012-09-30": "2.11010", "2012-06-30": "2.22410", "2012-03-31": "2.31500", "2011-12-31": "2.10410", "2011-09-30": "1.88460", "2011-06-30": "2.03720", "2011-03-31": "2.07170", "2010-12-31": "1.57920", "2010-09-30": "1.96530", "2010-06-30": "2.01860", "2010-03-31": "1.48150", "2009-12-31": "1.95210", "2009-09-30": "1.98110", "2009-06-30": "1.90160", "2009-03-31": "1.76640", "2008-12-31": "1.61610", "2008-09-30": "1.80630", "2008-06-30": "2.20580", "2008-03-31": "2.21640", "2007-12-31": "2.18650", "2007-09-30": "2.21490", "2007-06-30": "2.05850", "2007-03-31": "2.09440", "2006-12-31": "2.32730", "2006-09-30": "1.91670", "2006-06-30": "2.31540", "2006-03-31": "2.38920", "2005-12-31": "2.28100", "2005-09-30": "2.11710", "2005-06-30": "2.55870", "2005-03-31": "2.44790"}, "ROI - Return On Investment": {"2020-09-30": "2.96220", "2020-06-30": "2.66110", "2020-03-31": "3.34560", "2019-12-31": "3.27260", "2019-09-30": "3.44470", "2019-06-30": "3.72620", "2019-03-31": "3.55820", "2018-12-31": "2.90620", "2018-09-30": "1.26760", "2018-06-30": "2.56900", "2018-03-31": "2.82090", "2017-12-31": "3.22150", "2017-09-30": "2.99960", "2017-06-30": "3.32980", "2017-03-31": "3.16810", "2016-12-31": "2.83170", "2016-09-30": "2.77130", "2016-06-30": "3.05960", "2016-03-31": "3.09990", "2015-12-31": "2.94290", "2015-09-30": "2.67490", "2015-06-30": "3.06520", "2015-03-31": "3.36660", "2014-12-31": "3.83140", "2014-09-30": "2.95960", "2014-06-30": "3.20250", "2014-03-31": "3.23650", "2013-12-31": "3.04330", "2013-09-30": "2.71630", "2013-06-30": "3.69030", "2013-03-31": "3.33100", "2012-12-31": "3.19980", "2012-09-30": "3.23160", "2012-06-30": "3.27650", "2012-03-31": "3.35190", "2011-12-31": "3.10100", "2011-09-30": "2.89020", "2011-06-30": "2.92280", "2011-03-31": "2.95870", "2010-12-31": "2.28000", "2010-09-30": "2.93360", "2010-06-30": "2.79950", "2010-03-31": "2.01420", "2009-12-31": "2.66880", "2009-09-30": "2.66880", "2009-06-30": "2.53420", "2009-03-31": "2.36540", "2008-12-31": "2.23390", "2008-09-30": "2.54090", "2008-06-30": "3.09820", "2008-03-31": "3.14650", "2007-12-31": "3.08630", "2007-09-30": "3.15530", "2007-06-30": "2.97420", "2007-03-31": "3.06340", "2006-12-31": "3.41830", "2006-09-30": "2.91670", "2006-06-30": "3.44980", "2006-03-31": "3.48190", "2005-12-31": "3.41660", "2005-09-30": "3.21820", "2005-06-30": "3.80600", "2005-03-31": "3.62920"}, "Book Value Per Share": {"2020-09-30": "27.86450", "2020-06-30": "27.41840", "2020-03-31": "26.80760", "2019-12-31": "26.28470", "2019-09-30": "26.28470", "2019-06-30": "25.96010", "2019-03-31": "25.47040", "2018-12-31": "", "2018-09-30": "24.91170", "2018-06-30": "25.18930", "2018-03-31": "25.30060", "2017-12-31": "", "2017-09-30": "24.75270", "2017-06-30": "24.64100", "2017-03-31": "24.25960", "2016-12-31": "23.47220", "2016-09-30": "23.47220", "2016-06-30": "23.22450", "2016-03-31": "23.20290", "2015-12-31": "22.78920", "2015-09-30": "22.53950", "2015-06-30": "22.88160", "2015-03-31": "22.33460", "2014-12-31": "22.00630", "2014-09-30": "21.67040", "2014-06-30": "21.63060", "2014-03-31": "21.31340", "2013-12-31": "20.88120", "2013-09-30": "20.45950", "2013-06-30": "20.12510", "2013-03-31": "19.56600", "2012-12-31": "19.12800", "2012-09-30": "18.67110", "2012-06-30": "18.26300", "2012-03-31": "", "2011-12-31": "", "2011-09-30": "17.30650", "2011-06-30": "17.35870", "2011-03-31": "17.13260", "2010-12-31": "16.93830", "2010-09-30": "16.72830", "2010-06-30": "16.51480", "2010-03-31": "16.48780", "2009-12-31": "", "2009-09-30": "15.66740", "2009-06-30": "15.07440", "2009-03-31": "14.50250", "2008-12-31": "14.11360", "2008-09-30": "13.75660", "2008-06-30": "13.55290", "2008-03-31": "13.15480", "2007-12-31": "12.73090", "2007-09-30": "", "2007-06-30": "11.96850", "2007-03-31": "11.48700", "2006-12-31": "10.97970", "2006-09-30": "10.41700", "2006-06-30": "9.88570", "2006-03-31": "9.29790", "2005-12-31": "8.71540", "2005-09-30": "8.27470", "2005-06-30": "7.90840", "2005-03-31": "7.89270"}, "Operating Cash Flow Per Share": {"2020-09-30": 1.5185, "2020-06-30": 1.4304, "2020-03-31": 0.7816, "2019-12-31": "1.20860", "2019-09-30": 1.533, "2019-06-30": 1.2319, "2019-03-31": 1.24, "2018-12-31": "0.78040", "2018-09-30": 0.7979, "2018-06-30": 1.167, "2018-03-31": 0.8093, "2017-12-31": "1.13250", "2017-09-30": 1.3295, "2017-06-30": 1.1437, "2017-03-31": 0.7437, "2016-12-31": "1.13240", "2016-09-30": 1.0112, "2016-06-30": 1.0247, "2016-03-31": 0.7909, "2015-12-31": "1.31180", "2015-09-30": 1.3554, "2015-06-30": 1.4351, "2015-03-31": 0.8537, "2014-12-31": "1.33350", "2014-09-30": 1.2527, "2014-06-30": 1.2356, "2014-03-31": 0.8046, "2013-12-31": "1.15260", "2013-09-30": 1.413, "2013-06-30": 1.0676, "2013-03-31": 0.741, "2012-12-31": "0.88920", "2012-09-30": 0.8829, "2012-06-30": 0.8381, "2012-03-31": 0.4503, "2011-12-31": "0.86270", "2011-09-30": 0.7703, "2011-06-30": 0.8432, "2011-03-31": 0.4158, "2010-12-31": "0.84110", "2010-09-30": 0.7414, "2010-06-30": 0.8921, "2010-03-31": 0.7877, "2009-12-31": "0.93640", "2009-09-30": 0.8493, "2009-06-30": 0.5905, "2009-03-31": 0.3833, "2008-12-31": "0.66870", "2008-09-30": 0.8266, "2008-06-30": 0.5279, "2008-03-31": 0.447, "2007-12-31": "0.41950", "2007-09-30": 0.4766, "2007-06-30": 0.5603, "2007-03-31": 0.4104, "2006-12-31": "0.44480", "2006-09-30": 0.5947, "2006-06-30": 0.5368, "2006-03-31": 0.4441, "2005-12-31": "0.38850", "2005-09-30": 0.5729, "2005-06-30": 0.3783, "2005-03-31": 0.8067}, "Free Cash Flow Per Share": {"2020-09-30": 1.0772, "2020-06-30": 1.1105, "2020-03-31": 0.4321, "2019-12-31": "0.77700", "2019-09-30": 0.9099, "2019-06-30": 1.3418, "2019-03-31": 1.0847, "2018-12-31": "0.51510", "2018-09-30": 0.5651, "2018-06-30": 0.9104, "2018-03-31": 0.0345, "2017-12-31": "0.77620", "2017-09-30": 1.0984, "2017-06-30": -0.0482, "2017-03-31": 1.536, "2016-12-31": "0.85110", "2016-09-30": 3.2365, "2016-06-30": 0.7934, "2016-03-31": 0.5964, "2015-12-31": "1.05950", "2015-09-30": 0.0076, "2015-06-30": 2.3841, "2015-03-31": 0.7111, "2014-12-31": "1.09850", "2014-09-30": 1.0349, "2014-06-30": 1.0744, "2014-03-31": 0.6496, "2013-12-31": "0.98730", "2013-09-30": 1.5754, "2013-06-30": 2.52, "2013-03-31": 0.5655, "2012-12-31": "0.70640", "2012-09-30": -1.0801, "2012-06-30": 2.3744, "2012-03-31": 0.3195, "2011-12-31": "0.69980", "2011-09-30": -2.1299, "2011-06-30": 1.7841, "2011-03-31": 1.9698, "2010-12-31": "0.65790", "2010-09-30": 0.6049, "2010-06-30": 0.7955, "2010-03-31": 0.7089, "2009-12-31": "0.82220", "2009-09-30": 5.7895, "2009-06-30": 0.4974, "2009-03-31": 0.2992, "2008-12-31": "0.52740", "2008-09-30": 3.9313, "2008-06-30": 0.3811, "2008-03-31": 0.2896, "2007-12-31": "0.26540", "2007-09-30": 0.3008, "2007-06-30": 0.3858, "2007-03-31": 0.2599, "2006-12-31": "0.21980", "2006-09-30": 0.4715, "2006-06-30": 0.4184, "2006-03-31": 0.396, "2005-12-31": "0.32840", "2005-09-30": 0.5004, "2005-06-30": 0.3027, "2005-03-31": 0.653}}, "revenue": {"Amdocs Annual Revenue (Millions of US $)": {"2020": "$4,169", "2019": "$4,087", "2018": "$3,975", "2017": "$3,867", "2016": "$3,718", "2015": "$3,644", "2014": "$3,564", "2013": "$3,346", "2012": "$3,247", "2011": "$3,178", "2010": "$2,984", "2009": "$2,863", "2008": "$3,162", "2007": "$2,836", "2006": "$2,480", "2005": "$2,039"}, "Amdocs Quarterly Revenue (Millions of US $)": {"2020-12-31": "$1,086", "2020-09-30": "$1,053", "2020-06-30": "$1,026", "2020-03-31": "$1,048", "2019-12-31": "$1,042", "2019-09-30": "$1,030", "2019-06-30": "$1,025", "2019-03-31": "$1,020", "2018-12-31": "$1,012", "2018-09-30": "$1,003", "2018-06-30": "$1,002", "2018-03-31": "$992", "2017-12-31": "$978", "2017-09-30": "$980", "2017-06-30": "$967", "2017-03-31": "$966", "2016-12-31": "$955", "2016-09-30": "$941", "2016-06-30": "$930", "2016-03-31": "$926", "2015-12-31": "$922", "2015-09-30": "$927", "2015-06-30": "$908", "2015-03-31": "$903", "2014-12-31": "$906", "2014-09-30": "$900", "2014-06-30": "$902", "2014-03-31": "$897", "2013-12-31": "$864", "2013-09-30": "$845", "2013-06-30": "$841", "2013-03-31": "$833", "2012-12-31": "$826", "2012-09-30": "$822", "2012-06-30": "$809", "2012-03-31": "$809", "2011-12-31": "$807", "2011-09-30": "$812", "2011-06-30": "$801", "2011-03-31": "$789", "2010-12-31": "$775", "2010-09-30": "$762", "2010-06-30": "$753", "2010-03-31": "$744", "2009-12-31": "$725", "2009-09-30": "$707", "2009-06-30": "$690", "2009-03-31": "$711", "2008-12-31": "$754", "2008-09-30": "$825", "2008-06-30": "$820", "2008-03-31": "$774", "2007-12-31": "$742", "2007-09-30": "$727", "2007-06-30": "$712", "2007-03-31": "$706", "2006-12-31": "$691", "2006-09-30": "$665", "2006-06-30": "$626", "2006-03-31": "$601", "2005-12-31": "$587", "2005-09-30": "$573", "2005-06-30": "$507", "2005-03-31": "$488"}}, "gross-profit": {"Amdocs Annual Gross Profit (Millions of US $)": {"2020": "$1,413", "2019": "$1,433", "2018": "$1,380", "2017": "$1,359", "2016": "$1,310", "2015": "$1,294", "2014": "$1,257", "2013": "$1,179", "2012": "$1,161", "2011": "$1,108", "2010": "$1,079", "2009": "$1,028", "2008": "$1,136", "2007": "$1,040", "2006": "$896", "2005": "$743"}, "Amdocs Quarterly Gross Profit (Millions of US $)": {"2020-12-31": "$358", "2020-09-30": "$349", "2020-06-30": "$344", "2020-03-31": "$364", "2019-12-31": "$356", "2019-09-30": "$363", "2019-06-30": "$360", "2019-03-31": "$361", "2018-12-31": "$349", "2018-09-30": "$348", "2018-06-30": "$352", "2018-03-31": "$346", "2017-12-31": "$335", "2017-09-30": "$343", "2017-06-30": "$338", "2017-03-31": "$344", "2016-12-31": "$334", "2016-09-30": "$330", "2016-06-30": "$329", "2016-03-31": "$326", "2015-12-31": "$326", "2015-09-30": "$324", "2015-06-30": "$316", "2015-03-31": "$322", "2014-12-31": "$333", "2014-09-30": "$319", "2014-06-30": "$318", "2014-03-31": "$314", "2013-12-31": "$307", "2013-09-30": "$299", "2013-06-30": "$295", "2013-03-31": "$294", "2012-12-31": "$291", "2012-09-30": "$293", "2012-06-30": "$289", "2012-03-31": "$290", "2011-12-31": "$290", "2011-09-30": "$287", "2011-06-30": "$280", "2011-03-31": "$275", "2010-12-31": "$266", "2010-09-30": "$276", "2010-06-30": "$273", "2010-03-31": "$268", "2009-12-31": "$262", "2009-09-30": "$257", "2009-06-30": "$248", "2009-03-31": "$255", "2008-12-31": "$269", "2008-09-30": "$294", "2008-06-30": "$291", "2008-03-31": "$279", "2007-12-31": "$271", "2007-09-30": "$264", "2007-06-30": "$262", "2007-03-31": "$258", "2006-12-31": "$255", "2006-09-30": "$250", "2006-06-30": "$223", "2006-03-31": "$212", "2005-12-31": "$212", "2005-09-30": "$210", "2005-06-30": "$182", "2005-03-31": "$177"}}, "operating-income": {"Amdocs Annual Operating Income (Millions of US $)": {"2020": "$595", "2019": "$570", "2018": "$428", "2017": "$517", "2016": "$483", "2015": "$516", "2014": "$496", "2013": "$482", "2012": "$442", "2011": "$404", "2010": "$410", "2009": "$367", "2008": "$406", "2007": "$357", "2006": "$332", "2005": "$338"}, "Amdocs Quarterly Operating Income (Millions of US $)": {"2020-12-31": "$140", "2020-09-30": "$147", "2020-06-30": "$148", "2020-03-31": "$157", "2019-12-31": "$144", "2019-09-30": "$144", "2019-06-30": "$142", "2019-03-31": "$150", "2018-12-31": "$133", "2018-09-30": "$69", "2018-06-30": "$106", "2018-03-31": "$132", "2017-12-31": "$122", "2017-09-30": "$132", "2017-06-30": "$130", "2017-03-31": "$134", "2016-12-31": "$122", "2016-09-30": "$118", "2016-06-30": "$125", "2016-03-31": "$120", "2015-12-31": "$120", "2015-09-30": "$110", "2015-06-30": "$127", "2015-03-31": "$138", "2014-12-31": "$142", "2014-09-30": "$126", "2014-06-30": "$125", "2014-03-31": "$124", "2013-12-31": "$121", "2013-09-30": "$123", "2013-06-30": "$123", "2013-03-31": "$123", "2012-12-31": "$113", "2012-09-30": "$114", "2012-06-30": "$110", "2012-03-31": "$110", "2011-12-31": "$109", "2011-09-30": "$105", "2011-06-30": "$106", "2011-03-31": "$107", "2010-12-31": "$88", "2010-09-30": "$103", "2010-06-30": "$105", "2010-03-31": "$103", "2009-12-31": "$99", "2009-09-30": "$97", "2009-06-30": "$93", "2009-03-31": "$96", "2008-12-31": "$81", "2008-09-30": "$101", "2008-06-30": "$106", "2008-03-31": "$103", "2007-12-31": "$95", "2007-09-30": "$94", "2007-06-30": "$92", "2007-03-31": "$84", "2006-12-31": "$88", "2006-09-30": "$76", "2006-06-30": "$84", "2006-03-31": "$89", "2005-12-31": "$83", "2005-09-30": "$77", "2005-06-30": "$92", "2005-03-31": "$87"}}, "ebitda": {"Amdocs Annual EBITDA (Millions of US $)": {"2020": "$793", "2019": "$776", "2018": "$640", "2017": "$732", "2016": "$695", "2015": "$691", "2014": "$658", "2013": "$622", "2012": "$602", "2011": "$586", "2010": "$606", "2009": "$565", "2008": "$599", "2007": "$522", "2006": "$450", "2005": "$432"}, "Amdocs Quarterly EBITDA (Millions of US $)": {"2020-09-30": "$201", "2020-06-30": "$194", "2020-03-31": "$206", "2019-12-31": "$193", "2019-09-30": "$195", "2019-06-30": "$196", "2019-03-31": "$201", "2018-12-31": "$185", "2018-09-30": "$123", "2018-06-30": "$160", "2018-03-31": "$185", "2017-12-31": "$171", "2017-09-30": "$183", "2017-06-30": "$184", "2017-03-31": "$185", "2016-12-31": "$179", "2016-09-30": "$170", "2016-06-30": "$181", "2016-03-31": "$173", "2015-12-31": "$171", "2015-09-30": "$161", "2015-06-30": "$167", "2015-03-31": "$182", "2014-12-31": "$181", "2014-09-30": "$172", "2014-06-30": "$165", "2014-03-31": "$165", "2013-12-31": "$156", "2013-09-30": "$156", "2013-06-30": "$157", "2013-03-31": "$157", "2012-12-31": "$152", "2012-09-30": "$154", "2012-06-30": "$149", "2012-03-31": "$149", "2011-12-31": "$150", "2011-09-30": "$148", "2011-06-30": "$150", "2011-03-31": "$151", "2010-12-31": "$137", "2010-09-30": "$153", "2010-06-30": "$154", "2010-03-31": "$151", "2009-12-31": "$149", "2009-09-30": "$147", "2009-06-30": "$143", "2009-03-31": "$146", "2008-12-31": "$130", "2008-09-30": "$150", "2008-06-30": "$156", "2008-03-31": "$150", "2007-12-31": "$142", "2007-09-30": "$139", "2007-06-30": "$135", "2007-03-31": "$124", "2006-12-31": "$126", "2006-09-30": "$111", "2006-06-30": "$113", "2006-03-31": "$114", "2005-12-31": "$111", "2005-09-30": "$106", "2005-06-30": "$114", "2005-03-31": "$108"}}, "net-income": {"Amdocs Annual Net Income (Millions of US $)": {"2020": "$494", "2019": "$476", "2018": "$352", "2017": "$433", "2016": "$409", "2015": "$442", "2014": "$417", "2013": "$412", "2012": "$391", "2011": "$347", "2010": "$344", "2009": "$326", "2008": "$379", "2007": "$365", "2006": "$319", "2005": "$289"}, "Amdocs Quarterly Net Income (Millions of US $)": {"2020-12-31": "$300", "2020-09-30": "$132", "2020-06-30": "$120", "2020-03-31": "$126", "2019-12-31": "$116", "2019-09-30": "$120", "2019-06-30": "$131", "2019-03-31": "$123", "2018-12-31": "$102", "2018-09-30": "$43", "2018-06-30": "$91", "2018-03-31": "$101", "2017-12-31": "$117", "2017-09-30": "$105", "2017-06-30": "$119", "2017-03-31": "$112", "2016-12-31": "$98", "2016-09-30": "$96", "2016-06-30": "$105", "2016-03-31": "$108", "2015-12-31": "$101", "2015-09-30": "$87", "2015-06-30": "$108", "2015-03-31": "$116", "2014-12-31": "$131", "2014-09-30": "$96", "2014-06-30": "$110", "2014-03-31": "$110", "2013-12-31": "$101", "2013-09-30": "$89", "2013-06-30": "$120", "2013-03-31": "$105", "2012-12-31": "$99", "2012-09-30": "$98", "2012-06-30": "$99", "2012-03-31": "$102", "2011-12-31": "$93", "2011-09-30": "$87", "2011-06-30": "$92", "2011-03-31": "$94", "2010-12-31": "$73", "2010-09-30": "$95", "2010-06-30": "$92", "2010-03-31": "$69", "2009-12-31": "$88", "2009-09-30": "$86", "2009-06-30": "$86", "2009-03-31": "$81", "2008-12-31": "$74", "2008-09-30": "$83", "2008-06-30": "$101", "2008-03-31": "$100", "2007-12-31": "$96", "2007-09-30": "$96", "2007-06-30": "$88", "2007-03-31": "$87", "2006-12-31": "$93", "2006-09-30": "$76", "2006-06-30": "$86", "2006-03-31": "$82", "2005-12-31": "$75", "2005-09-30": "$68", "2005-06-30": "$77", "2005-03-31": "$74"}}, "eps-earnings-per-share-diluted": {"Amdocs Annual EPS": {"2020": "$3.71", "2019": "$3.47", "2018": "$2.47", "2017": "$2.96", "2016": "$2.71", "2015": "$2.85", "2014": "$2.62", "2013": "$2.53", "2012": "$2.31", "2011": "$1.86", "2010": "$1.69", "2009": "$1.57", "2008": "$1.74", "2007": "$1.65", "2006": "$1.48", "2005": "$1.35"}, "Amdocs Quarterly EPS": {"2020-12-31": "$2.28", "2020-09-30": "$1.02", "2020-06-30": "$0.90", "2020-03-31": "$0.94", "2019-12-31": "$0.85", "2019-09-30": "$0.89", "2019-06-30": "$0.96", "2019-03-31": "$0.90", "2018-12-31": "$0.72", "2018-09-30": "$0.33", "2018-06-30": "$0.64", "2018-03-31": "$0.70", "2017-12-31": "$0.80", "2017-09-30": "$0.73", "2017-06-30": "$0.81", "2017-03-31": "$0.76", "2016-12-31": "$0.66", "2016-09-30": "$0.64", "2016-06-30": "$0.70", "2016-03-31": "$0.71", "2015-12-31": "$0.66", "2015-09-30": "$0.59", "2015-06-30": "$0.69", "2015-03-31": "$0.74", "2014-12-31": "$0.83", "2014-09-30": "$0.63", "2014-06-30": "$0.68", "2014-03-31": "$0.68", "2013-12-31": "$0.63", "2013-09-30": "$0.55", "2013-06-30": "$0.73", "2013-03-31": "$0.64", "2012-12-31": "$0.61", "2012-09-30": "$0.59", "2012-06-30": "$0.59", "2012-03-31": "$0.60", "2011-12-31": "$0.53", "2011-09-30": "$0.48", "2011-06-30": "$0.50", "2011-03-31": "$0.50", "2010-12-31": "$0.38", "2010-09-30": "$0.48", "2010-06-30": "$0.45", "2010-03-31": "$0.33", "2009-12-31": "$0.43", "2009-09-30": "$0.41", "2009-06-30": "$0.42", "2009-03-31": "$0.39", "2008-12-31": "$0.35", "2008-09-30": "$0.38", "2008-06-30": "$0.46", "2008-03-31": "$0.46", "2007-12-31": "$0.44", "2007-09-30": "$0.43", "2007-06-30": "$0.40", "2007-03-31": "$0.40", "2006-12-31": "$0.42", "2006-09-30": "$0.35", "2006-06-30": "$0.39", "2006-03-31": "$0.38", "2005-12-31": "$0.36", "2005-09-30": "$0.33", "2005-06-30": "$0.36", "2005-03-31": "$0.34"}}, "shares-outstanding": {"Amdocs Annual Shares Outstanding (Millions of Shares)": {"2020": "133", "2019": "137", "2018": "143", "2017": "146", "2016": "150", "2015": "155", "2014": "160", "2013": "163", "2012": "169", "2011": "187", "2010": "204", "2009": "208", "2008": "220", "2007": "223", "2006": "219", "2005": "217"}, "Amdocs Quarterly Shares Outstanding (Millions of Shares)": {"2020-12-31": "132", "2020-09-30": "133", "2020-06-30": "133", "2020-03-31": "134", "2019-12-31": "136", "2019-09-30": "137", "2019-06-30": "136", "2019-03-31": "138", "2018-12-31": "141", "2018-09-30": "143", "2018-06-30": "142", "2018-03-31": "143", "2017-12-31": "145", "2017-09-30": "146", "2017-06-30": "145", "2017-03-31": "147", "2016-12-31": "148", "2016-09-30": "150", "2016-06-30": "149", "2016-03-31": "151", "2015-12-31": "152", "2015-09-30": "155", "2015-06-30": "156", "2015-03-31": "157", "2014-12-31": "156", "2014-09-30": "160", "2014-06-30": "162", "2014-03-31": "162", "2013-12-31": "162", "2013-09-30": "163", "2013-06-30": "163", "2013-03-31": "163", "2012-12-31": "164", "2012-09-30": "169", "2012-06-30": "168", "2012-03-31": "171", "2011-12-31": "174", "2011-09-30": "187", "2011-06-30": "185", "2011-03-31": "189", "2010-12-31": "193", "2010-09-30": "204", "2010-06-30": "205", "2010-03-31": "208", "2009-12-31": "207", "2009-09-30": "208", "2009-06-30": "204", "2009-03-31": "211", "2008-12-31": "213", "2008-09-30": "217", "2008-06-30": "219", "2008-03-31": "220", "2007-12-31": "222", "2007-09-30": "224", "2007-06-30": "224", "2007-03-31": "222", "2006-12-31": "223", "2006-09-30": "219", "2006-06-30": "220", "2006-03-31": "218", "2005-12-31": "215", "2005-09-30": "217", "2005-06-30": "217", "2005-03-31": "219"}}, "total-assets": {"Amdocs Annual Total Assets (Millions of US $)": {"2020": "$6,342", "2019": "$5,293", "2018": "$5,348", "2017": "$5,279", "2016": "$5,331", "2015": "$5,325", "2014": "$5,185", "2013": "$4,926", "2012": "$4,645", "2011": "$4,637", "2010": "$4,821", "2009": "$4,328", "2008": "$4,579", "2007": "$4,345", "2006": "$3,963", "2005": "$3,202"}, "Amdocs Quarterly Total Assets (Millions of US $)": {"2020-09-30": "$6,342", "2020-06-30": "$6,384", "2020-03-31": "$5,906", "2019-12-31": "$5,293", "2019-09-30": "$5,293", "2019-06-30": "$5,235", "2019-03-31": "$5,234", "2018-12-31": "$5,296", "2018-09-30": "$5,348", "2018-06-30": "$5,443", "2018-03-31": "$5,579", "2017-12-31": "$5,402", "2017-09-30": "$5,279", "2017-06-30": "$5,294", "2017-03-31": "$5,416", "2016-12-31": "$5,331", "2016-09-30": "$5,331", "2016-06-30": "$4,998", "2016-03-31": "$5,092", "2015-12-31": "$5,054", "2015-09-30": "$5,325", "2015-06-30": "$5,168", "2015-03-31": "$5,044", "2014-12-31": "$4,974", "2014-09-30": "$5,185", "2014-06-30": "$5,031", "2014-03-31": "$4,980", "2013-12-31": "$4,858", "2013-09-30": "$4,926", "2013-06-30": "$4,561", "2013-03-31": "$4,494", "2012-12-31": "$4,498", "2012-09-30": "$4,645", "2012-06-30": "$4,440", "2012-03-31": "$4,401", "2011-12-31": "$4,407", "2011-09-30": "$4,637", "2011-06-30": "$4,505", "2011-03-31": "$4,543", "2010-12-31": "$4,647", "2010-09-30": "$4,821", "2010-06-30": "$4,571", "2010-03-31": "$4,627", "2009-12-31": "$4,526", "2009-09-30": "$4,328", "2009-06-30": "$4,499", "2009-03-31": "$4,565", "2008-12-31": "$4,594", "2008-09-30": "$4,579", "2008-06-30": "$4,564", "2008-03-31": "$4,505", "2007-12-31": "$4,375", "2007-09-30": "$4,345", "2007-06-30": "$4,284", "2007-03-31": "$4,162", "2006-12-31": "$4,011", "2006-09-30": "$3,963", "2006-06-30": "$3,696", "2006-03-31": "$3,422", "2005-12-31": "$3,303", "2005-09-30": "$3,202", "2005-06-30": "$3,013", "2005-03-31": "$3,035"}}, "cash-on-hand": {"Amdocs Annual Cash on Hand (Millions of US $)": {"2020": "$984", "2019": "$472", "2018": "$519", "2017": "$980", "2016": "$1,096", "2015": "$1,354", "2014": "$1,424", "2013": "$1,326", "2012": "$1,118", "2011": "$1,173", "2010": "$1,433", "2009": "$1,173", "2008": "$1,244", "2007": "$1,179", "2006": "$979", "2005": "$1,146"}, "Amdocs Quarterly Cash on Hand (Millions of US $)": {"2020-09-30": "$984", "2020-06-30": "$1,194", "2020-03-31": "$763", "2019-12-31": "$472", "2019-09-30": "$472", "2019-06-30": "$458", "2019-03-31": "$450", "2018-12-31": "$459", "2018-09-30": "$519", "2018-06-30": "$561", "2018-03-31": "$667", "2017-12-31": "$966", "2017-09-30": "$980", "2017-06-30": "$963", "2017-03-31": "$1,149", "2016-12-31": "$1,096", "2016-09-30": "$1,096", "2016-06-30": "$1,125", "2016-03-31": "$1,150", "2015-12-31": "$1,186", "2015-09-30": "$1,354", "2015-06-30": "$1,402", "2015-03-31": "$1,292", "2014-12-31": "$1,269", "2014-09-30": "$1,424", "2014-06-30": "$1,175", "2014-03-31": "$1,109", "2013-12-31": "$1,212", "2013-09-30": "$1,326", "2013-06-30": "$1,091", "2013-03-31": "$978", "2012-12-31": "$961", "2012-09-30": "$1,118", "2012-06-30": "$894", "2012-03-31": "$896", "2011-12-31": "$925", "2011-09-30": "$1,173", "2011-06-30": "$1,134", "2011-03-31": "$1,157", "2010-12-31": "$1,252", "2010-09-30": "$1,433", "2010-06-30": "$1,290", "2010-03-31": "$1,361", "2009-12-31": "$1,292", "2009-09-30": "$1,173", "2009-06-30": "$1,280", "2009-03-31": "$1,335", "2008-12-31": "$1,280", "2008-09-30": "$1,244", "2008-06-30": "$1,180", "2008-03-31": "$1,182", "2007-12-31": "$1,167", "2007-09-30": "$1,179", "2007-06-30": "$1,152", "2007-03-31": "$1,039", "2006-12-31": "$1,019", "2006-09-30": "$979", "2006-06-30": "$1,208", "2006-03-31": "$1,353", "2005-12-31": "$1,221", "2005-09-30": "$1,146", "2005-06-30": "$1,290", "2005-03-31": "$1,332"}}, "long-term-debt": {"Amdocs Annual Long Term Debt (Millions of US $)": {"2020": "$874", "2019": "$", "2018": "$", "2017": "$", "2016": "$", "2015": "$", "2014": "$", "2013": "$", "2012": "$", "2011": "$", "2010": "$", "2009": "$", "2008": "$450", "2007": "$450", "2006": "$450", "2005": "$450"}, "Amdocs Quarterly Long Term Debt (Millions of US $)": {"2020-09-30": "$874", "2020-06-30": "$877", "2020-03-31": "$218", "2019-12-31": "", "2019-09-30": "", "2019-06-30": "", "2019-03-31": "", "2018-12-31": "", "2018-09-30": "", "2018-06-30": "", "2018-03-31": "", "2017-12-31": "", "2017-09-30": "", "2017-06-30": "", "2017-03-31": "", "2016-12-31": "", "2016-09-30": "", "2016-06-30": "", "2016-03-31": "", "2015-12-31": "", "2015-09-30": "", "2015-06-30": "", "2015-03-31": "", "2014-12-31": "", "2014-09-30": "", "2014-06-30": "", "2014-03-31": "", "2013-12-31": "", "2013-09-30": "", "2013-06-30": "", "2013-03-31": "", "2012-12-31": "", "2012-09-30": "", "2012-06-30": "", "2012-03-31": "", "2011-12-31": "", "2011-09-30": "", "2011-06-30": "", "2011-03-31": "", "2010-12-31": "", "2010-09-30": "", "2010-06-30": "", "2010-03-31": "", "2009-12-31": "", "2009-09-30": "", "2009-06-30": "$301", "2009-03-31": "$451", "2008-12-31": "$450", "2008-09-30": "$450", "2008-06-30": "$450", "2008-03-31": "$450", "2007-12-31": "$450", "2007-09-30": "$450", "2007-06-30": "$450", "2007-03-31": "$450", "2006-12-31": "$450", "2006-09-30": "$450", "2006-06-30": "$450", "2006-03-31": "$450", "2005-12-31": "$450", "2005-09-30": "$450", "2005-06-30": "$450", "2005-03-31": "$450"}}, "total-liabilities": {"Amdocs Annual Total Liabilities (Millions of US $)": {"2020": "$2,676", "2019": "$1,750", "2018": "$1,856", "2017": "$1,705", "2016": "$1,878", "2015": "$1,918", "2014": "$1,789", "2013": "$1,651", "2012": "$1,612", "2011": "$1,613", "2010": "$1,591", "2009": "$1,115", "2008": "$1,774", "2007": "$1,745", "2006": "$1,809", "2005": "$1,546"}, "Amdocs Quarterly Total Liabilities (Millions of US $)": {"2020-09-30": "$2,676", "2020-06-30": "$2,737", "2020-03-31": "$2,327", "2019-12-31": "$1,750", "2019-09-30": "$1,750", "2019-06-30": "$1,707", "2019-03-31": "$1,741", "2018-12-31": "$1,797", "2018-09-30": "$1,856", "2018-06-30": "$1,881", "2018-03-31": "$1,973", "2017-12-31": "$1,774", "2017-09-30": "$1,705", "2017-06-30": "$1,712", "2017-03-31": "$1,863", "2016-12-31": "$1,878", "2016-09-30": "$1,878", "2016-06-30": "$1,564", "2016-03-31": "$1,617", "2015-12-31": "$1,627", "2015-09-30": "$1,918", "2015-06-30": "$1,652", "2015-03-31": "$1,591", "2014-12-31": "$1,555", "2014-09-30": "$1,789", "2014-06-30": "$1,601", "2014-03-31": "$1,570", "2013-12-31": "$1,525", "2013-09-30": "$1,651", "2013-06-30": "$1,321", "2013-03-31": "$1,344", "2012-12-31": "$1,403", "2012-09-30": "$1,612", "2012-06-30": "$1,426", "2012-03-31": "$1,361", "2011-12-31": "$1,417", "2011-09-30": "$1,613", "2011-06-30": "$1,365", "2011-03-31": "$1,362", "2010-12-31": "$1,428", "2010-09-30": "$1,591", "2010-06-30": "$1,275", "2010-03-31": "$1,224", "2009-12-31": "$1,216", "2009-09-30": "$1,115", "2009-06-30": "$1,424", "2009-03-31": "$1,607", "2008-12-31": "$1,721", "2008-09-30": "$1,774", "2008-06-30": "$1,765", "2008-03-31": "$1,782", "2007-12-31": "$1,726", "2007-09-30": "$1,745", "2007-06-30": "$1,769", "2007-03-31": "$1,766", "2006-12-31": "$1,730", "2006-09-30": "$1,809", "2006-06-30": "$1,665", "2006-03-31": "$1,524", "2005-12-31": "$1,548", "2005-09-30": "$1,546", "2005-06-30": "$1,437", "2005-03-31": "$1,438"}}, "total-share-holder-equity": {"Amdocs Annual Share Holder Equity (Millions of US $)": {"2020": "$3,665", "2019": "$3,542", "2018": "$3,492", "2017": "$3,574", "2016": "$3,454", "2015": "$3,407", "2014": "$3,396", "2013": "$3,275", "2012": "$3,033", "2011": "$3,023", "2010": "$3,229", "2009": "$3,213", "2008": "$2,805", "2007": "$2,600", "2006": "$2,154", "2005": "$1,656"}, "Amdocs Quarterly Share Holder Equity (Millions of US $)": {"2020-09-30": "$3,665", "2020-06-30": "$3,647", "2020-03-31": "$3,579", "2019-12-31": "$3,542", "2019-09-30": "$3,542", "2019-06-30": "$3,528", "2019-03-31": "$3,493", "2018-12-31": "$3,499", "2018-09-30": "$3,492", "2018-06-30": "$3,563", "2018-03-31": "$3,606", "2017-12-31": "$3,628", "2017-09-30": "$3,574", "2017-06-30": "$3,582", "2017-03-31": "$3,553", "2016-12-31": "$3,454", "2016-09-30": "$3,454", "2016-06-30": "$3,434", "2016-03-31": "$3,475", "2015-12-31": "$3,427", "2015-09-30": "$3,407", "2015-06-30": "$3,516", "2015-03-31": "$3,453", "2014-12-31": "$3,419", "2014-09-30": "$3,396", "2014-06-30": "$3,429", "2014-03-31": "$3,410", "2013-12-31": "$3,333", "2013-09-30": "$3,275", "2013-06-30": "$3,240", "2013-03-31": "$3,150", "2012-12-31": "$3,094", "2012-09-30": "$3,033", "2012-06-30": "$3,014", "2012-03-31": "$3,039", "2011-12-31": "$2,990", "2011-09-30": "$3,023", "2011-06-30": "$3,140", "2011-03-31": "$3,181", "2010-12-31": "$3,219", "2010-09-30": "$3,229", "2010-06-30": "$3,296", "2010-03-31": "$3,403", "2009-12-31": "$3,311", "2009-09-30": "$3,213", "2009-06-30": "$3,075", "2009-03-31": "$2,958", "2008-12-31": "$2,874", "2008-09-30": "$2,805", "2008-06-30": "$2,799", "2008-03-31": "$2,724", "2007-12-31": "$2,650", "2007-09-30": "$2,600", "2007-06-30": "$2,515", "2007-03-31": "$2,396", "2006-12-31": "$2,281", "2006-09-30": "$2,154", "2006-06-30": "$2,031", "2006-03-31": "$1,898", "2005-12-31": "$1,755", "2005-09-30": "$1,656", "2005-06-30": "$1,576", "2005-03-31": "$1,597"}}, "profit-margins": {"current": "16.17%"}, "gross margin": {"2020-12-31": "33.59%", "2020-09-30": "33.89%", "2020-06-30": "34.42%", "2020-03-31": "34.81%", "2019-12-31": "34.98%", "2019-09-30": "35.06%", "2019-06-30": "34.93%", "2019-03-31": "34.93%", "2018-12-31": "34.80%", "2018-09-30": "34.74%", "2018-06-30": "34.82%", "2018-03-31": "34.77%", "2017-12-31": "34.95%", "2017-09-30": "35.13%", "2017-06-30": "35.15%", "2017-03-31": "35.26%", "2016-12-31": "35.15%", "2016-09-30": "35.25%", "2016-06-30": "35.22%", "2016-03-31": "35.08%", "2015-12-31": "35.19%", "2015-09-30": "35.54%", "2015-06-30": "35.66%", "2015-03-31": "35.78%", "2014-12-31": "35.62%", "2014-09-30": "35.31%", "2014-06-30": "35.29%", "2014-03-31": "35.25%", "2013-12-31": "35.32%", "2013-09-30": "35.25%", "2013-06-30": "35.31%", "2013-03-31": "35.47%", "2012-12-31": "35.61%", "2012-09-30": "35.79%", "2012-06-30": "35.71%", "2012-03-31": "35.52%", "2011-12-31": "35.28%", "2011-09-30": "34.88%", "2011-06-30": "35.08%", "2011-03-31": "35.40%", "2010-12-31": "35.70%", "2010-09-30": "36.16%", "2010-06-30": "36.19%", "2010-03-31": "36.11%", "2009-12-31": "36.07%", "2009-09-30": "35.95%", "2009-06-30": "35.77%", "2009-03-31": "35.66%", "2008-12-31": "35.71%", "2008-09-30": "35.91%", "2008-06-30": "36.08%", "2008-03-31": "36.41%", "2007-12-31": "36.54%", "2007-09-30": "36.64%", "2007-06-30": "36.95%", "2007-03-31": "36.68%", "2006-12-31": "36.39%", "2006-09-30": "36.18%", "2006-06-30": "35.90%", "2006-03-31": "35.98%", "2005-12-31": "36.24%"}, "operating margin": {"2020-12-31": "14.05%", "2020-09-30": "14.30%", "2020-06-30": "14.30%", "2020-03-31": "14.16%", "2019-12-31": "14.09%", "2019-09-30": "13.92%", "2019-06-30": "12.17%", "2019-03-31": "11.35%", "2018-12-31": "10.98%", "2018-09-30": "10.79%", "2018-06-30": "12.45%", "2018-03-31": "13.17%", "2017-12-31": "13.31%", "2017-09-30": "13.39%", "2017-06-30": "13.16%", "2017-03-31": "13.16%", "2016-12-31": "12.93%", "2016-09-30": "12.99%", "2016-06-30": "12.82%", "2016-03-31": "12.95%", "2015-12-31": "13.52%", "2015-09-30": "14.19%", "2015-06-30": "14.74%", "2015-03-31": "14.71%", "2014-12-31": "14.34%", "2014-09-30": "13.92%", "2014-06-30": "14.05%", "2014-03-31": "14.24%", "2013-12-31": "14.48%", "2013-09-30": "14.41%", "2013-06-30": "14.24%", "2013-03-31": "13.98%", "2012-12-31": "13.69%", "2012-09-30": "13.64%", "2012-06-30": "13.41%", "2012-03-31": "13.32%", "2011-12-31": "13.31%", "2011-09-30": "12.78%", "2011-06-30": "12.92%", "2011-03-31": "13.09%", "2010-12-31": "13.15%", "2010-09-30": "13.74%", "2010-06-30": "13.79%", "2010-03-31": "13.68%", "2009-12-31": "13.59%", "2009-09-30": "12.82%", "2009-06-30": "12.45%", "2009-03-31": "12.35%", "2008-12-31": "12.32%", "2008-09-30": "12.81%", "2008-06-30": "12.99%", "2008-03-31": "12.99%", "2007-12-31": "12.64%", "2007-09-30": "12.62%", "2007-06-30": "12.26%", "2007-03-31": "12.35%", "2006-12-31": "13.05%", "2006-09-30": "13.39%", "2006-06-30": "13.95%", "2006-03-31": "15.04%", "2005-12-31": "15.73%"}, "ebitda margin": {"2020-09-30": "19.05%", "2020-06-30": "19.01%", "2020-03-31": "19.06%", "2019-12-31": "19.07%", "2019-09-30": "19.01%", "2019-06-30": "17.36%", "2019-03-31": "16.57%", "2018-12-31": "16.29%", "2018-09-30": "16.08%", "2018-06-30": "17.69%", "2018-03-31": "18.46%", "2017-12-31": "18.58%", "2017-09-30": "18.90%", "2017-06-30": "18.75%", "2017-03-31": "18.86%", "2016-12-31": "18.74%", "2016-09-30": "18.69%", "2016-06-30": "18.52%", "2016-03-31": "18.25%", "2015-12-31": "18.61%", "2015-09-30": "18.96%", "2015-06-30": "19.41%", "2015-03-31": "19.39%", "2014-12-31": "18.95%", "2014-09-30": "18.47%", "2014-06-30": "18.30%", "2014-03-31": "18.39%", "2013-12-31": "18.50%", "2013-09-30": "18.59%", "2013-06-30": "18.66%", "2013-03-31": "18.60%", "2012-12-31": "18.49%", "2012-09-30": "18.54%", "2012-06-30": "18.41%", "2012-03-31": "18.49%", "2011-12-31": "18.67%", "2011-09-30": "18.45%", "2011-06-30": "18.90%", "2011-03-31": "19.32%", "2010-12-31": "19.61%", "2010-09-30": "20.34%", "2010-06-30": "20.52%", "2010-03-31": "20.59%", "2009-12-31": "20.65%", "2009-09-30": "19.78%", "2009-06-30": "19.09%", "2009-03-31": "18.71%", "2008-12-31": "18.47%", "2008-09-30": "18.92%", "2008-06-30": "19.16%", "2008-03-31": "19.15%", "2007-12-31": "18.70%", "2007-09-30": "18.48%", "2007-06-30": "17.88%", "2007-03-31": "17.63%", "2006-12-31": "17.96%", "2006-09-30": "18.11%", "2006-06-30": "18.60%", "2006-03-31": "19.62%", "2005-12-31": "20.37%"}, "pre tax profit margin": {"2020-12-31": "18.99%", "2020-09-30": "13.98%", "2020-06-30": "14.21%", "2020-03-31": "14.04%", "2019-12-31": "13.99%", "2019-09-30": "13.90%", "2019-06-30": "11.97%", "2019-03-31": "11.15%", "2018-12-31": "10.83%", "2018-09-30": "10.59%", "2018-06-30": "12.30%", "2018-03-31": "13.15%", "2017-12-31": "13.26%", "2017-09-30": "13.26%", "2017-06-30": "13.11%", "2017-03-31": "13.11%", "2016-12-31": "12.95%", "2016-09-30": "13.04%", "2016-06-30": "12.79%", "2016-03-31": "12.87%", "2015-12-31": "13.33%", "2015-09-30": "14.08%", "2015-06-30": "14.63%", "2015-03-31": "14.59%", "2014-12-31": "14.23%", "2014-09-30": "13.72%", "2014-06-30": "13.85%", "2014-03-31": "13.98%", "2013-12-31": "14.22%", "2013-09-30": "14.20%", "2013-06-30": "14.09%", "2013-03-31": "13.83%", "2012-12-31": "13.75%", "2012-09-30": "13.58%", "2012-06-30": "13.16%", "2012-03-31": "13.13%", "2011-12-31": "12.96%", "2011-09-30": "12.43%", "2011-06-30": "12.82%", "2011-03-31": "12.93%", "2010-12-31": "12.23%", "2010-09-30": "12.90%", "2010-06-30": "12.87%", "2010-03-31": "12.94%", "2009-12-31": "13.45%", "2009-09-30": "12.82%", "2009-06-30": "12.08%", "2009-03-31": "12.09%", "2008-12-31": "12.54%", "2008-09-30": "13.22%", "2008-06-30": "14.23%", "2008-03-31": "14.55%", "2007-12-31": "14.31%", "2007-09-30": "14.39%", "2007-06-30": "13.84%", "2007-03-31": "14.03%", "2006-12-31": "14.75%", "2006-09-30": "15.05%", "2006-06-30": "15.67%", "2006-03-31": "16.36%", "2005-12-31": "16.94%"}, "net profit margin": {"2020-12-31": "16.09%", "2020-09-30": "11.85%", "2020-06-30": "11.63%", "2020-03-31": "11.89%", "2019-12-31": "11.90%", "2019-09-30": "11.65%", "2019-06-30": "9.83%", "2019-03-31": "8.89%", "2018-12-31": "8.41%", "2018-09-30": "8.86%", "2018-06-30": "10.48%", "2018-03-31": "11.28%", "2017-12-31": "11.64%", "2017-09-30": "11.22%", "2017-06-30": "11.10%", "2017-03-31": "10.84%", "2016-12-31": "10.85%", "2016-09-30": "11.02%", "2016-06-30": "10.82%", "2016-03-31": "10.97%", "2015-12-31": "11.26%", "2015-09-30": "12.13%", "2015-06-30": "12.47%", "2015-03-31": "12.55%", "2014-12-31": "12.40%", "2014-09-30": "11.70%", "2014-06-30": "11.69%", "2014-03-31": "12.18%", "2013-12-31": "12.27%", "2013-09-30": "12.35%", "2013-06-30": "12.70%", "2013-03-31": "12.19%", "2012-12-31": "12.19%", "2012-09-30": "12.07%", "2012-06-30": "11.77%", "2012-03-31": "11.58%", "2011-12-31": "11.41%", "2011-09-30": "10.89%", "2011-06-30": "11.32%", "2011-03-31": "11.50%", "2010-12-31": "10.84%", "2010-09-30": "11.53%", "2010-06-30": "11.44%", "2010-03-31": "11.48%", "2009-12-31": "12.04%", "2009-09-30": "11.43%", "2009-06-30": "10.87%", "2009-03-31": "10.90%", "2008-12-31": "11.28%", "2008-09-30": "12.02%", "2008-06-30": "12.83%", "2008-03-31": "12.86%", "2007-12-31": "12.71%", "2007-09-30": "12.83%", "2007-06-30": "12.40%", "2007-03-31": "12.72%", "2006-12-31": "13.05%", "2006-09-30": "12.87%", "2006-06-30": "13.03%", "2006-03-31": "13.32%", "2005-12-31": "13.64%"}, "pe ratio": {"current": "17.65", "2021-02-05": "26.32", "2020-12-31": "24.89", "2020-09-30": "15.44", "2020-06-30": "16.78", "2020-03-31": "14.82", "2019-12-31": "19.57", "2019-09-30": "18.52", "2019-06-30": "20.85", "2019-03-31": "20.34", "2018-12-31": "23.75", "2018-09-30": "25.77", "2018-06-30": "21.98", "2018-03-31": "20.84", "2017-12-31": "19.98", "2017-09-30": "20.49", "2017-06-30": "21.10", "2017-03-31": "20.69", "2016-12-31": "20.06", "2016-09-30": "19.85", "2016-06-30": "20.11", "2016-03-31": "21.06", "2015-12-31": "18.75", "2015-09-30": "18.32", "2015-06-30": "17.29", "2015-03-31": "17.23", "2014-12-31": "15.05", "2014-09-30": "15.87", "2014-06-30": "16.55", "2014-03-31": "16.22", "2013-12-31": "14.57", "2013-09-30": "13.01", "2013-06-30": "12.82", "2013-03-31": "13.20", "2012-12-31": "12.54", "2012-09-30": "12.54", "2012-06-30": "11.81", "2012-03-31": "13.08", "2011-12-31": "12.40", "2011-09-30": "12.74", "2011-06-30": "14.35", "2011-03-31": "14.00", "2010-12-31": "14.71", "2010-09-30": "14.89", "2010-06-30": "14.47", "2010-03-31": "16.53", "2009-12-31": "15.09", "2009-09-30": "14.94", "2009-06-30": "12.23", "2009-03-31": "10.29", "2008-12-31": "9.79", "2008-09-30": "13.90", "2008-06-30": "14.52", "2008-03-31": "14.48", "2007-12-31": "18.13", "2007-09-30": "19.79", "2007-06-30": "22.42", "2007-03-31": "20.67", "2006-12-31": "22.24"}, "price sales": {"2021-02-05": "2.36", "2020-12-31": "2.24", "2020-09-30": "1.83", "2020-06-30": "1.96", "2020-03-31": "1.77", "2019-12-31": "2.34", "2019-09-30": "2.17", "2019-06-30": "2.07", "2019-03-31": "1.82", "2018-12-31": "2.00", "2018-09-30": "2.28", "2018-06-30": "2.30", "2018-03-31": "2.34", "2017-12-31": "2.32", "2017-09-30": "2.30", "2017-06-30": "2.33", "2017-03-31": "2.24", "2016-12-31": "2.17", "2016-09-30": "2.18", "2016-06-30": "2.19", "2016-03-31": "2.32", "2015-12-31": "2.13", "2015-09-30": "2.24", "2015-06-30": "2.17", "2015-03-31": "2.18", "2014-12-31": "1.88", "2014-09-30": "1.88", "2014-06-30": "1.94", "2014-03-31": "1.97", "2013-12-31": "1.78", "2013-09-30": "1.60", "2013-06-30": "1.64", "2013-03-31": "1.62", "2012-12-31": "1.55", "2012-09-30": "1.53", "2012-06-30": "1.41", "2012-03-31": "1.54", "2011-12-31": "1.43", "2011-09-30": "1.41", "2011-06-30": "1.64", "2011-03-31": "1.63", "2010-12-31": "1.61", "2010-09-30": "1.74", "2010-06-30": "1.67", "2010-03-31": "1.91", "2009-12-31": "1.83", "2009-09-30": "1.72", "2009-06-30": "1.34", "2009-03-31": "1.13", "2008-12-31": "1.10", "2008-09-30": "1.67", "2008-06-30": "1.87", "2008-03-31": "1.87", "2007-12-31": "2.34", "2007-09-30": "2.57", "2007-06-30": "2.80", "2007-03-31": "2.63", "2006-12-31": "2.90"}, "price book": {"current": "2.54", "2021-02-05": "2.69", "2020-09-30": "2.05", "2020-06-30": "2.20", "2020-03-31": "2.02", "2019-12-31": "2.69", "2019-09-30": "2.45", "2019-06-30": "2.32", "2019-03-31": "2.05", "2018-12-31": "0.00", "2018-09-30": "2.53", "2018-06-30": "2.50", "2018-03-31": "2.50", "2017-12-31": "0.00", "2017-09-30": "2.45", "2017-06-30": "2.46", "2017-03-31": "2.35", "2016-12-31": "2.32", "2016-09-30": "2.29", "2016-06-30": "2.30", "2016-03-31": "2.41", "2015-12-31": "2.20", "2015-09-30": "2.32", "2015-06-30": "2.18", "2015-03-31": "2.22", "2014-12-31": "1.93", "2014-09-30": "1.92", "2014-06-30": "1.94", "2014-03-31": "1.96", "2013-12-31": "1.77", "2013-09-30": "1.60", "2013-06-30": "1.64", "2013-03-31": "1.65", "2012-12-31": "1.57", "2012-09-30": "1.56", "2012-06-30": "1.43", "2012-03-31": "0.00", "2011-12-31": "0.00", "2011-09-30": "1.38", "2011-06-30": "1.54", "2011-03-31": "1.48", "2010-12-31": "1.42", "2010-09-30": "1.50", "2010-06-30": "1.43", "2010-03-31": "1.60", "2009-12-31": "0.00", "2009-09-30": "1.51", "2009-06-30": "1.25", "2009-03-31": "1.12", "2008-12-31": "1.14", "2008-09-30": "1.75", "2008-06-30": "1.91", "2008-03-31": "1.89", "2007-12-31": "2.38", "2007-09-30": "0.00", "2007-06-30": "2.92", "2007-03-31": "2.79", "2006-12-31": "3.10", "2006-09-30": "3.34", "2006-06-30": "3.25", "2006-03-31": "3.41"}, "price fcf": {"2021-02-05": "", "2020-09-30": "$3.40", "2020-06-30": "$3.23", "2020-03-31": "$3.46", "2019-12-31": "$4.11", "2019-09-30": "$3.85", "2019-06-30": "$3.51", "2019-03-31": "$3.08", "2018-12-31": "$2.03", "2018-09-30": "$2.29", "2018-06-30": "$2.82", "2018-03-31": "$1.86", "2017-12-31": "$3.36", "2017-09-30": "$3.44", "2017-06-30": "$5.58", "2017-03-31": "$6.42", "2016-12-31": "$5.48", "2016-09-30": "$5.69", "2016-06-30": "$2.46", "2016-03-31": "$4.05", "2015-12-31": "$4.16", "2015-09-30": "$4.20", "2015-06-30": "$5.23", "2015-03-31": "$3.92", "2014-12-31": "$3.86", "2014-09-30": "$3.75", "2014-06-30": "$4.29", "2014-03-31": "$5.73", "2013-12-31": "$5.65", "2013-09-30": "$5.37", "2013-06-30": "$2.71", "2013-03-31": "$2.57", "2012-12-31": "$2.32", "2012-09-30": "$2.31", "2012-06-30": "$1.26", "2012-03-31": "$0.67", "2011-12-31": "$2.32", "2011-09-30": "$2.28", "2011-06-30": "$5.02", "2011-03-31": "$4.03", "2010-12-31": "$2.77", "2010-09-30": "$2.93", "2010-06-30": "$8.12", "2010-03-31": "$7.82", "2009-12-31": "$7.41", "2009-09-30": "$7.11", "2009-06-30": "$5.26", "2009-03-31": "$5.14", "2008-12-31": "$5.13", "2008-09-30": "$4.87", "2008-06-30": "$1.24", "2008-03-31": "$1.24", "2007-12-31": "$1.21", "2007-09-30": "$1.17", "2007-06-30": "$1.34", "2007-03-31": "$1.37", "2006-12-31": "$1.83"}, "net worth": {"value": "$9.83B"}, "current ratio": {"2020-12-31": "1.94", "2020-09-30": "1.71", "2020-06-30": "1.84", "2020-03-31": "1.25", "2019-12-31": "1.39", "2019-09-30": "1.39", "2019-06-30": "1.39", "2019-03-31": "1.35", "2018-12-31": "1.32", "2018-09-30": "1.33", "2018-06-30": "1.35", "2018-03-31": "1.34", "2017-12-31": "1.71", "2017-09-30": "1.75", "2017-06-30": "1.77", "2017-03-31": "1.64", "2016-12-31": "1.54", "2016-09-30": "1.54", "2016-06-30": "1.88", "2016-03-31": "1.85", "2015-12-31": "1.80", "2015-09-30": "1.74", "2015-06-30": "2.23", "2015-03-31": "2.22", "2014-12-31": "2.24", "2014-09-30": "2.02", "2014-06-30": "2.23", "2014-03-31": "2.26", "2013-12-31": "2.38", "2013-09-30": "2.12", "2013-06-30": "2.64", "2013-03-31": "2.48", "2012-12-31": "2.28", "2012-09-30": "1.92", "2012-06-30": "2.09", "2012-03-31": "2.30", "2011-12-31": "2.15", "2011-09-30": "1.96", "2011-06-30": "2.59", "2011-03-31": "2.60", "2010-12-31": "2.47", "2010-09-30": "2.20", "2010-06-30": "2.75", "2010-03-31": "3.08", "2009-12-31": "3.03", "2009-09-30": "3.07", "2009-06-30": "3.11", "2009-03-31": "2.84", "2008-12-31": "2.51", "2008-09-30": "2.42", "2008-06-30": "2.42", "2008-03-31": "2.38", "2007-12-31": "2.39", "2007-09-30": "1.92", "2007-06-30": "1.85", "2007-03-31": "1.73", "2006-12-31": "1.75", "2006-09-30": "1.59", "2006-06-30": "1.91", "2006-03-31": "2.20", "2005-12-31": "2.03", "2005-09-30": "1.90", "2005-06-30": "2.26", "2005-03-31": "2.29"}, "quick ratio": {"2020-12-31": "0.00", "2020-09-30": "0.00", "2020-06-30": "0.00", "2020-03-31": "0.00", "2019-12-31": "0.00", "2019-09-30": "0.00", "2019-06-30": "0.00", "2019-03-31": "0.00", "2018-12-31": "0.00", "2018-09-30": "0.00", "2018-06-30": "0.00", "2018-03-31": "0.00", "2017-12-31": "0.00", "2017-09-30": "0.00", "2017-06-30": "0.00", "2017-03-31": "0.00", "2016-12-31": "0.00", "2016-09-30": "0.00", "2016-06-30": "0.00", "2016-03-31": "0.00", "2015-12-31": "0.00", "2015-09-30": "0.00", "2015-06-30": "0.00", "2015-03-31": "0.00", "2014-12-31": "0.00", "2014-09-30": "0.00", "2014-06-30": "0.00", "2014-03-31": "0.00", "2013-12-31": "0.00", "2013-09-30": "0.00", "2013-06-30": "0.00", "2013-03-31": "0.00", "2012-12-31": "0.00", "2012-09-30": "0.00", "2012-06-30": "0.00", "2012-03-31": "0.00", "2011-12-31": "0.00", "2011-09-30": "0.00", "2011-06-30": "0.00", "2011-03-31": "0.00", "2010-12-31": "0.00", "2010-09-30": "0.00", "2010-06-30": "0.00", "2010-03-31": "0.00", "2009-12-31": "0.00", "2009-09-30": "0.00", "2009-06-30": "0.00", "2009-03-31": "0.00", "2008-12-31": "0.00", "2008-09-30": "0.00", "2008-06-30": "0.00", "2008-03-31": "0.00", "2007-12-31": "0.00", "2007-09-30": "0.00", "2007-06-30": "0.00", "2007-03-31": "0.00", "2006-12-31": "0.00", "2006-09-30": "0.00", "2006-06-30": "0.00", "2006-03-31": "0.00", "2005-12-31": "0.00", "2005-09-30": "0.00", "2005-06-30": "0.00", "2005-03-31": "0.00"}, "debt equity ratio": {"current": "0.22", "2020-12-31": "0.78", "2020-09-30": "0.73", "2020-06-30": "0.75", "2020-03-31": "0.65", "2019-12-31": "0.49", "2019-09-30": "0.49", "2019-06-30": "0.48", "2019-03-31": "0.50", "2018-12-31": "0.51", "2018-09-30": "0.53", "2018-06-30": "0.53", "2018-03-31": "0.55", "2017-12-31": "0.49", "2017-09-30": "0.48", "2017-06-30": "0.48", "2017-03-31": "0.52", "2016-12-31": "0.54", "2016-09-30": "0.54", "2016-06-30": "0.46", "2016-03-31": "0.47", "2015-12-31": "0.48", "2015-09-30": "0.56", "2015-06-30": "0.47", "2015-03-31": "0.46", "2014-12-31": "0.46", "2014-09-30": "0.53", "2014-06-30": "0.47", "2014-03-31": "0.46", "2013-12-31": "0.46", "2013-09-30": "0.50", "2013-06-30": "0.41", "2013-03-31": "0.43", "2012-12-31": "0.45", "2012-09-30": "0.53", "2012-06-30": "0.47", "2012-03-31": "0.45", "2011-12-31": "0.47", "2011-09-30": "0.53", "2011-06-30": "0.44", "2011-03-31": "0.43", "2010-12-31": "0.44", "2010-09-30": "0.49", "2010-06-30": "0.39", "2010-03-31": "0.36", "2009-12-31": "0.37", "2009-09-30": "0.35", "2009-06-30": "0.46", "2009-03-31": "0.54", "2008-12-31": "0.60", "2008-09-30": "0.63", "2008-06-30": "0.63", "2008-03-31": "0.65", "2007-12-31": "0.65", "2007-09-30": "0.67", "2007-06-30": "0.70", "2007-03-31": "0.74", "2006-12-31": "0.76", "2006-09-30": "0.84", "2006-06-30": "0.82", "2006-03-31": "0.80", "2005-12-31": "0.88", "2005-09-30": "0.93", "2005-06-30": "0.91", "2005-03-31": "0.90"}, "return on equity": {"2020-12-31": "18.37%", "2020-09-30": "13.69%", "2020-06-30": "13.47%", "2020-03-31": "13.90%", "2019-12-31": "13.90%", "2019-09-30": "13.54%", "2019-06-30": "11.39%", "2019-03-31": "10.22%", "2018-12-31": "9.52%", "2018-09-30": "9.85%", "2018-06-30": "11.52%", "2018-03-31": "12.29%", "2017-12-31": "12.64%", "2017-09-30": "12.26%", "2017-06-30": "12.11%", "2017-03-31": "11.83%", "2016-12-31": "11.78%", "2016-09-30": "11.89%", "2016-06-30": "11.67%", "2016-03-31": "11.69%", "2015-12-31": "11.94%", "2015-09-30": "12.82%", "2015-06-30": "13.09%", "2015-03-31": "13.23%", "2014-12-31": "13.10%", "2014-09-30": "12.29%", "2014-06-30": "12.20%", "2014-03-31": "12.67%", "2013-12-31": "12.77%", "2013-09-30": "12.95%", "2013-06-30": "13.49%", "2013-03-31": "13.05%", "2012-12-31": "13.07%", "2012-09-30": "12.98%", "2012-06-30": "12.63%", "2012-03-31": "12.27%", "2011-12-31": "11.87%", "2011-09-30": "11.02%", "2011-06-30": "11.09%", "2011-03-31": "10.96%", "2010-12-31": "10.01%", "2010-09-30": "10.39%", "2010-06-30": "10.13%", "2010-03-31": "10.12%", "2009-12-31": "10.86%", "2009-09-30": "10.79%", "2009-06-30": "11.07%", "2009-03-31": "11.86%", "2008-12-31": "12.78%", "2008-09-30": "13.85%", "2008-06-30": "14.59%", "2008-03-31": "14.49%", "2007-12-31": "14.45%", "2007-09-30": "14.87%", "2007-06-30": "14.72%", "2007-03-31": "15.44%", "2006-12-31": "16.12%", "2006-09-30": "16.28%", "2006-06-30": "16.95%", "2006-03-31": "17.55%", "2005-12-31": "17.86%"}, "return on assets": {"2020-12-31": "10.64%", "2020-09-30": "8.26%", "2020-06-30": "8.43%", "2020-03-31": "9.08%", "2019-12-31": "9.31%", "2019-09-30": "9.04%", "2019-06-30": "7.56%", "2019-03-31": "6.74%", "2018-12-31": "6.22%", "2018-09-30": "6.47%", "2018-06-30": "7.63%", "2018-03-31": "8.20%", "2017-12-31": "8.47%", "2017-09-30": "8.14%", "2017-06-30": "7.95%", "2017-03-31": "7.80%", "2016-12-31": "7.85%", "2016-09-30": "8.01%", "2016-06-30": "7.84%", "2016-03-31": "7.83%", "2015-12-31": "8.00%", "2015-09-30": "8.62%", "2015-06-30": "8.86%", "2015-03-31": "8.96%", "2014-12-31": "8.86%", "2014-09-30": "8.32%", "2014-06-30": "8.28%", "2014-03-31": "8.69%", "2013-12-31": "8.81%", "2013-09-30": "8.94%", "2013-06-30": "9.28%", "2013-03-31": "8.87%", "2012-12-31": "8.85%", "2012-09-30": "8.76%", "2012-06-30": "8.52%", "2012-03-31": "8.33%", "2011-12-31": "8.09%", "2011-09-30": "7.55%", "2011-06-30": "7.65%", "2011-03-31": "7.62%", "2010-12-31": "7.05%", "2010-09-30": "7.42%", "2010-06-30": "7.42%", "2010-03-31": "7.32%", "2009-12-31": "7.61%", "2009-09-30": "7.27%", "2009-06-30": "7.11%", "2009-03-31": "7.41%", "2008-12-31": "7.85%", "2008-09-30": "8.43%", "2008-06-30": "8.84%", "2008-03-31": "8.68%", "2007-12-31": "8.55%", "2007-09-30": "8.67%", "2007-06-30": "8.38%", "2007-03-31": "8.64%", "2006-12-31": "8.93%", "2006-09-30": "8.87%", "2006-06-30": "9.13%", "2006-03-31": "9.34%", "2005-12-31": "9.37%"}, "return on investments": {"2020-12-31": "13.46%", "2020-09-30": "18.54%", "2020-06-30": "28.50%", "2020-03-31": "61.84%", "2019-12-31": "inf%", "2019-09-30": "inf%", "2019-06-30": "inf%", "2019-03-31": "inf%", "2018-12-31": "inf%", "2018-09-30": "inf%", "2018-06-30": "inf%", "2018-03-31": "inf%", "2017-12-31": "inf%", "2017-09-30": "inf%", "2017-06-30": "inf%", "2017-03-31": "inf%", "2016-12-31": "inf%", "2016-09-30": "inf%", "2016-06-30": "inf%", "2016-03-31": "inf%", "2015-12-31": "inf%", "2015-09-30": "inf%", "2015-06-30": "inf%", "2015-03-31": "inf%", "2014-12-31": "inf%", "2014-09-30": "inf%", "2014-06-30": "inf%", "2014-03-31": "inf%", "2013-12-31": "inf%", "2013-09-30": "inf%", "2013-06-30": "inf%", "2013-03-31": "inf%", "2012-12-31": "inf%", "2012-09-30": "inf%", "2012-06-30": "inf%", "2012-03-31": "inf%", "2011-12-31": "inf%", "2011-09-30": "inf%", "2011-06-30": "inf%", "2011-03-31": "inf%", "2010-12-31": "inf%", "2010-09-30": "inf%", "2010-06-30": "inf%", "2010-03-31": "46.45%", "2009-12-31": "22.70%", "2009-09-30": "14.52%", "2009-06-30": "11.10%", "2009-03-31": "11.60%", "2008-12-31": "12.03%", "2008-09-30": "12.68%", "2008-06-30": "12.66%", "2008-03-31": "12.50%", "2007-12-31": "12.21%", "2007-09-30": "12.35%", "2007-06-30": "12.20%", "2007-03-31": "12.46%", "2006-12-31": "13.26%", "2006-09-30": "13.78%", "2006-06-30": "14.57%", "2006-03-31": "15.70%", "2005-12-31": "16.17%"}, "return on tangible equity": {"2020-09-30": "55.16%", "2020-06-30": "52.59%", "2020-03-31": "55.55%", "2019-12-31": "56.84%", "2019-09-30": "56.28%", "2019-06-30": "48.50%", "2019-03-31": "44.54%", "2018-12-31": "41.76%", "2018-09-30": "39.55%", "2018-06-30": "41.88%", "2018-03-31": "40.85%", "2017-12-31": "39.12%", "2017-09-30": "39.00%", "2017-06-30": "40.14%", "2017-03-31": "38.85%", "2016-12-31": "37.78%", "2016-09-30": "36.40%", "2016-06-30": "34.49%", "2016-03-31": "32.89%", "2015-12-31": "32.47%", "2015-09-30": "33.76%", "2015-06-30": "33.28%", "2015-03-31": "34.33%", "2014-12-31": "34.52%", "2014-09-30": "31.95%", "2014-06-30": "31.35%", "2014-03-31": "31.61%", "2013-12-31": "31.13%", "2013-09-30": "31.80%", "2013-06-30": "33.46%", "2013-03-31": "33.57%", "2012-12-31": "34.45%", "2012-09-30": "35.10%", "2012-06-30": "34.58%", "2012-03-31": "32.35%", "2011-12-31": "30.15%", "2011-09-30": "26.78%", "2011-06-30": "25.97%", "2011-03-31": "25.58%", "2010-12-31": "23.11%", "2010-09-30": "23.72%", "2010-06-30": "22.81%", "2010-03-31": "22.93%", "2009-12-31": "25.41%", "2009-09-30": "26.59%", "2009-06-30": "28.92%", "2009-03-31": "32.27%", "2008-12-31": "35.76%", "2008-09-30": "39.71%", "2008-06-30": "43.33%", "2008-03-31": "45.58%", "2007-12-31": "49.91%", "2007-09-30": "57.08%", "2007-06-30": "65.90%", "2007-03-31": "68.54%", "2006-12-31": "60.58%", "2006-09-30": "53.50%", "2006-06-30": "48.46%", "2006-03-31": "44.92%", "2005-12-31": "44.16%"}, "dividend yield history": {"last payout": "$1.31", "last yield": "1.75%"}}