{"ticker": "ANAT", "price": {"title": "American National Insurance Historical Annual Stock Price Data", "value": 92.26, "historical": {"2021": {"Average Stock Price": "94.4363", "Year Open": "94.8000", "Year High": "99.0000", "Year Low": "88.3800", "Year Close": "92.2600", "Annual % Change": "-4.02%"}, "2020": {"Average Stock Price": "82.1235", "Year Open": "117.4900", "Year High": "117.4900", "Year Low": "64.6100", "Year Close": "96.1200", "Annual % Change": "-18.32%"}, "2019": {"Average Stock Price": "122.5222", "Year Open": "125.5600", "Year High": "155.0000", "Year Low": "111.2200", "Year Close": "117.6800", "Annual % Change": "-7.51%"}, "2018": {"Average Stock Price": "123.3199", "Year Open": "127.3800", "Year High": "132.4000", "Year Low": "113.4600", "Year Close": "127.2400", "Annual % Change": "-0.79%"}, "2017": {"Average Stock Price": "118.9268", "Year Open": "124.4500", "Year High": "129.8000", "Year Low": "112.5500", "Year Close": "128.2500", "Annual % Change": "2.92%"}, "2016": {"Average Stock Price": "114.1554", "Year Open": "100.3800", "Year High": "131.1800", "Year Low": "92.2100", "Year Close": "124.6100", "Annual % Change": "21.84%"}, "2015": {"Average Stock Price": "102.4706", "Year Open": "114.0000", "Year High": "114.0000", "Year Low": "94.4000", "Year Close": "102.2700", "Annual % Change": "-10.49%"}, "2014": {"Average Stock Price": "112.8712", "Year Open": "113.3400", "Year High": "118.3800", "Year Low": "102.6600", "Year Close": "114.2600", "Annual % Change": "-0.24%"}, "2013": {"Average Stock Price": "97.3212", "Year Open": "69.2600", "Year High": "118.9000", "Year Low": "69.2600", "Year Close": "114.5400", "Annual % Change": "67.73%"}, "2012": {"Average Stock Price": "70.8483", "Year Open": "72.9000", "Year High": "75.7400", "Year Low": "64.1700", "Year Close": "68.2900", "Annual % Change": "-6.49%"}, "2011": {"Average Stock Price": "76.3459", "Year Open": "87.5300", "Year High": "88.4300", "Year Low": "66.3000", "Year Close": "73.0300", "Annual % Change": "-14.70%"}, "2010": {"Average Stock Price": "93.9542", "Year Open": "120.4500", "Year High": "120.4500", "Year Low": "74.3000", "Year Close": "85.6200", "Annual % Change": "-28.32%"}, "2009": {"Average Stock Price": "76.1667", "Year Open": "74.3000", "Year High": "120.8100", "Year Low": "34.9300", "Year Close": "119.4400", "Annual % Change": "62.00%"}, "2008": {"Average Stock Price": "97.9591", "Year Open": "121.0000", "Year High": "130.0000", "Year Low": "55.0200", "Year Close": "73.7300", "Annual % Change": "-39.19%"}, "2007": {"Average Stock Price": "131.2199", "Year Open": "115.0000", "Year High": "158.6500", "Year Low": "111.3000", "Year Close": "121.2400", "Annual % Change": "6.25%"}, "2006": {"Average Stock Price": "116.3475", "Year Open": "115.1000", "Year High": "129.7200", "Year Low": "110.5500", "Year Close": "114.1100", "Annual % Change": "-2.46%"}, "2005": {"Average Stock Price": "112.5103", "Year Open": "104.8800", "Year High": "122.9700", "Year Low": "98.6500", "Year Close": "116.9900", "Annual % Change": "12.32%"}, "2004": {"Average Stock Price": "95.4281", "Year Open": "85.5700", "Year High": "105.8000", "Year Low": "85.5700", "Year Close": "104.1600", "Annual % Change": "23.30%"}, "2003": {"Average Stock Price": "83.5972", "Year Open": "82.8400", "Year High": "89.4800", "Year Low": "75.3600", "Year Close": "84.4800", "Annual % Change": "3.00%"}, "2002": {"Average Stock Price": "86.3182", "Year Open": "83.0000", "Year High": "101.4000", "Year Low": "66.3400", "Year Close": "82.0200", "Annual % Change": "-2.47%"}, "2001": {"Average Stock Price": "76.2196", "Year Open": "68.4400", "Year High": "84.1000", "Year Low": "66.5600", "Year Close": "84.1000", "Annual % Change": "15.21%"}, "2000": {"Average Stock Price": "60.6966", "Year Open": "64.0000", "Year High": "73.0000", "Year Low": "49.5600", "Year Close": "73.0000", "Annual % Change": "14.51%"}, "1999": {"Average Stock Price": "71.0412", "Year Open": "86.0000", "Year High": "89.3800", "Year Low": "61.3800", "Year Close": "63.7500", "Annual % Change": "-22.96%"}, "1998": {"Average Stock Price": "94.5903", "Year Open": "92.0000", "Year High": "109.6000", "Year Low": "73.5000", "Year Close": "82.7500", "Annual % Change": "-11.02%"}, "1997": {"Average Stock Price": "88.2992", "Year Open": "74.7500", "Year High": "103.5000", "Year Low": "73.5000", "Year Close": "93.0000", "Annual % Change": "26.10%"}, "1996": {"Average Stock Price": "67.6770", "Year Open": "65.5000", "Year High": "75.5000", "Year Low": "63.2500", "Year Close": "73.7500", "Annual % Change": "10.90%"}, "1995": {"Average Stock Price": "57.5381", "Year Open": "46.7500", "Year High": "66.7500", "Year Low": "45.7500", "Year Close": "66.5000", "Annual % Change": "41.49%"}, "1994": {"Average Stock Price": "49.4121", "Year Open": "50.7500", "Year High": "54.0000", "Year Low": "45.0000", "Year Close": "47.0000", "Annual % Change": "-8.29%"}, "1993": {"Average Stock Price": "56.0760", "Year Open": "51.6300", "Year High": "62.0000", "Year Low": "50.2500", "Year Close": "51.2500", "Annual % Change": "-1.44%"}, "1992": {"Average Stock Price": "41.7637", "Year Open": "41.2500", "Year High": "52.0000", "Year Low": "35.7500", "Year Close": "52.0000", "Annual % Change": "26.06%"}, "1991": {"Average Stock Price": "33.9242", "Year Open": "27.7500", "Year High": "41.5000", "Year Low": "27.0000", "Year Close": "41.2500", "Annual % Change": "50.00%"}, "1990": {"Average Stock Price": "33.3157", "Year Open": "34.0000", "Year High": "37.5000", "Year Low": "27.0000", "Year Close": "27.5000", "Annual % Change": "-20.29%"}, "1989": {"Average Stock Price": "35.4463", "Year Open": "29.7500", "Year High": "39.0000", "Year Low": "29.7500", "Year Close": "34.5000", "Annual % Change": "15.97%"}, "1988": {"Average Stock Price": "31.6734", "Year Open": "26.7500", "Year High": "35.0000", "Year Low": "26.7500", "Year Close": "29.7500", "Annual % Change": "13.90%"}, "1987": {"Average Stock Price": "35.8891", "Year Open": "41.7500", "Year High": "46.7500", "Year Low": "23.0000", "Year Close": "26.1200", "Annual % Change": "-36.29%"}, "1986": {"Average Stock Price": "39.2230", "Year Open": "34.7500", "Year High": "49.0000", "Year Low": "31.8800", "Year Close": "41.0000", "Annual % Change": "17.99%"}, "1985": {"Average Stock Price": "34.0231", "Year Open": "30.2500", "Year High": "36.6200", "Year Low": "29.3800", "Year Close": "34.7500", "Annual % Change": "14.88%"}}}, "market cap": {"value": "$2.48B"}, "income statement": {"Revenue": {"2019-12-31": "4070.14300", "2018-12-31": "3326.38200", "2017-12-31": "3411.00000", "2016-12-31": "3227.95100", "2015-12-31": "3017.45500", "2014-12-31": "3050.59000", "2013-12-31": "3119.21000", "2012-12-31": "2987.06000", "2011-12-31": "3023.02700", "2010-12-31": "3073.18100", "2009-12-31": "2940.74100", "2008-12-31": "2502.57900", "2007-12-31": "3056.07300", "2006-12-31": "3114.43000", "2005-12-31": "3045.47000"}, "Cost Of Goods Sold": {"2019-12-31": "2318.24400", "2018-12-31": "2124.15900", "2017-12-31": "2051.90900", "2016-12-31": "2074.93000", "2015-12-31": "1822.05200", "2014-12-31": "1838.85300", "2013-12-31": "1881.74100", "2012-12-31": "1894.65800", "2011-12-31": "1879.38100", "2010-12-31": "1961.41500", "2009-12-31": "2016.85100", "2008-12-31": "1834.24800", "2007-12-31": "1787.15000", "2006-12-31": "1814.82000", "2005-12-31": "1839.57000"}, "Gross Profit": {"2019-12-31": "1751.89900", "2018-12-31": "1202.22300", "2017-12-31": "1359.09100", "2016-12-31": "1153.02100", "2015-12-31": "1195.40300", "2014-12-31": "1211.73700", "2013-12-31": "1237.46900", "2012-12-31": "1092.40200", "2011-12-31": "1143.64600", "2010-12-31": "1111.76600", "2009-12-31": "923.89000", "2008-12-31": "668.33110", "2007-12-31": "1268.92300", "2006-12-31": "1299.61000", "2005-12-31": "1205.90000"}, "Research And Development Expenses": {"2019-12-31": "", "2018-12-31": "", "2017-12-31": "", "2016-12-31": "", "2015-12-31": "", "2014-12-31": "", "2013-12-31": "", "2012-12-31": "", "2011-12-31": "", "2010-12-31": "", "2009-12-31": "", "2008-12-31": "", "2007-12-31": "", "2006-12-31": "", "2005-12-31": ""}, "SG&A Expenses": {"2019-12-31": "", "2018-12-31": "", "2017-12-31": "", "2016-12-31": "", "2015-12-31": "", "2014-12-31": "", "2013-12-31": "", "2012-12-31": "", "2011-12-31": "", "2010-12-31": "", "2009-12-31": "", "2008-12-31": "", "2007-12-31": "", "2006-12-31": "882.84000", "2005-12-31": "870.71000"}, "Other Operating Income Or Expenses": {"2019-12-31": "-1057.52200", "2018-12-31": "-1061.06500", "2017-12-31": "-1030.74500", "2016-12-31": "-942.42700", "2015-12-31": "-926.71500", "2014-12-31": "-882.99100", "2013-12-31": "-874.99900", "2012-12-31": "-820.65700", "2011-12-31": "-892.21600", "2010-12-31": "-908.67500", "2009-12-31": "-934.15400", "2008-12-31": "-969.25200", "2007-12-31": "-921.67700", "2006-12-31": "0.00000", "2005-12-31": "0.00000"}, "Operating Expenses": {"2019-12-31": "3375.76600", "2018-12-31": "3185.22400", "2017-12-31": "3082.65400", "2016-12-31": "3017.35700", "2015-12-31": "2748.76700", "2014-12-31": "2721.84400", "2013-12-31": "2756.74000", "2012-12-31": "2715.31500", "2011-12-31": "2771.59700", "2010-12-31": "2870.09000", "2009-12-31": "2951.00500", "2008-12-31": "2803.50000", "2007-12-31": "2708.82700", "2006-12-31": "2697.66000", "2005-12-31": "2710.28000"}, "Operating Income": {"2019-12-31": "694.37720", "2018-12-31": "141.15820", "2017-12-31": "328.34570", "2016-12-31": "210.59380", "2015-12-31": "268.68820", "2014-12-31": "328.74630", "2013-12-31": "362.47000", "2012-12-31": "271.74510", "2011-12-31": "251.43020", "2010-12-31": "203.09080", "2009-12-31": "-10.26390", "2008-12-31": "-300.92090", "2007-12-31": "347.24580", "2006-12-31": "416.77000", "2005-12-31": "335.18990"}, "Total Non-Operating Income/Expense": {"2019-12-31": "", "2018-12-31": "", "2017-12-31": "", "2016-12-31": "", "2015-12-31": "", "2014-12-31": "", "2013-12-31": "", "2012-12-31": "", "2011-12-31": "", "2010-12-31": "", "2009-12-31": "", "2008-12-31": "", "2007-12-31": "", "2006-12-31": "-11.86000", "2005-12-31": "7.68000"}, "Pre-Tax Income": {"2019-12-31": "694.37700", "2018-12-31": "141.15800", "2017-12-31": "328.34600", "2016-12-31": "210.59400", "2015-12-31": "268.68800", "2014-12-31": "328.74600", "2013-12-31": "362.47000", "2012-12-31": "271.74500", "2011-12-31": "251.43000", "2010-12-31": "203.09100", "2009-12-31": "-10.26400", "2008-12-31": "-300.92100", "2007-12-31": "347.24600", "2006-12-31": "404.89000", "2005-12-31": "342.86000"}, "Income Taxes": {"2019-12-31": "165.41700", "2018-12-31": "1.44500", "2017-12-31": "-92.99500", "2016-12-31": "77.70600", "2015-12-31": "103.72000", "2014-12-31": "96.61400", "2013-12-31": "108.07500", "2012-12-31": "75.58200", "2011-12-31": "59.97800", "2010-12-31": "55.37200", "2009-12-31": "-31.02800", "2008-12-31": "-122.39400", "2007-12-31": "105.86300", "2006-12-31": "131.66000", "2005-12-31": "106.99000"}, "Income After Taxes": {"2019-12-31": "528.96000", "2018-12-31": "139.71300", "2017-12-31": "421.34100", "2016-12-31": "132.88800", "2015-12-31": "164.96800", "2014-12-31": "232.13200", "2013-12-31": "254.39500", "2012-12-31": "196.16300", "2011-12-31": "191.45200", "2010-12-31": "147.71900", "2009-12-31": "20.76400", "2008-12-31": "-178.52700", "2007-12-31": "241.38300", "2006-12-31": "273.23000", "2005-12-31": "235.87000"}, "Other Income": {"2019-12-31": "-0.68400", "2018-12-31": "-0.57200", "2017-12-31": "-12.40800", "2016-12-31": "-7.42100", "2015-12-31": "", "2014-12-31": "", "2013-12-31": "", "2012-12-31": "", "2011-12-31": "", "2010-12-31": "", "2009-12-31": "", "2008-12-31": "", "2007-12-31": "", "2006-12-31": "0.00000", "2005-12-31": "0.00000"}, "Income From Continuous Operations": {"2019-12-31": "631.77700", "2018-12-31": "160.42200", "2017-12-31": "495.60700", "2016-12-31": "182.66700", "2015-12-31": "242.37600", "2014-12-31": "246.82600", "2013-12-31": "270.41400", "2012-12-31": "192.25800", "2011-12-31": "191.80300", "2010-12-31": "144.55000", "2009-12-31": "16.54800", "2008-12-31": "-173.56200", "2007-12-31": "245.24900", "2006-12-31": "208.03900", "2005-12-31": "180.57900"}, "Income From Discontinued Operations": {"2019-12-31": "", "2018-12-31": "", "2017-12-31": "", "2016-12-31": "", "2015-12-31": "", "2014-12-31": "", "2013-12-31": "", "2012-12-31": "", "2011-12-31": "", "2010-12-31": "-1.27500", "2009-12-31": "-1.38100", "2008-12-31": "19.53300", "2007-12-31": "-4.95800", "2006-12-31": "0.00000", "2005-12-31": "0.00000"}, "Net Income": {"2019-12-31": "620.36300", "2018-12-31": "158.99500", "2017-12-31": "493.65100", "2016-12-31": "181.00300", "2015-12-31": "242.98800", "2014-12-31": "245.33500", "2013-12-31": "266.48100", "2012-12-31": "191.04100", "2011-12-31": "190.76500", "2010-12-31": "144.33000", "2009-12-31": "15.62500", "2008-12-31": "-153.99800", "2007-12-31": "240.77300", "2006-12-31": "273.23000", "2005-12-31": "235.87000"}, "EBITDA": {"2019-12-31": "747.53720", "2018-12-31": "193.20720", "2017-12-31": "382.28270", "2016-12-31": "255.87170", "2015-12-31": "311.96220", "2014-12-31": "374.45430", "2013-12-31": "399.69800", "2012-12-31": "306.79010", "2011-12-31": "296.84720", "2010-12-31": "665.68980", "2009-12-31": "459.24410", "2008-12-31": "166.23410", "2007-12-31": "803.21580", "2006-12-31": "875.54000", "2005-12-31": "749.71000"}, "EBIT": {"2019-12-31": "694.37720", "2018-12-31": "141.15820", "2017-12-31": "328.34570", "2016-12-31": "210.59380", "2015-12-31": "268.68820", "2014-12-31": "328.74630", "2013-12-31": "362.47000", "2012-12-31": "271.74510", "2011-12-31": "251.43020", "2010-12-31": "203.09080", "2009-12-31": "-10.26390", "2008-12-31": "-300.92090", "2007-12-31": "347.24580", "2006-12-31": "416.77000", "2005-12-31": "335.18990"}, "Basic Shares Outstanding": {"2019-12-31": "26.88300", "2018-12-31": "26.88600", "2017-12-31": "26.89700", "2016-12-31": "26.90900", "2015-12-31": "26.87700", "2014-12-31": "26.80300", "2013-12-31": "26.79200", "2012-12-31": "26.71500", "2011-12-31": "26.56000", "2010-12-31": "26.55900", "2009-12-31": "26.52900", "2008-12-31": "26.48000", "2007-12-31": "26.48000", "2006-12-31": "26.48000", "2005-12-31": "26.48000"}, "Shares Outstanding": {"2019-12-31": "26.89200", "2018-12-31": "26.91700", "2017-12-31": "26.96100", "2016-12-31": "26.96700", "2015-12-31": "26.95000", "2014-12-31": "26.91900", "2013-12-31": "26.91500", "2012-12-31": "26.86400", "2011-12-31": "26.71300", "2010-12-31": "26.68700", "2009-12-31": "26.59700", "2008-12-31": "26.48000", "2007-12-31": "26.63800", "2006-12-31": "26.61200", "2005-12-31": "26.58900"}, "Basic EPS": {"2019-12-31": "23.08000", "2018-12-31": "5.91000", "2017-12-31": "18.35000", "2016-12-31": "6.73000", "2015-12-31": "9.04000", "2014-12-31": "9.15000", "2013-12-31": "9.95000", "2012-12-31": "7.15000", "2011-12-31": "7.18000", "2010-12-31": "5.43000", "2009-12-31": "0.59000", "2008-12-31": "-5.82000", "2007-12-31": "9.09000", "2006-12-31": "10.32000", "2005-12-31": "8.91000"}, "EPS - Earnings Per Share": {"2019-12-31": "23.07000", "2018-12-31": "5.91000", "2017-12-31": "18.31000", "2016-12-31": "6.71000", "2015-12-31": "9.02000", "2014-12-31": "9.11000", "2013-12-31": "9.90000", "2012-12-31": "7.11000", "2011-12-31": "7.14000", "2010-12-31": "5.41000", "2009-12-31": "0.59000", "2008-12-31": "-5.82000", "2007-12-31": "9.04000", "2006-12-31": "10.27000", "2005-12-31": "8.87000"}}, "income statement, quarterly": {"Revenue": {"2020-03-31": "369.68500", "2019-12-31": "1057.27300", "2019-09-30": "932.50000", "2019-06-30": "956.67700", "2019-03-31": "1123.69300", "2018-12-31": "518.70000", "2018-09-30": "1052.23600", "2018-06-30": "952.07100", "2018-03-31": "803.37500", "2017-12-31": "924.36000", "2017-09-30": "872.75000", "2017-06-30": "834.09300", "2017-03-31": "779.79700", "2016-12-31": "839.39090", "2016-09-30": "823.14200", "2016-06-30": "800.44800", "2016-03-31": "764.97000", "2015-12-31": "843.52320", "2015-09-30": "699.85900", "2015-06-30": "717.50600", "2015-03-31": "756.56700", "2014-12-31": "777.19820", "2014-09-30": "746.17000", "2014-06-30": "754.78600", "2014-03-31": "772.43600", "2013-12-31": "815.00120", "2013-09-30": "785.50400", "2013-06-30": "773.66000", "2013-03-31": "745.04500", "2012-12-31": "753.35530", "2012-09-30": "760.06800", "2012-06-30": "730.96200", "2012-03-31": "742.67500", "2011-12-31": "776.66410", "2011-09-30": "732.71000", "2011-06-30": "761.78000", "2011-03-31": "751.87300", "2010-12-31": "783.10890", "2010-09-30": "793.71600", "2010-06-30": "746.14800", "2010-03-31": "750.20800", "2009-12-31": "784.08600", "2009-09-30": "776.86800", "2009-06-30": "727.79000", "2009-03-31": "651.99700", "2008-12-31": "589.13200", "2008-09-30": "522.09300", "2008-06-30": "731.56200", "2008-03-31": "726.43600", "2007-12-31": "727.51900", "2007-09-30": "774.20100", "2007-06-30": "821.71600", "2007-03-31": "747.67100", "2006-12-31": "844.10700", "2006-09-30": "762.41000", "2006-06-30": "759.09700", "2006-03-31": "748.81700", "2005-12-31": "800.07500", "2005-09-30": "752.20900", "2005-06-30": "736.40800", "2005-03-31": "756.78200"}, "Cost Of Goods Sold": {"2020-03-31": "403.86700", "2019-12-31": "578.61600", "2019-09-30": "590.94300", "2019-06-30": "581.94500", "2019-03-31": "566.74000", "2018-12-31": "428.31700", "2018-09-30": "611.22900", "2018-06-30": "577.11200", "2018-03-31": "507.50100", "2017-12-31": "518.95090", "2017-09-30": "525.19200", "2017-06-30": "524.18000", "2017-03-31": "483.58600", "2016-12-31": "526.41910", "2016-09-30": "534.28300", "2016-06-30": "516.02600", "2016-03-31": "498.20200", "2015-12-31": "511.99490", "2015-09-30": "420.08300", "2015-06-30": "441.33900", "2015-03-31": "448.63500", "2014-12-31": "457.66090", "2014-09-30": "435.78500", "2014-06-30": "464.39800", "2014-03-31": "481.00900", "2013-12-31": "499.96400", "2013-09-30": "442.02100", "2013-06-30": "466.55700", "2013-03-31": "473.19900", "2012-12-31": "452.02190", "2012-09-30": "464.19600", "2012-06-30": "496.64300", "2012-03-31": "481.79700", "2011-12-31": "490.94700", "2011-09-30": "436.69600", "2011-06-30": "493.02600", "2011-03-31": "458.71200", "2010-12-31": "504.52500", "2010-09-30": "479.46300", "2010-06-30": "489.67300", "2010-03-31": "487.75400", "2009-12-31": "503.93800", "2009-09-30": "502.95500", "2009-06-30": "505.25600", "2009-03-31": "504.70200", "2008-12-31": "", "2008-09-30": "448.47300", "2008-06-30": "479.15900", "2008-03-31": "", "2007-12-31": "578.16810", "2007-09-30": "", "2007-06-30": "512.17000", "2007-03-31": "461.36000", "2006-12-31": "466.94000", "2006-09-30": "452.71000", "2006-06-30": "457.95000", "2006-03-31": "437.22000", "2005-12-31": "", "2005-09-30": "", "2005-06-30": "", "2005-03-31": ""}, "Gross Profit": {"2020-03-31": "-34.18200", "2019-12-31": "478.65700", "2019-09-30": "341.55700", "2019-06-30": "374.73200", "2019-03-31": "556.95300", "2018-12-31": "90.38290", "2018-09-30": "441.00700", "2018-06-30": "374.95900", "2018-03-31": "295.87400", "2017-12-31": "405.40910", "2017-09-30": "347.55800", "2017-06-30": "309.91300", "2017-03-31": "296.21100", "2016-12-31": "312.97180", "2016-09-30": "288.85900", "2016-06-30": "284.42200", "2016-03-31": "266.76790", "2015-12-31": "331.52830", "2015-09-30": "279.77600", "2015-06-30": "276.16700", "2015-03-31": "307.93200", "2014-12-31": "319.53720", "2014-09-30": "310.38500", "2014-06-30": "290.38800", "2014-03-31": "291.42690", "2013-12-31": "315.03710", "2013-09-30": "343.48300", "2013-06-30": "307.10300", "2013-03-31": "271.84600", "2012-12-31": "301.33340", "2012-09-30": "295.87200", "2012-06-30": "234.31900", "2012-03-31": "260.87800", "2011-12-31": "285.71720", "2011-09-30": "296.01400", "2011-06-30": "268.75400", "2011-03-31": "293.16100", "2010-12-31": "278.58390", "2010-09-30": "314.25300", "2010-06-30": "256.47500", "2010-03-31": "262.45400", "2009-12-31": "280.14800", "2009-09-30": "273.91300", "2009-06-30": "222.53390", "2009-03-31": "147.29500", "2008-12-31": "589.13200", "2008-09-30": "73.62000", "2008-06-30": "252.40300", "2008-03-31": "726.43600", "2007-12-31": "149.35090", "2007-09-30": "774.20100", "2007-06-30": "309.54600", "2007-03-31": "286.31100", "2006-12-31": "377.16700", "2006-09-30": "309.70000", "2006-06-30": "301.14700", "2006-03-31": "311.59700", "2005-12-31": "800.07500", "2005-09-30": "752.20900", "2005-06-30": "736.40800", "2005-03-31": "756.78200"}, "Research And Development Expenses": {"2020-03-31": "", "2019-12-31": "", "2019-09-30": "", "2019-06-30": "", "2019-03-31": "", "2018-12-31": "", "2018-09-30": "", "2018-06-30": "", "2018-03-31": "", "2017-12-31": "", "2017-09-30": "", "2017-06-30": "", "2017-03-31": "", "2016-12-31": "", "2016-09-30": "", "2016-06-30": "", "2016-03-31": "", "2015-12-31": "", "2015-09-30": "", "2015-06-30": "", "2015-03-31": "", "2014-12-31": "", "2014-09-30": "", "2014-06-30": "", "2014-03-31": "", "2013-12-31": "", "2013-09-30": "", "2013-06-30": "", "2013-03-31": "", "2012-12-31": "", "2012-09-30": "", "2012-06-30": "", "2012-03-31": "", "2011-12-31": "", "2011-09-30": "", "2011-06-30": "", "2011-03-31": "", "2010-12-31": "", "2010-09-30": "", "2010-06-30": "", "2010-03-31": "", "2009-12-31": "", "2009-09-30": "", "2009-06-30": "", "2009-03-31": "", "2008-12-31": "", "2008-09-30": "", "2008-06-30": "", "2008-03-31": "", "2007-12-31": "", "2007-09-30": "", "2007-06-30": "", "2007-03-31": "", "2006-12-31": "", "2006-09-30": "", "2006-06-30": "", "2006-03-31": "", "2005-12-31": "", "2005-09-30": "", "2005-06-30": "", "2005-03-31": ""}, "SG&A Expenses": {"2020-03-31": "", "2019-12-31": "", "2019-09-30": "", "2019-06-30": "", "2019-03-31": "", "2018-12-31": "", "2018-09-30": "", "2018-06-30": "", "2018-03-31": "", "2017-12-31": "", "2017-09-30": "", "2017-06-30": "", "2017-03-31": "", "2016-12-31": "", "2016-09-30": "", "2016-06-30": "", "2016-03-31": "", "2015-12-31": "", "2015-09-30": "", "2015-06-30": "", "2015-03-31": "", "2014-12-31": "", "2014-09-30": "", "2014-06-30": "", "2014-03-31": "", "2013-12-31": "", "2013-09-30": "", "2013-06-30": "", "2013-03-31": "", "2012-12-31": "", "2012-09-30": "", "2012-06-30": "", "2012-03-31": "", "2011-12-31": "", "2011-09-30": "", "2011-06-30": "", "2011-03-31": "", "2010-12-31": "", "2010-09-30": "", "2010-06-30": "", "2010-03-31": "", "2009-12-31": "", "2009-09-30": "", "2009-06-30": "", "2009-03-31": "", "2008-12-31": "", "2008-09-30": "", "2008-06-30": "", "2008-03-31": "", "2007-12-31": "", "2007-09-30": "", "2007-06-30": "256.59000", "2007-03-31": "220.70000", "2006-12-31": "205.11000", "2006-09-30": "227.93000", "2006-06-30": "230.08000", "2006-03-31": "219.72000", "2005-12-31": "", "2005-09-30": "", "2005-06-30": "", "2005-03-31": ""}, "Other Operating Income Or Expenses": {"2020-03-31": "-264.36100", "2019-12-31": "-257.24790", "2019-09-30": "-257.19100", "2019-06-30": "-270.82800", "2019-03-31": "-272.25500", "2018-12-31": "-254.55100", "2018-09-30": "-257.74000", "2018-06-30": "-273.68400", "2018-03-31": "-275.09000", "2017-12-31": "-257.16300", "2017-09-30": "-254.61400", "2017-06-30": "-267.41500", "2017-03-31": "-251.55300", "2016-12-31": "-213.88800", "2016-09-30": "-241.13700", "2016-06-30": "-244.14200", "2016-03-31": "-243.26000", "2015-12-31": "-250.26600", "2015-09-30": "-233.11600", "2015-06-30": "-226.76000", "2015-03-31": "-216.57300", "2014-12-31": "-225.95600", "2014-09-30": "-215.61000", "2014-06-30": "-224.46600", "2014-03-31": "-216.95900", "2013-12-31": "-219.78900", "2013-09-30": "-222.61900", "2013-06-30": "-222.89300", "2013-03-31": "-209.69800", "2012-12-31": "-200.98400", "2012-09-30": "-206.48700", "2012-06-30": "-215.67900", "2012-03-31": "-197.50700", "2011-12-31": "-207.64600", "2011-09-30": "-220.79700", "2011-06-30": "-231.87700", "2011-03-31": "-231.89600", "2010-12-31": "-225.30600", "2010-09-30": "-234.61900", "2010-06-30": "-228.66500", "2010-03-31": "-220.08500", "2009-12-31": "-236.00700", "2009-09-30": "-239.01900", "2009-06-30": "-235.05300", "2009-03-31": "-224.07500", "2008-12-31": "", "2008-09-30": "-257.15800", "2008-06-30": "-265.48700", "2008-03-31": "", "2007-12-31": "", "2007-09-30": "", "2007-06-30": "", "2007-03-31": "", "2006-12-31": "0.00000", "2006-09-30": "", "2006-06-30": "", "2006-03-31": "", "2005-12-31": "", "2005-09-30": "", "2005-06-30": "", "2005-03-31": ""}, "Operating Expenses": {"2020-03-31": "668.22800", "2019-12-31": "835.86390", "2019-09-30": "848.13400", "2019-06-30": "852.77300", "2019-03-31": "838.99500", "2018-12-31": "682.86790", "2018-09-30": "868.96900", "2018-06-30": "850.79600", "2018-03-31": "782.59090", "2017-12-31": "776.11420", "2017-09-30": "779.80600", "2017-06-30": "791.59500", "2017-03-31": "735.13900", "2016-12-31": "740.30700", "2016-09-30": "775.42000", "2016-06-30": "760.16800", "2016-03-31": "741.46200", "2015-12-31": "762.26090", "2015-09-30": "653.19900", "2015-06-30": "668.09900", "2015-03-31": "665.20800", "2014-12-31": "683.61670", "2014-09-30": "651.39500", "2014-06-30": "688.86400", "2014-03-31": "697.96800", "2013-12-31": "719.75320", "2013-09-30": "664.64000", "2013-06-30": "689.45000", "2013-03-31": "682.89700", "2012-12-31": "653.00590", "2012-09-30": "670.68300", "2012-06-30": "712.32200", "2012-03-31": "679.30400", "2011-12-31": "698.59300", "2011-09-30": "657.49300", "2011-06-30": "724.90300", "2011-03-31": "690.60800", "2010-12-31": "729.83110", "2010-09-30": "714.08200", "2010-06-30": "718.33800", "2010-03-31": "707.83900", "2009-12-31": "739.94490", "2009-09-30": "741.97390", "2009-06-30": "740.30900", "2009-03-31": "728.77700", "2008-12-31": "", "2008-09-30": "705.63100", "2008-06-30": "744.64600", "2008-03-31": "", "2007-12-31": "1258.00700", "2007-09-30": "", "2007-06-30": "768.76000", "2007-03-31": "682.06000", "2006-12-31": "672.05000", "2006-09-30": "680.64000", "2006-06-30": "688.03000", "2006-03-31": "656.94000", "2005-12-31": "", "2005-09-30": "", "2005-06-30": "", "2005-03-31": ""}, "Operating Income": {"2020-03-31": "-298.54300", "2019-12-31": "221.40920", "2019-09-30": "84.36600", "2019-06-30": "103.90400", "2019-03-31": "284.69800", "2018-12-31": "-164.16800", "2018-09-30": "183.26700", "2018-06-30": "101.27500", "2018-03-31": "20.78410", "2017-12-31": "148.24580", "2017-09-30": "92.94400", "2017-06-30": "42.49810", "2017-03-31": "44.65800", "2016-12-31": "99.08390", "2016-09-30": "47.72200", "2016-06-30": "40.28000", "2016-03-31": "23.50790", "2015-12-31": "81.26230", "2015-09-30": "46.66000", "2015-06-30": "49.40700", "2015-03-31": "91.35900", "2014-12-31": "93.58150", "2014-09-30": "94.77500", "2014-06-30": "65.92200", "2014-03-31": "74.46800", "2013-12-31": "95.24800", "2013-09-30": "120.86400", "2013-06-30": "84.21000", "2013-03-31": "62.14800", "2012-12-31": "100.34940", "2012-09-30": "89.38500", "2012-06-30": "18.64000", "2012-03-31": "63.37100", "2011-12-31": "78.07120", "2011-09-30": "75.21700", "2011-06-30": "36.87700", "2011-03-31": "61.26500", "2010-12-31": "53.27780", "2010-09-30": "79.63400", "2010-06-30": "27.81000", "2010-03-31": "42.36900", "2009-12-31": "44.14110", "2009-09-30": "34.89400", "2009-06-30": "-12.51900", "2009-03-31": "-76.78000", "2008-12-31": "589.13200", "2008-09-30": "-183.53800", "2008-06-30": "-13.08400", "2008-03-31": "726.43600", "2007-12-31": "-530.48810", "2007-09-30": "774.20100", "2007-06-30": "52.95600", "2007-03-31": "65.61100", "2006-12-31": "172.05700", "2006-09-30": "81.77000", "2006-06-30": "71.06700", "2006-03-31": "91.87700", "2005-12-31": "800.07500", "2005-09-30": "752.20900", "2005-06-30": "736.40800", "2005-03-31": "756.78200"}, "Total Non-Operating Income/Expense": {"2020-03-31": "", "2019-12-31": "", "2019-09-30": "", "2019-06-30": "", "2019-03-31": "", "2018-12-31": "", "2018-09-30": "", "2018-06-30": "", "2018-03-31": "", "2017-12-31": "", "2017-09-30": "", "2017-06-30": "", "2017-03-31": "", "2016-12-31": "", "2016-09-30": "", "2016-06-30": "", "2016-03-31": "", "2015-12-31": "", "2015-09-30": "", "2015-06-30": "", "2015-03-31": "", "2014-12-31": "", "2014-09-30": "", "2014-06-30": "", "2014-03-31": "", "2013-12-31": "", "2013-09-30": "", "2013-06-30": "", "2013-03-31": "", "2012-12-31": "", "2012-09-30": "", "2012-06-30": "", "2012-03-31": "", "2011-12-31": "", "2011-09-30": "", "2011-06-30": "", "2011-03-31": "", "2010-12-31": "", "2010-09-30": "", "2010-06-30": "", "2010-03-31": "", "2009-12-31": "", "2009-09-30": "", "2009-06-30": "", "2009-03-31": "", "2008-12-31": "", "2008-09-30": "", "2008-06-30": "", "2008-03-31": "", "2007-12-31": "", "2007-09-30": "", "2007-06-30": "32.41000", "2007-03-31": "5.26000", "2006-12-31": "-17.22000", "2006-09-30": "-2.88000", "2006-06-30": "5.91000", "2006-03-31": "2.33000", "2005-12-31": "", "2005-09-30": "", "2005-06-30": "", "2005-03-31": ""}, "Pre-Tax Income": {"2020-03-31": "-298.54300", "2019-12-31": "221.40900", "2019-09-30": "84.36600", "2019-06-30": "103.90400", "2019-03-31": "284.69800", "2018-12-31": "-164.16800", "2018-09-30": "183.26700", "2018-06-30": "101.27500", "2018-03-31": "20.78400", "2017-12-31": "148.24600", "2017-09-30": "92.94400", "2017-06-30": "42.49800", "2017-03-31": "44.65800", "2016-12-31": "99.08400", "2016-09-30": "47.72200", "2016-06-30": "40.28000", "2016-03-31": "23.50800", "2015-12-31": "81.26200", "2015-09-30": "46.66000", "2015-06-30": "49.40700", "2015-03-31": "91.35900", "2014-12-31": "93.58100", "2014-09-30": "94.77500", "2014-06-30": "65.92200", "2014-03-31": "74.46800", "2013-12-31": "95.24800", "2013-09-30": "120.86400", "2013-06-30": "84.21000", "2013-03-31": "62.14800", "2012-12-31": "100.34900", "2012-09-30": "89.38500", "2012-06-30": "18.64000", "2012-03-31": "63.37100", "2011-12-31": "78.07100", "2011-09-30": "75.21700", "2011-06-30": "36.87700", "2011-03-31": "61.26500", "2010-12-31": "53.27800", "2010-09-30": "79.63400", "2010-06-30": "27.81000", "2010-03-31": "42.36900", "2009-12-31": "44.14100", "2009-09-30": "34.89400", "2009-06-30": "-12.51900", "2009-03-31": "-76.78000", "2008-12-31": "589.13200", "2008-09-30": "-183.53800", "2008-06-30": "-13.08400", "2008-03-31": "726.43600", "2007-12-31": "727.51900", "2007-09-30": "774.20100", "2007-06-30": "85.35000", "2007-03-31": "70.86000", "2006-12-31": "154.85000", "2006-09-30": "78.88000", "2006-06-30": "76.96000", "2006-03-31": "94.20000", "2005-12-31": "800.07500", "2005-09-30": "752.20900", "2005-06-30": "736.40800", "2005-03-31": "756.78200"}, "Income Taxes": {"2020-03-31": "-61.66800", "2019-12-31": "53.61700", "2019-09-30": "22.47500", "2019-06-30": "21.94800", "2019-03-31": "67.37700", "2018-12-31": "-40.92000", "2018-09-30": "19.21900", "2018-06-30": "21.95700", "2018-03-31": "1.18900", "2017-12-31": "-157.43700", "2017-09-30": "37.18300", "2017-06-30": "13.52400", "2017-03-31": "13.73500", "2016-12-31": "49.29600", "2016-09-30": "22.59000", "2016-06-30": "9.89000", "2016-03-31": "-4.07000", "2015-12-31": "24.68600", "2015-09-30": "18.13400", "2015-06-30": "15.21000", "2015-03-31": "45.69000", "2014-12-31": "23.38800", "2014-09-30": "28.53500", "2014-06-30": "21.78300", "2014-03-31": "22.90800", "2013-12-31": "36.19600", "2013-09-30": "35.75900", "2013-06-30": "24.80300", "2013-03-31": "11.31700", "2012-12-31": "33.32900", "2012-09-30": "27.65400", "2012-06-30": "-2.38400", "2012-03-31": "16.98300", "2011-12-31": "20.10400", "2011-09-30": "19.09700", "2011-06-30": "4.39200", "2011-03-31": "16.38500", "2010-12-31": "10.79200", "2010-09-30": "31.25700", "2010-06-30": "3.30700", "2010-03-31": "10.01600", "2009-12-31": "7.59300", "2009-09-30": "3.17800", "2009-06-30": "-10.77600", "2009-03-31": "-31.02300", "2008-12-31": "", "2008-09-30": "-61.95800", "2008-06-30": "-11.02700", "2008-03-31": "", "2007-12-31": "57.84300", "2007-09-30": "", "2007-06-30": "26.36000", "2007-03-31": "21.66000", "2006-12-31": "43.98000", "2006-09-30": "24.08000", "2006-06-30": "25.60000", "2006-03-31": "38.00000", "2005-12-31": "", "2005-09-30": "", "2005-06-30": "", "2005-03-31": ""}, "Income After Taxes": {"2020-03-31": "-236.87500", "2019-12-31": "167.79200", "2019-09-30": "61.89100", "2019-06-30": "81.95600", "2019-03-31": "217.32100", "2018-12-31": "-123.24800", "2018-09-30": "164.04800", "2018-06-30": "79.31800", "2018-03-31": "19.59500", "2017-12-31": "305.68300", "2017-09-30": "55.76100", "2017-06-30": "28.97400", "2017-03-31": "30.92300", "2016-12-31": "49.78800", "2016-09-30": "25.13200", "2016-06-30": "30.39000", "2016-03-31": "27.57800", "2015-12-31": "56.57600", "2015-09-30": "28.52600", "2015-06-30": "34.19700", "2015-03-31": "45.66900", "2014-12-31": "70.19300", "2014-09-30": "66.24000", "2014-06-30": "44.13900", "2014-03-31": "51.56000", "2013-12-31": "59.05200", "2013-09-30": "85.10500", "2013-06-30": "59.40700", "2013-03-31": "50.83100", "2012-12-31": "67.02000", "2012-09-30": "61.73100", "2012-06-30": "21.02400", "2012-03-31": "46.38800", "2011-12-31": "57.96700", "2011-09-30": "56.12000", "2011-06-30": "32.48500", "2011-03-31": "44.88000", "2010-12-31": "42.48600", "2010-09-30": "48.37700", "2010-06-30": "24.50300", "2010-03-31": "32.35300", "2009-12-31": "36.54800", "2009-09-30": "31.71600", "2009-06-30": "-1.74300", "2009-03-31": "-45.75700", "2008-12-31": "589.13200", "2008-09-30": "-121.58000", "2008-06-30": "-2.05700", "2008-03-31": "726.43600", "2007-12-31": "727.51900", "2007-09-30": "774.20100", "2007-06-30": "58.99000", "2007-03-31": "49.20000", "2006-12-31": "110.87000", "2006-09-30": "54.80000", "2006-06-30": "51.36000", "2006-03-31": "56.20000", "2005-12-31": "800.07500", "2005-09-30": "752.20900", "2005-06-30": "736.40800", "2005-03-31": "756.78200"}, "Other Income": {"2020-03-31": "0.57100", "2019-12-31": "2.12400", "2019-09-30": "-1.02300", "2019-06-30": "-0.87100", "2019-03-31": "-0.91400", "2018-12-31": "3.13300", "2018-09-30": "-1.23600", "2018-06-30": "-1.67700", "2018-03-31": "-0.79200", "2017-12-31": "-4.04300", "2017-09-30": "-1.54500", "2017-06-30": "-5.58800", "2017-03-31": "-1.23200", "2016-12-31": "", "2016-09-30": "", "2016-06-30": "", "2016-03-31": "", "2015-12-31": "", "2015-09-30": "", "2015-06-30": "", "2015-03-31": "", "2014-12-31": "", "2014-09-30": "", "2014-06-30": "", "2014-03-31": "", "2013-12-31": "", "2013-09-30": "", "2013-06-30": "", "2013-03-31": "", "2012-12-31": "", "2012-09-30": "", "2012-06-30": "", "2012-03-31": "", "2011-12-31": "", "2011-09-30": "", "2011-06-30": "", "2011-03-31": "", "2010-12-31": "", "2010-09-30": "", "2010-06-30": "", "2010-03-31": "", "2009-12-31": "", "2009-09-30": "", "2009-06-30": "", "2009-03-31": "", "2008-12-31": "", "2008-09-30": "", "2008-06-30": "", "2008-03-31": "", "2007-12-31": "", "2007-09-30": "", "2007-06-30": "", "2007-03-31": "", "2006-12-31": "0.00000", "2006-09-30": "", "2006-06-30": "", "2006-03-31": "", "2005-12-31": "", "2005-09-30": "", "2005-06-30": "", "2005-03-31": ""}, "Income From Continuous Operations": {"2020-03-31": "-220.59700", "2019-12-31": "171.09200", "2019-09-30": "105.94300", "2019-06-30": "97.87500", "2019-03-31": "256.86700", "2018-12-31": "-117.73900", "2018-09-30": "175.84100", "2018-06-30": "84.06200", "2018-03-31": "18.25800", "2017-12-31": "344.11400", "2017-09-30": "76.60300", "2017-06-30": "35.69900", "2017-03-31": "39.19100", "2016-12-31": "60.30200", "2016-09-30": "61.66200", "2016-06-30": "32.18800", "2016-03-31": "28.51500", "2015-12-31": "60.59900", "2015-09-30": "44.86500", "2015-06-30": "34.65900", "2015-03-31": "102.25300", "2014-12-31": "68.57600", "2014-09-30": "69.81600", "2014-06-30": "56.93600", "2014-03-31": "51.49800", "2013-12-31": "65.29700", "2013-09-30": "85.22600", "2013-06-30": "60.48300", "2013-03-31": "59.40800", "2012-12-31": "65.57700", "2012-09-30": "60.83600", "2012-06-30": "21.33800", "2012-03-31": "44.50700", "2011-12-31": "55.47900", "2011-09-30": "59.19700", "2011-06-30": "30.38600", "2011-03-31": "46.74100", "2010-12-31": "39.39200", "2010-09-30": "48.23300", "2010-06-30": "24.56500", "2010-03-31": "32.36000", "2009-12-31": "35.33900", "2009-09-30": "33.82600", "2009-06-30": "-4.92300", "2009-03-31": "-47.69400", "2008-12-31": "-34.56400", "2008-09-30": "-123.11000", "2008-06-30": "-1.70900", "2008-03-31": "39.02500", "2007-12-31": "53.33300", "2007-09-30": "79.24400", "2007-06-30": "58.99400", "2007-03-31": "49.20200", "2006-12-31": "110.86400", "2006-09-30": "54.80200", "2006-06-30": "51.36300", "2006-03-31": "56.20200", "2005-12-31": "35.49000", "2005-09-30": "54.02600", "2005-06-30": "55.50000", "2005-03-31": "90.86300"}, "Income From Discontinued Operations": {"2020-03-31": "", "2019-12-31": "", "2019-09-30": "", "2019-06-30": "", "2019-03-31": "", "2018-12-31": "", "2018-09-30": "", "2018-06-30": "", "2018-03-31": "", "2017-12-31": "", "2017-09-30": "", "2017-06-30": "", "2017-03-31": "", "2016-12-31": "", "2016-09-30": "", "2016-06-30": "", "2016-03-31": "", "2015-12-31": "", "2015-09-30": "", "2015-06-30": "", "2015-03-31": "", "2014-12-31": "", "2014-09-30": "", "2014-06-30": "", "2014-03-31": "", "2013-12-31": "", "2013-09-30": "", "2013-06-30": "", "2013-03-31": "", "2012-12-31": "", "2012-09-30": "", "2012-06-30": "", "2012-03-31": "", "2011-12-31": "", "2011-09-30": "", "2011-06-30": "", "2011-03-31": "", "2010-12-31": "-2.76300", "2010-09-30": "-0.51300", "2010-06-30": "1.77800", "2010-03-31": "0.22300", "2009-12-31": "-1.50300", "2009-09-30": "0.12200", "2009-06-30": "", "2009-03-31": "", "2008-12-31": "0.00000", "2008-09-30": "-0.60400", "2008-06-30": "-1.10000", "2008-03-31": "0.00000", "2007-12-31": "0.00000", "2007-09-30": "0.00000", "2007-06-30": "0.00000", "2007-03-31": "0.00000", "2006-12-31": "0.00000", "2006-09-30": "0.00000", "2006-06-30": "0.00000", "2006-03-31": "0.00000", "2005-12-31": "0.00000", "2005-09-30": "0.00000", "2005-06-30": "0.00000", "2005-03-31": "0.00000"}, "Net Income": {"2020-03-31": "-220.44400", "2019-12-31": "171.12190", "2019-09-30": "92.18400", "2019-06-30": "98.84000", "2019-03-31": "258.21700", "2018-12-31": "-117.38500", "2018-09-30": "173.46400", "2018-06-30": "84.13900", "2018-03-31": "18.77700", "2017-12-31": "344.58300", "2017-09-30": "73.26900", "2017-06-30": "35.95900", "2017-03-31": "39.84000", "2016-12-31": "59.77300", "2016-09-30": "59.28900", "2016-06-30": "32.62500", "2016-03-31": "29.31600", "2015-12-31": "62.94000", "2015-09-30": "42.01300", "2015-06-30": "35.05300", "2015-03-31": "102.98200", "2014-12-31": "68.96800", "2014-09-30": "66.93900", "2014-06-30": "57.17400", "2014-03-31": "52.25400", "2013-12-31": "65.72800", "2013-09-30": "82.61300", "2013-06-30": "58.16900", "2013-03-31": "59.97100", "2012-12-31": "66.13300", "2012-09-30": "59.18600", "2012-06-30": "20.50600", "2012-03-31": "45.21600", "2011-12-31": "56.34700", "2011-09-30": "57.65000", "2011-06-30": "29.24000", "2011-03-31": "47.52800", "2010-12-31": "35.87400", "2010-09-30": "47.05600", "2010-06-30": "26.62200", "2010-03-31": "34.77800", "2009-12-31": "34.97500", "2009-09-30": "32.70000", "2009-06-30": "-4.35500", "2009-03-31": "-47.69500", "2008-12-31": "-34.56400", "2008-09-30": "-125.03300", "2008-06-30": "-2.93500", "2008-03-31": "39.02500", "2007-12-31": "53.33300", "2007-09-30": "79.24400", "2007-06-30": "58.99400", "2007-03-31": "49.20200", "2006-12-31": "110.86400", "2006-09-30": "54.80200", "2006-06-30": "51.36300", "2006-03-31": "56.20200", "2005-12-31": "35.49000", "2005-09-30": "54.02600", "2005-06-30": "55.50000", "2005-03-31": "90.86300"}, "EBITDA": {"2020-03-31": "-285.92900", "2019-12-31": "233.80920", "2019-09-30": "94.50500", "2019-06-30": "120.68500", "2019-03-31": "298.53800", "2018-12-31": "-151.36000", "2018-09-30": "196.72500", "2018-06-30": "114.06600", "2018-03-31": "33.77610", "2017-12-31": "165.28480", "2017-09-30": "101.80500", "2017-06-30": "55.55410", "2017-03-31": "59.63900", "2016-12-31": "108.85190", "2016-09-30": "56.66200", "2016-06-30": "53.93700", "2016-03-31": "36.42090", "2015-12-31": "89.82830", "2015-09-30": "61.60100", "2015-06-30": "57.30100", "2015-03-31": "103.23200", "2014-12-31": "106.55250", "2014-09-30": "109.00200", "2014-06-30": "73.68200", "2014-03-31": "85.21800", "2013-12-31": "103.14300", "2013-09-30": "133.74500", "2013-06-30": "91.82100", "2013-03-31": "70.98900", "2012-12-31": "109.41640", "2012-09-30": "94.31300", "2012-06-30": "-71.03800", "2012-03-31": "174.09900", "2011-12-31": "-222.69280", "2011-09-30": "195.18100", "2011-06-30": "144.37100", "2011-03-31": "179.98800", "2010-12-31": "142.04280", "2010-09-30": "206.17600", "2010-06-30": "153.76000", "2010-03-31": "163.71100", "2009-12-31": "171.89610", "2009-09-30": "136.83600", "2009-06-30": "105.32800", "2009-03-31": "45.18400", "2008-12-31": "702.67800", "2008-09-30": "-60.22300", "2008-06-30": "-13.08400", "2008-03-31": "726.43600", "2007-12-31": "-530.48810", "2007-09-30": "774.20100", "2007-06-30": "52.95600", "2007-03-31": "65.61100", "2006-12-31": "172.05700", "2006-09-30": "81.77000", "2006-06-30": "71.06700", "2006-03-31": "91.87700", "2005-12-31": "800.07500", "2005-09-30": "752.20900", "2005-06-30": "736.40800", "2005-03-31": "756.78200"}, "EBIT": {"2020-03-31": "-298.54300", "2019-12-31": "221.40920", "2019-09-30": "84.36600", "2019-06-30": "103.90400", "2019-03-31": "284.69800", "2018-12-31": "-164.16780", "2018-09-30": "183.26700", "2018-06-30": "101.27500", "2018-03-31": "20.78410", "2017-12-31": "148.24570", "2017-09-30": "92.94400", "2017-06-30": "42.49810", "2017-03-31": "44.65800", "2016-12-31": "99.08380", "2016-09-30": "47.72200", "2016-06-30": "40.28000", "2016-03-31": "23.50790", "2015-12-31": "81.26220", "2015-09-30": "46.66000", "2015-06-30": "49.40700", "2015-03-31": "91.35900", "2014-12-31": "93.58140", "2014-09-30": "94.77500", "2014-06-30": "65.92200", "2014-03-31": "74.46800", "2013-12-31": "95.24790", "2013-09-30": "120.86400", "2013-06-30": "84.21000", "2013-03-31": "62.14800", "2012-12-31": "100.34920", "2012-09-30": "89.38500", "2012-06-30": "18.64000", "2012-03-31": "63.37100", "2011-12-31": "78.07110", "2011-09-30": "75.21700", "2011-06-30": "36.87700", "2011-03-31": "61.26500", "2010-12-31": "53.27780", "2010-09-30": "79.63400", "2010-06-30": "27.81000", "2010-03-31": "42.36900", "2009-12-31": "44.14110", "2009-09-30": "34.89400", "2009-06-30": "-12.51900", "2009-03-31": "-76.78000", "2008-12-31": "589.13200", "2008-09-30": "-183.53800", "2008-06-30": "-13.08400", "2008-03-31": "726.43600", "2007-12-31": "727.51900", "2007-09-30": "774.20100", "2007-06-30": "52.95600", "2007-03-31": "65.61100", "2006-12-31": "172.05700", "2006-09-30": "81.77000", "2006-06-30": "71.06700", "2006-03-31": "91.87700", "2005-12-31": "800.07500", "2005-09-30": "752.20900", "2005-06-30": "736.40800", "2005-03-31": "756.78200"}, "Basic Shares Outstanding": {"2020-03-31": "26.88170", "2019-12-31": "26.88300", "2019-09-30": "26.88200", "2019-06-30": "26.88200", "2019-03-31": "26.88570", "2018-12-31": "26.88600", "2018-09-30": "26.88600", "2018-06-30": "26.88300", "2018-03-31": "26.88900", "2017-12-31": "26.89700", "2017-09-30": "26.89500", "2017-06-30": "26.89300", "2017-03-31": "26.90000", "2016-12-31": "26.90900", "2016-09-30": "26.90800", "2016-06-30": "26.90800", "2016-03-31": "26.91000", "2015-12-31": "26.87700", "2015-09-30": "26.90000", "2015-06-30": "26.87800", "2015-03-31": "26.81800", "2014-12-31": "26.80300", "2014-09-30": "26.80600", "2014-06-30": "26.80300", "2014-03-31": "26.79200", "2013-12-31": "26.79200", "2013-09-30": "26.78000", "2013-06-30": "26.78000", "2013-03-31": "26.76400", "2012-12-31": "26.71500", "2012-09-30": "26.73600", "2012-06-30": "26.68500", "2012-03-31": "26.56500", "2011-12-31": "26.56000", "2011-09-30": "26.56000", "2011-06-30": "26.56000", "2011-03-31": "26.56000", "2010-12-31": "26.55900", "2010-09-30": "26.55900", "2010-06-30": "26.55900", "2010-03-31": "26.55900", "2009-12-31": "26.52900", "2009-09-30": "26.52900", "2009-06-30": "26.49900", "2009-03-31": "26.49900", "2008-12-31": "26.48000", "2008-09-30": "26.48000", "2008-06-30": "26.48000", "2008-03-31": "26.48000", "2007-12-31": "26.48000", "2007-09-30": "26.48000", "2007-06-30": "26.47900", "2007-03-31": "26.61900", "2006-12-31": "26.48000", "2006-09-30": "26.48000", "2006-06-30": "26.48000", "2006-03-31": "26.48000", "2005-12-31": "26.48000", "2005-09-30": "26.48000", "2005-06-30": "26.48000", "2005-03-31": "26.48000"}, "Shares Outstanding": {"2020-03-31": "26.89170", "2019-12-31": "26.89200", "2019-09-30": "26.88800", "2019-06-30": "26.88900", "2019-03-31": "26.89190", "2018-12-31": "26.91700", "2018-09-30": "26.89300", "2018-06-30": "26.91000", "2018-03-31": "26.96400", "2017-12-31": "26.96100", "2017-09-30": "26.95900", "2017-06-30": "26.95600", "2017-03-31": "26.97200", "2016-12-31": "26.96700", "2016-09-30": "26.96700", "2016-06-30": "26.97100", "2016-03-31": "26.96600", "2015-12-31": "26.95000", "2015-09-30": "26.96400", "2015-06-30": "26.95200", "2015-03-31": "26.96400", "2014-12-31": "26.91900", "2014-09-30": "26.91200", "2014-06-30": "26.92600", "2014-03-31": "26.92500", "2013-12-31": "26.91500", "2013-09-30": "26.90500", "2013-06-30": "26.90100", "2013-03-31": "26.88700", "2012-12-31": "26.86400", "2012-09-30": "26.87100", "2012-06-30": "26.85500", "2012-03-31": "26.75900", "2011-12-31": "26.71300", "2011-09-30": "26.71800", "2011-06-30": "26.70600", "2011-03-31": "26.69000", "2010-12-31": "26.68700", "2010-09-30": "26.67800", "2010-06-30": "26.67000", "2010-03-31": "26.65200", "2009-12-31": "26.59700", "2009-09-30": "26.57100", "2009-06-30": "26.49900", "2009-03-31": "26.60700", "2008-12-31": "26.48000", "2008-09-30": "26.63200", "2008-06-30": "26.64600", "2008-03-31": "26.64100", "2007-12-31": "26.63800", "2007-09-30": "26.63300", "2007-06-30": "26.62900", "2007-03-31": "26.48000", "2006-12-31": "26.61200", "2006-09-30": "26.60900", "2006-06-30": "26.60500", "2006-03-31": "26.59500", "2005-12-31": "26.58900", "2005-09-30": "26.48000", "2005-06-30": "26.48000", "2005-03-31": "26.48000"}, "Basic EPS": {"2020-03-31": "-8.20000", "2019-12-31": "6.37000", "2019-09-30": "3.43000", "2019-06-30": "3.68000", "2019-03-31": "9.60000", "2018-12-31": "-4.37000", "2018-09-30": "6.45000", "2018-06-30": "3.13000", "2018-03-31": "0.70000", "2017-12-31": "12.81000", "2017-09-30": "2.72000", "2017-06-30": "1.34000", "2017-03-31": "1.48000", "2016-12-31": "2.23000", "2016-09-30": "2.20000", "2016-06-30": "1.21000", "2016-03-31": "1.09000", "2015-12-31": "2.34000", "2015-09-30": "1.56000", "2015-06-30": "1.30000", "2015-03-31": "3.84000", "2014-12-31": "2.57000", "2014-09-30": "2.50000", "2014-06-30": "2.13000", "2014-03-31": "1.95000", "2013-12-31": "2.46000", "2013-09-30": "3.08000", "2013-06-30": "2.17000", "2013-03-31": "2.24000", "2012-12-31": "2.47000", "2012-09-30": "2.21000", "2012-06-30": "0.77000", "2012-03-31": "1.70000", "2011-12-31": "2.12000", "2011-09-30": "2.17000", "2011-06-30": "1.10000", "2011-03-31": "1.79000", "2010-12-31": "1.35000", "2010-09-30": "1.77000", "2010-06-30": "1.00000", "2010-03-31": "1.31000", "2009-12-31": "1.32000", "2009-09-30": "1.23000", "2009-06-30": "-0.16000", "2009-03-31": "-1.80000", "2008-12-31": "-1.31000", "2008-09-30": "-4.72000", "2008-06-30": "-0.11000", "2008-03-31": "1.47000", "2007-12-31": "2.01000", "2007-09-30": "2.99000", "2007-06-30": "2.23000", "2007-03-31": "1.85000", "2006-12-31": "4.19000", "2006-09-30": "2.07000", "2006-06-30": "1.94000", "2006-03-31": "2.12000", "2005-12-31": "1.34000", "2005-09-30": "2.04000", "2005-06-30": "2.10000", "2005-03-31": "3.43000"}, "EPS - Earnings Per Share": {"2020-03-31": "-8.20000", "2019-12-31": "6.37000", "2019-09-30": "3.43000", "2019-06-30": "3.67000", "2019-03-31": "9.60000", "2018-12-31": "-4.35000", "2018-09-30": "6.44000", "2018-06-30": "3.12000", "2018-03-31": "0.70000", "2017-12-31": "12.78000", "2017-09-30": "2.72000", "2017-06-30": "1.33000", "2017-03-31": "1.48000", "2016-12-31": "2.21000", "2016-09-30": "2.20000", "2016-06-30": "1.21000", "2016-03-31": "1.09000", "2015-12-31": "2.34000", "2015-09-30": "1.56000", "2015-06-30": "1.30000", "2015-03-31": "3.82000", "2014-12-31": "2.57000", "2014-09-30": "2.49000", "2014-06-30": "2.11000", "2014-03-31": "1.94000", "2013-12-31": "2.44000", "2013-09-30": "3.07000", "2013-06-30": "2.16000", "2013-03-31": "2.23000", "2012-12-31": "2.46000", "2012-09-30": "2.20000", "2012-06-30": "0.76000", "2012-03-31": "1.69000", "2011-12-31": "2.11000", "2011-09-30": "2.16000", "2011-06-30": "1.09000", "2011-03-31": "1.78000", "2010-12-31": "1.35000", "2010-09-30": "1.76000", "2010-06-30": "1.00000", "2010-03-31": "1.30000", "2009-12-31": "1.32000", "2009-09-30": "1.23000", "2009-06-30": "-0.16000", "2009-03-31": "-1.80000", "2008-12-31": "-1.31000", "2008-09-30": "-4.69000", "2008-06-30": "-0.11000", "2008-03-31": "1.46000", "2007-12-31": "2.00000", "2007-09-30": "2.98000", "2007-06-30": "2.21000", "2007-03-31": "1.85000", "2006-12-31": "4.17000", "2006-09-30": "2.06000", "2006-06-30": "1.93000", "2006-03-31": "2.11000", "2005-12-31": "1.34000", "2005-09-30": "2.04000", "2005-06-30": "2.10000", "2005-03-31": "3.43000"}}, "balance sheet": {"Cash On Hand": {"2019-12-31": "452.00100", "2018-12-31": "268.16400", "2017-12-31": "375.83700", "2016-12-31": "289.33800", "2015-12-31": "310.93000", "2014-12-31": "209.45500", "2013-12-31": "117.94600", "2012-12-31": "303.00800", "2011-12-31": "102.11400", "2010-12-31": "101.44900", "2009-12-31": "161.48300", "2008-12-31": "66.09600", "2007-12-31": "", "2006-12-31": "214.87000", "2005-12-31": "59.42000"}, "Receivables": {"2019-12-31": "798.42300", "2018-12-31": "826.80200", "2017-12-31": "796.55900", "2016-12-31": "761.66500", "2015-12-31": "777.23400", "2014-12-31": "765.26000", "2013-12-31": "752.54100", "2012-12-31": "759.01500", "2011-12-31": "753.84900", "2010-12-31": "717.91390", "2009-12-31": "708.06400", "2008-12-31": "869.29800", "2007-12-31": "", "2006-12-31": "1015.12000", "2005-12-31": "1035.33000"}, "Inventory": {"2019-12-31": "", "2018-12-31": "", "2017-12-31": "", "2016-12-31": "", "2015-12-31": "", "2014-12-31": "", "2013-12-31": "", "2012-12-31": "", "2011-12-31": "", "2010-12-31": "", "2009-12-31": "", "2008-12-31": "", "2007-12-31": "", "2006-12-31": "", "2005-12-31": ""}, "Pre-Paid Expenses": {"2019-12-31": "", "2018-12-31": "", "2017-12-31": "", "2016-12-31": "", "2015-12-31": "", "2014-12-31": "", "2013-12-31": "", "2012-12-31": "", "2011-12-31": "", "2010-12-31": "", "2009-12-31": "", "2008-12-31": "", "2007-12-31": "", "2006-12-31": "", "2005-12-31": ""}, "Other Current Assets": {"2019-12-31": "", "2018-12-31": "", "2017-12-31": "", "2016-12-31": "", "2015-12-31": "", "2014-12-31": "", "2013-12-31": "", "2012-12-31": "", "2011-12-31": "", "2010-12-31": "", "2009-12-31": "", "2008-12-31": "", "2007-12-31": "", "2006-12-31": "", "2005-12-31": ""}, "Total Current Assets": {"2019-12-31": "1250.42400", "2018-12-31": "1094.96600", "2017-12-31": "1172.39600", "2016-12-31": "1051.00300", "2015-12-31": "1088.16400", "2014-12-31": "974.71500", "2013-12-31": "870.48700", "2012-12-31": "1062.02300", "2011-12-31": "855.96300", "2010-12-31": "819.36290", "2009-12-31": "869.54700", "2008-12-31": "935.39400", "2007-12-31": "", "2006-12-31": "1229.99000", "2005-12-31": "1094.75000"}, "Property, Plant, And Equipment": {"2019-12-31": "106.30300", "2018-12-31": "109.47200", "2017-12-31": "115.81800", "2016-12-31": "116.02800", "2015-12-31": "120.68000", "2014-12-31": "110.79400", "2013-12-31": "107.07000", "2012-12-31": "92.69500", "2011-12-31": "77.90900", "2010-12-31": "77.97400", "2009-12-31": "88.70500", "2008-12-31": "92.45800", "2007-12-31": "", "2006-12-31": "81.43000", "2005-12-31": "90.79000"}, "Long-Term Investments": {"2019-12-31": "24493.67000", "2018-12-31": "23063.09000", "2017-12-31": "22552.75000", "2016-12-31": "20898.75000", "2015-12-31": "20169.72000", "2014-12-31": "20057.44000", "2013-12-31": "19938.09000", "2012-12-31": "19693.80000", "2011-12-31": "19339.01000", "2010-12-31": "18304.31000", "2009-12-31": "16954.67000", "2008-12-31": "14884.81000", "2007-12-31": "", "2006-12-31": "12654.03000", "2005-12-31": "14011.17000"}, "Goodwill And Intangible Assets": {"2019-12-31": "", "2018-12-31": "", "2017-12-31": "", "2016-12-31": "", "2015-12-31": "", "2014-12-31": "", "2013-12-31": "", "2012-12-31": "", "2011-12-31": "", "2010-12-31": "", "2009-12-31": "", "2008-12-31": "", "2007-12-31": "", "2006-12-31": "649.57000", "2005-12-31": "0.00000"}, "Other Long-Term Assets": {"2019-12-31": "1324.16600", "2018-12-31": "1138.70800", "2017-12-31": "1127.78800", "2016-12-31": "1111.57400", "2015-12-31": "1059.23400", "2014-12-31": "1139.37100", "2013-12-31": "1112.99700", "2012-12-31": "996.30000", "2011-12-31": "879.27000", "2010-12-31": "919.54100", "2009-12-31": "871.10000", "2008-12-31": "720.27500", "2007-12-31": "", "2006-12-31": "187.97000", "2005-12-31": "438.63000"}, "Total Long-Term Assets": {"2019-12-31": "27347.14000", "2018-12-31": "25817.39000", "2017-12-31": "25214.37000", "2016-12-31": "23482.22000", "2015-12-31": "22678.39000", "2014-12-31": "22569.82000", "2013-12-31": "22454.39000", "2012-12-31": "22045.05000", "2011-12-31": "21634.03000", "2010-12-31": "20628.84000", "2009-12-31": "19279.96000", "2008-12-31": "17444.04000", "2007-12-31": "", "2006-12-31": "14760.87000", "2005-12-31": "16266.49000"}, "Total Assets": {"2019-12-31": "28597.57000", "2018-12-31": "26912.35000", "2017-12-31": "26386.76000", "2016-12-31": "24533.22000", "2015-12-31": "23766.56000", "2014-12-31": "23544.53000", "2013-12-31": "23324.88000", "2012-12-31": "23107.07000", "2011-12-31": "22490.00000", "2010-12-31": "21448.20000", "2009-12-31": "20149.51000", "2008-12-31": "18379.44000", "2007-12-31": "0.00000", "2006-12-31": "17932.17000", "2005-12-31": "17516.88000"}, "Total Current Liabilities": {"2019-12-31": "6161.34200", "2018-12-31": "5988.54100", "2017-12-31": "5801.86000", "2016-12-31": "5555.47400", "2015-12-31": "5279.30200", "2014-12-31": "4990.34700", "2013-12-31": "4833.20300", "2012-12-31": "4741.28300", "2011-12-31": "4266.51400", "2010-12-31": "4358.01100", "2009-12-31": "3391.79300", "2008-12-31": "3308.60700", "2007-12-31": "", "2006-12-31": "124.07000", "2005-12-31": "139.03000"}, "Long Term Debt": {"2019-12-31": "", "2018-12-31": "", "2017-12-31": "", "2016-12-31": "", "2015-12-31": "", "2014-12-31": "", "2013-12-31": "", "2012-12-31": "", "2011-12-31": "12.50700", "2010-12-31": "12.50800", "2009-12-31": "39.54500", "2008-12-31": "", "2007-12-31": "", "2006-12-31": "", "2005-12-31": ""}, "Other Non-Current Liabilities": {"2019-12-31": "16036.17000", "2018-12-31": "15388.11000", "2017-12-31": "15012.76000", "2016-12-31": "13948.77000", "2015-12-31": "13805.49000", "2014-12-31": "13827.06000", "2013-12-31": "14067.92000", "2012-12-31": "14434.31000", "2011-12-31": "14538.89000", "2010-12-31": "13387.25000", "2009-12-31": "13245.76000", "2008-12-31": "11928.60000", "2007-12-31": "", "2006-12-31": "14211.84000", "2005-12-31": "13977.28000"}, "Total Long Term Liabilities": {"2019-12-31": "16440.46000", "2018-12-31": "15652.30000", "2017-12-31": "15329.13000", "2016-12-31": "14316.25000", "2015-12-31": "14024.78000", "2014-12-31": "14114.24000", "2013-12-31": "14288.35000", "2012-12-31": "14526.46000", "2011-12-31": "14573.25000", "2010-12-31": "13453.50000", "2009-12-31": "13285.31000", "2008-12-31": "11928.60000", "2007-12-31": "", "2006-12-31": "14232.46000", "2005-12-31": "13999.78000"}, "Total Liabilities": {"2019-12-31": "22601.80000", "2018-12-31": "21640.84000", "2017-12-31": "21130.99000", "2016-12-31": "19871.73000", "2015-12-31": "19304.09000", "2014-12-31": "19104.59000", "2013-12-31": "19121.55000", "2012-12-31": "19267.75000", "2011-12-31": "18839.76000", "2010-12-31": "17811.51000", "2009-12-31": "16677.10000", "2008-12-31": "15237.21000", "2007-12-31": "", "2006-12-31": "14356.54000", "2005-12-31": "14138.83000"}, "Common Stock Net": {"2019-12-31": "30.83200", "2018-12-31": "30.83200", "2017-12-31": "30.83200", "2016-12-31": "30.83200", "2015-12-31": "30.83200", "2014-12-31": "30.83200", "2013-12-31": "30.83200", "2012-12-31": "30.83200", "2011-12-31": "30.83200", "2010-12-31": "30.83200", "2009-12-31": "30.83200", "2008-12-31": "30.83200", "2007-12-31": "", "2006-12-31": "30.83000", "2005-12-31": "30.83000"}, "Retained Earnings (Accumulated Deficit)": {"2019-12-31": "5946.85700", "2018-12-31": "5413.95200", "2017-12-31": "4656.13400", "2016-12-31": "4250.81800", "2015-12-31": "4157.18400", "2014-12-31": "3998.64200", "2013-12-31": "3838.82100", "2012-12-31": "3653.28000", "2011-12-31": "3545.54600", "2010-12-31": "3459.91100", "2009-12-31": "3398.49200", "2008-12-31": "3414.94600", "2007-12-31": "", "2006-12-31": "3498.30000", "2005-12-31": "3305.52000"}, "Comprehensive Income": {"2019-12-31": "99.51800", "2018-12-31": "-99.73800", "2017-12-31": "642.21600", "2016-12-31": "455.89900", "2015-12-31": "352.62000", "2014-12-31": "490.78200", "2013-12-31": "413.71200", "2012-12-31": "242.01000", "2011-12-31": "159.40300", "2010-12-31": "225.21200", "2009-12-31": "117.64900", "2008-12-31": "-221.14800", "2007-12-31": "", "2006-12-31": "", "2005-12-31": ""}, "Other Share Holders Equity": {"2019-12-31": "", "2018-12-31": "", "2017-12-31": "", "2016-12-31": "", "2015-12-31": "", "2014-12-31": "", "2013-12-31": "", "2012-12-31": "", "2011-12-31": "", "2010-12-31": "", "2009-12-31": "", "2008-12-31": "", "2007-12-31": "", "2006-12-31": "141.86000", "2005-12-31": "123.57000"}, "Share Holder Equity": {"2019-12-31": "5995.76300", "2018-12-31": "5271.51500", "2017-12-31": "5255.77100", "2016-12-31": "4661.49500", "2015-12-31": "4462.47100", "2014-12-31": "4439.94700", "2013-12-31": "4203.33100", "2012-12-31": "3839.32700", "2011-12-31": "3650.23800", "2010-12-31": "3636.69300", "2009-12-31": "3472.40900", "2008-12-31": "3142.23300", "2007-12-31": "", "2006-12-31": "3575.62000", "2005-12-31": "3378.04000"}, "Total Liabilities And Share Holders Equity": {"2019-12-31": "28597.57000", "2018-12-31": "26912.35000", "2017-12-31": "26386.76000", "2016-12-31": "24533.22000", "2015-12-31": "23766.56000", "2014-12-31": "23544.53000", "2013-12-31": "23324.88000", "2012-12-31": "23107.07000", "2011-12-31": "22490.00000", "2010-12-31": "21448.20000", "2009-12-31": "20149.51000", "2008-12-31": "18379.44000", "2007-12-31": "", "2006-12-31": "17932.17000", "2005-12-31": "17516.88000"}}, "balance sheet, quarterly": {"Cash On Hand": {"2020-03-31": "328.75200", "2019-12-31": "452.00100", "2019-09-30": "436.30700", "2019-06-30": "312.83500", "2019-03-31": "331.72100", "2018-12-31": "268.16400", "2018-09-30": "606.77500", "2018-06-30": "441.23400", "2018-03-31": "329.03600", "2017-12-31": "375.83700", "2017-09-30": "350.72800", "2017-06-30": "442.93300", "2017-03-31": "296.23300", "2016-12-31": "289.33800", "2016-09-30": "107.00000", "2016-06-30": "133.88900", "2016-03-31": "148.94500", "2015-12-31": "310.93000", "2015-09-30": "169.47300", "2015-06-30": "158.98100", "2015-03-31": "170.01700", "2014-12-31": "209.45500", "2014-09-30": "136.14200", "2014-06-30": "134.71600", "2014-03-31": "169.22500", "2013-12-31": "117.94600", "2013-09-30": "122.63700", "2013-06-30": "113.87000", "2013-03-31": "113.17900", "2012-12-31": "303.00800", "2012-09-30": "162.63000", "2012-06-30": "150.74600", "2012-03-31": "100.86700", "2011-12-31": "102.11400", "2011-09-30": "100.10000", "2011-06-30": "78.11400", "2011-03-31": "110.41400", "2010-12-31": "101.44900", "2010-09-30": "164.82900", "2010-06-30": "115.15500", "2010-03-31": "130.39300", "2009-12-31": "161.48300", "2009-09-30": "93.36700", "2009-06-30": "32.63800", "2009-03-31": "", "2008-12-31": "66.09600", "2008-09-30": "", "2008-06-30": "", "2008-03-31": "", "2007-12-31": "", "2007-09-30": "", "2007-06-30": "128.92000", "2007-03-31": "140.95000", "2006-12-31": "214.87000", "2006-09-30": "153.16000", "2006-06-30": "87.36000", "2006-03-31": "47.04000", "2005-12-31": "59.42000", "2005-09-30": "", "2005-06-30": "", "2005-03-31": ""}, "Receivables": {"2020-03-31": "822.21200", "2019-12-31": "798.42300", "2019-09-30": "847.62700", "2019-06-30": "852.16400", "2019-03-31": "816.30700", "2018-12-31": "826.80200", "2018-09-30": "893.78100", "2018-06-30": "852.94700", "2018-03-31": "804.39000", "2017-12-31": "796.55900", "2017-09-30": "809.72800", "2017-06-30": "768.04500", "2017-03-31": "748.51900", "2016-12-31": "761.66500", "2016-09-30": "800.77900", "2016-06-30": "747.73500", "2016-03-31": "742.70500", "2015-12-31": "777.23400", "2015-09-30": "783.74100", "2015-06-30": "792.36300", "2015-03-31": "766.35700", "2014-12-31": "765.26000", "2014-09-30": "760.88400", "2014-06-30": "760.15500", "2014-03-31": "740.53700", "2013-12-31": "752.54100", "2013-09-30": "762.43500", "2013-06-30": "754.34400", "2013-03-31": "747.43900", "2012-12-31": "759.01500", "2012-09-30": "758.33500", "2012-06-30": "759.60600", "2012-03-31": "736.48300", "2011-12-31": "753.84900", "2011-09-30": "788.28700", "2011-06-30": "820.05100", "2011-03-31": "768.06300", "2010-12-31": "717.91390", "2010-09-30": "715.87000", "2010-06-30": "734.41300", "2010-03-31": "706.95500", "2009-12-31": "708.06400", "2009-09-30": "762.16800", "2009-06-30": "789.94800", "2009-03-31": "", "2008-12-31": "869.29800", "2008-09-30": "", "2008-06-30": "", "2008-03-31": "", "2007-12-31": "", "2007-09-30": "", "2007-06-30": "1016.14000", "2007-03-31": "999.72000", "2006-12-31": "1015.12000", "2006-09-30": "1012.52000", "2006-06-30": "1064.82000", "2006-03-31": "1075.42000", "2005-12-31": "1035.33000", "2005-09-30": "", "2005-06-30": "", "2005-03-31": ""}, "Inventory": {"2020-03-31": "", "2019-12-31": "", "2019-09-30": "", "2019-06-30": "", "2019-03-31": "", "2018-12-31": "", "2018-09-30": "", "2018-06-30": "", "2018-03-31": "", "2017-12-31": "", "2017-09-30": "", "2017-06-30": "", "2017-03-31": "", "2016-12-31": "", "2016-09-30": "", "2016-06-30": "", "2016-03-31": "", "2015-12-31": "", "2015-09-30": "", "2015-06-30": "", "2015-03-31": "", "2014-12-31": "", "2014-09-30": "", "2014-06-30": "", "2014-03-31": "", "2013-12-31": "", "2013-09-30": "", "2013-06-30": "", "2013-03-31": "", "2012-12-31": "", "2012-09-30": "", "2012-06-30": "", "2012-03-31": "", "2011-12-31": "", "2011-09-30": "", "2011-06-30": "", "2011-03-31": "", "2010-12-31": "", "2010-09-30": "", "2010-06-30": "", "2010-03-31": "", "2009-12-31": "", "2009-09-30": "", "2009-06-30": "", "2009-03-31": "", "2008-12-31": "", "2008-09-30": "", "2008-06-30": "", "2008-03-31": "", "2007-12-31": "", "2007-09-30": "", "2007-06-30": "", "2007-03-31": "", "2006-12-31": "", "2006-09-30": "", "2006-06-30": "", "2006-03-31": "", "2005-12-31": "", "2005-09-30": "", "2005-06-30": "", "2005-03-31": ""}, "Pre-Paid Expenses": {"2020-03-31": "", "2019-12-31": "", "2019-09-30": "", "2019-06-30": "", "2019-03-31": "", "2018-12-31": "", "2018-09-30": "", "2018-06-30": "", "2018-03-31": "", "2017-12-31": "", "2017-09-30": "", "2017-06-30": "", "2017-03-31": "", "2016-12-31": "", "2016-09-30": "", "2016-06-30": "", "2016-03-31": "", "2015-12-31": "", "2015-09-30": "", "2015-06-30": "", "2015-03-31": "", "2014-12-31": "", "2014-09-30": "", "2014-06-30": "", "2014-03-31": "", "2013-12-31": "", "2013-09-30": "", "2013-06-30": "", "2013-03-31": "", "2012-12-31": "", "2012-09-30": "", "2012-06-30": "", "2012-03-31": "", "2011-12-31": "", "2011-09-30": "", "2011-06-30": "", "2011-03-31": "", "2010-12-31": "", "2010-09-30": "", "2010-06-30": "", "2010-03-31": "", "2009-12-31": "", "2009-09-30": "", "2009-06-30": "", "2009-03-31": "", "2008-12-31": "", "2008-09-30": "", "2008-06-30": "", "2008-03-31": "", "2007-12-31": "", "2007-09-30": "", "2007-06-30": "", "2007-03-31": "", "2006-12-31": "", "2006-09-30": "", "2006-06-30": "", "2006-03-31": "", "2005-12-31": "", "2005-09-30": "", "2005-06-30": "", "2005-03-31": ""}, "Other Current Assets": {"2020-03-31": "", "2019-12-31": "", "2019-09-30": "", "2019-06-30": "", "2019-03-31": "", "2018-12-31": "", "2018-09-30": "", "2018-06-30": "", "2018-03-31": "", "2017-12-31": "", "2017-09-30": "", "2017-06-30": "", "2017-03-31": "", "2016-12-31": "", "2016-09-30": "", "2016-06-30": "", "2016-03-31": "", "2015-12-31": "", "2015-09-30": "", "2015-06-30": "", "2015-03-31": "", "2014-12-31": "", "2014-09-30": "", "2014-06-30": "", "2014-03-31": "", "2013-12-31": "", "2013-09-30": "", "2013-06-30": "", "2013-03-31": "", "2012-12-31": "", "2012-09-30": "", "2012-06-30": "", "2012-03-31": "", "2011-12-31": "", "2011-09-30": "", "2011-06-30": "", "2011-03-31": "", "2010-12-31": "", "2010-09-30": "", "2010-06-30": "", "2010-03-31": "", "2009-12-31": "", "2009-09-30": "", "2009-06-30": "", "2009-03-31": "", "2008-12-31": "", "2008-09-30": "", "2008-06-30": "", "2008-03-31": "", "2007-12-31": "", "2007-09-30": "", "2007-06-30": "", "2007-03-31": "", "2006-12-31": "", "2006-09-30": "", "2006-06-30": "", "2006-03-31": "", "2005-12-31": "", "2005-09-30": "", "2005-06-30": "", "2005-03-31": ""}, "Total Current Assets": {"2020-03-31": "1150.96400", "2019-12-31": "1250.42400", "2019-09-30": "1283.93400", "2019-06-30": "1164.99900", "2019-03-31": "1148.02800", "2018-12-31": "1094.96600", "2018-09-30": "1500.55600", "2018-06-30": "1294.18100", "2018-03-31": "1133.42600", "2017-12-31": "1172.39600", "2017-09-30": "1160.45600", "2017-06-30": "1210.97800", "2017-03-31": "1044.75200", "2016-12-31": "1051.00300", "2016-09-30": "907.77900", "2016-06-30": "881.62400", "2016-03-31": "891.65000", "2015-12-31": "1088.16400", "2015-09-30": "953.21400", "2015-06-30": "951.34410", "2015-03-31": "936.37400", "2014-12-31": "974.71500", "2014-09-30": "897.02600", "2014-06-30": "894.87100", "2014-03-31": "909.76200", "2013-12-31": "870.48700", "2013-09-30": "885.07200", "2013-06-30": "868.21400", "2013-03-31": "860.61800", "2012-12-31": "1062.02300", "2012-09-30": "920.96500", "2012-06-30": "910.35210", "2012-03-31": "837.35000", "2011-12-31": "855.96300", "2011-09-30": "888.38700", "2011-06-30": "898.16500", "2011-03-31": "878.47700", "2010-12-31": "819.36290", "2010-09-30": "880.69900", "2010-06-30": "849.56800", "2010-03-31": "837.34800", "2009-12-31": "869.54700", "2009-09-30": "855.53500", "2009-06-30": "822.58600", "2009-03-31": "", "2008-12-31": "935.39400", "2008-09-30": "", "2008-06-30": "", "2008-03-31": "", "2007-12-31": "", "2007-09-30": "", "2007-06-30": "1145.06000", "2007-03-31": "1140.67000", "2006-12-31": "1229.99000", "2006-09-30": "1165.68000", "2006-06-30": "1152.18000", "2006-03-31": "1122.46000", "2005-12-31": "1094.75000", "2005-09-30": "", "2005-06-30": "", "2005-03-31": ""}, "Property, Plant, And Equipment": {"2020-03-31": "105.70900", "2019-12-31": "106.30300", "2019-09-30": "107.07100", "2019-06-30": "106.69400", "2019-03-31": "106.56300", "2018-12-31": "109.47200", "2018-09-30": "111.49500", "2018-06-30": "112.83400", "2018-03-31": "114.06200", "2017-12-31": "115.81800", "2017-09-30": "116.64900", "2017-06-30": "118.19200", "2017-03-31": "118.24100", "2016-12-31": "116.02800", "2016-09-30": "117.63800", "2016-06-30": "120.42600", "2016-03-31": "119.52200", "2015-12-31": "120.68000", "2015-09-30": "122.01600", "2015-06-30": "119.51400", "2015-03-31": "117.87700", "2014-12-31": "110.79400", "2014-09-30": "119.25900", "2014-06-30": "110.65000", "2014-03-31": "109.23700", "2013-12-31": "107.07000", "2013-09-30": "101.24500", "2013-06-30": "98.10200", "2013-03-31": "90.34900", "2012-12-31": "92.69500", "2012-09-30": "85.33500", "2012-06-30": "82.66000", "2012-03-31": "80.02100", "2011-12-31": "77.90900", "2011-09-30": "78.20900", "2011-06-30": "77.66900", "2011-03-31": "78.37900", "2010-12-31": "77.97400", "2010-09-30": "81.41800", "2010-06-30": "82.81900", "2010-03-31": "85.27800", "2009-12-31": "88.70500", "2009-09-30": "90.61700", "2009-06-30": "93.05500", "2009-03-31": "", "2008-12-31": "92.45800", "2008-09-30": "", "2008-06-30": "", "2008-03-31": "", "2007-12-31": "", "2007-09-30": "", "2007-06-30": "", "2007-03-31": "", "2006-12-31": "", "2006-09-30": "", "2006-06-30": "", "2006-03-31": "", "2005-12-31": "", "2005-09-30": "", "2005-06-30": "", "2005-03-31": ""}, "Long-Term Investments": {"2020-03-31": "23904.37000", "2019-12-31": "24493.67000", "2019-09-30": "24413.89000", "2019-06-30": "24355.96000", "2019-03-31": "23976.36000", "2018-12-31": "23063.09000", "2018-09-30": "22967.67000", "2018-06-30": "22873.01000", "2018-03-31": "22717.55000", "2017-12-31": "22552.75000", "2017-09-30": "22182.73000", "2017-06-30": "21664.57000", "2017-03-31": "21228.07000", "2016-12-31": "20898.75000", "2016-09-30": "21195.36000", "2016-06-30": "20922.58000", "2016-03-31": "20600.79000", "2015-12-31": "20169.72000", "2015-09-30": "20031.19000", "2015-06-30": "19866.69000", "2015-03-31": "20081.38000", "2014-12-31": "20057.44000", "2014-09-30": "20049.25000", "2014-06-30": "20027.91000", "2014-03-31": "19972.98000", "2013-12-31": "19938.09000", "2013-09-30": "19730.21000", "2013-06-30": "19622.76000", "2013-03-31": "19970.57000", "2012-12-31": "19693.80000", "2012-09-30": "19821.21000", "2012-06-30": "19578.51000", "2012-03-31": "19572.57000", "2011-12-31": "19339.01000", "2011-09-30": "19120.53000", "2011-06-30": "19195.40000", "2011-03-31": "18957.10000", "2010-12-31": "18304.31000", "2010-09-30": "18120.72000", "2010-06-30": "17541.21000", "2010-03-31": "17396.39000", "2009-12-31": "16954.67000", "2009-09-30": "16629.71000", "2009-06-30": "16050.13000", "2009-03-31": "", "2008-12-31": "14884.81000", "2008-09-30": "", "2008-06-30": "", "2008-03-31": "", "2007-12-31": "", "2007-09-30": "", "2007-06-30": "14321.15000", "2007-03-31": "13740.65000", "2006-12-31": "12654.03000", "2006-09-30": "13793.54000", "2006-06-30": "13830.13000", "2006-03-31": "13996.24000", "2005-12-31": "14011.17000", "2005-09-30": "", "2005-06-30": "", "2005-03-31": ""}, "Goodwill And Intangible Assets": {"2020-03-31": "", "2019-12-31": "", "2019-09-30": "", "2019-06-30": "", "2019-03-31": "", "2018-12-31": "", "2018-09-30": "", "2018-06-30": "", "2018-03-31": "", "2017-12-31": "", "2017-09-30": "", "2017-06-30": "", "2017-03-31": "", "2016-12-31": "", "2016-09-30": "", "2016-06-30": "", "2016-03-31": "", "2015-12-31": "", "2015-09-30": "", "2015-06-30": "", "2015-03-31": "", "2014-12-31": "", "2014-09-30": "", "2014-06-30": "", "2014-03-31": "", "2013-12-31": "", "2013-09-30": "", "2013-06-30": "", "2013-03-31": "", "2012-12-31": "", "2012-09-30": "", "2012-06-30": "", "2012-03-31": "", "2011-12-31": "", "2011-09-30": "", "2011-06-30": "", "2011-03-31": "", "2010-12-31": "", "2010-09-30": "", "2010-06-30": "", "2010-03-31": "", "2009-12-31": "", "2009-09-30": "", "2009-06-30": "", "2009-03-31": "0.00000", "2008-12-31": "", "2008-09-30": "0.00000", "2008-06-30": "", "2008-03-31": "", "2007-12-31": "", "2007-09-30": "", "2007-06-30": "", "2007-03-31": "", "2006-12-31": "649.57000", "2006-09-30": "", "2006-06-30": "", "2006-03-31": "", "2005-12-31": "0.00000", "2005-09-30": "", "2005-06-30": "", "2005-03-31": ""}, "Other Long-Term Assets": {"2020-03-31": "1163.76800", "2019-12-31": "1324.16600", "2019-09-30": "1262.23200", "2019-06-30": "1272.17500", "2019-03-31": "1268.47800", "2018-12-31": "1138.70800", "2018-09-30": "1222.88400", "2018-06-30": "1097.21100", "2018-03-31": "1081.02500", "2017-12-31": "1127.78800", "2017-09-30": "1079.83500", "2017-06-30": "1062.84000", "2017-03-31": "1096.32900", "2016-12-31": "1111.57400", "2016-09-30": "1043.08300", "2016-06-30": "1040.12200", "2016-03-31": "1041.25200", "2015-12-31": "1059.23400", "2015-09-30": "1036.47700", "2015-06-30": "1117.46300", "2015-03-31": "1168.13600", "2014-12-31": "1139.37100", "2014-09-30": "1141.06300", "2014-06-30": "1159.89500", "2014-03-31": "1132.97600", "2013-12-31": "1112.99700", "2013-09-30": "1111.85000", "2013-06-30": "1092.81900", "2013-03-31": "1039.55800", "2012-12-31": "996.30000", "2012-09-30": "952.44200", "2012-06-30": "913.42700", "2012-03-31": "932.98210", "2011-12-31": "879.27000", "2011-09-30": "846.49700", "2011-06-30": "925.78300", "2011-03-31": "940.60300", "2010-12-31": "919.54100", "2010-09-30": "899.30200", "2010-06-30": "848.48800", "2010-03-31": "899.88800", "2009-12-31": "871.10000", "2009-09-30": "836.94600", "2009-06-30": "753.22900", "2009-03-31": "", "2008-12-31": "720.27500", "2008-09-30": "", "2008-06-30": "", "2008-03-31": "", "2007-12-31": "", "2007-09-30": "", "2007-06-30": "284.74000", "2007-03-31": "269.63000", "2006-12-31": "187.97000", "2006-09-30": "429.04000", "2006-06-30": "421.41000", "2006-03-31": "461.70000", "2005-12-31": "438.63000", "2005-09-30": "", "2005-06-30": "", "2005-03-31": ""}, "Total Long-Term Assets": {"2020-03-31": "26687.85000", "2019-12-31": "27347.14000", "2019-09-30": "27234.58000", "2019-06-30": "27221.18000", "2019-03-31": "26816.40000", "2018-12-31": "25817.39000", "2018-09-30": "25803.36000", "2018-06-30": "25536.66000", "2018-03-31": "25330.45000", "2017-12-31": "25214.37000", "2017-09-30": "24771.36000", "2017-06-30": "24237.34000", "2017-03-31": "23805.81000", "2016-12-31": "23482.22000", "2016-09-30": "23689.01000", "2016-06-30": "23405.62000", "2016-03-31": "23076.24000", "2015-12-31": "22678.39000", "2015-09-30": "22478.80000", "2015-06-30": "22367.81000", "2015-03-31": "22600.42000", "2014-12-31": "22569.82000", "2014-09-30": "22563.68000", "2014-06-30": "22563.18000", "2014-03-31": "22483.50000", "2013-12-31": "22454.39000", "2013-09-30": "22218.06000", "2013-06-30": "22096.35000", "2013-03-31": "22339.96000", "2012-12-31": "22045.05000", "2012-09-30": "22128.85000", "2012-06-30": "21870.61000", "2012-03-31": "21891.89000", "2011-12-31": "21634.03000", "2011-09-30": "21400.53000", "2011-06-30": "21548.78000", "2011-03-31": "21301.54000", "2010-12-31": "20628.84000", "2010-09-30": "20415.45000", "2010-06-30": "19844.59000", "2010-03-31": "19715.94000", "2009-12-31": "19279.96000", "2009-09-30": "18915.90000", "2009-06-30": "18430.78000", "2009-03-31": "", "2008-12-31": "17444.04000", "2008-09-30": "", "2008-06-30": "", "2008-03-31": "", "2007-12-31": "", "2007-09-30": "", "2007-06-30": "16549.16000", "2007-03-31": "15880.30000", "2006-12-31": "14679.44000", "2006-09-30": "16013.79000", "2006-06-30": "16027.12000", "2006-03-31": "16216.84000", "2005-12-31": "16175.70000", "2005-09-30": "", "2005-06-30": "", "2005-03-31": ""}, "Total Assets": {"2020-03-31": "27838.81000", "2019-12-31": "28597.57000", "2019-09-30": "28518.52000", "2019-06-30": "28386.18000", "2019-03-31": "27964.42000", "2018-12-31": "26912.35000", "2018-09-30": "27303.91000", "2018-06-30": "26830.84000", "2018-03-31": "26463.88000", "2017-12-31": "26386.76000", "2017-09-30": "25931.82000", "2017-06-30": "25448.32000", "2017-03-31": "24850.56000", "2016-12-31": "24533.22000", "2016-09-30": "24596.79000", "2016-06-30": "24287.25000", "2016-03-31": "23967.89000", "2015-12-31": "23766.56000", "2015-09-30": "23432.02000", "2015-06-30": "23319.16000", "2015-03-31": "23536.80000", "2014-12-31": "23544.53000", "2014-09-30": "23460.70000", "2014-06-30": "23458.05000", "2014-03-31": "23393.27000", "2013-12-31": "23324.88000", "2013-09-30": "23103.13000", "2013-06-30": "22964.56000", "2013-03-31": "23200.58000", "2012-12-31": "23107.07000", "2012-09-30": "23049.82000", "2012-06-30": "22780.96000", "2012-03-31": "22729.24000", "2011-12-31": "22490.00000", "2011-09-30": "22288.92000", "2011-06-30": "22446.95000", "2011-03-31": "22180.02000", "2010-12-31": "21448.20000", "2010-09-30": "21296.14000", "2010-06-30": "20694.16000", "2010-03-31": "20553.28000", "2009-12-31": "20149.51000", "2009-09-30": "19771.44000", "2009-06-30": "19253.36000", "2009-03-31": "0.00000", "2008-12-31": "18379.44000", "2008-09-30": "0.00000", "2008-06-30": "0.00000", "2008-03-31": "0.00000", "2007-12-31": "0.00000", "2007-09-30": "0.00000", "2007-06-30": "18329.08000", "2007-03-31": "18136.27000", "2006-12-31": "17932.17000", "2006-09-30": "17714.41000", "2006-06-30": "17486.21000", "2006-03-31": "17561.22000", "2005-12-31": "17516.88000", "2005-09-30": "0.00000", "2005-06-30": "0.00000", "2005-03-31": "0.00000"}, "Total Current Liabilities": {"2020-03-31": "6164.83300", "2019-12-31": "6161.34200", "2019-09-30": "6181.29100", "2019-06-30": "6147.13100", "2019-03-31": "6049.42600", "2018-12-31": "5988.54100", "2018-09-30": "5988.04700", "2018-06-30": "5927.10400", "2018-03-31": "5854.29500", "2017-12-31": "5801.86000", "2017-09-30": "5778.88000", "2017-06-30": "5700.05600", "2017-03-31": "5608.62800", "2016-12-31": "5555.47400", "2016-09-30": "5534.01600", "2016-06-30": "5461.85600", "2016-03-31": "5344.89100", "2015-12-31": "5279.30200", "2015-09-30": "5236.96700", "2015-06-30": "5178.26800", "2015-03-31": "5111.81600", "2014-12-31": "4990.34700", "2014-09-30": "5011.26900", "2014-06-30": "4997.45900", "2014-03-31": "4916.30000", "2013-12-31": "4833.20300", "2013-09-30": "4789.29900", "2013-06-30": "4646.02700", "2013-03-31": "4637.25700", "2012-12-31": "4741.28300", "2012-09-30": "4655.82000", "2012-06-30": "4631.84200", "2012-03-31": "4590.73000", "2011-12-31": "4266.51400", "2011-09-30": "4506.71500", "2011-06-30": "4500.29600", "2011-03-31": "4476.42900", "2010-12-31": "4358.01100", "2010-09-30": "4463.06500", "2010-06-30": "4435.89800", "2010-03-31": "4390.89800", "2009-12-31": "3391.79300", "2009-09-30": "4385.84400", "2009-06-30": "4329.01400", "2009-03-31": "", "2008-12-31": "3308.60700", "2008-09-30": "", "2008-06-30": "", "2008-03-31": "", "2007-12-31": "", "2007-09-30": "", "2007-06-30": "273.46000", "2007-03-31": "272.43000", "2006-12-31": "124.07000", "2006-09-30": "286.10000", "2006-06-30": "276.60000", "2006-03-31": "295.29000", "2005-12-31": "139.03000", "2005-09-30": "", "2005-06-30": "", "2005-03-31": ""}, "Long Term Debt": {"2020-03-31": "", "2019-12-31": "", "2019-09-30": "", "2019-06-30": "", "2019-03-31": "", "2018-12-31": "", "2018-09-30": "", "2018-06-30": "", "2018-03-31": "", "2017-12-31": "", "2017-09-30": "", "2017-06-30": "", "2017-03-31": "", "2016-12-31": "", "2016-09-30": "", "2016-06-30": "", "2016-03-31": "", "2015-12-31": "", "2015-09-30": "", "2015-06-30": "", "2015-03-31": "", "2014-12-31": "", "2014-09-30": "", "2014-06-30": "", "2014-03-31": "", "2013-12-31": "", "2013-09-30": "", "2013-06-30": "112.50000", "2013-03-31": "112.50000", "2012-12-31": "", "2012-09-30": "112.50000", "2012-06-30": "12.50000", "2012-03-31": "12.50000", "2011-12-31": "12.50700", "2011-09-30": "58.48100", "2011-06-30": "58.43600", "2011-03-31": "12.50800", "2010-12-31": "12.50800", "2010-09-30": "", "2010-06-30": "", "2010-03-31": "", "2009-12-31": "39.54500", "2009-09-30": "", "2009-06-30": "", "2009-03-31": "", "2008-12-31": "", "2008-09-30": "", "2008-06-30": "", "2008-03-31": "", "2007-12-31": "", "2007-09-30": "", "2007-06-30": "", "2007-03-31": "", "2006-12-31": "", "2006-09-30": "", "2006-06-30": "", "2006-03-31": "", "2005-12-31": "", "2005-09-30": "", "2005-06-30": "", "2005-03-31": ""}, "Other Non-Current Liabilities": {"2020-03-31": "15765.42000", "2019-12-31": "16036.17000", "2019-09-30": "16113.36000", "2019-06-30": "16096.40000", "2019-03-31": "15975.30000", "2018-12-31": "15388.11000", "2018-09-30": "15588.96000", "2018-06-30": "15365.94000", "2018-03-31": "15094.00000", "2017-12-31": "15012.76000", "2017-09-30": "14792.96000", "2017-06-30": "14502.96000", "2017-03-31": "14090.67000", "2016-12-31": "13948.77000", "2016-09-30": "14033.02000", "2016-06-30": "13908.64000", "2016-03-31": "13846.04000", "2015-12-31": "13805.49000", "2015-09-30": "13515.52000", "2015-06-30": "13361.65000", "2015-03-31": "13566.72000", "2014-12-31": "13827.06000", "2014-09-30": "13753.79000", "2014-06-30": "13790.17000", "2014-03-31": "13952.63000", "2013-12-31": "14067.92000", "2013-09-30": "14151.39000", "2013-06-30": "14166.69000", "2013-03-31": "14368.12000", "2012-12-31": "14434.31000", "2012-09-30": "14350.38000", "2012-06-30": "14339.48000", "2012-03-31": "14294.71000", "2011-12-31": "14538.89000", "2011-09-30": "14064.64000", "2011-06-30": "14113.61000", "2011-03-31": "13922.65000", "2010-12-31": "13387.25000", "2010-09-30": "13166.35000", "2010-06-30": "12772.62000", "2010-03-31": "12593.36000", "2009-12-31": "13245.76000", "2009-09-30": "11938.81000", "2009-06-30": "11667.00000", "2009-03-31": "", "2008-12-31": "11928.60000", "2008-09-30": "", "2008-06-30": "", "2008-03-31": "", "2007-12-31": "", "2007-09-30": "", "2007-06-30": "14394.23000", "2007-03-31": "14220.48000", "2006-12-31": "14211.84000", "2006-09-30": "13942.20000", "2006-06-30": "13840.14000", "2006-03-31": "13841.30000", "2005-12-31": "13977.28000", "2005-09-30": "", "2005-06-30": "", "2005-03-31": ""}, "Total Long Term Liabilities": {"2020-03-31": "16066.89000", "2019-12-31": "16440.46000", "2019-09-30": "16505.52000", "2019-06-30": "16471.47000", "2019-03-31": "16322.08000", "2018-12-31": "15652.30000", "2018-09-30": "15934.20000", "2018-06-30": "15661.67000", "2018-03-31": "15388.07000", "2017-12-31": "15329.13000", "2017-09-30": "15269.39000", "2017-06-30": "14948.92000", "2017-03-31": "14504.02000", "2016-12-31": "14316.25000", "2016-09-30": "14381.37000", "2016-06-30": "14208.00000", "2016-03-31": "14097.39000", "2015-12-31": "14024.78000", "2015-09-30": "13750.02000", "2015-06-30": "13645.66000", "2015-03-31": "13893.43000", "2014-12-31": "14114.24000", "2014-09-30": "14040.33000", "2014-06-30": "14082.36000", "2014-03-31": "14206.78000", "2013-12-31": "14288.35000", "2013-09-30": "14288.78000", "2013-06-30": "14385.69000", "2013-03-31": "14616.05000", "2012-12-31": "14526.46000", "2012-09-30": "14555.80000", "2012-06-30": "14401.40000", "2012-03-31": "14383.41000", "2011-12-31": "14573.25000", "2011-09-30": "14143.54000", "2011-06-30": "14242.67000", "2011-03-31": "14014.24000", "2010-12-31": "13453.50000", "2010-09-30": "13214.88000", "2010-06-30": "12772.62000", "2010-03-31": "12621.93000", "2009-12-31": "13285.31000", "2009-09-30": "11938.81000", "2009-06-30": "11667.00000", "2009-03-31": "", "2008-12-31": "11928.60000", "2008-09-30": "", "2008-06-30": "", "2008-03-31": "", "2007-12-31": "", "2007-09-30": "", "2007-06-30": "14402.77000", "2007-03-31": "14250.17000", "2006-12-31": "14232.46000", "2006-09-30": "13943.22000", "2006-06-30": "13843.90000", "2006-03-31": "13874.34000", "2005-12-31": "13999.78000", "2005-09-30": "", "2005-06-30": "", "2005-03-31": ""}, "Total Liabilities": {"2020-03-31": "22231.72000", "2019-12-31": "22601.80000", "2019-09-30": "22686.81000", "2019-06-30": "22618.60000", "2019-03-31": "22371.51000", "2018-12-31": "21640.84000", "2018-09-30": "21922.24000", "2018-06-30": "21588.77000", "2018-03-31": "21242.37000", "2017-12-31": "21130.99000", "2017-09-30": "21048.27000", "2017-06-30": "20648.98000", "2017-03-31": "20112.65000", "2016-12-31": "19871.73000", "2016-09-30": "19915.39000", "2016-06-30": "19669.85000", "2016-03-31": "19442.28000", "2015-12-31": "19304.09000", "2015-09-30": "18986.99000", "2015-06-30": "18823.93000", "2015-03-31": "19005.24000", "2014-12-31": "19104.59000", "2014-09-30": "19051.60000", "2014-06-30": "19079.82000", "2014-03-31": "19123.08000", "2013-12-31": "19121.55000", "2013-09-30": "19078.08000", "2013-06-30": "19031.71000", "2013-03-31": "19253.30000", "2012-12-31": "19267.75000", "2012-09-30": "19211.62000", "2012-06-30": "19033.24000", "2012-03-31": "18974.14000", "2011-12-31": "18839.76000", "2011-09-30": "18650.26000", "2011-06-30": "18742.96000", "2011-03-31": "18490.66000", "2010-12-31": "17811.51000", "2010-09-30": "17677.94000", "2010-06-30": "17208.52000", "2010-03-31": "17012.83000", "2009-12-31": "16677.10000", "2009-09-30": "16324.66000", "2009-06-30": "15996.01000", "2009-03-31": "0.00000", "2008-12-31": "15237.21000", "2008-09-30": "0.00000", "2008-06-30": "", "2008-03-31": "", "2007-12-31": "", "2007-09-30": "", "2007-06-30": "14676.25000", "2007-03-31": "14522.63000", "2006-12-31": "14356.54000", "2006-09-30": "14229.33000", "2006-06-30": "14120.52000", "2006-03-31": "14169.66000", "2005-12-31": "14138.83000", "2005-09-30": "", "2005-06-30": "", "2005-03-31": ""}, "Common Stock Net": {"2020-03-31": "30.83200", "2019-12-31": "30.83200", "2019-09-30": "30.83200", "2019-06-30": "30.83200", "2019-03-31": "30.83200", "2018-12-31": "30.83200", "2018-09-30": "30.83200", "2018-06-30": "30.83200", "2018-03-31": "30.83200", "2017-12-31": "30.83200", "2017-09-30": "30.83200", "2017-06-30": "30.83200", "2017-03-31": "30.83200", "2016-12-31": "30.83200", "2016-09-30": "30.83200", "2016-06-30": "30.83200", "2016-03-31": "30.83200", "2015-12-31": "30.83200", "2015-09-30": "30.83200", "2015-06-30": "30.83200", "2015-03-31": "30.83200", "2014-12-31": "30.83200", "2014-09-30": "30.83200", "2014-06-30": "30.83200", "2014-03-31": "30.83200", "2013-12-31": "30.83200", "2013-09-30": "30.83200", "2013-06-30": "30.83200", "2013-03-31": "30.83200", "2012-12-31": "30.83200", "2012-09-30": "30.83200", "2012-06-30": "30.83200", "2012-03-31": "30.83200", "2011-12-31": "30.83200", "2011-09-30": "30.83200", "2011-06-30": "30.83200", "2011-03-31": "30.83200", "2010-12-31": "30.83200", "2010-09-30": "30.83200", "2010-06-30": "30.83200", "2010-03-31": "30.83200", "2009-12-31": "30.83200", "2009-09-30": "30.83200", "2009-06-30": "30.83200", "2009-03-31": "0.00000", "2008-12-31": "30.83200", "2008-09-30": "0.00000", "2008-06-30": "", "2008-03-31": "", "2007-12-31": "", "2007-09-30": "", "2007-06-30": "30.83000", "2007-03-31": "30.83000", "2006-12-31": "30.83000", "2006-09-30": "30.83000", "2006-06-30": "30.83000", "2006-03-31": "30.83000", "2005-12-31": "30.83000", "2005-09-30": "", "2005-06-30": "", "2005-03-31": ""}, "Retained Earnings (Accumulated Deficit)": {"2020-03-31": "5669.66400", "2019-12-31": "5946.85700", "2019-09-30": "5797.78300", "2019-06-30": "5727.64900", "2019-03-31": "5650.85300", "2018-12-31": "5413.95200", "2018-09-30": "5553.38300", "2018-06-30": "5401.96500", "2018-03-31": "5350.12900", "2017-12-31": "4656.13400", "2017-09-30": "4333.63700", "2017-06-30": "4282.44900", "2017-03-31": "4268.57800", "2016-12-31": "4250.81800", "2016-09-30": "4212.74900", "2016-06-30": "4175.52400", "2016-03-31": "4164.96900", "2015-12-31": "4157.18400", "2015-09-30": "4115.75700", "2015-06-30": "4095.30600", "2015-03-31": "4080.91500", "2014-12-31": "3998.64200", "2014-09-30": "3954.73100", "2014-06-30": "3907.53900", "2014-03-31": "3870.96800", "2013-12-31": "3838.82100", "2013-09-30": "3791.91100", "2013-06-30": "3730.00200", "2013-03-31": "3692.54100", "2012-12-31": "3653.28000", "2012-09-30": "3608.45900", "2012-06-30": "3569.93700", "2012-03-31": "3570.09500", "2011-12-31": "3545.54600", "2011-09-30": "3534.06300", "2011-06-30": "3497.14700", "2011-03-31": "3487.74100", "2010-12-31": "3459.91100", "2010-09-30": "3444.99300", "2010-06-30": "3418.58900", "2010-03-31": "3412.61900", "2009-12-31": "3398.49200", "2009-09-30": "3384.16800", "2009-06-30": "3371.59800", "2009-03-31": "", "2008-12-31": "3414.94600", "2008-09-30": "", "2008-06-30": "", "2008-03-31": "", "2007-12-31": "", "2007-09-30": "", "2007-06-30": "3561.68000", "2007-03-31": "3523.01000", "2006-12-31": "3498.30000", "2006-09-30": "3407.75000", "2006-06-30": "3372.99000", "2006-03-31": "3341.68000", "2005-12-31": "3305.52000", "2005-09-30": "", "2005-06-30": "", "2005-03-31": ""}, "Comprehensive Income": {"2020-03-31": "-12.05300", "2019-12-31": "99.51800", "2019-09-30": "85.44400", "2019-06-30": "86.85200", "2019-03-31": "-13.74900", "2018-12-31": "-99.73800", "2018-09-30": "-123.70900", "2018-06-30": "-110.73400", "2018-03-31": "-86.07000", "2017-12-31": "642.21600", "2017-09-30": "592.23100", "2017-06-30": "560.51100", "2017-03-31": "513.45700", "2016-12-31": "455.89900", "2016-09-30": "514.39900", "2016-06-30": "488.08200", "2016-03-31": "406.46000", "2015-12-31": "352.62000", "2015-09-30": "376.04100", "2015-06-30": "446.86100", "2015-03-31": "498.22300", "2014-12-31": "490.78200", "2014-09-30": "504.33800", "2014-06-30": "521.80400", "2014-03-31": "447.29700", "2013-12-31": "413.71200", "2013-09-30": "281.99500", "2013-06-30": "252.99700", "2013-03-31": "307.75400", "2012-12-31": "242.01000", "2012-09-30": "279.76000", "2012-06-30": "224.26300", "2012-03-31": "238.75400", "2011-12-31": "159.40300", "2011-09-30": "163.03200", "2011-06-30": "264.76600", "2011-03-31": "251.10100", "2010-12-31": "225.21200", "2010-09-30": "217.46300", "2010-06-30": "113.64700", "2010-03-31": "175.08100", "2009-12-31": "117.64900", "2009-09-30": "108.83000", "2009-06-30": "-64.60600", "2009-03-31": "", "2008-12-31": "-221.14800", "2008-09-30": "", "2008-06-30": "", "2008-03-31": "", "2007-12-31": "", "2007-09-30": "", "2007-06-30": "", "2007-03-31": "", "2006-12-31": "", "2006-09-30": "", "2006-06-30": "", "2006-03-31": "", "2005-12-31": "", "2005-09-30": "", "2005-06-30": "", "2005-03-31": ""}, "Other Share Holders Equity": {"2020-03-31": "", "2019-12-31": "", "2019-09-30": "", "2019-06-30": "", "2019-03-31": "", "2018-12-31": "", "2018-09-30": "", "2018-06-30": "", "2018-03-31": "", "2017-12-31": "", "2017-09-30": "", "2017-06-30": "", "2017-03-31": "", "2016-12-31": "", "2016-09-30": "", "2016-06-30": "", "2016-03-31": "", "2015-12-31": "", "2015-09-30": "", "2015-06-30": "", "2015-03-31": "", "2014-12-31": "", "2014-09-30": "", "2014-06-30": "", "2014-03-31": "", "2013-12-31": "", "2013-09-30": "", "2013-06-30": "", "2013-03-31": "", "2012-12-31": "", "2012-09-30": "", "2012-06-30": "", "2012-03-31": "", "2011-12-31": "", "2011-09-30": "", "2011-06-30": "", "2011-03-31": "", "2010-12-31": "", "2010-09-30": "", "2010-06-30": "", "2010-03-31": "", "2009-12-31": "", "2009-09-30": "", "2009-06-30": "", "2009-03-31": "0.00000", "2008-12-31": "", "2008-09-30": "0.00000", "2008-06-30": "", "2008-03-31": "", "2007-12-31": "", "2007-09-30": "", "2007-06-30": "154.70000", "2007-03-31": "154.69000", "2006-12-31": "141.86000", "2006-09-30": "128.38000", "2006-06-30": "43.75000", "2006-03-31": "100.93000", "2005-12-31": "123.57000", "2005-09-30": "", "2005-06-30": "", "2005-03-31": ""}, "Share Holder Equity": {"2020-03-31": "5607.08900", "2019-12-31": "5995.76300", "2019-09-30": "5831.70800", "2019-06-30": "5767.58200", "2019-03-31": "5592.91900", "2018-12-31": "5271.51500", "2018-09-30": "5381.67000", "2018-06-30": "5242.06700", "2018-03-31": "5221.51000", "2017-12-31": "5255.77100", "2017-09-30": "4883.54600", "2017-06-30": "4799.34500", "2017-03-31": "4737.91000", "2016-12-31": "4661.49500", "2016-09-30": "4681.39900", "2016-06-30": "4617.39500", "2016-03-31": "4525.60800", "2015-12-31": "4462.47100", "2015-09-30": "4445.03400", "2015-06-30": "4495.22600", "2015-03-31": "4531.55400", "2014-12-31": "4439.94700", "2014-09-30": "4409.10100", "2014-06-30": "4378.23800", "2014-03-31": "4270.19000", "2013-12-31": "4203.33100", "2013-09-30": "4025.05200", "2013-06-30": "3932.85000", "2013-03-31": "3947.27200", "2012-12-31": "3839.32700", "2012-09-30": "3838.19700", "2012-06-30": "3747.71200", "2012-03-31": "3755.09600", "2011-12-31": "3650.23800", "2011-09-30": "3638.66200", "2011-06-30": "3703.98400", "2011-03-31": "3689.35500", "2010-12-31": "3636.69300", "2010-09-30": "3618.19900", "2010-06-30": "3485.64400", "2010-03-31": "3540.45500", "2009-12-31": "3472.40900", "2009-09-30": "3446.78200", "2009-06-30": "3257.35000", "2009-03-31": "0.00000", "2008-12-31": "3142.23300", "2008-09-30": "0.00000", "2008-06-30": "", "2008-03-31": "", "2007-12-31": "", "2007-09-30": "", "2007-06-30": "3652.83000", "2007-03-31": "3613.63000", "2006-12-31": "3575.62000", "2006-09-30": "3485.08000", "2006-06-30": "3365.69000", "2006-03-31": "3391.55000", "2005-12-31": "3378.04000", "2005-09-30": "", "2005-06-30": "", "2005-03-31": ""}, "Total Liabilities And Share Holders Equity": {"2020-03-31": "27838.81000", "2019-12-31": "28597.57000", "2019-09-30": "28518.52000", "2019-06-30": "28386.18000", "2019-03-31": "27964.42000", "2018-12-31": "26912.35000", "2018-09-30": "27303.91000", "2018-06-30": "26830.84000", "2018-03-31": "26463.88000", "2017-12-31": "26386.76000", "2017-09-30": "25931.82000", "2017-06-30": "25448.32000", "2017-03-31": "24850.56000", "2016-12-31": "24533.22000", "2016-09-30": "24596.79000", "2016-06-30": "24287.25000", "2016-03-31": "23967.89000", "2015-12-31": "23766.56000", "2015-09-30": "23432.02000", "2015-06-30": "23319.16000", "2015-03-31": "23536.80000", "2014-12-31": "23544.53000", "2014-09-30": "23460.70000", "2014-06-30": "23458.05000", "2014-03-31": "23393.27000", "2013-12-31": "23324.88000", "2013-09-30": "23103.13000", "2013-06-30": "22964.56000", "2013-03-31": "23200.58000", "2012-12-31": "23107.07000", "2012-09-30": "23049.82000", "2012-06-30": "22780.96000", "2012-03-31": "22729.24000", "2011-12-31": "22490.00000", "2011-09-30": "22288.92000", "2011-06-30": "22446.95000", "2011-03-31": "22180.02000", "2010-12-31": "21448.20000", "2010-09-30": "21296.14000", "2010-06-30": "20694.16000", "2010-03-31": "20553.28000", "2009-12-31": "20149.51000", "2009-09-30": "19771.44000", "2009-06-30": "19253.36000", "2009-03-31": "0.00000", "2008-12-31": "18379.44000", "2008-09-30": "0.00000", "2008-06-30": "", "2008-03-31": "", "2007-12-31": "", "2007-09-30": "", "2007-06-30": "18329.08000", "2007-03-31": "18136.27000", "2006-12-31": "17932.17000", "2006-09-30": "17714.41000", "2006-06-30": "17486.21000", "2006-03-31": "17561.22000", "2005-12-31": "17516.88000", "2005-09-30": "", "2005-06-30": "", "2005-03-31": ""}}, "cash flow statement": {"Net Income/Loss": {"2019-12-31": "631.77700", "2018-12-31": "160.42200", "2017-12-31": "495.60700", "2016-12-31": "182.66700", "2015-12-31": "242.37600", "2014-12-31": "246.82600", "2013-12-31": "270.41400", "2012-12-31": "192.25800", "2011-12-31": "191.80300", "2010-12-31": "143.27500", "2009-12-31": "15.16700", "2008-12-31": "-153.99800", "2007-12-31": "240.77300", "2006-12-31": "273.23000", "2005-12-31": "235.87000"}, "Total Depreciation And Amortization - Cash Flow": {"2019-12-31": "53.16000", "2018-12-31": "52.04900", "2017-12-31": "53.93700", "2016-12-31": "45.27800", "2015-12-31": "43.27400", "2014-12-31": "45.70800", "2013-12-31": "37.22800", "2012-12-31": "35.04500", "2011-12-31": "45.41700", "2010-12-31": "462.59900", "2009-12-31": "469.50800", "2008-12-31": "467.15500", "2007-12-31": "455.97000", "2006-12-31": "458.77000", "2005-12-31": "414.52000"}, "Other Non-Cash Items": {"2019-12-31": "211.50000", "2018-12-31": "-126.14500", "2017-12-31": "-247.81700", "2016-12-31": "-1.65900", "2015-12-31": "-126.23700", "2014-12-31": "74.83100", "2013-12-31": "137.07600", "2012-12-31": "197.87400", "2011-12-31": "93.25800", "2010-12-31": "-338.49500", "2009-12-31": "-245.00700", "2008-12-31": "-94.54400", "2007-12-31": "-342.93000", "2006-12-31": "", "2005-12-31": ""}, "Total Non-Cash Items": {"2019-12-31": "264.66000", "2018-12-31": "-74.09600", "2017-12-31": "-193.88000", "2016-12-31": "43.61900", "2015-12-31": "-82.96300", "2014-12-31": "120.53900", "2013-12-31": "174.30400", "2012-12-31": "232.91900", "2011-12-31": "138.67500", "2010-12-31": "124.10400", "2009-12-31": "224.50090", "2008-12-31": "372.61100", "2007-12-31": "113.04000", "2006-12-31": "458.77000", "2005-12-31": "414.52000"}, "Change In Accounts Receivable": {"2019-12-31": "19.42500", "2018-12-31": "-40.24600", "2017-12-31": "-36.32500", "2016-12-31": "-11.69100", "2015-12-31": "9.26100", "2014-12-31": "-15.09500", "2013-12-31": "7.51700", "2012-12-31": "-5.00800", "2011-12-31": "7.15300", "2010-12-31": "12.14700", "2009-12-31": "42.15400", "2008-12-31": "-38.41900", "2007-12-31": "9.55200", "2006-12-31": "", "2005-12-31": ""}, "Change In Inventories": {"2019-12-31": "", "2018-12-31": "", "2017-12-31": "", "2016-12-31": "", "2015-12-31": "", "2014-12-31": "", "2013-12-31": "", "2012-12-31": "", "2011-12-31": "", "2010-12-31": "", "2009-12-31": "", "2008-12-31": "", "2007-12-31": "", "2006-12-31": "", "2005-12-31": ""}, "Change In Accounts Payable": {"2019-12-31": "-12.22700", "2018-12-31": "-0.96000", "2017-12-31": "-7.34700", "2016-12-31": "-2.84900", "2015-12-31": "8.47000", "2014-12-31": "8.88700", "2013-12-31": "12.48400", "2012-12-31": "6.67000", "2011-12-31": "-12.69800", "2010-12-31": "-9.54900", "2009-12-31": "-6.93600", "2008-12-31": "-1.95200", "2007-12-31": "-8.56200", "2006-12-31": "", "2005-12-31": ""}, "Change In Assets/Liabilities": {"2019-12-31": "-416.11600", "2018-12-31": "415.07500", "2017-12-31": "220.61800", "2016-12-31": "247.16300", "2015-12-31": "197.73600", "2014-12-31": "185.79000", "2013-12-31": "84.31800", "2012-12-31": "47.33000", "2011-12-31": "123.14600", "2010-12-31": "106.24100", "2009-12-31": "168.11100", "2008-12-31": "58.62100", "2007-12-31": "108.11000", "2006-12-31": "", "2005-12-31": ""}, "Total Change In Assets/Liabilities": {"2019-12-31": "-390.02500", "2018-12-31": "409.18400", "2017-12-31": "194.19800", "2016-12-31": "175.29100", "2015-12-31": "220.04500", "2014-12-31": "189.42000", "2013-12-31": "100.39000", "2012-12-31": "51.56400", "2011-12-31": "109.03000", "2010-12-31": "130.54900", "2009-12-31": "242.18200", "2008-12-31": "-46.93200", "2007-12-31": "109.10000", "2006-12-31": "137.97000", "2005-12-31": "189.36000"}, "Cash Flow From Operating Activities": {"2019-12-31": "506.41200", "2018-12-31": "495.51000", "2017-12-31": "495.92500", "2016-12-31": "401.57700", "2015-12-31": "379.45800", "2014-12-31": "556.78500", "2013-12-31": "545.10800", "2012-12-31": "476.74100", "2011-12-31": "439.50800", "2010-12-31": "397.92800", "2009-12-31": "481.85000", "2008-12-31": "171.68100", "2007-12-31": "462.91300", "2006-12-31": "503.49000", "2005-12-31": "447.06000"}, "Net Change In Property, Plant, And Equipment": {"2019-12-31": "-21.33300", "2018-12-31": "-17.67000", "2017-12-31": "-23.84100", "2016-12-31": "-31.06100", "2015-12-31": "-27.91500", "2014-12-31": "-20.68200", "2013-12-31": "-25.03000", "2012-12-31": "-29.30800", "2011-12-31": "-16.16600", "2010-12-31": "-7.75700", "2009-12-31": "-11.57000", "2008-12-31": "-23.64400", "2007-12-31": "4.94500", "2006-12-31": "144.19000", "2005-12-31": "33.73000"}, "Net Change In Intangible Assets": {"2019-12-31": "", "2018-12-31": "", "2017-12-31": "", "2016-12-31": "", "2015-12-31": "", "2014-12-31": "", "2013-12-31": "", "2012-12-31": "", "2011-12-31": "", "2010-12-31": "", "2009-12-31": "", "2008-12-31": "", "2007-12-31": "", "2006-12-31": "", "2005-12-31": ""}, "Net Acquisitions/Divestitures": {"2019-12-31": "", "2018-12-31": "", "2017-12-31": "", "2016-12-31": "", "2015-12-31": "", "2014-12-31": "", "2013-12-31": "", "2012-12-31": "", "2011-12-31": "", "2010-12-31": "", "2009-12-31": "", "2008-12-31": "", "2007-12-31": "", "2006-12-31": "0.00000", "2005-12-31": "0.00000"}, "Net Change In Short-term Investments": {"2019-12-31": "-773.97500", "2018-12-31": "-444.22300", "2017-12-31": "-993.04200", "2016-12-31": "328.52000", "2015-12-31": "-117.54300", "2014-12-31": "207.71990", "2013-12-31": "181.15990", "2012-12-31": "851.58300", "2011-12-31": "-786.87000", "2010-12-31": "-626.46000", "2009-12-31": "-915.91900", "2008-12-31": "-299.12100", "2007-12-31": "-282.12500", "2006-12-31": "", "2005-12-31": ""}, "Net Change In Long-Term Investments": {"2019-12-31": "416.65200", "2018-12-31": "-210.12900", "2017-12-31": "-208.07190", "2016-12-31": "-769.71700", "2015-12-31": "-74.54490", "2014-12-31": "-24.14100", "2013-12-31": "-160.50200", "2012-12-31": "-957.20900", "2011-12-31": "-201.09990", "2010-12-31": "-456.81100", "2009-12-31": "-424.86810", "2008-12-31": "-370.15900", "2007-12-31": "-145.43800", "2006-12-31": "", "2005-12-31": ""}, "Net Change In Investments - Total": {"2019-12-31": "-357.32310", "2018-12-31": "-654.35210", "2017-12-31": "-1201.11400", "2016-12-31": "-441.19700", "2015-12-31": "-192.08790", "2014-12-31": "183.57890", "2013-12-31": "20.65800", "2012-12-31": "-105.62600", "2011-12-31": "-987.96990", "2010-12-31": "-1083.27100", "2009-12-31": "-1340.78700", "2008-12-31": "-669.28000", "2007-12-31": "-427.56300", "2006-12-31": "-365.29000", "2005-12-31": "-719.43000"}, "Investing Activities - Other": {"2019-12-31": "-145.06700", "2018-12-31": "-212.73900", "2017-12-31": "80.14200", "2016-12-31": "-82.99000", "2015-12-31": "-184.46200", "2014-12-31": "26.16100", "2013-12-31": "-1.33600", "2012-12-31": "10.15600", "2011-12-31": "22.39300", "2010-12-31": "12.88300", "2009-12-31": "5.00100", "2008-12-31": "2.48300", "2007-12-31": "-14.05200", "2006-12-31": "72.26000", "2005-12-31": "-31.91000"}, "Cash Flow From Investing Activities": {"2019-12-31": "-523.72300", "2018-12-31": "-884.76100", "2017-12-31": "-1144.81300", "2016-12-31": "-555.24800", "2015-12-31": "-404.46500", "2014-12-31": "189.05800", "2013-12-31": "-5.70800", "2012-12-31": "-124.77800", "2011-12-31": "-981.74300", "2010-12-31": "-1078.14500", "2009-12-31": "-1347.35600", "2008-12-31": "-690.44100", "2007-12-31": "-436.67000", "2006-12-31": "-148.83000", "2005-12-31": "-717.60000"}, "Net Long-Term Debt": {"2019-12-31": "", "2018-12-31": "", "2017-12-31": "", "2016-12-31": "", "2015-12-31": "", "2014-12-31": "", "2013-12-31": "", "2012-12-31": "", "2011-12-31": "", "2010-12-31": "", "2009-12-31": "", "2008-12-31": "", "2007-12-31": "", "2006-12-31": "", "2005-12-31": ""}, "Net Current Debt": {"2019-12-31": "20.03400", "2018-12-31": "0.50500", "2017-12-31": "1.37700", "2016-12-31": "7.64300", "2015-12-31": "20.25900", "2014-12-31": "-5.67200", "2013-12-31": "-49.53500", "2012-12-31": "104.49000", "2011-12-31": "-1.24600", "2010-12-31": "2.42900", "2009-12-31": "-38.08000", "2008-12-31": "-16.87700", "2007-12-31": "4.72400", "2006-12-31": "-14.95000", "2005-12-31": "10.53000"}, "Debt Issuance/Retirement Net - Total": {"2019-12-31": "20.03400", "2018-12-31": "0.50500", "2017-12-31": "1.37700", "2016-12-31": "7.64300", "2015-12-31": "20.25900", "2014-12-31": "-5.67200", "2013-12-31": "-49.53500", "2012-12-31": "104.49000", "2011-12-31": "-1.24600", "2010-12-31": "2.42900", "2009-12-31": "-38.08000", "2008-12-31": "-16.87700", "2007-12-31": "4.72400", "2006-12-31": "0.00000", "2005-12-31": "0.00000"}, "Net Common Equity Issued/Repurchased": {"2019-12-31": "", "2018-12-31": "", "2017-12-31": "", "2016-12-31": "", "2015-12-31": "", "2014-12-31": "", "2013-12-31": "", "2012-12-31": "", "2011-12-31": "", "2010-12-31": "", "2009-12-31": "", "2008-12-31": "", "2007-12-31": "", "2006-12-31": "", "2005-12-31": ""}, "Net Total Equity Issued/Repurchased": {"2019-12-31": "", "2018-12-31": "", "2017-12-31": "", "2016-12-31": "", "2015-12-31": "", "2014-12-31": "", "2013-12-31": "", "2012-12-31": "", "2011-12-31": "", "2010-12-31": "", "2009-12-31": "", "2008-12-31": "", "2007-12-31": "", "2006-12-31": "0.00000", "2005-12-31": "0.00000"}, "Total Common And Preferred Stock Dividends Paid": {"2019-12-31": "-88.24300", "2018-12-31": "-88.22800", "2017-12-31": "-88.33500", "2016-12-31": "-87.74100", "2015-12-31": "-84.44600", "2014-12-31": "-82.80500", "2013-12-31": "-82.83100", "2012-12-31": "-82.66000", "2011-12-31": "-82.60900", "2010-12-31": "-82.60700", "2009-12-31": "-82.49000", "2008-12-31": "-82.65100", "2007-12-31": "-81.53100", "2006-12-31": "-80.44000", "2005-12-31": "-79.31000"}, "Financial Activities - Other": {"2019-12-31": "269.35700", "2018-12-31": "369.30100", "2017-12-31": "822.34490", "2016-12-31": "212.17710", "2015-12-31": "3.10600", "2014-12-31": "-531.46700", "2013-12-31": "-592.09600", "2012-12-31": "-172.89900", "2011-12-31": "626.75500", "2010-12-31": "700.36100", "2009-12-31": "1081.46300", "2008-12-31": "550.31510", "2007-12-31": "-30.24400", "2006-12-31": "-103.80000", "2005-12-31": "286.20000"}, "Cash Flow From Financial Activities": {"2019-12-31": "201.14800", "2018-12-31": "281.57800", "2017-12-31": "735.38700", "2016-12-31": "132.07900", "2015-12-31": "-61.08100", "2014-12-31": "-619.94400", "2013-12-31": "-724.46200", "2012-12-31": "-151.06900", "2011-12-31": "542.90000", "2010-12-31": "620.18300", "2009-12-31": "960.89300", "2008-12-31": "450.78700", "2007-12-31": "-107.05100", "2006-12-31": "-199.20000", "2005-12-31": "217.41000"}, "Net Cash Flow": {"2019-12-31": "183.83700", "2018-12-31": "-107.67300", "2017-12-31": "86.49900", "2016-12-31": "-21.59200", "2015-12-31": "-86.08800", "2014-12-31": "125.89900", "2013-12-31": "-185.06200", "2012-12-31": "200.89400", "2011-12-31": "0.66500", "2010-12-31": "-60.03400", "2009-12-31": "95.38700", "2008-12-31": "-67.97300", "2007-12-31": "-80.80800", "2006-12-31": "155.45000", "2005-12-31": "-53.13000"}, "Stock-Based Compensation": {"2019-12-31": "", "2018-12-31": "", "2017-12-31": "", "2016-12-31": "", "2015-12-31": "", "2014-12-31": "", "2013-12-31": "", "2012-12-31": "", "2011-12-31": "", "2010-12-31": "", "2009-12-31": "", "2008-12-31": "", "2007-12-31": "", "2006-12-31": "", "2005-12-31": ""}, "Common Stock Dividends Paid": {"2019-12-31": "-88.24300", "2018-12-31": "-88.22800", "2017-12-31": "-88.33500", "2016-12-31": "-87.74100", "2015-12-31": "-84.44600", "2014-12-31": "-82.80500", "2013-12-31": "-82.83100", "2012-12-31": "-82.66000", "2011-12-31": "-82.60900", "2010-12-31": "-82.60700", "2009-12-31": "-82.49000", "2008-12-31": "-82.65100", "2007-12-31": "-81.53100", "2006-12-31": "", "2005-12-31": ""}}, "cash flow statement, quarterly": {"Net Income/Loss": {"2020-03-31": "-220.59700", "2019-12-31": 171.092, "2019-09-30": 105.943, "2019-06-30": 97.875, "2019-03-31": "256.86700", "2018-12-31": -117.739, "2018-09-30": 175.841, "2018-06-30": 84.062, "2018-03-31": "18.25800", "2017-12-31": 344.114, "2017-09-30": 76.603, "2017-06-30": 35.699, "2017-03-31": "39.19100", "2016-12-31": 60.302, "2016-09-30": 61.662, "2016-06-30": 32.188, "2016-03-31": "28.51500", "2015-12-31": 60.599, "2015-09-30": 44.865, "2015-06-30": 34.659, "2015-03-31": "102.25300", "2014-12-31": 68.576, "2014-09-30": 69.816, "2014-06-30": 56.936, "2014-03-31": "51.49800", "2013-12-31": 65.297, "2013-09-30": 85.226, "2013-06-30": 60.483, "2013-03-31": "59.40800", "2012-12-31": 65.577, "2012-09-30": 60.836, "2012-06-30": 21.338, "2012-03-31": "44.50700", "2011-12-31": 55.479, "2011-09-30": 59.197, "2011-06-30": 30.386, "2011-03-31": "46.74100", "2010-12-31": 36.629, "2010-09-30": 47.72, "2010-06-30": 24.148, "2010-03-31": "34.77800", "2009-12-31": 34.517, "2009-09-30": 32.7, "2009-06-30": -4.355, "2009-03-31": "-47.69500", "2008-12-31": -65.055, "2008-09-30": -125.033, "2008-06-30": 36.09, "2008-03-31": "0.00000", "2007-12-31": 240.773, "2007-09-30": 0, "2007-06-30": 0, "2007-03-31": "0.00000", "2006-12-31": 273.23, "2006-09-30": 0, "2006-06-30": 0, "2006-03-31": "0.00000", "2005-12-31": 235.87, "2005-09-30": 0, "2005-06-30": 0, "2005-03-31": "0.00000"}, "Total Depreciation And Amortization - Cash Flow": {"2020-03-31": "12.61400", "2019-12-31": 12.4, "2019-09-30": 10.139, "2019-06-30": 16.781, "2019-03-31": "13.84000", "2018-12-31": 12.808, "2018-09-30": 13.458, "2018-06-30": 12.791, "2018-03-31": "12.99200", "2017-12-31": 17.039, "2017-09-30": 8.861, "2017-06-30": 13.056, "2017-03-31": "14.98100", "2016-12-31": 9.768, "2016-09-30": 8.94, "2016-06-30": 13.657, "2016-03-31": "12.91300", "2015-12-31": 8.566, "2015-09-30": 14.941, "2015-06-30": 7.894, "2015-03-31": "11.87300", "2014-12-31": 12.971, "2014-09-30": 14.227, "2014-06-30": 7.76, "2014-03-31": "10.75000", "2013-12-31": 7.895, "2013-09-30": 12.881, "2013-06-30": 7.611, "2013-03-31": "8.84100", "2012-12-31": 9.067, "2012-09-30": 4.928, "2012-06-30": -89.678, "2012-03-31": "110.72800", "2011-12-31": -300.764, "2011-09-30": 119.964, "2011-06-30": 107.494, "2011-03-31": "118.72300", "2010-12-31": 88.765, "2010-09-30": 126.542, "2010-06-30": 125.95, "2010-03-31": "121.34200", "2009-12-31": 127.755, "2009-09-30": 101.942, "2009-06-30": 117.847, "2009-03-31": "121.96400", "2008-12-31": 113.546, "2008-09-30": 123.315, "2008-06-30": 230.294, "2008-03-31": "", "2007-12-31": 455.97, "2007-09-30": 0, "2007-06-30": 0, "2007-03-31": "", "2006-12-31": 458.77, "2006-09-30": 0, "2006-06-30": 0, "2006-03-31": "", "2005-12-31": 414.52, "2005-09-30": 0, "2005-06-30": 0, "2005-03-31": ""}, "Other Non-Cash Items": {"2020-03-31": "-124.20800", "2019-12-31": 62.763, "2019-09-30": 2.847, "2019-06-30": 63.931, "2019-03-31": "81.95900", "2018-12-31": -204.557, "2018-09-30": 108.929, "2018-06-30": -2.664, "2018-03-31": "-27.85300", "2017-12-31": -211.739, "2017-09-30": -21.643, "2017-06-30": -25.099, "2017-03-31": "10.66400", "2016-12-31": 21.964, "2016-09-30": -12.772, "2016-06-30": -6.056, "2016-03-31": "-4.79500", "2015-12-31": -13.888, "2015-09-30": -38.735, "2015-06-30": -5.233, "2015-03-31": "-68.38100", "2014-12-31": 22.3, "2014-09-30": 13.884, "2014-06-30": 26.63, "2014-03-31": "12.01700", "2013-12-31": 67.696, "2013-09-30": 4.834, "2013-06-30": 9.152, "2013-03-31": "55.39400", "2012-12-31": 42.669, "2012-09-30": 55.72, "2012-06-30": 121.679, "2012-03-31": "-22.19400", "2011-12-31": 378.178, "2011-09-30": -94.994, "2011-06-30": -101.425, "2011-03-31": "-88.50100", "2010-12-31": -36.083, "2010-09-30": -81.605, "2010-06-30": -126.021, "2010-03-31": "-94.78600", "2009-12-31": -84.509, "2009-09-30": -63.589, "2009-06-30": -78.629, "2009-03-31": "-18.28000", "2008-12-31": -75.853, "2008-09-30": 193.591, "2008-06-30": -212.282, "2008-03-31": "", "2007-12-31": -342.93, "2007-09-30": 0, "2007-06-30": 0, "2007-03-31": "", "2006-12-31": 0, "2006-09-30": 0, "2006-06-30": 0, "2006-03-31": "", "2005-12-31": 0, "2005-09-30": 0, "2005-06-30": 0, "2005-03-31": ""}, "Total Non-Cash Items": {"2020-03-31": "-111.59400", "2019-12-31": 75.163, "2019-09-30": 12.986, "2019-06-30": 80.712, "2019-03-31": "95.79900", "2018-12-31": -191.749, "2018-09-30": 122.387, "2018-06-30": 10.127, "2018-03-31": "-14.86100", "2017-12-31": -194.7, "2017-09-30": -12.782, "2017-06-30": -12.043, "2017-03-31": "25.64500", "2016-12-31": 31.732, "2016-09-30": -3.832, "2016-06-30": 7.601, "2016-03-31": "8.11800", "2015-12-31": -5.322, "2015-09-30": -23.794, "2015-06-30": 2.661, "2015-03-31": "-56.50800", "2014-12-31": 35.271, "2014-09-30": 28.111, "2014-06-30": 34.39, "2014-03-31": "22.76700", "2013-12-31": 75.591, "2013-09-30": 17.715, "2013-06-30": 16.763, "2013-03-31": "64.23500", "2012-12-31": 51.736, "2012-09-30": 60.648, "2012-06-30": 32.001, "2012-03-31": "88.53400", "2011-12-31": 77.414, "2011-09-30": 24.97, "2011-06-30": 6.069, "2011-03-31": "30.22200", "2010-12-31": 52.682, "2010-09-30": 44.937, "2010-06-30": -0.071, "2010-03-31": "26.55600", "2009-12-31": 43.2459, "2009-09-30": 38.353, "2009-06-30": 39.218, "2009-03-31": "103.68400", "2008-12-31": 37.693, "2008-09-30": 316.906, "2008-06-30": 18.012, "2008-03-31": "", "2007-12-31": 113.04, "2007-09-30": 0, "2007-06-30": 0, "2007-03-31": "", "2006-12-31": 458.77, "2006-09-30": 0, "2006-06-30": 0, "2006-03-31": "", "2005-12-31": 414.52, "2005-09-30": 0, "2005-06-30": 0, "2005-03-31": ""}, "Change In Accounts Receivable": {"2020-03-31": "-29.65100", "2019-12-31": 42.732, "2019-09-30": 4.683, "2019-06-30": -36.96, "2019-03-31": "8.97000", "2018-12-31": 64.562, "2018-09-30": -40.585, "2018-06-30": -54.76, "2018-03-31": "-9.46300", "2017-12-31": 9.237, "2017-09-30": -40.218, "2017-06-30": -18.25, "2017-03-31": "12.90600", "2016-12-31": 20.944, "2016-09-30": -46.021, "2016-06-30": -8.854, "2016-03-31": "22.24000", "2015-12-31": 13.334, "2015-09-30": 12.624, "2015-06-30": -14.437, "2015-03-31": "-2.26000", "2014-12-31": -4.124, "2014-09-30": 0.241, "2014-06-30": -19.893, "2014-03-31": "8.68100", "2013-12-31": 15.882, "2013-09-30": -8.985, "2013-06-30": -7.222, "2013-03-31": "7.84200", "2012-12-31": 8.439, "2012-09-30": -3.635, "2012-06-30": -25.741, "2012-03-31": "15.92900", "2011-12-31": 79.84, "2011-09-30": 29.555, "2011-06-30": -53.582, "2011-03-31": "-48.66000", "2010-12-31": 29.355, "2010-09-30": 12.765, "2010-06-30": -28.534, "2010-03-31": "-1.43900", "2009-12-31": -60.083, "2009-09-30": 26.981, "2009-06-30": 30.007, "2009-03-31": "45.24900", "2008-12-31": 120.989, "2008-09-30": -143.109, "2008-06-30": -16.299, "2008-03-31": "", "2007-12-31": 9.552, "2007-09-30": 0, "2007-06-30": 0, "2007-03-31": "", "2006-12-31": 0, "2006-09-30": 0, "2006-06-30": 0, "2006-03-31": "", "2005-12-31": 0, "2005-09-30": 0, "2005-06-30": 0, "2005-03-31": ""}, "Change In Inventories": {"2020-03-31": "", "2019-12-31": 0, "2019-09-30": 0, "2019-06-30": 0, "2019-03-31": "", "2018-12-31": 0, "2018-09-30": 0, "2018-06-30": 0, "2018-03-31": "", "2017-12-31": 0, "2017-09-30": 0, "2017-06-30": 0, "2017-03-31": "", "2016-12-31": 0, "2016-09-30": 0, "2016-06-30": 0, "2016-03-31": "", "2015-12-31": 0, "2015-09-30": 0, "2015-06-30": 0, "2015-03-31": "", "2014-12-31": 0, "2014-09-30": 0, "2014-06-30": 0, "2014-03-31": "", "2013-12-31": 0, "2013-09-30": 0, "2013-06-30": 0, "2013-03-31": "", "2012-12-31": 0, "2012-09-30": 0, "2012-06-30": 0, "2012-03-31": "", "2011-12-31": 0, "2011-09-30": 0, "2011-06-30": 0, "2011-03-31": "", "2010-12-31": 0, "2010-09-30": 0, "2010-06-30": 0, "2010-03-31": "", "2009-12-31": 0, "2009-09-30": 0, "2009-06-30": 0, "2009-03-31": "", "2008-12-31": 0, "2008-09-30": 0, "2008-06-30": 0, "2008-03-31": "", "2007-12-31": 0, "2007-09-30": 0, "2007-06-30": 0, "2007-03-31": "", "2006-12-31": 0, "2006-09-30": 0, "2006-06-30": 0, "2006-03-31": "", "2005-12-31": 0, "2005-09-30": 0, "2005-06-30": 0, "2005-03-31": ""}, "Change In Accounts Payable": {"2020-03-31": "8.60400", "2019-12-31": -9.197, "2019-09-30": 5.915, "2019-06-30": -11.753, "2019-03-31": "2.80800", "2018-12-31": -2.209, "2018-09-30": 4.808, "2018-06-30": 2.547, "2018-03-31": "-6.10600", "2017-12-31": -3.751, "2017-09-30": -4.206, "2017-06-30": 0.592, "2017-03-31": "0.01800", "2016-12-31": 0.02, "2016-09-30": -3.128, "2016-06-30": -6.606, "2016-03-31": "6.86500", "2015-12-31": 4.707, "2015-09-30": -5.885, "2015-06-30": 8.042, "2015-03-31": "1.60600", "2014-12-31": 12.616, "2014-09-30": -3.164, "2014-06-30": 9.371, "2014-03-31": "-9.93600", "2013-12-31": 8.854, "2013-09-30": -4.093, "2013-06-30": 9.142, "2013-03-31": "-1.41900", "2012-12-31": 10.547, "2012-09-30": -6.565, "2012-06-30": 5.766, "2012-03-31": "-3.07800", "2011-12-31": 4.45, "2011-09-30": -6.428, "2011-06-30": -8.682, "2011-03-31": "-2.03800", "2010-12-31": 4.783, "2010-09-30": -10.341, "2010-06-30": -2.08, "2010-03-31": "-1.91100", "2009-12-31": -5.863, "2009-09-30": 2.63, "2009-06-30": 0.729, "2009-03-31": "-4.43200", "2008-12-31": 2.909, "2008-09-30": 3.528, "2008-06-30": -8.389, "2008-03-31": "", "2007-12-31": -8.562, "2007-09-30": 0, "2007-06-30": 0, "2007-03-31": "", "2006-12-31": 0, "2006-09-30": 0, "2006-06-30": 0, "2006-03-31": "", "2005-12-31": 0, "2005-09-30": 0, "2005-06-30": 0, "2005-03-31": ""}, "Change In Assets/Liabilities": {"2020-03-31": "442.89700", "2019-12-31": -192.802, "2019-09-30": 49.455, "2019-06-30": -58.935, "2019-03-31": "-213.83400", "2018-12-31": 344.242, "2018-09-30": -110.033, "2018-06-30": 85.839, "2018-03-31": "95.02700", "2017-12-31": -26.017, "2017-09-30": 91.211, "2017-06-30": 119.845, "2017-03-31": "35.57900", "2016-12-31": -31.732, "2016-09-30": 100.472, "2016-06-30": 100.573, "2016-03-31": "77.85000", "2015-12-31": 58.723, "2015-09-30": 90.139, "2015-06-30": 4.104, "2015-03-31": "44.77000", "2014-12-31": 75.642, "2014-09-30": 8.712, "2014-06-30": -2.748, "2014-03-31": "104.18400", "2013-12-31": 61.194, "2013-09-30": -3.401, "2013-06-30": 48.293, "2013-03-31": "-21.76800", "2012-12-31": 38.61, "2012-09-30": -58.652, "2012-06-30": 109.547, "2012-03-31": "-42.17500", "2011-12-31": -14.963, "2011-09-30": -30.586, "2011-06-30": 59.062, "2011-03-31": "109.63300", "2010-12-31": -27.112, "2010-09-30": 3.526, "2010-06-30": 63.468, "2010-03-31": "66.35900", "2009-12-31": 125.288, "2009-09-30": 51.5, "2009-06-30": -85.163, "2009-03-31": "76.48600", "2008-12-31": -127.423, "2008-09-30": 66.076, "2008-06-30": 119.968, "2008-03-31": "", "2007-12-31": 108.11, "2007-09-30": 0, "2007-06-30": 0, "2007-03-31": "", "2006-12-31": 0, "2006-09-30": 0, "2006-06-30": 0, "2006-03-31": "", "2005-12-31": 0, "2005-09-30": 0, "2005-06-30": 0, "2005-03-31": ""}, "Total Change In Assets/Liabilities": {"2020-03-31": "444.24200", "2019-12-31": -135.039, "2019-09-30": 44.495, "2019-06-30": -114.484, "2019-03-31": "-184.99700", "2018-12-31": 440.456, "2018-09-30": -187.809, "2018-06-30": 39.858, "2018-03-31": "116.67900", "2017-12-31": -24.85, "2017-09-30": 75.755, "2017-06-30": 98.05, "2017-03-31": "45.24300", "2016-12-31": -20.217, "2016-09-30": 40.762, "2016-06-30": 60.568, "2016-03-31": "94.17800", "2015-12-31": 65.065, "2015-09-30": 97.694, "2015-06-30": -19.703, "2015-03-31": "76.98900", "2014-12-31": 79.868, "2014-09-30": 19.276, "2014-06-30": -21.522, "2014-03-31": "111.79800", "2013-12-31": 51.026, "2013-09-30": 6.617, "2013-06-30": 48.762, "2013-03-31": "-6.01500", "2012-12-31": 38.312, "2012-09-30": -61.434, "2012-06-30": 91.627, "2012-03-31": "-16.94100", "2011-12-31": 54.135, "2011-09-30": 6.584, "2011-06-30": -26.246, "2011-03-31": "74.55700", "2010-12-31": 16.147, "2010-09-30": 24.985, "2010-06-30": 17.121, "2010-03-31": "72.29600", "2009-12-31": 49.155, "2009-09-30": 85.911, "2009-06-30": 12.286, "2009-03-31": "94.83000", "2008-12-31": -44.855, "2008-09-30": -67.855, "2008-06-30": 65.778, "2008-03-31": "", "2007-12-31": 109.1, "2007-09-30": 0, "2007-06-30": 0, "2007-03-31": "", "2006-12-31": 137.97, "2006-09-30": 0, "2006-06-30": 0, "2006-03-31": "", "2005-12-31": 189.36, "2005-09-30": 0, "2005-06-30": 0, "2005-03-31": ""}, "Cash Flow From Operating Activities": {"2020-03-31": "112.05100", "2019-12-31": 111.216, "2019-09-30": 163.424, "2019-06-30": 64.103, "2019-03-31": "167.66900", "2018-12-31": 130.968, "2018-09-30": 110.419, "2018-06-30": 134.047, "2018-03-31": "120.07600", "2017-12-31": 124.564, "2017-09-30": 139.576, "2017-06-30": 121.706, "2017-03-31": "110.07900", "2016-12-31": 71.817, "2016-09-30": 98.592, "2016-06-30": 100.357, "2016-03-31": "130.81100", "2015-12-31": 120.342, "2015-09-30": 118.765, "2015-06-30": 17.617, "2015-03-31": "122.73400", "2014-12-31": 183.715, "2014-09-30": 117.203, "2014-06-30": 69.804, "2014-03-31": "186.06300", "2013-12-31": 191.914, "2013-09-30": 109.558, "2013-06-30": 126.008, "2013-03-31": "117.62800", "2012-12-31": 155.625, "2012-09-30": 60.05, "2012-06-30": 144.966, "2012-03-31": "116.10000", "2011-12-31": 187.028, "2011-09-30": 90.751, "2011-06-30": 10.209, "2011-03-31": "151.52000", "2010-12-31": 105.458, "2010-09-30": 117.642, "2010-06-30": 41.198, "2010-03-31": "133.63000", "2009-12-31": 126.918, "2009-09-30": 156.964, "2009-06-30": 47.149, "2009-03-31": "150.81900", "2008-12-31": -72.217, "2008-09-30": 124.018, "2008-06-30": 119.88, "2008-03-31": "", "2007-12-31": 462.913, "2007-09-30": 0, "2007-06-30": 0, "2007-03-31": "", "2006-12-31": 503.49, "2006-09-30": 0, "2006-06-30": 0, "2006-03-31": "", "2005-12-31": 447.06, "2005-09-30": 0, "2005-06-30": 0, "2005-03-31": ""}, "Net Change In Property, Plant, And Equipment": {"2020-03-31": "-5.35400", "2019-12-31": -5.308, "2019-09-30": -6.6, "2019-06-30": -6.221, "2019-03-31": "-3.20400", "2018-12-31": -4.236, "2018-09-30": -4.609, "2018-06-30": -4.593, "2018-03-31": "-4.23200", "2017-12-31": -5.233, "2017-09-30": -3.959, "2017-06-30": -5.469, "2017-03-31": "-9.18000", "2016-12-31": -15.401, "2016-09-30": -3.635, "2016-06-30": -6.932, "2016-03-31": "-5.09300", "2015-12-31": -0.381, "2015-09-30": -10.737, "2015-06-30": -4.017, "2015-03-31": "-12.78000", "2014-12-31": -10.215, "2014-09-30": -3.351, "2014-06-30": -1.824, "2014-03-31": "-5.29200", "2013-12-31": -7.746, "2013-09-30": -7.73, "2013-06-30": -8.329, "2013-03-31": "-1.22500", "2012-12-31": -10.898, "2012-09-30": -6.29, "2012-06-30": -6.244, "2012-03-31": "-5.87600", "2011-12-31": -3.969, "2011-09-30": -4.549, "2011-06-30": -3.201, "2011-03-31": "-4.44700", "2010-12-31": -1.479, "2010-09-30": -3.342, "2010-06-30": -2.206, "2010-03-31": "-0.73000", "2009-12-31": -0.767, "2009-09-30": -2.036, "2009-06-30": -8.164, "2009-03-31": "-0.60300", "2008-12-31": -9.627, "2008-09-30": -7.014, "2008-06-30": -7.003, "2008-03-31": "", "2007-12-31": 4.945, "2007-09-30": 0, "2007-06-30": 0, "2007-03-31": "", "2006-12-31": 144.19, "2006-09-30": 0, "2006-06-30": 0, "2006-03-31": "", "2005-12-31": 33.73, "2005-09-30": 0, "2005-06-30": 0, "2005-03-31": ""}, "Net Change In Intangible Assets": {"2020-03-31": "", "2019-12-31": 0, "2019-09-30": 0, "2019-06-30": 0, "2019-03-31": "", "2018-12-31": 0, "2018-09-30": 0, "2018-06-30": 0, "2018-03-31": "", "2017-12-31": 0, "2017-09-30": 0, "2017-06-30": 0, "2017-03-31": "", "2016-12-31": 0, "2016-09-30": 0, "2016-06-30": 0, "2016-03-31": "", "2015-12-31": 0, "2015-09-30": 0, "2015-06-30": 0, "2015-03-31": "", "2014-12-31": 0, "2014-09-30": 0, "2014-06-30": 0, "2014-03-31": "", "2013-12-31": 0, "2013-09-30": 0, "2013-06-30": 0, "2013-03-31": "", "2012-12-31": 0, "2012-09-30": 0, "2012-06-30": 0, "2012-03-31": "", "2011-12-31": 0, "2011-09-30": 0, "2011-06-30": 0, "2011-03-31": "", "2010-12-31": 0, "2010-09-30": 0, "2010-06-30": 0, "2010-03-31": "", "2009-12-31": 0, "2009-09-30": 0, "2009-06-30": 0, "2009-03-31": "", "2008-12-31": 0, "2008-09-30": 0, "2008-06-30": 0, "2008-03-31": "", "2007-12-31": 0, "2007-09-30": 0, "2007-06-30": 0, "2007-03-31": "", "2006-12-31": 0, "2006-09-30": 0, "2006-06-30": 0, "2006-03-31": "", "2005-12-31": 0, "2005-09-30": 0, "2005-06-30": 0, "2005-03-31": ""}, "Net Acquisitions/Divestitures": {"2020-03-31": "", "2019-12-31": 0, "2019-09-30": 0, "2019-06-30": 0, "2019-03-31": "", "2018-12-31": 0, "2018-09-30": 0, "2018-06-30": 0, "2018-03-31": "", "2017-12-31": 0, "2017-09-30": 0, "2017-06-30": 0, "2017-03-31": "", "2016-12-31": 0, "2016-09-30": 0, "2016-06-30": 0, "2016-03-31": "", "2015-12-31": 0, "2015-09-30": 0, "2015-06-30": 0, "2015-03-31": "", "2014-12-31": 0, "2014-09-30": 0, "2014-06-30": 0, "2014-03-31": "", "2013-12-31": 0, "2013-09-30": 0, "2013-06-30": 0, "2013-03-31": "", "2012-12-31": 0, "2012-09-30": 0, "2012-06-30": 0, "2012-03-31": "", "2011-12-31": 0, "2011-09-30": 0, "2011-06-30": 0, "2011-03-31": "", "2010-12-31": 0, "2010-09-30": 0, "2010-06-30": 0, "2010-03-31": "", "2009-12-31": 0, "2009-09-30": 0, "2009-06-30": 0, "2009-03-31": "", "2008-12-31": 0, "2008-09-30": 0, "2008-06-30": 0, "2008-03-31": "", "2007-12-31": 0, "2007-09-30": 0, "2007-06-30": 0, "2007-03-31": "", "2006-12-31": 0, "2006-09-30": 0, "2006-06-30": 0, "2006-03-31": "", "2005-12-31": 0, "2005-09-30": 0, "2005-06-30": 0, "2005-03-31": ""}, "Net Change In Short-term Investments": {"2020-03-31": "23.98300", "2019-12-31": 182.187, "2019-09-30": -181.3349, "2019-06-30": -58.2871, "2019-03-31": "-716.54000", "2018-12-31": -278.8909, "2018-09-30": -111.4651, "2018-06-30": 60.701, "2018-03-31": "-114.56800", "2017-12-31": -363.3171, "2017-09-30": -420.6349, "2017-06-30": -157.216, "2017-03-31": "-51.87400", "2016-12-31": 157.769, "2016-09-30": -37.085, "2016-06-30": 214.177, "2016-03-31": "-6.34100", "2015-12-31": -96.351, "2015-09-30": -167.701, "2015-06-30": 103.616, "2015-03-31": "42.89300", "2014-12-31": 108.7148, "2014-09-30": -68.7019, "2014-06-30": 117.464, "2014-03-31": "50.24300", "2013-12-31": -154.613, "2013-09-30": 177.1649, "2013-06-30": 239.581, "2013-03-31": "-80.97300", "2012-12-31": 848.44, "2012-09-30": -71.677, "2012-06-30": 78.69, "2012-03-31": "-3.87000", "2011-12-31": -43.858, "2011-09-30": -9.931, "2011-06-30": -397.972, "2011-03-31": "-335.10900", "2010-12-31": -138.734, "2010-09-30": -123.842, "2010-06-30": -141.323, "2010-03-31": "-222.56100", "2009-12-31": -99.218, "2009-09-30": -142.75, "2009-06-30": -177.998, "2009-03-31": "-495.95300", "2008-12-31": -103.937, "2008-09-30": 45.542, "2008-06-30": -240.726, "2008-03-31": "", "2007-12-31": -282.125, "2007-09-30": 0, "2007-06-30": 0, "2007-03-31": "", "2006-12-31": 0, "2006-09-30": 0, "2006-06-30": 0, "2006-03-31": "", "2005-12-31": 0, "2005-09-30": 0, "2005-06-30": 0, "2005-03-31": ""}, "Net Change In Long-Term Investments": {"2020-03-31": "-8.13800", "2019-12-31": 117.927, "2019-09-30": 272.926, "2019-06-30": -216.064, "2019-03-31": "241.86300", "2018-12-31": 77.013, "2018-09-30": 123.016, "2018-06-30": -248.312, "2018-03-31": "-161.84600", "2017-12-31": 83.0871, "2017-09-30": -49.2139, "2017-06-30": -132.7381, "2017-03-31": "-109.20700", "2016-12-31": -123.27, "2016-09-30": -111.613, "2016-06-30": -317.416, "2016-03-31": "-217.41800", "2015-12-31": -83.8709, "2015-09-30": -74.292, "2015-06-30": 56.482, "2015-03-31": "27.13600", "2014-12-31": -65.845, "2014-09-30": 30.4309, "2014-06-30": -33.8619, "2014-03-31": "45.13500", "2013-12-31": -18.024, "2013-09-30": -116.156, "2013-06-30": -5.278, "2013-03-31": "-21.04400", "2012-12-31": -757.277, "2012-09-30": -21.691, "2012-06-30": -132.705, "2012-03-31": "-45.53600", "2011-12-31": -149.8418, "2011-09-30": -110.7181, "2011-06-30": 179.061, "2011-03-31": "-119.60100", "2010-12-31": -159.1519, "2010-09-30": -128.4241, "2010-06-30": -77, "2010-03-31": "-92.23500", "2009-12-31": -178.0791, "2009-09-30": -90.252, "2009-06-30": -121.095, "2009-03-31": "-35.44200", "2008-12-31": 232.066, "2008-09-30": -163.164, "2008-06-30": -439.061, "2008-03-31": "", "2007-12-31": -145.438, "2007-09-30": 0, "2007-06-30": 0, "2007-03-31": "", "2006-12-31": 0, "2006-09-30": 0, "2006-06-30": 0, "2006-03-31": "", "2005-12-31": 0, "2005-09-30": 0, "2005-06-30": 0, "2005-03-31": ""}, "Net Change In Investments - Total": {"2020-03-31": "15.84500", "2019-12-31": 300.1139, "2019-09-30": 91.5911, "2019-06-30": -274.351, "2019-03-31": "-474.67710", "2018-12-31": -201.878, "2018-09-30": 11.5509, "2018-06-30": -187.611, "2018-03-31": "-276.41400", "2017-12-31": -280.2301, "2017-09-30": -469.8489, "2017-06-30": -289.954, "2017-03-31": "-161.08100", "2016-12-31": 34.499, "2016-09-30": -148.698, "2016-06-30": -103.239, "2016-03-31": "-223.75900", "2015-12-31": -180.2219, "2015-09-30": -241.9931, "2015-06-30": 160.0981, "2015-03-31": "70.02900", "2014-12-31": 42.8698, "2014-09-30": -38.271, "2014-06-30": 83.6021, "2014-03-31": "95.37800", "2013-12-31": -172.6369, "2013-09-30": 61.0089, "2013-06-30": 234.303, "2013-03-31": "-102.01700", "2012-12-31": 91.163, "2012-09-30": -93.368, "2012-06-30": -54.015, "2012-03-31": "-49.40600", "2011-12-31": -193.6998, "2011-09-30": -120.6491, "2011-06-30": -218.911, "2011-03-31": "-454.71000", "2010-12-31": -297.8859, "2010-09-30": -252.2661, "2010-06-30": -218.323, "2010-03-31": "-314.79600", "2009-12-31": -277.297, "2009-09-30": -233.002, "2009-06-30": -299.093, "2009-03-31": "-531.39500", "2008-12-31": 128.129, "2008-09-30": -117.622, "2008-06-30": -679.787, "2008-03-31": "", "2007-12-31": -427.563, "2007-09-30": 0, "2007-06-30": 0, "2007-03-31": "", "2006-12-31": -365.29, "2006-09-30": 0, "2006-06-30": 0, "2006-03-31": "", "2005-12-31": -719.43, "2005-09-30": 0, "2005-06-30": 0, "2005-03-31": ""}, "Investing Activities - Other": {"2020-03-31": "-205.74300", "2019-12-31": -224.751, "2019-09-30": -4.882, "2019-06-30": 62.269, "2019-03-31": "22.29700", "2018-12-31": -247.187, "2018-09-30": 41.719, "2018-06-30": 35.806, "2018-03-31": "-43.07700", "2017-12-31": 31.29, "2017-09-30": 31.668, "2017-06-30": 2.221, "2017-03-31": "14.96300", "2016-12-31": -3.064, "2016-09-30": 19.515, "2016-06-30": -53.83, "2016-03-31": "-45.61100", "2015-12-31": -111.261, "2015-09-30": -31.53, "2015-06-30": -29.304, "2015-03-31": "-12.36700", "2014-12-31": 62.66, "2014-09-30": -19.57, "2014-06-30": -3.894, "2014-03-31": "-13.03500", "2013-12-31": 84.181, "2013-09-30": -19.026, "2013-06-30": -43.741, "2013-03-31": "-22.75000", "2012-12-31": 30.31, "2012-09-30": -10.997, "2012-06-30": 3.04, "2012-03-31": "-12.19700", "2011-12-31": 32.832, "2011-09-30": 41.056, "2011-06-30": -32.721, "2011-03-31": "-18.77400", "2010-12-31": 30.629, "2010-09-30": -27.109, "2010-06-30": -1.568, "2010-03-31": "10.93100", "2009-12-31": 13.818, "2009-09-30": -8.579, "2009-06-30": 2.86, "2009-03-31": "-3.09800", "2008-12-31": 2.483, "2008-09-30": 0, "2008-06-30": 0, "2008-03-31": "", "2007-12-31": -14.052, "2007-09-30": 0, "2007-06-30": 0, "2007-03-31": "", "2006-12-31": 72.26, "2006-09-30": 0, "2006-06-30": 0, "2006-03-31": "", "2005-12-31": -31.91, "2005-09-30": 0, "2005-06-30": 0, "2005-03-31": ""}, "Cash Flow From Investing Activities": {"2020-03-31": "-195.25200", "2019-12-31": 70.055, "2019-09-30": 80.109, "2019-06-30": -218.303, "2019-03-31": "-455.58400", "2018-12-31": -453.301, "2018-09-30": 48.661, "2018-06-30": -156.398, "2018-03-31": "-323.72300", "2017-12-31": -254.173, "2017-09-30": -442.14, "2017-06-30": -293.202, "2017-03-31": "-155.29800", "2016-12-31": 16.034, "2016-09-30": -132.818, "2016-06-30": -164.001, "2016-03-31": "-274.46300", "2015-12-31": -291.864, "2015-09-30": -284.26, "2015-06-30": 126.777, "2015-03-31": "44.88200", "2014-12-31": 95.315, "2014-09-30": -61.192, "2014-06-30": 77.884, "2014-03-31": "77.05100", "2013-12-31": -96.202, "2013-09-30": 34.253, "2013-06-30": 182.233, "2013-03-31": "-125.99200", "2012-12-31": 110.575, "2012-09-30": -110.655, "2012-06-30": -57.219, "2012-03-31": "-67.47900", "2011-12-31": -164.837, "2011-09-30": -84.142, "2011-06-30": -254.833, "2011-03-31": "-477.93100", "2010-12-31": -268.736, "2010-09-30": -282.717, "2010-06-30": -222.097, "2010-03-31": "-304.59500", "2009-12-31": -264.246, "2009-09-30": -243.617, "2009-06-30": -304.397, "2009-03-31": "-535.09600", "2008-12-31": 120.985, "2008-09-30": -124.636, "2008-06-30": -686.79, "2008-03-31": "", "2007-12-31": -436.67, "2007-09-30": 0, "2007-06-30": 0, "2007-03-31": "", "2006-12-31": -148.83, "2006-09-30": 0, "2006-06-30": 0, "2006-03-31": "", "2005-12-31": -717.6, "2005-09-30": 0, "2005-06-30": 0, "2005-03-31": ""}, "Net Long-Term Debt": {"2020-03-31": "", "2019-12-31": 0, "2019-09-30": 0, "2019-06-30": 0, "2019-03-31": "", "2018-12-31": 0, "2018-09-30": 0, "2018-06-30": 0, "2018-03-31": "", "2017-12-31": 0, "2017-09-30": 0, "2017-06-30": 0, "2017-03-31": "", "2016-12-31": 0, "2016-09-30": 0, "2016-06-30": 0, "2016-03-31": "", "2015-12-31": 0, "2015-09-30": 0, "2015-06-30": 0, "2015-03-31": "", "2014-12-31": 0, "2014-09-30": 0, "2014-06-30": 0, "2014-03-31": "", "2013-12-31": 0, "2013-09-30": 0, "2013-06-30": 0, "2013-03-31": "", "2012-12-31": 0, "2012-09-30": 0, "2012-06-30": 0, "2012-03-31": "", "2011-12-31": 0, "2011-09-30": 0, "2011-06-30": 0, "2011-03-31": "", "2010-12-31": 0, "2010-09-30": 0, "2010-06-30": 0, "2010-03-31": "", "2009-12-31": 0, "2009-09-30": 0, "2009-06-30": 0, "2009-03-31": "", "2008-12-31": 0, "2008-09-30": 0, "2008-06-30": 0, "2008-03-31": "", "2007-12-31": 0, "2007-09-30": 0, "2007-06-30": 0, "2007-03-31": "", "2006-12-31": 0, "2006-09-30": 0, "2006-06-30": 0, "2006-03-31": "", "2005-12-31": 0, "2005-09-30": 0, "2005-06-30": 0, "2005-03-31": ""}, "Net Current Debt": {"2020-03-31": "-1.05400", "2019-12-31": -1.046, "2019-09-30": -0.534, "2019-06-30": 22.087, "2019-03-31": "-0.47300", "2018-12-31": 0.46, "2018-09-30": 0.773, "2018-06-30": -0.658, "2018-03-31": "-0.07000", "2017-12-31": -0.707, "2017-09-30": -2.051, "2017-06-30": 0.542, "2017-03-31": "3.59300", "2016-12-31": -9.988, "2016-09-30": 5.829, "2016-06-30": 4.263, "2016-03-31": "7.53900", "2015-12-31": 2.292, "2015-09-30": 3.68, "2015-06-30": 6.029, "2015-03-31": "8.25800", "2014-12-31": -1.172, "2014-09-30": -3.101, "2014-06-30": -0.616, "2014-03-31": "-0.78300", "2013-12-31": -0.277, "2013-09-30": -0.61, "2013-06-30": -50.391, "2013-03-31": "1.74300", "2012-12-31": 2.137, "2012-09-30": 101.04, "2012-06-30": 2.336, "2012-03-31": "-1.02300", "2011-12-31": 0.413, "2011-09-30": 0.045, "2011-06-30": -2.162, "2011-03-31": "0.45800", "2010-12-31": 3.219, "2010-09-30": -0.156, "2010-06-30": 0.046, "2010-03-31": "-0.68000", "2009-12-31": -48.452, "2009-09-30": 11.801, "2009-06-30": -0.724, "2009-03-31": "-0.70500", "2008-12-31": -9.42, "2008-09-30": -29.899, "2008-06-30": 22.442, "2008-03-31": "", "2007-12-31": 4.724, "2007-09-30": 0, "2007-06-30": 0, "2007-03-31": "", "2006-12-31": -14.95, "2006-09-30": 0, "2006-06-30": 0, "2006-03-31": "", "2005-12-31": 10.53, "2005-09-30": 0, "2005-06-30": 0, "2005-03-31": ""}, "Debt Issuance/Retirement Net - Total": {"2020-03-31": "-1.05400", "2019-12-31": -1.046, "2019-09-30": -0.534, "2019-06-30": 22.087, "2019-03-31": "-0.47300", "2018-12-31": 0.46, "2018-09-30": 0.773, "2018-06-30": -0.658, "2018-03-31": "-0.07000", "2017-12-31": -0.707, "2017-09-30": -2.051, "2017-06-30": 0.542, "2017-03-31": "3.59300", "2016-12-31": -9.988, "2016-09-30": 5.829, "2016-06-30": 4.263, "2016-03-31": "7.53900", "2015-12-31": 2.292, "2015-09-30": 3.68, "2015-06-30": 6.029, "2015-03-31": "8.25800", "2014-12-31": -1.172, "2014-09-30": -3.101, "2014-06-30": -0.616, "2014-03-31": "-0.78300", "2013-12-31": -0.277, "2013-09-30": -0.61, "2013-06-30": -50.391, "2013-03-31": "1.74300", "2012-12-31": 2.137, "2012-09-30": 101.04, "2012-06-30": 2.336, "2012-03-31": "-1.02300", "2011-12-31": 0.413, "2011-09-30": 0.045, "2011-06-30": -2.162, "2011-03-31": "0.45800", "2010-12-31": 3.219, "2010-09-30": -0.156, "2010-06-30": 0.046, "2010-03-31": "-0.68000", "2009-12-31": -48.452, "2009-09-30": 11.801, "2009-06-30": -0.724, "2009-03-31": "-0.70500", "2008-12-31": -9.42, "2008-09-30": -29.899, "2008-06-30": 22.442, "2008-03-31": "", "2007-12-31": 4.724, "2007-09-30": 0, "2007-06-30": 0, "2007-03-31": "", "2006-12-31": 0, "2006-09-30": 0, "2006-06-30": 0, "2006-03-31": "", "2005-12-31": 0, "2005-09-30": 0, "2005-06-30": 0, "2005-03-31": ""}, "Net Common Equity Issued/Repurchased": {"2020-03-31": "", "2019-12-31": 0, "2019-09-30": 0, "2019-06-30": 0, "2019-03-31": "", "2018-12-31": 0, "2018-09-30": 0, "2018-06-30": 0, "2018-03-31": "", "2017-12-31": 0, "2017-09-30": 0, "2017-06-30": 0, "2017-03-31": "", "2016-12-31": 0, "2016-09-30": 0, "2016-06-30": 0, "2016-03-31": "", "2015-12-31": 0, "2015-09-30": 0, "2015-06-30": 0, "2015-03-31": "", "2014-12-31": 0, "2014-09-30": 0, "2014-06-30": 0, "2014-03-31": "", "2013-12-31": 0, "2013-09-30": 0, "2013-06-30": 0, "2013-03-31": "", "2012-12-31": 0, "2012-09-30": 0, "2012-06-30": 0, "2012-03-31": "", "2011-12-31": 0, "2011-09-30": 0, "2011-06-30": 0, "2011-03-31": "", "2010-12-31": 0, "2010-09-30": 0, "2010-06-30": 0, "2010-03-31": "", "2009-12-31": 0, "2009-09-30": 0, "2009-06-30": 0, "2009-03-31": "", "2008-12-31": 0, "2008-09-30": 0, "2008-06-30": 0, "2008-03-31": "", "2007-12-31": 0, "2007-09-30": 0, "2007-06-30": 0, "2007-03-31": "", "2006-12-31": 0, "2006-09-30": 0, "2006-06-30": 0, "2006-03-31": "", "2005-12-31": 0, "2005-09-30": 0, "2005-06-30": 0, "2005-03-31": ""}, "Net Total Equity Issued/Repurchased": {"2020-03-31": "", "2019-12-31": 0, "2019-09-30": 0, "2019-06-30": 0, "2019-03-31": "", "2018-12-31": 0, "2018-09-30": 0, "2018-06-30": 0, "2018-03-31": "", "2017-12-31": 0, "2017-09-30": 0, "2017-06-30": 0, "2017-03-31": "", "2016-12-31": 0, "2016-09-30": 0, "2016-06-30": 0, "2016-03-31": "", "2015-12-31": 0, "2015-09-30": 0, "2015-06-30": 0, "2015-03-31": "", "2014-12-31": 0, "2014-09-30": 0, "2014-06-30": 0, "2014-03-31": "", "2013-12-31": 0, "2013-09-30": 0, "2013-06-30": 0, "2013-03-31": "", "2012-12-31": 0, "2012-09-30": 0, "2012-06-30": 0, "2012-03-31": "", "2011-12-31": 0, "2011-09-30": 0, "2011-06-30": 0, "2011-03-31": "", "2010-12-31": 0, "2010-09-30": 0, "2010-06-30": 0, "2010-03-31": "", "2009-12-31": 0, "2009-09-30": 0, "2009-06-30": 0, "2009-03-31": "", "2008-12-31": 0, "2008-09-30": 0, "2008-06-30": 0, "2008-03-31": "", "2007-12-31": 0, "2007-09-30": 0, "2007-06-30": 0, "2007-03-31": "", "2006-12-31": 0, "2006-09-30": 0, "2006-06-30": 0, "2006-03-31": "", "2005-12-31": 0, "2005-09-30": 0, "2005-06-30": 0, "2005-03-31": ""}, "Total Common And Preferred Stock Dividends Paid": {"2020-03-31": "-22.04700", "2019-12-31": -22.048, "2019-09-30": -22.05, "2019-06-30": -22.044, "2019-03-31": "-22.10100", "2018-12-31": -22.046, "2018-09-30": -22.046, "2018-06-30": -22.047, "2018-03-31": "-22.08900", "2017-12-31": -22.086, "2017-09-30": -22.081, "2017-06-30": -22.088, "2017-03-31": "-22.08000", "2016-12-31": -22.076, "2016-09-30": -22.064, "2016-06-30": -22.07, "2016-03-31": "-21.53100", "2015-12-31": -21.513, "2015-09-30": -21.562, "2015-06-30": -20.66, "2015-03-31": "-20.71100", "2014-12-31": -20.692, "2014-09-30": -20.692, "2014-06-30": -20.69, "2014-03-31": "-20.73100", "2013-12-31": -20.709, "2013-09-30": -20.704, "2013-06-30": -20.708, "2013-03-31": "-20.71000", "2012-12-31": -20.665, "2012-09-30": -20.664, "2012-06-30": -20.664, "2012-03-31": "-20.66700", "2011-12-31": -20.652, "2011-09-30": -20.653, "2011-06-30": -20.652, "2011-03-31": "-20.65200", "2010-12-31": -20.652, "2010-09-30": -20.652, "2010-06-30": -20.652, "2010-03-31": "-20.65100", "2009-12-31": -20.651, "2009-09-30": -20.651, "2009-06-30": -20.652, "2009-03-31": "-20.53600", "2008-12-31": -20.689, "2008-09-30": -20.689, "2008-06-30": -41.273, "2008-03-31": "", "2007-12-31": -81.531, "2007-09-30": 0, "2007-06-30": 0, "2007-03-31": "", "2006-12-31": -80.44, "2006-09-30": 0, "2006-06-30": 0, "2006-03-31": "", "2005-12-31": -79.31, "2005-09-30": 0, "2005-06-30": 0, "2005-03-31": ""}, "Financial Activities - Other": {"2020-03-31": "-16.94700", "2019-12-31": -142.483, "2019-09-30": -97.477, "2019-06-30": 135.271, "2019-03-31": "374.04600", "2018-12-31": 5.308, "2018-09-30": 27.734, "2018-06-30": 157.254, "2018-03-31": "179.00500", "2017-12-31": 177.511, "2017-09-30": 234.4909, "2017-06-30": 339.742, "2017-03-31": "70.60100", "2016-12-31": -12.9719, "2016-09-30": 48.932, "2016-06-30": 65.215, "2016-03-31": "111.00200", "2015-12-31": 144.637, "2015-09-30": 193.869, "2015-06-30": -140.799, "2015-03-31": "-194.60100", "2014-12-31": -149.463, "2014-09-30": -30.792, "2014-06-30": -160.891, "2014-03-31": "-190.32100", "2013-12-31": -79.417, "2013-09-30": -113.73, "2013-06-30": -236.451, "2013-03-31": "-162.49800", "2012-12-31": -107.294, "2012-09-30": -17.887, "2012-06-30": -19.54, "2012-03-31": "-28.17800", "2011-12-31": 0.0619, "2011-09-30": 35.9851, "2011-06-30": 235.138, "2011-03-31": "355.57000", "2010-12-31": 108.503, "2010-09-30": 244.385, "2010-06-30": 186.267, "2010-03-31": "161.20600", "2009-12-31": 274.547, "2009-09-30": 156.232, "2009-06-30": 191.484, "2009-03-31": "459.20000", "2008-12-31": 16.4101, "2008-09-30": -77.808, "2008-06-30": 611.713, "2008-03-31": "", "2007-12-31": -30.244, "2007-09-30": 0, "2007-06-30": 0, "2007-03-31": "", "2006-12-31": -103.8, "2006-09-30": 0, "2006-06-30": 0, "2006-03-31": "", "2005-12-31": 286.2, "2005-09-30": 0, "2005-06-30": 0, "2005-03-31": ""}, "Cash Flow From Financial Activities": {"2020-03-31": "-40.04800", "2019-12-31": -165.577, "2019-09-30": -120.061, "2019-06-30": 135.314, "2019-03-31": "351.47200", "2018-12-31": -16.278, "2018-09-30": 6.461, "2018-06-30": 134.549, "2018-03-31": "156.84600", "2017-12-31": 154.718, "2017-09-30": 210.359, "2017-06-30": 318.196, "2017-03-31": "52.11400", "2016-12-31": -45.036, "2016-09-30": 32.697, "2016-06-30": 47.408, "2016-03-31": "97.01000", "2015-12-31": 125.416, "2015-09-30": 175.987, "2015-06-30": -155.43, "2015-03-31": "-207.05400", "2014-12-31": -171.327, "2014-09-30": -54.585, "2014-06-30": -182.197, "2014-03-31": "-211.83500", "2013-12-31": -100.403, "2013-09-30": -135.044, "2013-06-30": -307.55, "2013-03-31": "-181.46500", "2012-12-31": -125.822, "2012-09-30": 62.489, "2012-06-30": -37.868, "2012-03-31": "-49.86800", "2011-12-31": -20.177, "2011-09-30": 15.377, "2011-06-30": 212.324, "2011-03-31": "335.37600", "2010-12-31": 91.07, "2010-09-30": 223.577, "2010-06-30": 165.661, "2010-03-31": "139.87500", "2009-12-31": 205.444, "2009-09-30": 147.382, "2009-06-30": 170.108, "2009-03-31": "437.95900", "2008-12-31": -13.699, "2008-09-30": -128.396, "2008-06-30": 592.882, "2008-03-31": "", "2007-12-31": -107.051, "2007-09-30": 0, "2007-06-30": 0, "2007-03-31": "", "2006-12-31": -199.2, "2006-09-30": 0, "2006-06-30": 0, "2006-03-31": "", "2005-12-31": 217.41, "2005-09-30": 0, "2005-06-30": 0, "2005-03-31": ""}, "Net Cash Flow": {"2020-03-31": "-123.24900", "2019-12-31": 15.694, "2019-09-30": 123.472, "2019-06-30": -18.886, "2019-03-31": "63.55700", "2018-12-31": -338.611, "2018-09-30": 165.541, "2018-06-30": 112.198, "2018-03-31": "-46.80100", "2017-12-31": 25.109, "2017-09-30": -92.205, "2017-06-30": 146.7, "2017-03-31": "6.89500", "2016-12-31": 42.815, "2016-09-30": -1.529, "2016-06-30": -16.236, "2016-03-31": "-46.64200", "2015-12-31": -46.106, "2015-09-30": 10.492, "2015-06-30": -11.036, "2015-03-31": "-39.43800", "2014-12-31": 107.703, "2014-09-30": 1.426, "2014-06-30": -34.509, "2014-03-31": "51.27900", "2013-12-31": -4.691, "2013-09-30": 8.767, "2013-06-30": 0.691, "2013-03-31": "-189.82900", "2012-12-31": 140.378, "2012-09-30": 11.884, "2012-06-30": 49.879, "2012-03-31": "-1.24700", "2011-12-31": 2.014, "2011-09-30": 21.986, "2011-06-30": -32.3, "2011-03-31": "8.96500", "2010-12-31": -72.208, "2010-09-30": 58.502, "2010-06-30": -15.238, "2010-03-31": "-31.09000", "2009-12-31": 68.116, "2009-09-30": 60.729, "2009-06-30": -87.14, "2009-03-31": "53.68200", "2008-12-31": 35.069, "2008-09-30": -129.014, "2008-06-30": 25.972, "2008-03-31": "", "2007-12-31": -80.808, "2007-09-30": 0, "2007-06-30": 0, "2007-03-31": "", "2006-12-31": 155.45, "2006-09-30": 0, "2006-06-30": 0, "2006-03-31": "", "2005-12-31": -53.13, "2005-09-30": 0, "2005-06-30": 0, "2005-03-31": ""}, "Stock-Based Compensation": {"2020-03-31": "", "2019-12-31": 0, "2019-09-30": 0, "2019-06-30": 0, "2019-03-31": "", "2018-12-31": 0, "2018-09-30": 0, "2018-06-30": 0, "2018-03-31": "", "2017-12-31": 0, "2017-09-30": 0, "2017-06-30": 0, "2017-03-31": "", "2016-12-31": 0, "2016-09-30": 0, "2016-06-30": 0, "2016-03-31": "", "2015-12-31": 0, "2015-09-30": 0, "2015-06-30": 0, "2015-03-31": "", "2014-12-31": 0, "2014-09-30": 0, "2014-06-30": 0, "2014-03-31": "", "2013-12-31": 0, "2013-09-30": 0, "2013-06-30": 0, "2013-03-31": "", "2012-12-31": 0, "2012-09-30": 0, "2012-06-30": 0, "2012-03-31": "", "2011-12-31": 0, "2011-09-30": 0, "2011-06-30": 0, "2011-03-31": "", "2010-12-31": 0, "2010-09-30": 0, "2010-06-30": 0, "2010-03-31": "", "2009-12-31": 0, "2009-09-30": 0, "2009-06-30": 0, "2009-03-31": "", "2008-12-31": 0, "2008-09-30": 0, "2008-06-30": 0, "2008-03-31": "", "2007-12-31": 0, "2007-09-30": 0, "2007-06-30": 0, "2007-03-31": "", "2006-12-31": 0, "2006-09-30": 0, "2006-06-30": 0, "2006-03-31": "", "2005-12-31": 0, "2005-09-30": 0, "2005-06-30": 0, "2005-03-31": ""}, "Common Stock Dividends Paid": {"2020-03-31": "-22.04700", "2019-12-31": -22.048, "2019-09-30": -22.05, "2019-06-30": -22.044, "2019-03-31": "-22.10100", "2018-12-31": -22.046, "2018-09-30": -22.046, "2018-06-30": -22.047, "2018-03-31": "-22.08900", "2017-12-31": -22.086, "2017-09-30": -22.081, "2017-06-30": -22.088, "2017-03-31": "-22.08000", "2016-12-31": -22.076, "2016-09-30": -22.064, "2016-06-30": -22.07, "2016-03-31": "-21.53100", "2015-12-31": -21.513, "2015-09-30": -21.562, "2015-06-30": -20.66, "2015-03-31": "-20.71100", "2014-12-31": -20.692, "2014-09-30": -20.692, "2014-06-30": -20.69, "2014-03-31": "-20.73100", "2013-12-31": -20.709, "2013-09-30": -20.704, "2013-06-30": -20.708, "2013-03-31": "-20.71000", "2012-12-31": -20.665, "2012-09-30": -20.664, "2012-06-30": -20.664, "2012-03-31": "-20.66700", "2011-12-31": -20.652, "2011-09-30": -20.653, "2011-06-30": -20.652, "2011-03-31": "-20.65200", "2010-12-31": -20.652, "2010-09-30": -20.652, "2010-06-30": -20.652, "2010-03-31": "-20.65100", "2009-12-31": -20.651, "2009-09-30": -20.651, "2009-06-30": -20.652, "2009-03-31": "-20.53600", "2008-12-31": -20.689, "2008-09-30": -20.689, "2008-06-30": -41.273, "2008-03-31": "", "2007-12-31": -81.531, "2007-09-30": 0, "2007-06-30": 0, "2007-03-31": "", "2006-12-31": 0, "2006-09-30": 0, "2006-06-30": 0, "2006-03-31": "", "2005-12-31": 0, "2005-09-30": 0, "2005-06-30": 0, "2005-03-31": ""}}, "financial ratios": {"Current Ratio": {"2019-12-31": "", "2018-12-31": "", "2017-12-31": "", "2016-12-31": "", "2015-12-31": "", "2014-12-31": "", "2013-12-31": "", "2012-12-31": "", "2011-12-31": "", "2010-12-31": "", "2009-12-31": "", "2008-12-31": "", "2007-12-31": "", "2006-12-31": "", "2005-12-31": ""}, "Long-term Debt / Capital": {"2019-12-31": "", "2018-12-31": "", "2017-12-31": "", "2016-12-31": "", "2015-12-31": "", "2014-12-31": "", "2013-12-31": "", "2012-12-31": "", "2011-12-31": "0.00340", "2010-12-31": "0.00340", "2009-12-31": "0.01130", "2008-12-31": "", "2007-12-31": "", "2006-12-31": "", "2005-12-31": ""}, "Debt/Equity Ratio": {"2019-12-31": "0.02640", "2018-12-31": "0.02620", "2017-12-31": "0.02620", "2016-12-31": "0.02920", "2015-12-31": "0.02880", "2014-12-31": "0.02440", "2013-12-31": "0.02710", "2012-12-31": "0.04260", "2011-12-31": "0.01610", "2010-12-31": "0.01650", "2009-12-31": "0.02130", "2008-12-31": "0.03560", "2007-12-31": "", "2006-12-31": "0.03470", "2005-12-31": "0.04120"}, "Gross Margin": {"2019-12-31": "", "2018-12-31": "", "2017-12-31": "", "2016-12-31": "", "2015-12-31": "", "2014-12-31": "", "2013-12-31": "", "2012-12-31": "", "2011-12-31": "", "2010-12-31": "", "2009-12-31": "", "2008-12-31": "", "2007-12-31": "", "2006-12-31": "", "2005-12-31": ""}, "Operating Margin": {"2019-12-31": "17.06030", "2018-12-31": "4.24360", "2017-12-31": "9.62610", "2016-12-31": "6.52410", "2015-12-31": "8.90450", "2014-12-31": "10.77650", "2013-12-31": "11.62060", "2012-12-31": "9.09740", "2011-12-31": "8.31720", "2010-12-31": "6.60850", "2009-12-31": "-0.34900", "2008-12-31": "-12.02440", "2007-12-31": "11.36250", "2006-12-31": "13.38190", "2005-12-31": "11.00620"}, "EBIT Margin": {"2019-12-31": "17.06030", "2018-12-31": "4.24360", "2017-12-31": "9.62610", "2016-12-31": "6.52410", "2015-12-31": "8.90450", "2014-12-31": "10.77650", "2013-12-31": "11.62060", "2012-12-31": "9.09740", "2011-12-31": "8.31720", "2010-12-31": "6.60850", "2009-12-31": "-0.34900", "2008-12-31": "-12.02440", "2007-12-31": "11.36250", "2006-12-31": "13.38190", "2005-12-31": "11.00620"}, "EBITDA Margin": {"2019-12-31": "18.36640", "2018-12-31": "5.80830", "2017-12-31": "11.20740", "2016-12-31": "7.92680", "2015-12-31": "10.33860", "2014-12-31": "12.27480", "2013-12-31": "12.81410", "2012-12-31": "10.27060", "2011-12-31": "9.81950", "2010-12-31": "21.66130", "2009-12-31": "15.61660", "2008-12-31": "6.64250", "2007-12-31": "26.28260", "2006-12-31": "28.11240", "2005-12-31": "24.61720"}, "Pre-Tax Profit Margin": {"2019-12-31": "17.06030", "2018-12-31": "4.24360", "2017-12-31": "9.62610", "2016-12-31": "6.52410", "2015-12-31": "8.90450", "2014-12-31": "10.77650", "2013-12-31": "11.62060", "2012-12-31": "9.09740", "2011-12-31": "8.31720", "2010-12-31": "6.60850", "2009-12-31": "-0.34900", "2008-12-31": "-12.02440", "2007-12-31": "11.36250", "2006-12-31": "13.00050", "2005-12-31": "11.25800"}, "Net Profit Margin": {"2019-12-31": "15.24180", "2018-12-31": "4.77980", "2017-12-31": "14.47230", "2016-12-31": "5.60740", "2015-12-31": "8.05270", "2014-12-31": "8.04220", "2013-12-31": "8.54320", "2012-12-31": "6.39560", "2011-12-31": "6.31040", "2010-12-31": "4.69640", "2009-12-31": "0.53130", "2008-12-31": "-6.15360", "2007-12-31": "7.87850", "2006-12-31": "8.77300", "2005-12-31": "7.74490"}, "Asset Turnover": {"2019-12-31": "0.14230", "2018-12-31": "0.12360", "2017-12-31": "0.12930", "2016-12-31": "0.13160", "2015-12-31": "0.12700", "2014-12-31": "0.12960", "2013-12-31": "0.13370", "2012-12-31": "0.12930", "2011-12-31": "0.13440", "2010-12-31": "0.14330", "2009-12-31": "0.14590", "2008-12-31": "0.13620", "2007-12-31": "", "2006-12-31": "0.17370", "2005-12-31": "0.17390"}, "Inventory Turnover Ratio": {"2019-12-31": "", "2018-12-31": "", "2017-12-31": "", "2016-12-31": "", "2015-12-31": "", "2014-12-31": "", "2013-12-31": "", "2012-12-31": "", "2011-12-31": "", "2010-12-31": "", "2009-12-31": "", "2008-12-31": "", "2007-12-31": "", "2006-12-31": "", "2005-12-31": ""}, "Receiveable Turnover": {"2019-12-31": "", "2018-12-31": "", "2017-12-31": "", "2016-12-31": "", "2015-12-31": "", "2014-12-31": "", "2013-12-31": "", "2012-12-31": "", "2011-12-31": "", "2010-12-31": "", "2009-12-31": "", "2008-12-31": "", "2007-12-31": "", "2006-12-31": "", "2005-12-31": ""}, "Days Sales In Receivables": {"2019-12-31": "", "2018-12-31": "", "2017-12-31": "", "2016-12-31": "", "2015-12-31": "", "2014-12-31": "", "2013-12-31": "", "2012-12-31": "", "2011-12-31": "", "2010-12-31": "", "2009-12-31": "", "2008-12-31": "", "2007-12-31": "", "2006-12-31": "", "2005-12-31": ""}, "ROE - Return On Equity": {"2019-12-31": "10.53710", "2018-12-31": "3.04320", "2017-12-31": "9.42980", "2016-12-31": "3.91860", "2015-12-31": "5.43140", "2014-12-31": "5.55920", "2013-12-31": "6.43330", "2012-12-31": "5.00760", "2011-12-31": "5.25450", "2010-12-31": "3.97480", "2009-12-31": "0.47660", "2008-12-31": "-5.52350", "2007-12-31": "", "2006-12-31": "5.81830", "2005-12-31": "5.34570"}, "Return On Tangible Equity": {"2019-12-31": "10.53710", "2018-12-31": "3.04320", "2017-12-31": "9.42980", "2016-12-31": "3.91860", "2015-12-31": "5.43140", "2014-12-31": "5.55920", "2013-12-31": "6.43330", "2012-12-31": "5.00760", "2011-12-31": "5.25450", "2010-12-31": "3.97480", "2009-12-31": "0.47660", "2008-12-31": "-5.52350", "2007-12-31": "", "2006-12-31": "7.10990", "2005-12-31": "5.34570"}, "ROA - Return On Assets": {"2019-12-31": "2.20920", "2018-12-31": "0.59610", "2017-12-31": "1.87820", "2016-12-31": "0.74460", "2015-12-31": "1.01980", "2014-12-31": "1.04830", "2013-12-31": "1.15930", "2012-12-31": "0.83200", "2011-12-31": "0.85280", "2010-12-31": "0.67390", "2009-12-31": "0.08210", "2008-12-31": "-0.94430", "2007-12-31": "", "2006-12-31": "1.16010", "2005-12-31": "1.03090"}, "ROI - Return On Investment": {"2019-12-31": "10.53710", "2018-12-31": "3.04320", "2017-12-31": "9.42980", "2016-12-31": "3.91860", "2015-12-31": "5.43140", "2014-12-31": "5.55920", "2013-12-31": "6.43330", "2012-12-31": "5.00760", "2011-12-31": "5.23660", "2010-12-31": "3.96110", "2009-12-31": "0.47120", "2008-12-31": "-5.52350", "2007-12-31": "", "2006-12-31": "5.81830", "2005-12-31": "5.34570"}, "Book Value Per Share": {"2019-12-31": "222.99860", "2018-12-31": "196.07640", "2017-12-31": "195.14970", "2016-12-31": "173.19320", "2015-12-31": "165.92810", "2014-12-31": "165.22580", "2013-12-31": "156.28670", "2012-12-31": "143.06100", "2011-12-31": "136.09630", "2010-12-31": "135.59130", "2009-12-31": "129.46600", "2008-12-31": "117.16010", "2007-12-31": "", "2006-12-31": "", "2005-12-31": ""}, "Operating Cash Flow Per Share": {"2019-12-31": 0.4225, "2018-12-31": 0.0146, "2017-12-31": 3.5028, "2016-12-31": 0.8113, "2015-12-31": -6.6036, "2014-12-31": 0.4308, "2013-12-31": 2.5064, "2012-12-31": 1.2935, "2011-12-31": 1.5421, "2010-12-31": -3.2058, "2009-12-31": 11.6333, "2008-12-31": -10.8945, "2007-12-31": -1.5418, "2006-12-31": 2.106, "2005-12-31": 16.8137}, "Free Cash Flow Per Share": {"2019-12-31": 0.2856, "2018-12-31": 0.2425, "2017-12-31": 3.7703, "2016-12-31": 0.6953, "2015-12-31": -6.8711, "2014-12-31": 0.5924, "2013-12-31": 2.6675, "2012-12-31": 0.8077, "2011-12-31": 1.2275, "2010-12-31": -3.0614, "2009-12-31": 12.0912, "2008-12-31": -11.9731, "2007-12-31": -6.7743, "2006-12-31": 6.2556, "2005-12-31": 18.0823}}, "financial ratios, quarterly": {"Current Ratio": {"2020-03-31": "", "2019-12-31": "", "2019-09-30": "", "2019-06-30": "", "2019-03-31": "", "2018-12-31": "", "2018-09-30": "", "2018-06-30": "", "2018-03-31": "", "2017-12-31": "", "2017-09-30": "", "2017-06-30": "", "2017-03-31": "", "2016-12-31": "", "2016-09-30": "", "2016-06-30": "", "2016-03-31": "", "2015-12-31": "", "2015-09-30": "", "2015-06-30": "", "2015-03-31": "", "2014-12-31": "", "2014-09-30": "", "2014-06-30": "", "2014-03-31": "", "2013-12-31": "", "2013-09-30": "", "2013-06-30": "", "2013-03-31": "", "2012-12-31": "", "2012-09-30": "", "2012-06-30": "", "2012-03-31": "", "2011-12-31": "", "2011-09-30": "", "2011-06-30": "", "2011-03-31": "", "2010-12-31": "", "2010-09-30": "", "2010-06-30": "", "2010-03-31": "", "2009-12-31": "", "2009-09-30": "", "2009-06-30": "", "2009-03-31": "", "2008-12-31": "", "2008-09-30": "", "2008-06-30": "", "2008-03-31": "", "2007-12-31": "", "2007-09-30": "", "2007-06-30": "", "2007-03-31": "", "2006-12-31": "", "2006-09-30": "", "2006-06-30": "", "2006-03-31": "", "2005-12-31": "", "2005-09-30": "", "2005-06-30": "", "2005-03-31": ""}, "Long-term Debt / Capital": {"2020-03-31": "", "2019-12-31": "", "2019-09-30": "", "2019-06-30": "", "2019-03-31": "", "2018-12-31": "", "2018-09-30": "", "2018-06-30": "", "2018-03-31": "", "2017-12-31": "", "2017-09-30": "", "2017-06-30": "", "2017-03-31": "", "2016-12-31": "", "2016-09-30": "", "2016-06-30": "", "2016-03-31": "", "2015-12-31": "", "2015-09-30": "", "2015-06-30": "", "2015-03-31": "", "2014-12-31": "", "2014-09-30": "", "2014-06-30": "", "2014-03-31": "", "2013-12-31": "", "2013-09-30": "", "2013-06-30": "0.02780", "2013-03-31": "0.02770", "2012-12-31": "", "2012-09-30": "0.02850", "2012-06-30": "0.00330", "2012-03-31": "0.00330", "2011-12-31": "0.00340", "2011-09-30": "0.01580", "2011-06-30": "0.01550", "2011-03-31": "0.00340", "2010-12-31": "0.00340", "2010-09-30": "", "2010-06-30": "", "2010-03-31": "", "2009-12-31": "0.01130", "2009-09-30": "", "2009-06-30": "", "2009-03-31": "", "2008-12-31": "", "2008-09-30": "", "2008-06-30": "", "2008-03-31": "", "2007-12-31": "", "2007-09-30": "", "2007-06-30": "", "2007-03-31": "", "2006-12-31": "", "2006-09-30": "", "2006-06-30": "", "2006-03-31": "", "2005-12-31": "", "2005-09-30": "", "2005-06-30": "", "2005-03-31": ""}, "Debt/Equity Ratio": {"2020-03-31": "0.02800", "2019-12-31": "0.02640", "2019-09-30": "0.02730", "2019-06-30": "0.02770", "2019-03-31": "0.02460", "2018-12-31": "0.02620", "2018-09-30": "0.02560", "2018-06-30": "0.02610", "2018-03-31": "0.02630", "2017-12-31": "0.02620", "2017-09-30": "0.02830", "2017-06-30": "0.02920", "2017-03-31": "0.02950", "2016-12-31": "0.02920", "2016-09-30": "0.03120", "2016-06-30": "0.03040", "2016-03-31": "0.03000", "2015-12-31": "0.02880", "2015-09-30": "0.02840", "2015-06-30": "0.02720", "2015-03-31": "0.02570", "2014-12-31": "0.02440", "2014-09-30": "0.02480", "2014-06-30": "0.02570", "2014-03-31": "0.02650", "2013-12-31": "0.02710", "2013-09-30": "0.02840", "2013-06-30": "0.02920", "2013-03-31": "0.04180", "2012-12-31": "0.04260", "2012-09-30": "0.04200", "2012-06-30": "0.01610", "2012-03-31": "0.01540", "2011-12-31": "0.01610", "2011-09-30": "0.01610", "2011-06-30": "0.01580", "2011-03-31": "0.01640", "2010-12-31": "0.01650", "2010-09-30": "0.02020", "2010-06-30": "0.02100", "2010-03-31": "0.02070", "2009-12-31": "0.02130", "2009-09-30": "0.03550", "2009-06-30": "0.03390", "2009-03-31": "", "2008-12-31": "0.03560", "2008-09-30": "", "2008-06-30": "", "2008-03-31": "", "2007-12-31": "", "2007-09-30": "", "2007-06-30": "0.03280", "2007-03-31": "0.03350", "2006-12-31": "0.03470", "2006-09-30": "0.03840", "2006-06-30": "0.03960", "2006-03-31": "0.04200", "2005-12-31": "0.04120", "2005-09-30": "", "2005-06-30": "", "2005-03-31": ""}, "Gross Margin": {"2020-03-31": "", "2019-12-31": "", "2019-09-30": "", "2019-06-30": "", "2019-03-31": "", "2018-12-31": "", "2018-09-30": "", "2018-06-30": "", "2018-03-31": "", "2017-12-31": "", "2017-09-30": "", "2017-06-30": "", "2017-03-31": "", "2016-12-31": "", "2016-09-30": "", "2016-06-30": "", "2016-03-31": "", "2015-12-31": "", "2015-09-30": "", "2015-06-30": "", "2015-03-31": "", "2014-12-31": "", "2014-09-30": "", "2014-06-30": "", "2014-03-31": "", "2013-12-31": "", "2013-09-30": "", "2013-06-30": "", "2013-03-31": "", "2012-12-31": "", "2012-09-30": "", "2012-06-30": "", "2012-03-31": "", "2011-12-31": "", "2011-09-30": "", "2011-06-30": "", "2011-03-31": "", "2010-12-31": "", "2010-09-30": "", "2010-06-30": "", "2010-03-31": "", "2009-12-31": "", "2009-09-30": "", "2009-06-30": "", "2009-03-31": "", "2008-12-31": "", "2008-09-30": "", "2008-06-30": "", "2008-03-31": "", "2007-12-31": "", "2007-09-30": "", "2007-06-30": "", "2007-03-31": "", "2006-12-31": "", "2006-09-30": "", "2006-06-30": "", "2006-03-31": "", "2005-12-31": "", "2005-09-30": "", "2005-06-30": "", "2005-03-31": ""}, "Operating Margin": {"2020-03-31": "-80.75610", "2019-12-31": "20.94150", "2019-09-30": "9.04730", "2019-06-30": "10.86090", "2019-03-31": "25.33590", "2018-12-31": "-31.64990", "2018-09-30": "17.41690", "2018-06-30": "10.63730", "2018-03-31": "2.58710", "2017-12-31": "16.03770", "2017-09-30": "10.64960", "2017-06-30": "5.09510", "2017-03-31": "5.72690", "2016-12-31": "11.80430", "2016-09-30": "5.79750", "2016-06-30": "5.03220", "2016-03-31": "3.07310", "2015-12-31": "9.63370", "2015-09-30": "6.66710", "2015-06-30": "6.88590", "2015-03-31": "12.07550", "2014-12-31": "12.04090", "2014-09-30": "12.70150", "2014-06-30": "8.73390", "2014-03-31": "9.64070", "2013-12-31": "11.68690", "2013-09-30": "15.38680", "2013-06-30": "10.88460", "2013-03-31": "8.34150", "2012-12-31": "13.32030", "2012-09-30": "11.76010", "2012-06-30": "2.55010", "2012-03-31": "8.53280", "2011-12-31": "10.05210", "2011-09-30": "10.26560", "2011-06-30": "4.84090", "2011-03-31": "8.14830", "2010-12-31": "6.80340", "2010-09-30": "10.03310", "2010-06-30": "3.72710", "2010-03-31": "5.64760", "2009-12-31": "5.62960", "2009-09-30": "4.49160", "2009-06-30": "-1.72010", "2009-03-31": "-11.77610", "2008-12-31": "100.00000", "2008-09-30": "-35.15430", "2008-06-30": "-1.78850", "2008-03-31": "100.00000", "2007-12-31": "-72.91740", "2007-09-30": "100.00000", "2007-06-30": "6.44460", "2007-03-31": "8.77540", "2006-12-31": "20.38330", "2006-09-30": "10.72520", "2006-06-30": "9.36200", "2006-03-31": "12.26960", "2005-12-31": "100.00000", "2005-09-30": "100.00000", "2005-06-30": "100.00000", "2005-03-31": "100.00000"}, "EBIT Margin": {"2020-03-31": "-80.75610", "2019-12-31": "20.94150", "2019-09-30": "9.04730", "2019-06-30": "10.86090", "2019-03-31": "25.33590", "2018-12-31": "-31.64990", "2018-09-30": "17.41690", "2018-06-30": "10.63730", "2018-03-31": "2.58710", "2017-12-31": "16.03770", "2017-09-30": "10.64960", "2017-06-30": "5.09510", "2017-03-31": "5.72690", "2016-12-31": "11.80430", "2016-09-30": "5.79750", "2016-06-30": "5.03220", "2016-03-31": "3.07310", "2015-12-31": "9.63370", "2015-09-30": "6.66710", "2015-06-30": "6.88590", "2015-03-31": "12.07550", "2014-12-31": "12.04090", "2014-09-30": "12.70150", "2014-06-30": "8.73390", "2014-03-31": "9.64070", "2013-12-31": "11.68680", "2013-09-30": "15.38680", "2013-06-30": "10.88460", "2013-03-31": "8.34150", "2012-12-31": "13.32030", "2012-09-30": "11.76010", "2012-06-30": "2.55010", "2012-03-31": "8.53280", "2011-12-31": "10.05210", "2011-09-30": "10.26560", "2011-06-30": "4.84090", "2011-03-31": "8.14830", "2010-12-31": "6.80340", "2010-09-30": "10.03310", "2010-06-30": "3.72710", "2010-03-31": "5.64760", "2009-12-31": "5.62960", "2009-09-30": "4.49160", "2009-06-30": "-1.72010", "2009-03-31": "-11.77610", "2008-12-31": "100.00000", "2008-09-30": "-35.15430", "2008-06-30": "-1.78850", "2008-03-31": "100.00000", "2007-12-31": "100.00000", "2007-09-30": "100.00000", "2007-06-30": "6.44460", "2007-03-31": "8.77540", "2006-12-31": "20.38330", "2006-09-30": "10.72520", "2006-06-30": "9.36200", "2006-03-31": "12.26960", "2005-12-31": "100.00000", "2005-09-30": "100.00000", "2005-06-30": "100.00000", "2005-03-31": "100.00000"}, "EBITDA Margin": {"2020-03-31": "", "2019-12-31": "", "2019-09-30": "", "2019-06-30": "", "2019-03-31": "", "2018-12-31": "", "2018-09-30": "", "2018-06-30": "", "2018-03-31": "", "2017-12-31": "", "2017-09-30": "", "2017-06-30": "", "2017-03-31": "", "2016-12-31": "", "2016-09-30": "", "2016-06-30": "", "2016-03-31": "", "2015-12-31": "", "2015-09-30": "", "2015-06-30": "", "2015-03-31": "", "2014-12-31": "", "2014-09-30": "", "2014-06-30": "", "2014-03-31": "", "2013-12-31": "", "2013-09-30": "", "2013-06-30": "", "2013-03-31": "", "2012-12-31": "", "2012-09-30": "", "2012-06-30": "", "2012-03-31": "", "2011-12-31": "", "2011-09-30": "", "2011-06-30": "", "2011-03-31": "", "2010-12-31": "", "2010-09-30": "", "2010-06-30": "", "2010-03-31": "", "2009-12-31": "", "2009-09-30": "", "2009-06-30": "", "2009-03-31": "", "2008-12-31": "", "2008-09-30": "", "2008-06-30": "", "2008-03-31": "", "2007-12-31": "", "2007-09-30": "", "2007-06-30": "", "2007-03-31": "", "2006-12-31": "", "2006-09-30": "", "2006-06-30": "", "2006-03-31": "", "2005-12-31": "", "2005-09-30": "", "2005-06-30": "", "2005-03-31": ""}, "Pre-Tax Profit Margin": {"2020-03-31": "-80.75610", "2019-12-31": "20.94150", "2019-09-30": "9.04730", "2019-06-30": "10.86090", "2019-03-31": "25.33590", "2018-12-31": "-31.64990", "2018-09-30": "17.41690", "2018-06-30": "10.63730", "2018-03-31": "2.58710", "2017-12-31": "16.03770", "2017-09-30": "10.64960", "2017-06-30": "5.09510", "2017-03-31": "5.72690", "2016-12-31": "11.80430", "2016-09-30": "5.79750", "2016-06-30": "5.03220", "2016-03-31": "3.07310", "2015-12-31": "9.63360", "2015-09-30": "6.66710", "2015-06-30": "6.88590", "2015-03-31": "12.07550", "2014-12-31": "12.04080", "2014-09-30": "12.70150", "2014-06-30": "8.73390", "2014-03-31": "9.64070", "2013-12-31": "11.68690", "2013-09-30": "15.38680", "2013-06-30": "10.88460", "2013-03-31": "8.34150", "2012-12-31": "13.32030", "2012-09-30": "11.76010", "2012-06-30": "2.55010", "2012-03-31": "8.53280", "2011-12-31": "10.05210", "2011-09-30": "10.26560", "2011-06-30": "4.84090", "2011-03-31": "8.14830", "2010-12-31": "6.80340", "2010-09-30": "10.03310", "2010-06-30": "3.72710", "2010-03-31": "5.64760", "2009-12-31": "5.62960", "2009-09-30": "4.49160", "2009-06-30": "-1.72010", "2009-03-31": "-11.77610", "2008-12-31": "100.00000", "2008-09-30": "-35.15430", "2008-06-30": "-1.78850", "2008-03-31": "100.00000", "2007-12-31": "100.00000", "2007-09-30": "100.00000", "2007-06-30": "10.38680", "2007-03-31": "9.47740", "2006-12-31": "18.34480", "2006-09-30": "10.34610", "2006-06-30": "10.13840", "2006-03-31": "12.57980", "2005-12-31": "100.00000", "2005-09-30": "100.00000", "2005-06-30": "100.00000", "2005-03-31": "100.00000"}, "Net Profit Margin": {"2020-03-31": "-59.63020", "2019-12-31": "16.18520", "2019-09-30": "9.88570", "2019-06-30": "10.33160", "2019-03-31": "22.97930", "2018-12-31": "-22.63060", "2018-09-30": "16.48530", "2018-06-30": "8.83750", "2018-03-31": "2.33730", "2017-12-31": "37.27800", "2017-09-30": "8.39520", "2017-06-30": "4.31120", "2017-03-31": "5.10900", "2016-12-31": "7.12100", "2016-09-30": "7.20280", "2016-06-30": "4.07580", "2016-03-31": "3.83230", "2015-12-31": "7.46160", "2015-09-30": "6.00310", "2015-06-30": "4.88540", "2015-03-31": "13.61180", "2014-12-31": "8.87390", "2014-09-30": "8.97100", "2014-06-30": "7.57490", "2014-03-31": "6.76480", "2013-12-31": "8.06480", "2013-09-30": "10.51720", "2013-06-30": "7.51870", "2013-03-31": "8.04930", "2012-12-31": "8.77850", "2012-09-30": "7.78690", "2012-06-30": "2.80530", "2012-03-31": "6.08830", "2011-12-31": "7.25500", "2011-09-30": "7.86810", "2011-06-30": "3.83840", "2011-03-31": "6.32130", "2010-12-31": "4.58100", "2010-09-30": "5.92860", "2010-06-30": "3.56790", "2010-03-31": "4.63580", "2009-12-31": "4.46060", "2009-09-30": "4.20920", "2009-06-30": "-0.59840", "2009-03-31": "-7.31520", "2008-12-31": "-5.86690", "2008-09-30": "-23.94840", "2008-06-30": "-0.40120", "2008-03-31": "5.37210", "2007-12-31": "7.33080", "2007-09-30": "10.23560", "2007-06-30": "7.17940", "2007-03-31": "6.58070", "2006-12-31": "13.13390", "2006-09-30": "7.18800", "2006-06-30": "6.76630", "2006-03-31": "7.50540", "2005-12-31": "4.43580", "2005-09-30": "7.18230", "2005-06-30": "7.53660", "2005-03-31": "12.00650"}, "Asset Turnover": {"2020-03-31": "0.01330", "2019-12-31": "0.03700", "2019-09-30": "0.03270", "2019-06-30": "0.03370", "2019-03-31": "0.04020", "2018-12-31": "0.01930", "2018-09-30": "0.03850", "2018-06-30": "0.03550", "2018-03-31": "0.03040", "2017-12-31": "0.03500", "2017-09-30": "0.03370", "2017-06-30": "0.03280", "2017-03-31": "0.03140", "2016-12-31": "0.03420", "2016-09-30": "0.03350", "2016-06-30": "0.03300", "2016-03-31": "0.03190", "2015-12-31": "0.03550", "2015-09-30": "0.02990", "2015-06-30": "0.03080", "2015-03-31": "0.03210", "2014-12-31": "0.03300", "2014-09-30": "0.03180", "2014-06-30": "0.03220", "2014-03-31": "0.03300", "2013-12-31": "0.03490", "2013-09-30": "0.03400", "2013-06-30": "0.03370", "2013-03-31": "0.03210", "2012-12-31": "0.03260", "2012-09-30": "0.03300", "2012-06-30": "0.03210", "2012-03-31": "0.03270", "2011-12-31": "0.03450", "2011-09-30": "0.03290", "2011-06-30": "0.03390", "2011-03-31": "0.03390", "2010-12-31": "0.03650", "2010-09-30": "0.03730", "2010-06-30": "0.03610", "2010-03-31": "0.03650", "2009-12-31": "0.03890", "2009-09-30": "0.03930", "2009-06-30": "0.03780", "2009-03-31": "", "2008-12-31": "0.03210", "2008-09-30": "", "2008-06-30": "", "2008-03-31": "", "2007-12-31": "", "2007-09-30": "", "2007-06-30": "0.04480", "2007-03-31": "0.04120", "2006-12-31": "0.04710", "2006-09-30": "0.04300", "2006-06-30": "0.04340", "2006-03-31": "0.04260", "2005-12-31": "0.04570", "2005-09-30": "", "2005-06-30": "", "2005-03-31": ""}, "Inventory Turnover Ratio": {"2020-03-31": "", "2019-12-31": "", "2019-09-30": "", "2019-06-30": "", "2019-03-31": "", "2018-12-31": "", "2018-09-30": "", "2018-06-30": "", "2018-03-31": "", "2017-12-31": "", "2017-09-30": "", "2017-06-30": "", "2017-03-31": "", "2016-12-31": "", "2016-09-30": "", "2016-06-30": "", "2016-03-31": "", "2015-12-31": "", "2015-09-30": "", "2015-06-30": "", "2015-03-31": "", "2014-12-31": "", "2014-09-30": "", "2014-06-30": "", "2014-03-31": "", "2013-12-31": "", "2013-09-30": "", "2013-06-30": "", "2013-03-31": "", "2012-12-31": "", "2012-09-30": "", "2012-06-30": "", "2012-03-31": "", "2011-12-31": "", "2011-09-30": "", "2011-06-30": "", "2011-03-31": "", "2010-12-31": "", "2010-09-30": "", "2010-06-30": "", "2010-03-31": "", "2009-12-31": "", "2009-09-30": "", "2009-06-30": "", "2009-03-31": "", "2008-12-31": "", "2008-09-30": "", "2008-06-30": "", "2008-03-31": "", "2007-12-31": "", "2007-09-30": "", "2007-06-30": "", "2007-03-31": "", "2006-12-31": "", "2006-09-30": "", "2006-06-30": "", "2006-03-31": "", "2005-12-31": "", "2005-09-30": "", "2005-06-30": "", "2005-03-31": ""}, "Receiveable Turnover": {"2020-03-31": "", "2019-12-31": "", "2019-09-30": "", "2019-06-30": "", "2019-03-31": "", "2018-12-31": "", "2018-09-30": "", "2018-06-30": "", "2018-03-31": "", "2017-12-31": "", "2017-09-30": "", "2017-06-30": "", "2017-03-31": "", "2016-12-31": "", "2016-09-30": "", "2016-06-30": "", "2016-03-31": "", "2015-12-31": "", "2015-09-30": "", "2015-06-30": "", "2015-03-31": "", "2014-12-31": "", "2014-09-30": "", "2014-06-30": "", "2014-03-31": "", "2013-12-31": "", "2013-09-30": "", "2013-06-30": "", "2013-03-31": "", "2012-12-31": "", "2012-09-30": "", "2012-06-30": "", "2012-03-31": "", "2011-12-31": "", "2011-09-30": "", "2011-06-30": "", "2011-03-31": "", "2010-12-31": "", "2010-09-30": "", "2010-06-30": "", "2010-03-31": "", "2009-12-31": "", "2009-09-30": "", "2009-06-30": "", "2009-03-31": "", "2008-12-31": "", "2008-09-30": "", "2008-06-30": "", "2008-03-31": "", "2007-12-31": "", "2007-09-30": "", "2007-06-30": "", "2007-03-31": "", "2006-12-31": "", "2006-09-30": "", "2006-06-30": "", "2006-03-31": "", "2005-12-31": "", "2005-09-30": "", "2005-06-30": "", "2005-03-31": ""}, "Days Sales In Receivables": {"2020-03-31": "", "2019-12-31": "", "2019-09-30": "", "2019-06-30": "", "2019-03-31": "", "2018-12-31": "", "2018-09-30": "", "2018-06-30": "", "2018-03-31": "", "2017-12-31": "", "2017-09-30": "", "2017-06-30": "", "2017-03-31": "", "2016-12-31": "", "2016-09-30": "", "2016-06-30": "", "2016-03-31": "", "2015-12-31": "", "2015-09-30": "", "2015-06-30": "", "2015-03-31": "", "2014-12-31": "", "2014-09-30": "", "2014-06-30": "", "2014-03-31": "", "2013-12-31": "", "2013-09-30": "", "2013-06-30": "", "2013-03-31": "", "2012-12-31": "", "2012-09-30": "", "2012-06-30": "", "2012-03-31": "", "2011-12-31": "", "2011-09-30": "", "2011-06-30": "", "2011-03-31": "", "2010-12-31": "", "2010-09-30": "", "2010-06-30": "", "2010-03-31": "", "2009-12-31": "", "2009-09-30": "", "2009-06-30": "", "2009-03-31": "", "2008-12-31": "", "2008-09-30": "", "2008-06-30": "", "2008-03-31": "", "2007-12-31": "", "2007-09-30": "", "2007-06-30": "", "2007-03-31": "", "2006-12-31": "", "2006-09-30": "", "2006-06-30": "", "2006-03-31": "", "2005-12-31": "", "2005-09-30": "", "2005-06-30": "", "2005-03-31": ""}, "ROE - Return On Equity": {"2020-03-31": "-3.93430", "2019-12-31": "2.85350", "2019-09-30": "1.81670", "2019-06-30": "1.69700", "2019-03-31": "4.59270", "2018-12-31": "-2.23350", "2018-09-30": "3.26740", "2018-06-30": "1.60360", "2018-03-31": "0.34970", "2017-12-31": "6.54740", "2017-09-30": "1.56860", "2017-06-30": "0.74380", "2017-03-31": "0.82720", "2016-12-31": "1.29360", "2016-09-30": "1.31720", "2016-06-30": "0.69710", "2016-03-31": "0.63010", "2015-12-31": "1.35800", "2015-09-30": "1.00930", "2015-06-30": "0.77100", "2015-03-31": "2.25650", "2014-12-31": "1.54450", "2014-09-30": "1.58350", "2014-06-30": "1.30040", "2014-03-31": "1.20600", "2013-12-31": "1.55350", "2013-09-30": "2.11740", "2013-06-30": "1.53790", "2013-03-31": "1.50500", "2012-12-31": "1.70800", "2012-09-30": "1.58500", "2012-06-30": "0.56940", "2012-03-31": "1.18520", "2011-12-31": "1.51990", "2011-09-30": "1.62690", "2011-06-30": "0.82040", "2011-03-31": "1.26690", "2010-12-31": "1.08320", "2010-09-30": "1.33310", "2010-06-30": "0.70470", "2010-03-31": "0.91400", "2009-12-31": "1.01770", "2009-09-30": "0.98140", "2009-06-30": "-0.15110", "2009-03-31": "", "2008-12-31": "-1.10000", "2008-09-30": "", "2008-06-30": "", "2008-03-31": "", "2007-12-31": "", "2007-09-30": "", "2007-06-30": "1.61500", "2007-03-31": "1.36160", "2006-12-31": "3.10060", "2006-09-30": "1.57250", "2006-06-30": "1.52610", "2006-03-31": "1.65710", "2005-12-31": "1.05060", "2005-09-30": "", "2005-06-30": "", "2005-03-31": ""}, "Return On Tangible Equity": {"2020-03-31": "-3.93430", "2019-12-31": "2.85350", "2019-09-30": "1.81670", "2019-06-30": "1.69700", "2019-03-31": "4.59270", "2018-12-31": "-2.23350", "2018-09-30": "3.26740", "2018-06-30": "1.60360", "2018-03-31": "0.34970", "2017-12-31": "6.54740", "2017-09-30": "1.56860", "2017-06-30": "0.74380", "2017-03-31": "0.82720", "2016-12-31": "1.29360", "2016-09-30": "1.31720", "2016-06-30": "0.69710", "2016-03-31": "0.63010", "2015-12-31": "1.35800", "2015-09-30": "1.00930", "2015-06-30": "0.77100", "2015-03-31": "2.25650", "2014-12-31": "1.54450", "2014-09-30": "1.58350", "2014-06-30": "1.30040", "2014-03-31": "1.20600", "2013-12-31": "1.55350", "2013-09-30": "2.11740", "2013-06-30": "1.53790", "2013-03-31": "1.50500", "2012-12-31": "1.70800", "2012-09-30": "1.58500", "2012-06-30": "0.56940", "2012-03-31": "1.18520", "2011-12-31": "1.51990", "2011-09-30": "1.62690", "2011-06-30": "0.82040", "2011-03-31": "1.26690", "2010-12-31": "1.08320", "2010-09-30": "1.33310", "2010-06-30": "0.70470", "2010-03-31": "0.91400", "2009-12-31": "1.01770", "2009-09-30": "0.98140", "2009-06-30": "-0.15110", "2009-03-31": "", "2008-12-31": "-1.10000", "2008-09-30": "", "2008-06-30": "", "2008-03-31": "", "2007-12-31": "", "2007-09-30": "", "2007-06-30": "1.61500", "2007-03-31": "1.36160", "2006-12-31": "3.78880", "2006-09-30": "1.57250", "2006-06-30": "1.52610", "2006-03-31": "1.65710", "2005-12-31": "1.05060", "2005-09-30": "", "2005-06-30": "", "2005-03-31": ""}, "ROA - Return On Assets": {"2020-03-31": "-0.79240", "2019-12-31": "0.59830", "2019-09-30": "0.37150", "2019-06-30": "0.34480", "2019-03-31": "0.91850", "2018-12-31": "-0.43750", "2018-09-30": "0.64400", "2018-06-30": "0.31330", "2018-03-31": "0.06900", "2017-12-31": "1.30410", "2017-09-30": "0.29540", "2017-06-30": "0.14030", "2017-03-31": "0.15770", "2016-12-31": "0.24580", "2016-09-30": "0.25070", "2016-06-30": "0.13250", "2016-03-31": "0.11900", "2015-12-31": "0.25500", "2015-09-30": "0.19150", "2015-06-30": "0.14860", "2015-03-31": "0.43440", "2014-12-31": "0.29130", "2014-09-30": "0.29760", "2014-06-30": "0.24270", "2014-03-31": "0.22010", "2013-12-31": "0.27990", "2013-09-30": "0.36890", "2013-06-30": "0.26340", "2013-03-31": "0.25610", "2012-12-31": "0.28380", "2012-09-30": "0.26390", "2012-06-30": "0.09370", "2012-03-31": "0.19580", "2011-12-31": "0.24670", "2011-09-30": "0.26560", "2011-06-30": "0.13540", "2011-03-31": "0.21070", "2010-12-31": "0.18370", "2010-09-30": "0.22650", "2010-06-30": "0.11870", "2010-03-31": "0.15740", "2009-12-31": "0.17540", "2009-09-30": "0.17110", "2009-06-30": "-0.02560", "2009-03-31": "", "2008-12-31": "-0.18810", "2008-09-30": "", "2008-06-30": "", "2008-03-31": "", "2007-12-31": "", "2007-09-30": "", "2007-06-30": "0.32190", "2007-03-31": "0.27130", "2006-12-31": "0.61820", "2006-09-30": "0.30940", "2006-06-30": "0.29370", "2006-03-31": "0.32000", "2005-12-31": "0.20260", "2005-09-30": "", "2005-06-30": "", "2005-03-31": ""}, "ROI - Return On Investment": {"2020-03-31": "-3.93430", "2019-12-31": "2.85350", "2019-09-30": "1.81670", "2019-06-30": "1.69700", "2019-03-31": "4.59270", "2018-12-31": "-2.23350", "2018-09-30": "3.26740", "2018-06-30": "1.60360", "2018-03-31": "0.34970", "2017-12-31": "6.54740", "2017-09-30": "1.56860", "2017-06-30": "0.74380", "2017-03-31": "0.82720", "2016-12-31": "1.29360", "2016-09-30": "1.31720", "2016-06-30": "0.69710", "2016-03-31": "0.63010", "2015-12-31": "1.35800", "2015-09-30": "1.00930", "2015-06-30": "0.77100", "2015-03-31": "2.25650", "2014-12-31": "1.54450", "2014-09-30": "1.58350", "2014-06-30": "1.30040", "2014-03-31": "1.20600", "2013-12-31": "1.55350", "2013-09-30": "2.11740", "2013-06-30": "1.49510", "2013-03-31": "1.46330", "2012-12-31": "1.70800", "2012-09-30": "1.53990", "2012-06-30": "0.56750", "2012-03-31": "1.18130", "2011-12-31": "1.51470", "2011-09-30": "1.60120", "2011-06-30": "0.80760", "2011-03-31": "1.26260", "2010-12-31": "1.07950", "2010-09-30": "1.33310", "2010-06-30": "0.70470", "2010-03-31": "0.91400", "2009-12-31": "1.00620", "2009-09-30": "0.98140", "2009-06-30": "-0.15110", "2009-03-31": "", "2008-12-31": "-1.10000", "2008-09-30": "", "2008-06-30": "", "2008-03-31": "", "2007-12-31": "", "2007-09-30": "", "2007-06-30": "1.61500", "2007-03-31": "1.36160", "2006-12-31": "3.10060", "2006-09-30": "1.57250", "2006-06-30": "1.52610", "2006-03-31": "1.65710", "2005-12-31": "1.05060", "2005-09-30": "", "2005-06-30": "", "2005-03-31": ""}, "Book Value Per Share": {"2020-03-31": "208.54280", "2019-12-31": "222.99860", "2019-09-30": "216.89690", "2019-06-30": "214.51190", "2019-03-31": "208.01570", "2018-12-31": "196.07640", "2018-09-30": "200.17370", "2018-06-30": "194.98110", "2018-03-31": "193.83440", "2017-12-31": "195.14970", "2017-09-30": "181.32880", "2017-06-30": "178.20230", "2017-03-31": "175.95390", "2016-12-31": "173.19320", "2016-09-30": "173.93270", "2016-06-30": "171.56110", "2016-03-31": "168.15070", "2015-12-31": "165.92810", "2015-09-30": "165.29210", "2015-06-30": "167.14610", "2015-03-31": "168.47810", "2014-12-31": "165.22580", "2014-09-30": "164.07790", "2014-06-30": "162.92940", "2014-03-31": "158.67230", "2013-12-31": "156.28670", "2013-09-30": "149.65800", "2013-06-30": "146.23520", "2013-03-31": "146.77690", "2012-12-31": "143.06100", "2012-09-30": "143.01890", "2012-06-30": "139.64720", "2012-03-31": "139.92760", "2011-12-31": "136.09630", "2011-09-30": "135.66470", "2011-06-30": "138.10010", "2011-03-31": "137.55470", "2010-12-31": "135.59130", "2010-09-30": "134.90680", "2010-06-30": "129.96440", "2010-03-31": "132.00800", "2009-12-31": "129.46600", "2009-09-30": "128.51540", "2009-06-30": "121.45230", "2009-03-31": "", "2008-12-31": "117.16010", "2008-09-30": "", "2008-06-30": "", "2008-03-31": "", "2007-12-31": "", "2007-09-30": "", "2007-06-30": "", "2007-03-31": "", "2006-12-31": "", "2006-09-30": "", "2006-06-30": "", "2006-03-31": "", "2005-12-31": "", "2005-09-30": "", "2005-06-30": "", "2005-03-31": ""}, "Operating Cash Flow Per Share": {"2020-03-31": "4.16680", "2019-12-31": 4.1334, "2019-09-30": 6.0783, "2019-06-30": 2.3847, "2019-03-31": "6.23490", "2018-12-31": 4.8535, "2018-09-30": 4.1119, "2018-06-30": 4.9902, "2018-03-31": "4.45320", "2017-12-31": 4.6192, "2017-09-30": 5.1764, "2017-06-30": 4.5174, "2017-03-31": "4.08120", "2016-12-31": 2.6631, "2016-09-30": 3.6573, "2016-06-30": 3.72, "2016-03-31": "4.85100", "2015-12-31": 4.4704, "2015-09-30": 4.4023, "2015-06-30": 0.6556, "2015-03-31": "4.55180", "2014-12-31": 6.8211, "2014-09-30": 4.36, "2014-06-30": 2.5922, "2014-03-31": "6.91040", "2013-12-31": 7.1254, "2013-09-30": 4.0707, "2013-06-30": 4.6819, "2013-03-31": "4.37490", "2012-12-31": 5.7962, "2012-09-30": 2.229, "2012-06-30": 5.3826, "2012-03-31": "4.33870", "2011-12-31": 7.0032, "2011-09-30": 3.3939, "2011-06-30": 0.3789, "2011-03-31": "5.67700", "2010-12-31": 3.9479, "2010-09-30": 4.4078, "2010-06-30": 1.5413, "2010-03-31": "5.01390", "2009-12-31": 4.7588, "2009-09-30": 5.8871, "2009-06-30": 1.8024, "2009-03-31": "5.66840", "2008-12-31": -2.6747, "2008-09-30": 4.6591, "2008-06-30": 4.499, "2008-03-31": "", "2007-12-31": 17.3779, "2007-09-30": 0, "2007-06-30": 0, "2007-03-31": "", "2006-12-31": 18.9197, "2006-09-30": 0, "2006-06-30": 0, "2006-03-31": "", "2005-12-31": 16.8137, "2005-09-30": 0, "2005-06-30": 0, "2005-03-31": ""}, "Free Cash Flow Per Share": {"2020-03-31": "3.96770", "2019-12-31": 3.9361, "2019-09-30": 5.8328, "2019-06-30": 2.1533, "2019-03-31": "6.11580", "2018-12-31": 4.6967, "2018-09-30": 3.9402, "2018-06-30": 4.8193, "2018-03-31": "4.29620", "2017-12-31": 4.4251, "2017-09-30": 5.0296, "2017-06-30": 4.3143, "2017-03-31": "3.74090", "2016-12-31": 2.092, "2016-09-30": 3.5225, "2016-06-30": 3.463, "2016-03-31": "4.66210", "2015-12-31": 4.4557, "2015-09-30": 4.0044, "2015-06-30": 0.5064, "2015-03-31": "4.07780", "2014-12-31": 6.4417, "2014-09-30": 4.2354, "2014-06-30": 2.5244, "2014-03-31": "6.71390", "2013-12-31": 6.838, "2013-09-30": 3.7834, "2013-06-30": 4.3723, "2013-03-31": "4.32930", "2012-12-31": 5.3903, "2012-09-30": 1.9952, "2012-06-30": 5.1509, "2012-03-31": "4.11910", "2011-12-31": 6.8545, "2011-09-30": 3.2238, "2011-06-30": 0.2591, "2011-03-31": "5.51040", "2010-12-31": 3.8927, "2010-09-30": 4.2825, "2010-06-30": 1.4586, "2010-03-31": "4.98650", "2009-12-31": 4.7304, "2009-09-30": 5.8114, "2009-06-30": 1.4942, "2009-03-31": "5.64570", "2008-12-31": -3.0413, "2008-09-30": 4.3956, "2008-06-30": 4.2362, "2008-03-31": "", "2007-12-31": 17.5636, "2007-09-30": 0, "2007-06-30": 0, "2007-03-31": "", "2006-12-31": 24.3379, "2006-09-30": 0, "2006-06-30": 0, "2006-03-31": "", "2005-12-31": 18.0823, "2005-09-30": 0, "2005-06-30": 0, "2005-03-31": ""}}, "revenue": {"American National Insurance Annual Revenue (Millions of US $)": {"2019": "$4,070", "2018": "$3,326", "2017": "$3,411", "2016": "$3,228", "2015": "$3,017", "2014": "$3,051", "2013": "$3,119", "2012": "$2,987", "2011": "$3,023", "2010": "$3,073", "2009": "$2,941", "2008": "$2,503", "2007": "$3,056", "2006": "$3,114", "2005": "$3,045"}, "American National Insurance Quarterly Revenue (Millions of US $)": {"2020-03-31": "$370", "2019-12-31": "$1,057", "2019-09-30": "$933", "2019-06-30": "$957", "2019-03-31": "$1,124", "2018-12-31": "$519", "2018-09-30": "$1,052", "2018-06-30": "$952", "2018-03-31": "$803", "2017-12-31": "$924", "2017-09-30": "$873", "2017-06-30": "$834", "2017-03-31": "$780", "2016-12-31": "$839", "2016-09-30": "$823", "2016-06-30": "$800", "2016-03-31": "$765", "2015-12-31": "$844", "2015-09-30": "$700", "2015-06-30": "$718", "2015-03-31": "$757", "2014-12-31": "$777", "2014-09-30": "$746", "2014-06-30": "$755", "2014-03-31": "$772", "2013-12-31": "$815", "2013-09-30": "$786", "2013-06-30": "$774", "2013-03-31": "$745", "2012-12-31": "$753", "2012-09-30": "$760", "2012-06-30": "$731", "2012-03-31": "$743", "2011-12-31": "$777", "2011-09-30": "$733", "2011-06-30": "$762", "2011-03-31": "$752", "2010-12-31": "$783", "2010-09-30": "$794", "2010-06-30": "$746", "2010-03-31": "$750", "2009-12-31": "$784", "2009-09-30": "$777", "2009-06-30": "$728", "2009-03-31": "$652", "2008-12-31": "$589", "2008-09-30": "$522", "2008-06-30": "$732", "2008-03-31": "$726", "2007-12-31": "$728", "2007-09-30": "$774", "2007-06-30": "$822", "2007-03-31": "$748", "2006-12-31": "$844", "2006-09-30": "$762", "2006-06-30": "$759", "2006-03-31": "$749", "2005-12-31": "$800", "2005-09-30": "$752", "2005-06-30": "$736", "2005-03-31": "$757"}}, "gross-profit": {"American National Insurance Annual Gross Profit (Millions of US $)": {"2019": "$1,752", "2018": "$1,202", "2017": "$1,359", "2016": "$1,153", "2015": "$1,195", "2014": "$1,212", "2013": "$1,237", "2012": "$1,092", "2011": "$1,144", "2010": "$1,112", "2009": "$924", "2008": "$668", "2007": "$1,269", "2006": "$1,300", "2005": "$1,206"}, "American National Insurance Quarterly Gross Profit (Millions of US $)": {"2020-03-31": "$-34", "2019-12-31": "$479", "2019-09-30": "$342", "2019-06-30": "$375", "2019-03-31": "$557", "2018-12-31": "$90", "2018-09-30": "$441", "2018-06-30": "$375", "2018-03-31": "$296", "2017-12-31": "$405", "2017-09-30": "$348", "2017-06-30": "$310", "2017-03-31": "$296", "2016-12-31": "$313", "2016-09-30": "$289", "2016-06-30": "$284", "2016-03-31": "$267", "2015-12-31": "$332", "2015-09-30": "$280", "2015-06-30": "$276", "2015-03-31": "$308", "2014-12-31": "$320", "2014-09-30": "$310", "2014-06-30": "$290", "2014-03-31": "$291", "2013-12-31": "$315", "2013-09-30": "$343", "2013-06-30": "$307", "2013-03-31": "$272", "2012-12-31": "$301", "2012-09-30": "$296", "2012-06-30": "$234", "2012-03-31": "$261", "2011-12-31": "$286", "2011-09-30": "$296", "2011-06-30": "$269", "2011-03-31": "$293", "2010-12-31": "$279", "2010-09-30": "$314", "2010-06-30": "$256", "2010-03-31": "$262", "2009-12-31": "$280", "2009-09-30": "$274", "2009-06-30": "$223", "2009-03-31": "$147", "2008-12-31": "$589", "2008-09-30": "$74", "2008-06-30": "$252", "2008-03-31": "$726", "2007-12-31": "$149", "2007-09-30": "$774", "2007-06-30": "$310", "2007-03-31": "$286", "2006-12-31": "$377", "2006-09-30": "$310", "2006-06-30": "$301", "2006-03-31": "$312", "2005-12-31": "$800", "2005-09-30": "$752", "2005-06-30": "$736", "2005-03-31": "$757"}}, "operating-income": {"American National Insurance Annual Operating Income (Millions of US $)": {"2019": "$694", "2018": "$141", "2017": "$328", "2016": "$211", "2015": "$269", "2014": "$329", "2013": "$362", "2012": "$272", "2011": "$251", "2010": "$203", "2009": "$-10", "2008": "$-301", "2007": "$347", "2006": "$417", "2005": "$335"}, "American National Insurance Quarterly Operating Income (Millions of US $)": {"2020-03-31": "$-299", "2019-12-31": "$221", "2019-09-30": "$84", "2019-06-30": "$104", "2019-03-31": "$285", "2018-12-31": "$-164", "2018-09-30": "$183", "2018-06-30": "$101", "2018-03-31": "$21", "2017-12-31": "$148", "2017-09-30": "$93", "2017-06-30": "$42", "2017-03-31": "$45", "2016-12-31": "$99", "2016-09-30": "$48", "2016-06-30": "$40", "2016-03-31": "$24", "2015-12-31": "$81", "2015-09-30": "$47", "2015-06-30": "$49", "2015-03-31": "$91", "2014-12-31": "$94", "2014-09-30": "$95", "2014-06-30": "$66", "2014-03-31": "$74", "2013-12-31": "$95", "2013-09-30": "$121", "2013-06-30": "$84", "2013-03-31": "$62", "2012-12-31": "$100", "2012-09-30": "$89", "2012-06-30": "$19", "2012-03-31": "$63", "2011-12-31": "$78", "2011-09-30": "$75", "2011-06-30": "$37", "2011-03-31": "$61", "2010-12-31": "$53", "2010-09-30": "$80", "2010-06-30": "$28", "2010-03-31": "$42", "2009-12-31": "$44", "2009-09-30": "$35", "2009-06-30": "$-13", "2009-03-31": "$-77", "2008-12-31": "$589", "2008-09-30": "$-184", "2008-06-30": "$-13", "2008-03-31": "$726", "2007-12-31": "$-530", "2007-09-30": "$774", "2007-06-30": "$53", "2007-03-31": "$66", "2006-12-31": "$172", "2006-09-30": "$82", "2006-06-30": "$71", "2006-03-31": "$92", "2005-12-31": "$800", "2005-09-30": "$752", "2005-06-30": "$736", "2005-03-31": "$757"}}, "ebitda": {"American National Insurance Annual EBITDA (Millions of US $)": {"2019": "$748", "2018": "$193", "2017": "$382", "2016": "$256", "2015": "$312", "2014": "$374", "2013": "$400", "2012": "$307", "2011": "$297", "2010": "$666", "2009": "$459", "2008": "$166", "2007": "$803", "2006": "$876", "2005": "$750"}, "American National Insurance Quarterly EBITDA (Millions of US $)": {"2020-03-31": "$-286", "2019-12-31": "$234", "2019-09-30": "$95", "2019-06-30": "$121", "2019-03-31": "$299", "2018-12-31": "$-151", "2018-09-30": "$197", "2018-06-30": "$114", "2018-03-31": "$34", "2017-12-31": "$165", "2017-09-30": "$102", "2017-06-30": "$56", "2017-03-31": "$60", "2016-12-31": "$109", "2016-09-30": "$57", "2016-06-30": "$54", "2016-03-31": "$36", "2015-12-31": "$90", "2015-09-30": "$62", "2015-06-30": "$57", "2015-03-31": "$103", "2014-12-31": "$107", "2014-09-30": "$109", "2014-06-30": "$74", "2014-03-31": "$85", "2013-12-31": "$103", "2013-09-30": "$134", "2013-06-30": "$92", "2013-03-31": "$71", "2012-12-31": "$109", "2012-09-30": "$94", "2012-06-30": "$-71", "2012-03-31": "$174", "2011-12-31": "$-223", "2011-09-30": "$195", "2011-06-30": "$144", "2011-03-31": "$180", "2010-12-31": "$142", "2010-09-30": "$206", "2010-06-30": "$154", "2010-03-31": "$164", "2009-12-31": "$172", "2009-09-30": "$137", "2009-06-30": "$105", "2009-03-31": "$45", "2008-12-31": "$703", "2008-09-30": "$-60", "2008-06-30": "$-13", "2008-03-31": "$726", "2007-12-31": "$-530", "2007-09-30": "$774", "2007-06-30": "$53", "2007-03-31": "$66", "2006-12-31": "$172", "2006-09-30": "$82", "2006-06-30": "$71", "2006-03-31": "$92", "2005-12-31": "$800", "2005-09-30": "$752", "2005-06-30": "$736", "2005-03-31": "$757"}}, "net-income": {"American National Insurance Annual Net Income (Millions of US $)": {"2019": "$620", "2018": "$159", "2017": "$494", "2016": "$181", "2015": "$243", "2014": "$245", "2013": "$266", "2012": "$191", "2011": "$191", "2010": "$144", "2009": "$16", "2008": "$-154", "2007": "$241", "2006": "$273", "2005": "$236"}, "American National Insurance Quarterly Net Income (Millions of US $)": {"2020-03-31": "$-220", "2019-12-31": "$171", "2019-09-30": "$92", "2019-06-30": "$99", "2019-03-31": "$258", "2018-12-31": "$-117", "2018-09-30": "$173", "2018-06-30": "$84", "2018-03-31": "$19", "2017-12-31": "$345", "2017-09-30": "$73", "2017-06-30": "$36", "2017-03-31": "$40", "2016-12-31": "$60", "2016-09-30": "$59", "2016-06-30": "$33", "2016-03-31": "$29", "2015-12-31": "$63", "2015-09-30": "$42", "2015-06-30": "$35", "2015-03-31": "$103", "2014-12-31": "$69", "2014-09-30": "$67", "2014-06-30": "$57", "2014-03-31": "$52", "2013-12-31": "$66", "2013-09-30": "$83", "2013-06-30": "$58", "2013-03-31": "$60", "2012-12-31": "$66", "2012-09-30": "$59", "2012-06-30": "$21", "2012-03-31": "$45", "2011-12-31": "$56", "2011-09-30": "$58", "2011-06-30": "$29", "2011-03-31": "$48", "2010-12-31": "$36", "2010-09-30": "$47", "2010-06-30": "$27", "2010-03-31": "$35", "2009-12-31": "$35", "2009-09-30": "$33", "2009-06-30": "$-4", "2009-03-31": "$-48", "2008-12-31": "$-35", "2008-09-30": "$-125", "2008-06-30": "$-3", "2008-03-31": "$39", "2007-12-31": "$53", "2007-09-30": "$79", "2007-06-30": "$59", "2007-03-31": "$49", "2006-12-31": "$111", "2006-09-30": "$55", "2006-06-30": "$51", "2006-03-31": "$56", "2005-12-31": "$35", "2005-09-30": "$54", "2005-06-30": "$56", "2005-03-31": "$91"}}, "eps-earnings-per-share-diluted": {"American National Insurance Annual EPS": {"2019": "$23.07", "2018": "$5.91", "2017": "$18.31", "2016": "$6.71", "2015": "$9.02", "2014": "$9.11", "2013": "$9.90", "2012": "$7.11", "2011": "$7.14", "2010": "$5.41", "2009": "$0.59", "2008": "$-5.82", "2007": "$9.04", "2006": "$10.27", "2005": "$8.87"}, "American National Insurance Quarterly EPS": {"2020-03-31": "$-8.20", "2019-12-31": "$6.37", "2019-09-30": "$3.43", "2019-06-30": "$3.67", "2019-03-31": "$9.60", "2018-12-31": "$-4.35", "2018-09-30": "$6.44", "2018-06-30": "$3.12", "2018-03-31": "$0.70", "2017-12-31": "$12.78", "2017-09-30": "$2.72", "2017-06-30": "$1.33", "2017-03-31": "$1.48", "2016-12-31": "$2.21", "2016-09-30": "$2.20", "2016-06-30": "$1.21", "2016-03-31": "$1.09", "2015-12-31": "$2.34", "2015-09-30": "$1.56", "2015-06-30": "$1.30", "2015-03-31": "$3.82", "2014-12-31": "$2.57", "2014-09-30": "$2.49", "2014-06-30": "$2.11", "2014-03-31": "$1.94", "2013-12-31": "$2.44", "2013-09-30": "$3.07", "2013-06-30": "$2.16", "2013-03-31": "$2.23", "2012-12-31": "$2.46", "2012-09-30": "$2.20", "2012-06-30": "$0.76", "2012-03-31": "$1.69", "2011-12-31": "$2.11", "2011-09-30": "$2.16", "2011-06-30": "$1.09", "2011-03-31": "$1.78", "2010-12-31": "$1.35", "2010-09-30": "$1.76", "2010-06-30": "$1.00", "2010-03-31": "$1.30", "2009-12-31": "$1.32", "2009-09-30": "$1.23", "2009-06-30": "$-0.16", "2009-03-31": "$-1.80", "2008-12-31": "$-1.31", "2008-09-30": "$-4.69", "2008-06-30": "$-0.11", "2008-03-31": "$1.46", "2007-12-31": "$2.00", "2007-09-30": "$2.98", "2007-06-30": "$2.21", "2007-03-31": "$1.85", "2006-12-31": "$4.17", "2006-09-30": "$2.06", "2006-06-30": "$1.93", "2006-03-31": "$2.11", "2005-12-31": "$1.34", "2005-09-30": "$2.04", "2005-06-30": "$2.10", "2005-03-31": "$3.43"}}, "shares-outstanding": {"American National Insurance Annual Shares Outstanding (Millions of Shares)": {"2019": "27", "2018": "27", "2017": "27", "2016": "27", "2015": "27", "2014": "27", "2013": "27", "2012": "27", "2011": "27", "2010": "27", "2009": "27", "2008": "26", "2007": "27", "2006": "27", "2005": "27"}, "American National Insurance Quarterly Shares Outstanding (Millions of Shares)": {"2020-03-31": "27", "2019-12-31": "27", "2019-09-30": "27", "2019-06-30": "27", "2019-03-31": "27", "2018-12-31": "27", "2018-09-30": "27", "2018-06-30": "27", "2018-03-31": "27", "2017-12-31": "27", "2017-09-30": "27", "2017-06-30": "27", "2017-03-31": "27", "2016-12-31": "27", "2016-09-30": "27", "2016-06-30": "27", "2016-03-31": "27", "2015-12-31": "27", "2015-09-30": "27", "2015-06-30": "27", "2015-03-31": "27", "2014-12-31": "27", "2014-09-30": "27", "2014-06-30": "27", "2014-03-31": "27", "2013-12-31": "27", "2013-09-30": "27", "2013-06-30": "27", "2013-03-31": "27", "2012-12-31": "27", "2012-09-30": "27", "2012-06-30": "27", "2012-03-31": "27", "2011-12-31": "27", "2011-09-30": "27", "2011-06-30": "27", "2011-03-31": "27", "2010-12-31": "27", "2010-09-30": "27", "2010-06-30": "27", "2010-03-31": "27", "2009-12-31": "27", "2009-09-30": "27", "2009-06-30": "26", "2009-03-31": "27", "2008-12-31": "26", "2008-09-30": "27", "2008-06-30": "27", "2008-03-31": "27", "2007-12-31": "27", "2007-09-30": "27", "2007-06-30": "27", "2007-03-31": "26", "2006-12-31": "27", "2006-09-30": "27", "2006-06-30": "27", "2006-03-31": "27", "2005-12-31": "27", "2005-09-30": "26", "2005-06-30": "26", "2005-03-31": "26"}}, "total-assets": {"American National Insurance Annual Total Assets (Millions of US $)": {"2019": "$28,598", "2018": "$26,912", "2017": "$26,387", "2016": "$24,533", "2015": "$23,767", "2014": "$23,545", "2013": "$23,325", "2012": "$23,107", "2011": "$22,490", "2010": "$21,448", "2009": "$20,150", "2008": "$18,379", "2007": "$0", "2006": "$17,932", "2005": "$17,517"}, "American National Insurance Quarterly Total Assets (Millions of US $)": {"2020-03-31": "$27,839", "2019-12-31": "$28,598", "2019-09-30": "$28,519", "2019-06-30": "$28,386", "2019-03-31": "$27,964", "2018-12-31": "$26,912", "2018-09-30": "$27,304", "2018-06-30": "$26,831", "2018-03-31": "$26,464", "2017-12-31": "$26,387", "2017-09-30": "$25,932", "2017-06-30": "$25,448", "2017-03-31": "$24,851", "2016-12-31": "$24,533", "2016-09-30": "$24,597", "2016-06-30": "$24,287", "2016-03-31": "$23,968", "2015-12-31": "$23,767", "2015-09-30": "$23,432", "2015-06-30": "$23,319", "2015-03-31": "$23,537", "2014-12-31": "$23,545", "2014-09-30": "$23,461", "2014-06-30": "$23,458", "2014-03-31": "$23,393", "2013-12-31": "$23,325", "2013-09-30": "$23,103", "2013-06-30": "$22,965", "2013-03-31": "$23,201", "2012-12-31": "$23,107", "2012-09-30": "$23,050", "2012-06-30": "$22,781", "2012-03-31": "$22,729", "2011-12-31": "$22,490", "2011-09-30": "$22,289", "2011-06-30": "$22,447", "2011-03-31": "$22,180", "2010-12-31": "$21,448", "2010-09-30": "$21,296", "2010-06-30": "$20,694", "2010-03-31": "$20,553", "2009-12-31": "$20,150", "2009-09-30": "$19,771", "2009-06-30": "$19,253", "2009-03-31": "$0", "2008-12-31": "$18,379", "2008-09-30": "$0", "2008-06-30": "$0", "2008-03-31": "$0", "2007-12-31": "$0", "2007-09-30": "$0", "2007-06-30": "$18,329", "2007-03-31": "$18,136", "2006-12-31": "$17,932", "2006-09-30": "$17,714", "2006-06-30": "$17,486", "2006-03-31": "$17,561", "2005-12-31": "$17,517", "2005-09-30": "$0", "2005-06-30": "$0", "2005-03-31": "$0"}}, "cash-on-hand": {"American National Insurance Annual Cash on Hand (Millions of US $)": {"2019": "$452", "2018": "$268", "2017": "$376", "2016": "$289", "2015": "$311", "2014": "$209", "2013": "$118", "2012": "$303", "2011": "$102", "2010": "$101", "2009": "$161", "2008": "$66", "2007": "$", "2006": "$215", "2005": "$59"}, "American National Insurance Quarterly Cash on Hand (Millions of US $)": {"2020-03-31": "$329", "2019-12-31": "$452", "2019-09-30": "$436", "2019-06-30": "$313", "2019-03-31": "$332", "2018-12-31": "$268", "2018-09-30": "$607", "2018-06-30": "$441", "2018-03-31": "$329", "2017-12-31": "$376", "2017-09-30": "$351", "2017-06-30": "$443", "2017-03-31": "$296", "2016-12-31": "$289", "2016-09-30": "$107", "2016-06-30": "$134", "2016-03-31": "$149", "2015-12-31": "$311", "2015-09-30": "$169", "2015-06-30": "$159", "2015-03-31": "$170", "2014-12-31": "$209", "2014-09-30": "$136", "2014-06-30": "$135", "2014-03-31": "$169", "2013-12-31": "$118", "2013-09-30": "$123", "2013-06-30": "$114", "2013-03-31": "$113", "2012-12-31": "$303", "2012-09-30": "$163", "2012-06-30": "$151", "2012-03-31": "$101", "2011-12-31": "$102", "2011-09-30": "$100", "2011-06-30": "$78", "2011-03-31": "$110", "2010-12-31": "$101", "2010-09-30": "$165", "2010-06-30": "$115", "2010-03-31": "$130", "2009-12-31": "$161", "2009-09-30": "$93", "2009-06-30": "$33", "2009-03-31": "", "2008-12-31": "$66", "2008-09-30": "", "2008-06-30": "", "2008-03-31": "", "2007-12-31": "", "2007-09-30": "", "2007-06-30": "$129", "2007-03-31": "$141", "2006-12-31": "$215", "2006-09-30": "$153", "2006-06-30": "$87", "2006-03-31": "$47", "2005-12-31": "$59", "2005-09-30": "", "2005-06-30": "", "2005-03-31": ""}}, "long-term-debt": {"American National Insurance Annual Long Term Debt (Millions of US $)": {"2019": "$", "2018": "$", "2017": "$", "2016": "$", "2015": "$", "2014": "$", "2013": "$", "2012": "$", "2011": "$13", "2010": "$13", "2009": "$40", "2008": "$", "2007": "$", "2006": "$", "2005": "$"}, "American National Insurance Quarterly Long Term Debt (Millions of US $)": {"2020-03-31": "", "2019-12-31": "", "2019-09-30": "", "2019-06-30": "", "2019-03-31": "", "2018-12-31": "", "2018-09-30": "", "2018-06-30": "", "2018-03-31": "", "2017-12-31": "", "2017-09-30": "", "2017-06-30": "", "2017-03-31": "", "2016-12-31": "", "2016-09-30": "", "2016-06-30": "", "2016-03-31": "", "2015-12-31": "", "2015-09-30": "", "2015-06-30": "", "2015-03-31": "", "2014-12-31": "", "2014-09-30": "", "2014-06-30": "", "2014-03-31": "", "2013-12-31": "", "2013-09-30": "", "2013-06-30": "$113", "2013-03-31": "$113", "2012-12-31": "", "2012-09-30": "$113", "2012-06-30": "$13", "2012-03-31": "$13", "2011-12-31": "$13", "2011-09-30": "$58", "2011-06-30": "$58", "2011-03-31": "$13", "2010-12-31": "$13", "2010-09-30": "", "2010-06-30": "", "2010-03-31": "", "2009-12-31": "$40", "2009-09-30": "", "2009-06-30": "", "2009-03-31": "", "2008-12-31": "", "2008-09-30": "", "2008-06-30": "", "2008-03-31": "", "2007-12-31": "", "2007-09-30": "", "2007-06-30": "", "2007-03-31": "", "2006-12-31": "", "2006-09-30": "", "2006-06-30": "", "2006-03-31": "", "2005-12-31": "", "2005-09-30": "", "2005-06-30": "", "2005-03-31": ""}}, "total-liabilities": {"American National Insurance Annual Total Liabilities (Millions of US $)": {"2019": "$22,602", "2018": "$21,641", "2017": "$21,131", "2016": "$19,872", "2015": "$19,304", "2014": "$19,105", "2013": "$19,122", "2012": "$19,268", "2011": "$18,840", "2010": "$17,812", "2009": "$16,677", "2008": "$15,237", "2007": "$", "2006": "$14,357", "2005": "$14,139"}, "American National Insurance Quarterly Total Liabilities (Millions of US $)": {"2020-03-31": "$22,232", "2019-12-31": "$22,602", "2019-09-30": "$22,687", "2019-06-30": "$22,619", "2019-03-31": "$22,372", "2018-12-31": "$21,641", "2018-09-30": "$21,922", "2018-06-30": "$21,589", "2018-03-31": "$21,242", "2017-12-31": "$21,131", "2017-09-30": "$21,048", "2017-06-30": "$20,649", "2017-03-31": "$20,113", "2016-12-31": "$19,872", "2016-09-30": "$19,915", "2016-06-30": "$19,670", "2016-03-31": "$19,442", "2015-12-31": "$19,304", "2015-09-30": "$18,987", "2015-06-30": "$18,824", "2015-03-31": "$19,005", "2014-12-31": "$19,105", "2014-09-30": "$19,052", "2014-06-30": "$19,080", "2014-03-31": "$19,123", "2013-12-31": "$19,122", "2013-09-30": "$19,078", "2013-06-30": "$19,032", "2013-03-31": "$19,253", "2012-12-31": "$19,268", "2012-09-30": "$19,212", "2012-06-30": "$19,033", "2012-03-31": "$18,974", "2011-12-31": "$18,840", "2011-09-30": "$18,650", "2011-06-30": "$18,743", "2011-03-31": "$18,491", "2010-12-31": "$17,812", "2010-09-30": "$17,678", "2010-06-30": "$17,209", "2010-03-31": "$17,013", "2009-12-31": "$16,677", "2009-09-30": "$16,325", "2009-06-30": "$15,996", "2009-03-31": "$0", "2008-12-31": "$15,237", "2008-09-30": "$0", "2008-06-30": "", "2008-03-31": "", "2007-12-31": "", "2007-09-30": "", "2007-06-30": "$14,676", "2007-03-31": "$14,523", "2006-12-31": "$14,357", "2006-09-30": "$14,229", "2006-06-30": "$14,121", "2006-03-31": "$14,170", "2005-12-31": "$14,139", "2005-09-30": "", "2005-06-30": "", "2005-03-31": ""}}, "total-share-holder-equity": {"American National Insurance Annual Share Holder Equity (Millions of US $)": {"2019": "$5,996", "2018": "$5,272", "2017": "$5,256", "2016": "$4,661", "2015": "$4,462", "2014": "$4,440", "2013": "$4,203", "2012": "$3,839", "2011": "$3,650", "2010": "$3,637", "2009": "$3,472", "2008": "$3,142", "2007": "$", "2006": "$3,576", "2005": "$3,378"}, "American National Insurance Quarterly Share Holder Equity (Millions of US $)": {"2020-03-31": "$5,607", "2019-12-31": "$5,996", "2019-09-30": "$5,832", "2019-06-30": "$5,768", "2019-03-31": "$5,593", "2018-12-31": "$5,272", "2018-09-30": "$5,382", "2018-06-30": "$5,242", "2018-03-31": "$5,222", "2017-12-31": "$5,256", "2017-09-30": "$4,884", "2017-06-30": "$4,799", "2017-03-31": "$4,738", "2016-12-31": "$4,661", "2016-09-30": "$4,681", "2016-06-30": "$4,617", "2016-03-31": "$4,526", "2015-12-31": "$4,462", "2015-09-30": "$4,445", "2015-06-30": "$4,495", "2015-03-31": "$4,532", "2014-12-31": "$4,440", "2014-09-30": "$4,409", "2014-06-30": "$4,378", "2014-03-31": "$4,270", "2013-12-31": "$4,203", "2013-09-30": "$4,025", "2013-06-30": "$3,933", "2013-03-31": "$3,947", "2012-12-31": "$3,839", "2012-09-30": "$3,838", "2012-06-30": "$3,748", "2012-03-31": "$3,755", "2011-12-31": "$3,650", "2011-09-30": "$3,639", "2011-06-30": "$3,704", "2011-03-31": "$3,689", "2010-12-31": "$3,637", "2010-09-30": "$3,618", "2010-06-30": "$3,486", "2010-03-31": "$3,540", "2009-12-31": "$3,472", "2009-09-30": "$3,447", "2009-06-30": "$3,257", "2009-03-31": "$0", "2008-12-31": "$3,142", "2008-09-30": "$0", "2008-06-30": "", "2008-03-31": "", "2007-12-31": "", "2007-09-30": "", "2007-06-30": "$3,653", "2007-03-31": "$3,614", "2006-12-31": "$3,576", "2006-09-30": "$3,485", "2006-06-30": "$3,366", "2006-03-31": "$3,392", "2005-12-31": "$3,378", "2005-09-30": "", "2005-06-30": "", "2005-03-31": ""}}, "profit-margins": {"current": "0%"}, "gross margin": {"2020-03-31": "35.03%", "2019-12-31": "43.06%", "2019-09-30": "38.61%", "2019-06-30": "40.06%", "2019-03-31": "40.12%", "2018-12-31": "36.14%", "2018-09-30": "40.66%", "2018-06-30": "40.09%", "2018-03-31": "39.57%", "2017-12-31": "39.84%", "2017-09-30": "38.09%", "2017-06-30": "36.87%", "2017-03-31": "36.46%", "2016-12-31": "35.73%", "2016-09-30": "36.26%", "2016-06-30": "37.41%", "2016-03-31": "38.16%", "2015-12-31": "39.62%", "2015-09-30": "40.11%", "2015-06-30": "40.49%", "2015-03-31": "40.46%", "2014-12-31": "39.70%", "2014-09-30": "39.05%", "2014-06-30": "39.61%", "2014-03-31": "39.91%", "2013-12-31": "39.65%", "2013-09-30": "39.99%", "2013-06-30": "38.79%", "2013-03-31": "36.90%", "2012-12-31": "36.56%", "2012-09-30": "35.77%", "2012-06-30": "36.09%", "2012-03-31": "36.88%", "2011-12-31": "37.83%", "2011-09-30": "37.52%", "2011-06-30": "37.37%", "2011-03-31": "37.14%", "2010-12-31": "36.15%", "2010-09-30": "36.17%", "2010-06-30": "35.07%", "2010-03-31": "34.19%", "2009-12-31": "31.42%", "2009-09-30": "44.90%", "2009-06-30": "41.47%", "2009-03-31": "42.57%", "2008-12-31": "63.88%", "2008-09-30": "44.35%", "2008-06-30": "64.22%", "2008-03-31": "64.23%", "2007-12-31": "49.45%", "2007-09-30": "54.80%", "2007-06-30": "40.40%", "2007-03-31": "40.93%", "2006-12-31": "41.75%", "2006-09-30": "56.12%", "2006-06-30": "70.75%", "2006-03-31": "85.61%", "2005-12-31": "100.00%"}, "operating margin": {"2020-03-31": "3.32%", "2019-12-31": "17.05%", "2019-09-30": "8.75%", "2019-06-30": "11.17%", "2019-03-31": "11.11%", "2018-12-31": "4.24%", "2018-09-30": "12.14%", "2018-06-30": "10.22%", "2018-03-31": "8.85%", "2017-12-31": "9.62%", "2017-09-30": "8.39%", "2017-06-30": "7.14%", "2017-03-31": "7.16%", "2016-12-31": "6.54%", "2016-09-30": "5.97%", "2016-06-30": "6.18%", "2016-03-31": "6.64%", "2015-12-31": "8.88%", "2015-09-30": "9.52%", "2015-06-30": "10.97%", "2015-03-31": "11.40%", "2014-12-31": "10.79%", "2014-09-30": "10.69%", "2014-06-30": "11.38%", "2014-03-31": "11.88%", "2013-12-31": "11.60%", "2013-09-30": "12.00%", "2013-06-30": "11.05%", "2013-03-31": "9.03%", "2012-12-31": "9.07%", "2012-09-30": "8.27%", "2012-06-30": "7.88%", "2012-03-31": "8.39%", "2011-12-31": "8.30%", "2011-09-30": "7.46%", "2011-06-30": "7.47%", "2011-03-31": "7.22%", "2010-12-31": "6.61%", "2010-09-30": "6.31%", "2010-06-30": "4.87%", "2010-03-31": "3.55%", "2009-12-31": "-0.37%", "2009-09-30": "19.45%", "2009-06-30": "12.65%", "2009-03-31": "12.63%", "2008-12-31": "43.52%", "2008-09-30": "-0.04%", "2008-06-30": "32.33%", "2008-03-31": "33.54%", "2007-12-31": "11.82%", "2007-09-30": "33.41%", "2007-06-30": "11.74%", "2007-03-31": "12.56%", "2006-12-31": "13.39%", "2006-09-30": "34.04%", "2006-06-30": "56.05%", "2006-03-31": "78.37%", "2005-12-31": "100.00%"}, "ebitda margin": {"2020-03-31": "4.94%", "2019-12-31": "18.40%", "2019-09-30": "10.30%", "2019-06-30": "12.76%", "2019-03-31": "12.59%", "2018-12-31": "5.83%", "2018-09-30": "13.67%", "2018-06-30": "11.68%", "2018-03-31": "10.40%", "2017-12-31": "11.23%", "2017-09-30": "9.83%", "2017-06-30": "8.61%", "2017-03-31": "8.64%", "2016-12-31": "7.93%", "2016-09-30": "7.33%", "2016-06-30": "7.78%", "2016-03-31": "8.09%", "2015-12-31": "10.33%", "2015-09-30": "11.14%", "2015-06-30": "12.54%", "2015-03-31": "12.95%", "2014-12-31": "12.30%", "2014-09-30": "12.01%", "2014-06-30": "12.66%", "2014-03-31": "13.16%", "2013-12-31": "12.82%", "2013-09-30": "13.28%", "2013-06-30": "12.07%", "2013-03-31": "6.79%", "2012-12-31": "10.24%", "2012-09-30": "-0.86%", "2012-06-30": "2.51%", "2012-03-31": "9.62%", "2011-12-31": "9.79%", "2011-09-30": "21.82%", "2011-06-30": "21.74%", "2011-03-31": "22.18%", "2010-12-31": "21.67%", "2010-09-30": "22.64%", "2010-06-30": "20.51%", "2010-03-31": "19.02%", "2009-12-31": "15.61%", "2009-09-30": "36.05%", "2009-06-30": "31.83%", "2009-03-31": "27.05%", "2008-12-31": "52.78%", "2008-09-30": "4.54%", "2008-06-30": "32.33%", "2008-03-31": "33.54%", "2007-12-31": "11.82%", "2007-09-30": "33.41%", "2007-06-30": "11.74%", "2007-03-31": "12.56%", "2006-12-31": "13.39%", "2006-09-30": "34.04%", "2006-06-30": "56.05%", "2006-03-31": "78.37%", "2005-12-31": "100.00%"}, "pre tax profit margin": {"2020-03-31": "3.32%", "2019-12-31": "17.05%", "2019-09-30": "8.75%", "2019-06-30": "11.17%", "2019-03-31": "11.11%", "2018-12-31": "4.24%", "2018-09-30": "12.14%", "2018-06-30": "10.22%", "2018-03-31": "8.85%", "2017-12-31": "9.62%", "2017-09-30": "8.39%", "2017-06-30": "7.14%", "2017-03-31": "7.16%", "2016-12-31": "6.54%", "2016-09-30": "5.97%", "2016-06-30": "6.18%", "2016-03-31": "6.64%", "2015-12-31": "8.88%", "2015-09-30": "9.52%", "2015-06-30": "10.97%", "2015-03-31": "11.40%", "2014-12-31": "10.79%", "2014-09-30": "10.69%", "2014-06-30": "11.38%", "2014-03-31": "11.88%", "2013-12-31": "11.60%", "2013-09-30": "12.00%", "2013-06-30": "11.05%", "2013-03-31": "9.03%", "2012-12-31": "9.07%", "2012-09-30": "8.27%", "2012-06-30": "7.88%", "2012-03-31": "8.39%", "2011-12-31": "8.30%", "2011-09-30": "7.46%", "2011-06-30": "7.47%", "2011-03-31": "7.22%", "2010-12-31": "6.61%", "2010-09-30": "6.31%", "2010-06-30": "4.87%", "2010-03-31": "3.55%", "2009-12-31": "-0.37%", "2009-09-30": "19.45%", "2009-06-30": "12.65%", "2009-03-31": "12.63%", "2008-12-31": "43.52%", "2008-09-30": "46.42%", "2008-06-30": "74.83%", "2008-03-31": "75.84%", "2007-12-31": "53.97%", "2007-09-30": "34.03%", "2007-06-30": "12.28%", "2007-03-31": "12.27%", "2006-12-31": "13.01%", "2006-09-30": "34.20%", "2006-06-30": "56.31%", "2006-03-31": "78.43%", "2005-12-31": "100.00%"}, "net profit margin": {"2020-03-31": "4.28%", "2019-12-31": "15.23%", "2019-09-30": "9.40%", "2019-06-30": "11.31%", "2019-03-31": "10.91%", "2018-12-31": "4.78%", "2018-09-30": "16.64%", "2018-06-30": "14.67%", "2018-03-31": "13.77%", "2017-12-31": "14.48%", "2017-09-30": "6.28%", "2017-06-30": "5.95%", "2017-03-31": "5.92%", "2016-12-31": "5.61%", "2016-09-30": "5.69%", "2016-06-30": "5.37%", "2016-03-31": "5.58%", "2015-12-31": "8.05%", "2015-09-30": "8.43%", "2015-06-30": "9.14%", "2015-03-31": "9.75%", "2014-12-31": "8.03%", "2014-09-30": "7.84%", "2014-06-30": "8.25%", "2014-03-31": "8.23%", "2013-12-31": "8.56%", "2013-09-30": "8.73%", "2013-06-30": "8.01%", "2013-03-31": "6.89%", "2012-12-31": "6.39%", "2012-09-30": "6.01%", "2012-06-30": "6.03%", "2012-03-31": "6.24%", "2011-12-31": "6.32%", "2011-09-30": "5.64%", "2011-06-30": "5.18%", "2011-03-31": "5.14%", "2010-12-31": "4.72%", "2010-09-30": "4.68%", "2010-06-30": "4.25%", "2010-03-31": "3.26%", "2009-12-31": "0.54%", "2009-09-30": "-1.97%", "2009-06-30": "-8.51%", "2009-03-31": "-8.46%", "2008-12-31": "-4.83%", "2008-09-30": "-1.33%", "2008-06-30": "5.68%", "2008-03-31": "7.54%", "2007-12-31": "7.81%", "2007-09-30": "9.35%", "2007-06-30": "8.63%", "2007-03-31": "8.54%", "2006-12-31": "8.77%", "2006-09-30": "6.42%", "2006-06-30": "6.41%", "2006-03-31": "6.62%", "2005-12-31": "7.75%"}, "pe ratio": {"current": "12.59", "2021-02-05": "17.51", "2020-03-31": "15.17", "2019-12-31": "4.91", "2019-09-30": "9.59", "2019-06-30": "7.20", "2019-03-31": "7.70", "2018-12-31": "20.24", "2018-09-30": "5.22", "2018-06-30": "5.72", "2018-03-31": "6.13", "2017-12-31": "6.39", "2017-09-30": "13.80", "2017-06-30": "14.49", "2017-03-31": "14.83", "2016-12-31": "16.45", "2016-09-30": "15.73", "2016-06-30": "15.99", "2016-03-31": "15.98", "2015-12-31": "9.79", "2015-09-30": "9.04", "2015-06-30": "8.51", "2015-03-31": "7.52", "2014-12-31": "10.43", "2014-09-30": "10.26", "2014-06-30": "9.76", "2014-03-31": "9.56", "2013-12-31": "9.36", "2013-09-30": "8.00", "2013-06-30": "8.83", "2013-03-31": "9.05", "2012-12-31": "7.58", "2012-09-30": "8.31", "2012-06-30": "8.21", "2012-03-31": "7.83", "2011-12-31": "7.66", "2011-09-30": "8.05", "2011-06-30": "9.49", "2011-03-31": "9.81", "2010-12-31": "11.51", "2010-09-30": "10.15", "2010-06-30": "11.88", "2010-03-31": "21.74", "2009-12-31": "144.49", "2009-09-30": "0.00", "2009-06-30": "0.00", "2009-03-31": "0.00", "2008-12-31": "0.00", "2008-09-30": "0.00", "2008-06-30": "10.18", "2008-03-31": "8.05", "2007-12-31": "8.69", "2007-09-30": "7.56", "2007-06-30": "9.50", "2007-03-31": "8.14", "2006-12-31": "7.04"}, "price sales": {"2021-02-05": "0.75", "2020-03-31": "0.65", "2019-12-31": "0.75", "2019-09-30": "0.90", "2019-06-30": "0.81", "2019-03-31": "0.84", "2018-12-31": "0.96", "2018-09-30": "0.87", "2018-06-30": "0.84", "2018-03-31": "0.84", "2017-12-31": "0.92", "2017-09-30": "0.87", "2017-06-30": "0.86", "2017-03-31": "0.88", "2016-12-31": "0.92", "2016-09-30": "0.90", "2016-06-30": "0.86", "2016-03-31": "0.89", "2015-12-31": "0.79", "2015-09-30": "0.76", "2015-06-30": "0.78", "2015-03-31": "0.74", "2014-12-31": "0.84", "2014-09-30": "0.81", "2014-06-30": "0.81", "2014-03-31": "0.79", "2013-12-31": "0.80", "2013-09-30": "0.70", "2013-06-30": "0.71", "2013-03-31": "0.62", "2012-12-31": "0.48", "2012-09-30": "0.50", "2012-06-30": "0.49", "2012-03-31": "0.49", "2011-12-31": "0.49", "2011-09-30": "0.46", "2011-06-30": "0.50", "2011-03-31": "0.50", "2010-12-31": "0.54", "2010-09-30": "0.47", "2010-06-30": "0.50", "2010-03-31": "0.70", "2009-12-31": "0.76", "2009-09-30": "0.57", "2009-06-30": "0.56", "2009-03-31": "0.38", "2008-12-31": "0.51", "2008-09-30": "0.56", "2008-06-30": "0.58", "2008-03-31": "0.61", "2007-12-31": "0.68", "2007-09-30": "0.71", "2007-06-30": "0.82", "2007-03-31": "0.70", "2006-12-31": "0.62"}, "price book": {"current": "0.00", "2021-02-05": "0.44", "2020-03-31": "0.38", "2019-12-31": "0.51", "2019-09-30": "0.55", "2019-06-30": "0.52", "2019-03-31": "0.55", "2018-12-31": "0.61", "2018-09-30": "0.60", "2018-06-30": "0.57", "2018-03-31": "0.55", "2017-12-31": "0.60", "2017-09-30": "0.59", "2017-06-30": "0.59", "2017-03-31": "0.60", "2016-12-31": "0.64", "2016-09-30": "0.62", "2016-06-30": "0.58", "2016-03-31": "0.60", "2015-12-31": "0.53", "2015-09-30": "0.51", "2015-06-30": "0.52", "2015-03-31": "0.49", "2014-12-31": "0.58", "2014-09-30": "0.57", "2014-06-30": "0.58", "2014-03-31": "0.58", "2013-12-31": "0.60", "2013-09-30": "0.53", "2013-06-30": "0.55", "2013-03-31": "0.47", "2012-12-31": "0.38", "2012-09-30": "0.39", "2012-06-30": "0.39", "2012-03-31": "0.40", "2011-12-31": "0.41", "2011-09-30": "0.38", "2011-06-30": "0.42", "2011-03-31": "0.42", "2010-12-31": "0.46", "2010-09-30": "0.40", "2010-06-30": "0.44", "2010-03-31": "0.61", "2009-12-31": "0.65", "2009-09-30": "0.46", "2009-06-30": "0.43", "2009-03-31": "0.00", "2008-12-31": "0.42", "2008-09-30": "0.00", "2008-06-30": "0.00", "2008-03-31": "0.00", "2007-12-31": "0.00", "2007-09-30": "0.00", "2007-06-30": "0.00", "2007-03-31": "0.00", "2006-12-31": "0.00", "2006-09-30": "0.00", "2006-06-30": "0.00", "2006-03-31": "0.00"}, "price fcf": {"2021-02-05": "", "2020-03-31": "$15.89", "2019-12-31": "$18.04", "2019-09-30": "$18.80", "2019-06-30": "$16.91", "2019-03-31": "$19.57", "2018-12-31": "$17.75", "2018-09-30": "$17.48", "2018-06-30": "$18.57", "2018-03-31": "$18.07", "2017-12-31": "$17.51", "2017-09-30": "$15.18", "2017-06-30": "$13.67", "2017-03-31": "$12.82", "2016-12-31": "$13.74", "2016-09-30": "$16.10", "2016-06-30": "$16.59", "2016-03-31": "$13.63", "2015-12-31": "$13.04", "2015-09-30": "$15.03", "2015-06-30": "$15.26", "2015-03-31": "$17.28", "2014-12-31": "$19.92", "2014-09-30": "$20.31", "2014-06-30": "$19.86", "2014-03-31": "$21.71", "2013-12-31": "$19.32", "2013-09-30": "$17.88", "2013-06-30": "$16.09", "2013-03-31": "$16.87", "2012-12-31": "$16.66", "2012-09-30": "$18.12", "2012-06-30": "$19.35", "2012-03-31": "$14.46", "2011-12-31": "$15.85", "2011-09-30": "$12.89", "2011-06-30": "$13.94", "2011-03-31": "$15.14", "2010-12-31": "$14.62", "2010-09-30": "$15.46", "2010-06-30": "$16.99", "2010-03-31": "$17.02", "2009-12-31": "$17.68", "2009-09-30": "$9.91", "2009-06-30": "$8.49", "2009-03-31": "$11.24", "2008-12-31": "$5.59", "2008-09-30": "$26.20", "2008-06-30": "$21.80", "2008-03-31": "$17.56", "2007-12-31": "$17.56", "2007-09-30": "$24.34", "2007-06-30": "$24.34", "2007-03-31": "$24.34", "2006-12-31": "$24.34"}, "net worth": {"value": "$2.48B"}, "current ratio": {"2020-03-31": "0.19", "2019-12-31": "0.20", "2019-09-30": "0.21", "2019-06-30": "0.19", "2019-03-31": "0.19", "2018-12-31": "0.18", "2018-09-30": "0.25", "2018-06-30": "0.22", "2018-03-31": "0.19", "2017-12-31": "0.20", "2017-09-30": "0.20", "2017-06-30": "0.21", "2017-03-31": "0.19", "2016-12-31": "0.19", "2016-09-30": "0.16", "2016-06-30": "0.16", "2016-03-31": "0.17", "2015-12-31": "0.21", "2015-09-30": "0.18", "2015-06-30": "0.18", "2015-03-31": "0.18", "2014-12-31": "0.20", "2014-09-30": "0.18", "2014-06-30": "0.18", "2014-03-31": "0.19", "2013-12-31": "0.18", "2013-09-30": "0.19", "2013-06-30": "0.19", "2013-03-31": "0.19", "2012-12-31": "0.22", "2012-09-30": "0.20", "2012-06-30": "0.20", "2012-03-31": "0.18", "2011-12-31": "0.20", "2011-09-30": "0.20", "2011-06-30": "0.20", "2011-03-31": "0.20", "2010-12-31": "0.19", "2010-09-30": "0.20", "2010-06-30": "0.19", "2010-03-31": "0.19", "2009-12-31": "0.26", "2009-09-30": "0.20", "2009-06-30": "0.19", "2009-03-31": "0.00", "2008-12-31": "0.28", "2008-09-30": "0.00", "2008-06-30": "0.00", "2008-03-31": "0.00", "2007-12-31": "0.00", "2007-09-30": "0.00", "2007-06-30": "4.19", "2007-03-31": "4.19", "2006-12-31": "9.91", "2006-09-30": "4.07", "2006-06-30": "4.17", "2006-03-31": "3.80", "2005-12-31": "7.87", "2005-09-30": "0.00", "2005-06-30": "0.00", "2005-03-31": "0.00"}, "quick ratio": {"2020-03-31": "0.00", "2019-12-31": "0.00", "2019-09-30": "0.00", "2019-06-30": "0.00", "2019-03-31": "0.00", "2018-12-31": "0.00", "2018-09-30": "0.00", "2018-06-30": "0.00", "2018-03-31": "0.00", "2017-12-31": "0.00", "2017-09-30": "0.00", "2017-06-30": "0.00", "2017-03-31": "0.00", "2016-12-31": "0.00", "2016-09-30": "0.00", "2016-06-30": "0.00", "2016-03-31": "0.00", "2015-12-31": "0.00", "2015-09-30": "0.00", "2015-06-30": "0.00", "2015-03-31": "0.00", "2014-12-31": "0.00", "2014-09-30": "0.00", "2014-06-30": "0.00", "2014-03-31": "0.00", "2013-12-31": "0.00", "2013-09-30": "0.00", "2013-06-30": "0.00", "2013-03-31": "0.00", "2012-12-31": "0.00", "2012-09-30": "0.00", "2012-06-30": "0.00", "2012-03-31": "0.00", "2011-12-31": "0.00", "2011-09-30": "0.00", "2011-06-30": "0.00", "2011-03-31": "0.00", "2010-12-31": "0.00", "2010-09-30": "0.00", "2010-06-30": "0.00", "2010-03-31": "0.00", "2009-12-31": "0.00", "2009-09-30": "0.00", "2009-06-30": "0.00", "2009-03-31": "0.00", "2008-12-31": "0.00", "2008-09-30": "0.00", "2008-06-30": "0.00", "2008-03-31": "0.00", "2007-12-31": "0.00", "2007-09-30": "0.00", "2007-06-30": "0.00", "2007-03-31": "0.00", "2006-12-31": "0.00", "2006-09-30": "0.00", "2006-06-30": "0.00", "2006-03-31": "0.00", "2005-12-31": "0.00", "2005-09-30": "0.00", "2005-06-30": "0.00", "2005-03-31": "0.00"}, "debt equity ratio": {"current": "0.00", "2020-03-31": "3.97", "2019-12-31": "3.77", "2019-09-30": "3.89", "2019-06-30": "3.92", "2019-03-31": "4.00", "2018-12-31": "4.11", "2018-09-30": "4.07", "2018-06-30": "4.12", "2018-03-31": "4.07", "2017-12-31": "4.02", "2017-09-30": "4.31", "2017-06-30": "4.30", "2017-03-31": "4.25", "2016-12-31": "4.26", "2016-09-30": "4.25", "2016-06-30": "4.26", "2016-03-31": "4.30", "2015-12-31": "4.33", "2015-09-30": "4.27", "2015-06-30": "4.19", "2015-03-31": "4.19", "2014-12-31": "4.30", "2014-09-30": "4.32", "2014-06-30": "4.36", "2014-03-31": "4.48", "2013-12-31": "4.55", "2013-09-30": "4.74", "2013-06-30": "4.84", "2013-03-31": "4.88", "2012-12-31": "5.02", "2012-09-30": "5.01", "2012-06-30": "5.08", "2012-03-31": "5.05", "2011-12-31": "5.16", "2011-09-30": "5.13", "2011-06-30": "5.06", "2011-03-31": "5.01", "2010-12-31": "4.90", "2010-09-30": "4.89", "2010-06-30": "4.94", "2010-03-31": "4.81", "2009-12-31": "4.80", "2009-09-30": "4.74", "2009-06-30": "4.91", "2009-03-31": "0.00", "2008-12-31": "4.85", "2008-09-30": "0.00", "2008-06-30": "0.00", "2008-03-31": "0.00", "2007-12-31": "0.00", "2007-09-30": "0.00", "2007-06-30": "4.02", "2007-03-31": "4.02", "2006-12-31": "4.02", "2006-09-30": "4.08", "2006-06-30": "4.20", "2006-03-31": "4.18", "2005-12-31": "4.19", "2005-09-30": "0.00", "2005-06-30": "0.00", "2005-03-31": "0.00"}, "return on equity": {"2020-03-31": "2.45%", "2019-12-31": "10.69%", "2019-09-30": "5.91%", "2019-06-30": "7.50%", "2019-03-31": "7.41%", "2018-12-31": "3.01%", "2018-09-30": "11.77%", "2018-06-30": "10.11%", "2018-03-31": "9.38%", "2017-12-31": "10.04%", "2017-09-30": "4.38%", "2017-06-30": "4.13%", "2017-03-31": "4.11%", "2016-12-31": "3.92%", "2016-09-30": "4.02%", "2016-06-30": "3.70%", "2016-03-31": "3.77%", "2015-12-31": "5.42%", "2015-09-30": "5.56%", "2015-06-30": "6.13%", "2015-03-31": "6.67%", "2014-12-31": "5.60%", "2014-09-30": "5.61%", "2014-06-30": "6.12%", "2014-03-31": "6.31%", "2013-12-31": "6.63%", "2013-09-30": "6.78%", "2013-06-30": "6.25%", "2013-03-31": "5.36%", "2012-12-31": "5.03%", "2012-09-30": "4.83%", "2012-06-30": "4.87%", "2012-03-31": "5.10%", "2011-12-31": "5.20%", "2011-09-30": "4.66%", "2011-06-30": "4.37%", "2011-03-31": "4.38%", "2010-12-31": "4.06%", "2010-09-30": "4.08%", "2010-06-30": "3.73%", "2010-03-31": "2.89%", "2009-12-31": "0.63%", "2009-09-30": "-2.19%", "2009-06-30": "-13.25%", "2009-03-31": "-26.86%", "2008-12-31": "-15.79%", "2008-09-30": "inf%", "2008-06-30": "inf%", "2008-03-31": "25.18%", "2007-12-31": "13.21%", "2007-09-30": "10.99%", "2007-06-30": "7.65%", "2007-03-31": "7.58%", "2006-12-31": "7.90%", "2006-09-30": "5.79%", "2006-06-30": "7.73%", "2006-03-31": "11.88%", "2005-12-31": "27.95%"}, "return on assets": {"2020-03-31": "0.50%", "2019-12-31": "2.19%", "2019-09-30": "1.19%", "2019-06-30": "1.49%", "2019-03-31": "1.46%", "2018-12-31": "0.59%", "2018-09-30": "2.32%", "2018-06-30": "1.97%", "2018-03-31": "1.82%", "2017-12-31": "1.93%", "2017-09-30": "0.83%", "2017-06-30": "0.78%", "2017-03-31": "0.78%", "2016-12-31": "0.74%", "2016-09-30": "0.76%", "2016-06-30": "0.70%", "2016-03-31": "0.72%", "2015-12-31": "1.03%", "2015-09-30": "1.06%", "2015-06-30": "1.17%", "2015-03-31": "1.26%", "2014-12-31": "1.04%", "2014-09-30": "1.03%", "2014-06-30": "1.11%", "2014-03-31": "1.12%", "2013-12-31": "1.15%", "2013-09-30": "1.16%", "2013-06-30": "1.05%", "2013-03-31": "0.89%", "2012-12-31": "0.83%", "2012-09-30": "0.80%", "2012-06-30": "0.80%", "2012-03-31": "0.84%", "2011-12-31": "0.85%", "2011-09-30": "0.77%", "2011-06-30": "0.73%", "2011-03-31": "0.74%", "2010-12-31": "0.69%", "2010-09-30": "0.70%", "2010-06-30": "0.64%", "2010-03-31": "0.50%", "2009-12-31": "0.11%", "2009-09-30": "-0.38%", "2009-06-30": "-2.25%", "2009-03-31": "-4.59%", "2008-12-31": "-2.70%", "2008-09-30": "inf%", "2008-06-30": "inf%", "2008-03-31": "5.02%", "2007-12-31": "2.63%", "2007-09-30": "2.19%", "2007-06-30": "1.52%", "2007-03-31": "1.49%", "2006-12-31": "1.54%", "2006-09-30": "1.12%", "2006-06-30": "1.49%", "2006-03-31": "2.29%", "2005-12-31": "5.39%"}, "return on investments": {"2020-03-31": "inf%", "2019-12-31": "inf%", "2019-09-30": "inf%", "2019-06-30": "inf%", "2019-03-31": "inf%", "2018-12-31": "inf%", "2018-09-30": "inf%", "2018-06-30": "inf%", "2018-03-31": "inf%", "2017-12-31": "inf%", "2017-09-30": "inf%", "2017-06-30": "inf%", "2017-03-31": "inf%", "2016-12-31": "inf%", "2016-09-30": "inf%", "2016-06-30": "inf%", "2016-03-31": "inf%", "2015-12-31": "inf%", "2015-09-30": "inf%", "2015-06-30": "inf%", "2015-03-31": "inf%", "2014-12-31": "inf%", "2014-09-30": "inf%", "2014-06-30": "inf%", "2014-03-31": "36.98%", "2013-12-31": "17.87%", "2013-09-30": "18.11%", "2013-06-30": "11.11%", "2013-03-31": "9.18%", "2012-12-31": "9.44%", "2012-09-30": "6.58%", "2012-06-30": "6.31%", "2012-03-31": "6.80%", "2011-12-31": "6.77%", "2011-09-30": "6.10%", "2011-06-30": "8.31%", "2011-03-31": "12.08%", "2010-12-31": "22.25%", "2010-09-30": "22.10%", "2010-06-30": "16.97%", "2010-03-31": "12.30%", "2009-12-31": "-1.25%", "2009-09-30": "inf%", "2009-06-30": "inf%", "2009-03-31": "inf%", "2008-12-31": "inf%", "2008-09-30": "inf%", "2008-06-30": "inf%", "2008-03-31": "inf%", "2007-12-31": "inf%", "2007-09-30": "inf%", "2007-06-30": "inf%", "2007-03-31": "inf%", "2006-12-31": "inf%", "2006-09-30": "inf%", "2006-06-30": "inf%", "2006-03-31": "inf%", "2005-12-31": "inf%"}, "return on tangible equity": {"2020-03-31": "2.45%", "2019-12-31": "10.69%", "2019-09-30": "5.91%", "2019-06-30": "7.50%", "2019-03-31": "7.41%", "2018-12-31": "3.01%", "2018-09-30": "11.77%", "2018-06-30": "10.11%", "2018-03-31": "9.38%", "2017-12-31": "10.04%", "2017-09-30": "4.38%", "2017-06-30": "4.13%", "2017-03-31": "4.11%", "2016-12-31": "3.92%", "2016-09-30": "4.02%", "2016-06-30": "3.70%", "2016-03-31": "3.77%", "2015-12-31": "5.42%", "2015-09-30": "5.56%", "2015-06-30": "6.13%", "2015-03-31": "6.67%", "2014-12-31": "5.60%", "2014-09-30": "5.61%", "2014-06-30": "6.12%", "2014-03-31": "6.31%", "2013-12-31": "6.63%", "2013-09-30": "6.78%", "2013-06-30": "6.25%", "2013-03-31": "5.36%", "2012-12-31": "5.03%", "2012-09-30": "4.83%", "2012-06-30": "4.87%", "2012-03-31": "5.10%", "2011-12-31": "5.20%", "2011-09-30": "4.66%", "2011-06-30": "4.37%", "2011-03-31": "4.38%", "2010-12-31": "4.06%", "2010-09-30": "4.08%", "2010-06-30": "3.73%", "2010-03-31": "2.89%", "2009-12-31": "0.63%", "2009-09-30": "-2.19%", "2009-06-30": "-13.25%", "2009-03-31": "-26.86%", "2008-12-31": "-15.79%", "2008-09-30": "inf%", "2008-06-30": "inf%", "2008-03-31": "25.18%", "2007-12-31": "13.21%", "2007-09-30": "11.69%", "2007-06-30": "8.01%", "2007-03-31": "7.95%", "2006-12-31": "8.29%", "2006-09-30": "5.79%", "2006-06-30": "7.73%", "2006-03-31": "11.88%", "2005-12-31": "27.95%"}, "dividend yield history": {"last payout": "$3.28", "last yield": "3.56%"}}